3932 6320
601 260 701 320 851

1866 258 1922 314 8.
1966 257 2238 316 EUSEBII
2281 256 2534 315 HIERON
2548 258 2660 316 YMI

3725 267 3796 331 bi!

602 379 858 435 consistit
885 377 1108 433 arbitrio
1148 377 1350 432 bonum
1391 377 1666 434 malumve
1700 378 1925 449 eligere.
1954 379 2200 451 Denique
2229 386 2282 446 Α
2308 381 2600 436 recessisses
2625 399 2656 435 a
2696 396 2799 450 me,
2833 381 2950 451 plus
2991 380 3194 450 aliquid
3239 380 3459 434 haberes.
3487 381 3689 440 Dilcxltti
3712 388 3795 443 dor-

605 471 691 527 ltis
715 472 804 542 qui
836 485 895 525 se
925 471 1038 526 Deo
1065 469 1356 526 virtutibus
1384 469 1720 536 obtulerunt,
1751 470 1953 528 dicitur
1981 489 1994 526 :
2025 470 2202 543 Elegit

606 565 752 620 nobis
777 564 1134 621 hazrcditatem
1165 582 1314 620 suam
1338 582 1356 621 .°
1385 566 1828 636 pulchritudinem
1854 567 2020 622 .Iacob
2045 585 2202 639 quam

606 657 796 712 dilexit
839 655 1040 728 (Psal.
1067 659 1330 730 ιμ’ιῶ).
1363 658 1430 714 Et
1452 659 1504 714 in
1551 657 1658 714 alio
1707 658 1826 714 loco
1859 676 1873 712 :
1919 657 2085 713 Facta
2132 667 2203 714 est

604 767 727 822 pars
755 749 971 804 Domini
991 753 1216 824 populus
1245 754 1360 825 ejus
1385 750 1548 806 Iacob
1579 767 1598 805 :
1627 751 1896 821 funiculus
1923 750 2204 806 hmedita—

599 847 666 901 tis
686 847 800 916 ejus
844 844 1012 900 Israel
1046 847 1065 917 (
1093 845 1249 902 Deut.
1283 863 1459 910 xxx",
1491 844 1582 918 9).
1617 845 1686 908 Et
1717 846 1769 901 in
1804 845 2026 902 Actibus
2051 847 2228 917 Apoy

600 937 868 994 stoloruin
902 937 1158 1006 refertur,
1188 937 1331 1010 quod
1364 939 1416 994 in
1449 947 1659 1010 partem
1692 947 2009 1009 sortemque
2049 937 2198 992 Pauli

599 1041 654 1087 et
685 1033 813 1090 Sila:
865 1033 1081 1104 plurimi
1113 1049 1174 1089 se
1205 1032 1478 1089 dederint.
1512 1032 1615 1100 Qui
1657 1047 1789 1102 ergo
1822 1032 2024 1088 fuerint
2076 1047 2202 1104 pars

599 1135 652 1182 et
682 1139 804 1180 sors
832 1125 1064 1190 Domini,
1100 1125 1244 1181 sicut
1272 1123 1498 1194 Levitae,
1533 1123 1810 1180 habebunt
1841 1135 2050 1192 partem
2096 1123 2203 1178 Do-

597 1219 730 1275 mini
761 1227 818 1276 et
839 1219 1024 1276 dicere
1058 1229 1314 1290 p0terunt
1335 1235 1458 1275 cum
1484 1219 1652 1274 David
1687 1236 1698 1272 ε
1729 1217 1864 1274 Pars
1887 1235 2002 1274 mea
2025 1219 2200 1274 Dami-

597 1328 695 1367 nus
711 1313 730 1386 (
749 1311 842 1368 Ps.
864 1313 1166 1384 Lxxtt,26).
1198 1313 1328 1382 Quae
1351 1328 1644 1386 possumus
1657 1322 1711 1368 et
1727 1327 1892 1384 super
1918 1312 2203 1370 haeretico-

596 1421 714 1461 rum
748 1413 978 1476 persona
1001 1405 1252 1478 accipere
1284 1424 1295 1460 :
1333 1406 1435 1478 ipsi
1459 1405 1604 1463 enim
1628 1405 1854 1462 dimisso
1900 1406 2046 1462 cultu
2079 1406 2196 1474 Dei,

597 1511 848 1555 errorum
900 1513 1122 1555 suorum
1171 1498 1459 1555 simulacra
1493 1508 1844 1567 venerantur,
1879 1509 1934 1554 et
1963 1499 2067 1554 illis
2121 1501 2202 1552 of—

593 1591 777 1648 ferunt
807 1592 1060 1650 victimas
1087 1607 1154 1648 ac
1173 1591 1430 1648 libamina
1462 1591 1768 1660 effundunt,
1804 1591 2071 1648 facientes
2099 1591 2197 1646 ab-

594 1684 860 1753 scondite,
902 1700 1028 1756 qua:
1061 1694 1220 1755 turpe
1266 1696 1351 1742 cst
1395 1685 1562 1742 etiam
1591 1685 1798 1750 dicere,
1845 1695 1901 1741 et
1953 1687 2198 1756 captivas

2307 475 2520 530 mientes
2569 483 2754 543 tecum,
2802 483 2849 528 et
2895 471 3251 545 multiplieasti
3305 474 3659 544 fornicationem
3703 489 3796 534 tuam

2303 585 2422 622 cum
2447 569 2522 624 eis
2540 609 2554 634 ,
2586 568 2875 636 multosque
2897 567 3065 639 fecisti
3093 567 3323 636 procula
3347 577 3412 633 te,
3439 576 3484 622 et
3519 569 3678 624 misisti
3699 573 3795 643 lcga-

2305 673 2381 716 tos
2408 661 2546 715 ultra
2575 660 2820 715 terminos
2851 668 2987 729 tuos,
3012 667 3060 712 et
3107 657 3379 712 humiliata
3413 675 3464 714 es
3490 675 3631 728 usque
3646 662 3700 713 ad
3712 663 3798 733 infe.

2303 769 2409 809 ros.
2437 753 2680 808 Primum
2740 751 3069 807 Hebraicum
3119 750 3464 814 disseramus,
3511 750 3634 822 quod
3666 752 3706 807 in
3733 754 3798 810 hoc

2306 847 2427 902 loco
2455 844 2868 901 multumdistat
2893 859 2923 898 a
2951 842 3114 900 LXX.
3143 843 3223 899 Ad
3248 859 3404 915 quam
3442 858 3590 914 supra
3615 843 3798 902 dixerat:

2305 937 2477 1007 Super
2513 948 2734 993 montent
2787 936 3044 992 excelsum
3075 946 3122 991 et
3143 936 3408 992 sublimem
3454 939 3648 1009 posuisti
3687 940 3800 996 cubile

2301 1040 2471 1096 luunt,
2499 1040 2556 1087 et
2585 1034 2737 1102 quasi
2769 1031 3113 1088 meretricem
3142 1041 3415 1102 arguerat,
3458 1032 3507 1087 in
3529 1034 3714 1088 introitu
3738 1034 3802 1090 do-

2304 1138 2516 1177 morum
2537 1130 2591 1178 et
2615 1124 2666 1178 in
2699 1122 2838 1178 locis
2859 1122 3190 1186 tenebrosis,
3219 1133 3337 1192 post
3362 1123 3492 1178 ostia
3517 1125 3801 1193 prostitutam,

2306 1223 2362 1269 ut
2388 1214 2718 1285 quicumque
2731 1215 2878 1272 aedes
2901 1215 3069 1271 vellet
3101 1215 3326 1284 intrare,
3355 1214 3571 1273 haberet
3597 1227 3699 1275 ante
3714 1234 3803 1273 oru-

2306 1307 2387 1361 los
2434 1309 2738 1379 expositam
2798 1309 3177 1380 voluptatem:
3217 1308 3461 1365 eamdem
3522 1325 3647 1366 nunc
3699 1312 3808 1381 quasi

2303 1417 2529 1457 uxorem
2569 1401 2874 1458 adulteram
2899 1402 3080 1473 arguit
3107 1412 3271 1474 atque
3294 1401 3552 1472 confutat,
3575 1405 3695 1476 quod
3719 1405 3809 1459 dur-

2304 1496 2476 1550 miens
2505 1494 2613 1569 [Αι.
2645 1494 2956 1551 dormiente
2983 1493 3077 1568 se]
3109 1509 3232 1550 cum
3258 1496 3392 1562 viro,
3423 1496 3548 1552 clam
3575 1497 3808 1552 adulterum

2297 1587 2464 1660 673
2507 1588 2832 1659 susceperit,
2882 1597 2936 1643 et
2966 1587 3399 1656 discooperuerit
3436 1587 3654 1659 pallium,
3691 1587 3810 1642 immo

2301 1681 2609 1739 dilataverit
2639 1691 2867 1738 stratum
2907 1698 3092 1748 suum,
3134 1693 3187 1738 ct
3229 1682 3421 1738 fecerit
3469 1693 3674 1754 pactum,
3707 1683 3812 1752 quasi

593 1777 860 1835 ducentes
891 1779 1239 1835 mulierculas
1266 1788 1524 1836 oneratas
1556 1779 1816 1851 peccatis,
1839 1795 1959 1851 qttzc
1988 1779 2198 1835 ducun-
2230 1785 2278 1846 Β
2305 1775 2450 1832 dotis
2476 1775 2833 1833 instrumenta
2859 1776 3158 1832 conficiens
3187 1792 3314 1832 cum
3342 1776 3601 1833 adulteris.
3627 1775 3718 1832 Hoc
3747 1791 3812 1829 att-

597 1879 686 1926 tur
729 1871 898 1928 variis
949 1871 1280 1940 desideriis,
1344 1887 1562 1944 semper
1615 1873 1932 1942 discentes,
1967 1882 2023 1930 et
2052 1889 2201 1928 num-

592 1979 754 2034 qnam
782 1965 847 2019 ad
863 1965 1148 2021 scientiam
1174 1965 1426 2022 veritatis
1442 1966 1825 2035 pervenientes
1847 1965 1916 2036 (ll
1937 1965 2138 2022 Tim.m
2155 1963 2194 2037 ).

594 2059 732 2113 Cum
749 2058 915 2131 igitur
931 2059 1031 2115 ista
1048 2061 1102 2115 in
1119 2070 1348 2130 utraque
1361 2060 1644 2131 impietate
1657 2059 1857 2117 faciant
1873 2061 2044 2131 impii,
2063 2078 2198 2116 non-

597 2168 667 2208 ne
688 2152 897 2224 justum
923 2165 1009 2210 est
1040 2153 1136 2209 Dei
1161 2162 1348 2209 contra
1378 2168 1474 2209 eos
1502 2151 1841 2210 iracundiam
1874 2153 2200 2224 provocari?

667 2246 688 2318 (
707 2246 834 2304 Ver.
871 2246 965 2316 7.)
992 2245 1165 2318 Super
1189 2255 1413 2302 montem
1435 2245 1692 2300 excelsum
1723 2254 1770 2301 et
1797 2245 2070 2301 sublimem
2101 2263 2196 2316 po-

592 2339 924 2396 suisticubile
951 2348 1118 2409 tuum,
1182 2348 1230 2394 et
1251 2339 1377 2394 illuc
1431 2339 1732 2408 ascendisti,
1790 2349 1846 2392 ut
1902 2337 2198 2393 immolares

594 2431 1015 2505 Itostias.Etpost
1043 2433 1306 2502 ostium,et
1327 2441 1465 2487 retro
1513 2441 1712 2502 postem
1750 2432 1970 2504 posuisti
2013 2448 2202 2486 memoo

593 2527 725 2584 riale
749 2537 914 2584 tuum.
932 2525 1076 2582 LXX
1099 2525 1374 2583 similiter.
1393 2525 1548 2594 Quod
1579 2527 1632 2581 in
1655 2525 1896 2582 excelsis
1925 2525 2200 2582 montibus

593 2621 935 2692 collibusque
965 2621 1074 2676 diis
1101 2619 1342 2691 gentium
1366 2617 1532 2674 Israel
1561 2617 1767 2694 hostias
1799 2617 2111 2686 immolarit,
2144 2626 2200 2674 et

595 2715 749 2787 quasi
781 2713 1166 2785 procacissima
1191 2712 1356 2784 672
1400 2711 1661 2767 meretrix
1688 2710 1900 2766 cunctis
1931 2709 2197 2766 daemoni-

593 2806 697 2862 bus
740 2805 1065 2862 divaricarit
1117 2806 1280 2874 pedes
1310 2819 1472 2873 suos,
1506 2819 1661 2861 sacra
1705 2813 1892 2860 narrat
1915 2804 2146 2861 historia
2180 2821 2193 2857 :

594 2900 888 2970 nullusque
905 2898 1072 2956 fuerit
1095 2899 1245 2957 locus
1273 2900 1363 2972 qui
1410 2916 1516 2956 non
1560 2899 1888 2956 idololatria:
1943 2900 2197 2957 sordibus

588 2993 911 3066 inquinatus
940 2993 1032 3058 sit,
1081 2994 1348 3049 intantum
1406 3003 1464 3049 ut
1523 3003 1650 3066 post
1706 2993 1856 3052 fores
1907 2993 2193 3050 domorum

594 3085 736 3142 idola
762 3092 1046 3155 ponerent,
1068 3100 1206 3157 quos
1227 3083 1564 3141 domesticus
1591 3085 1871 3157 appellant
1890 3094 1916 3125 ι
1931 3084 2121 3153 Lares,
2141 3094 2196 3142 et

593 3273 810 3345 guinem
840 3273 1152 3330 funderent.
1184 3271 1308 3342 ,Hoc
1351 3289 1542 3329 errore
1585 3281 1640 3328 et
1685 3272 1918 3342 pessima
1963 3287 2196 3328 consue-

595 3367 784 3423 tudine
805 3367 1097 3423 vetustatis
1139 3365 1433 3421 multarum
1464 3365 1872 3436 provinciarum
1906 3364 2071 3420 urbes
2121 3363 2197 3418 la-

595 3459 791 3517 borant
824 3477 836 3513 :
870 3460 1096 3531 ipsaque
1126 3457 1297 3514 Roma
1325 3458 1474 3512 orbis
1498 3456 1720 3512 domina
1745 3456 1798 3512 in
1847 3456 2076 3528 singulis
2115 3457 2198 3511 in-

594 3555 731 3610 sulis
757 3553 1144 3623 domibusque,
1192 3551 1401 3606 Tutela:
1436 3550 1790 3607 simulacrum
1825 3551 2001 3606 cereis
2035 3565 2200 3605 vene-

595 3660 723 3701 rans
778 3659 845 3700 ac
897 3644 1174 3713 lucernis,
1216 3659 1379 3715 quam
1413 3643 1481 3699 ad
1514 3643 1818 3714 .tnitionem
1849 3641 2047 3696 aedium
2094 3641 2198 3696 isto

594 3738 876 3810 appellant
923 3737 1169 3807 nomine,
1205 3746 1265 3792 ut
1298 3747 1407 3792 tam
1440 3737 1708 3792 intrantes
1736 3752 1898 3807 quam
1932 3747 2198 3792 exeuntes

597 3831 792 3888 domos
820 3846 970 3901 suas,
1005 3829 1184 3886 inoliti
1221 3844 1437 3902 semper
1479 3836 1935 3886 commoneantur
1971 3829 2194 3885 erroris.

594 3924 858 3982 “(cretici
879 3922 1372 3996 quoque,'quorum
1392 3936 1488 3978 cor
1507 3922 1758 3978 elevatur
1785 3922 1836 3976 in
1859 3921 2194 3994 superbiam,

594 4029 650 4076 et
690 4020 782 4093 qui
816 4017 1203 4076 Ecclesiastica
1237 4016 1542 4074 humilitate
1588 4026 1928 4088 contempta,
1957 4018 2062 4074 sibi
2107 4033 2201 4073 ex-

591 4115 735 4171 celsa
753 4111 1404 4184 promittunt,ascendunt
1417 4111 1732 4183 dogmatum
1748 4126 1968 4169 suorum
1985 4121 2198 4170 montes

597 4207 1076 4275 sublimissimos,
1128 4215 1186 4262 et
1242 4205 1361 4262 illic
1415 4221 1577 4262 suum
1628 4204 1972 4262 daemonibus
2017 4205 2198 4263 cubile

593 4299 950 4371 prostituunt.
1001 4298 1071 4355 Et
1121 4297 1246 4370 quia
1305 4299 1607 4356 secundum
1665 4298 2017 4370 Prophetam,
2067 4314 2200 4356 con-

595 4391 742 4448 versi
769 4401 896 4449 sunt
923 4399 1247 4458 retrorsum,
1279 4392 1558 4448 imitantes
1584 4406 1808 4448 uxorem
1844 4391 1941 4448 Lot
1982 4391 2194 4464 (Genes.

594 4485 733 4559 xix),
760 4494 1044 4542 mutantur
1069 4486 1124 4542 in
1155 4493 1392 4542 statuam
1421 4485 1574 4555 salis,
1607 4484 1874 4542 habentes
1901 4485 2194 4558 imaginem

2303 1879 2411 1927 tem
2442 1871 2596 1937 dicit,
2630 1881 2691 1928 ut
2735 1871 2990 1928 ostendat
3021 1869 3166 1942 quod
3202 1887 3310 1926 non
3355 1871 3520 1926 solum
3551 1870 3597 1925 in
3635 1869 3747 1941 agris
3779 1879 3816 1923 et

2301 1964 2554 2020 domibus
2601 1965 2743 2021 idola
2790 1965 3084 2031 coluerint,
3139 1965 3235 2020 sed
3287 1966 3340 2021 in
3400 1964 3609 2034 Templo
3659 1977 3815 2034 quoque

2302 2061 2581 2132 posuerint
2610 2061 2965 2116 simulacrum
2995 2060 3144 2128 Baal,
3191 2059 3338 2129 quod
3393 2057 3620 2114 Ezechiel
3659 2072 3816 2126 quoque

2303 2155 2549 2227 perfosso
2594 2156 2804 2227 pariete
2845 2154 3047 2210 vidisse
3094 2169 3153 2208 se
3191 2152 3347 2209 dicit.
3395 2151 3632 2218 Dilexisti,
3671 2150 3818 2221 inquit,

2302 2260 2521 2305 stratum
2559 2265 2737 2304 eorum
2780 2266 2938 2302 manu
2981 2256 3164 2318 aperta
3207 2245 3440 2316 (Ezech.
3479 2246 3612 2316 vni),
3658 2254 3704 2299 ut
3741 2258 3816 2297 non

2300 2343 2658 2400 ernbesceres
2684 2342 2738 2398 in
2764 2350 2990 2414 peccato
3019 2350 3134 2406 tuo,
3155 2355 3254 2396 nec
3275 2338 3627 2396 fornicationis
3643 2350 3818 2407 cuperes

2299 2435 2638 2492 abscondere
2661 2434 3072 2504 turpitudinem,
3097 2431 3191 2490 sed
3211 2441 3328 2488 tota
3353 2433 3583 2488 libertate
3599 2442 3816 2500 peccares.
3896 2431 3897 2466 ῖ

2304 2526 2372 2582 Et
2400 2527 2596 2582 ornasti
2627 2536 2674 2580 te
2699 2527 2809 2600 regi
2835 2535 3118 2596 unguento,
3147 2535 3195 2580 et
3225 2525 3569 2598 multiplicasti
3591 2521 3706 2576 idola
3730 2529 3818 2572 tua.

2302 2619 2370 2674 Et
2393 2629 2477 2675 est
2500 2634 2722 2675 sensus:
2762 2617 2918 2674 Varia
2949 2627 3273 2673 ornamenta
3302 2616 3552 2688 quaesisti,
3579 2623 3627 2670 ut
3649 2622 3694 2668 et
3731 2611 3820 2664 visu

2300 2720 2356 2768 et
2382 2711 2550 2767 odore
2575 2711 2853 2768 adulteros
2876 2725 3228 2782 provocares.
3257 2709 3417 2779 Quod
3450 2717 3607 2764 autem
3631 2703 3819 2760 dicitur:

2300 2807 2499 2861 ornasti
2531 2816 2578 2861 te
2623 2805 2731 2878 regi
2759 2813 3042 2877 unguento,
3076 2804 3370 2874 dupliciter
3400 2800 3714 2872 intelligitur:
3753 2804 3821 2849 aut
3898 2805 3899 2828 ι

2300 2900 2411 2971 regi
2440 2899 2574 2965 Deo,
2599 2898 2725 2955 dum
2757 2899 2841 2954 his
2869 2899 3083 2954 ornaris
3115 2913 3236 2968 quae
3271 2898 3369 2954 ille
3395 2896 3621 2960 dederat,
3641 2904 3685 2948 et
3705 2888 3822 2947 idolis

2301 2995 2686 3067 prostitueris:
2740 3003 2834 3049 aut
2877 3003 3027 3049 certe
3071 2993 3185 3064 regi
3231 2993 3386 3049 idolo
3436 2990 3818 3047 Ammonitarum.

2299 3087 2389 3158 qui
2443 3085 2746 3156 appellatur
2800 3083 3036 3154 Molocli,
3078 3093 3133 3140 et
3162 3087 3215 3138 in
3265 3084 3447 3156 lingua
3478 3092 3662 3147 nostra,
3694 3088 3820 3147 regem
3900 3156 3901 3160 η

595 3188 702 3236 tam
732 3177 954 3252 publice
980 3193 1142 3250 quam
1173 3178 1428 3250 privatim
1460 3179 1763 3234 animarum
1807 3193 2028 3234 suarum
2070 3195 2196 3234 san-

2301 3187 2489 3236 sonat:
2531 3195 2690 3251 quam
2719 3178 2871 3250 juxta
2921 3177 3065 3233 LXX
3093 3177 3145 3233 in
3177 3177 3305 3233 aliis
3347 3177 3479 3234 locis
3509 3172 3733 3230 Melcham
3765 3170 3821 3224 lc-
3900 3171 3901 3202 ι

2297 3274 2474 3346 gimus
2499 3273 2518 3344 (
2539 3271 2771 3345 Sophon.
2798 3270 2874 3344 t).
2912 3271 2977 3325 Et
3006 3273 3217 3328 misistis
3239 3272 3437 3346 legatos
3462 3281 3570 3325 tuos
3597 3265 3762 3341 procul,
3785 3268 3824 3316 ut

2300 3383 2408 3425 non
2445 3367 2622 3424 solum
2670 3367 2725 3421 in
2770 3366 3070 3421 vicinarum
3101 3365 3350 3437 gentium
3381 3363 3555 3432 idolis,
3599 3359 3680 3416 sed
3712 3365 3752 3412 et
3789 3355 3824 3408 in

2299 3461 2460 3531 longe
2487 3461 2784 3532 positarum
2817 3457 3050 3514 haberes
3076 3457 3320 3513 studium
3353 3453 3657 3512 fornicandi.
3685 3445 3820 3518 Signi-

2299 3555 2425 3611 ﬁcat
2449 3564 2629 3610 autem
2664 3551 2988 3624 Babylonios
3019 3551 3154 3607 deos
3180 3560 3235 3607 et
3261 3549 3562 3624 Egyptios.
3603 3543 3661 3599 Et
3696 3539 3828 3594 humi-

2301 3648 2426 3702 liata
2448 3664 2522 3715 es,
2557 3646 2652 3713 ait,
2680 3654 2840 3714 usque
2861 3644 2931 3698 ad
2951 3645 3165 3716 inferos.
3198 3643 3318 3700 Non
3347 3659 3412 3699 ea
3433 3639 3711 3698 humilitate
3742 3644 3829 3702 qum

2301 3740 2354 3795 in
2375 3738 2533 3794 laude
2549 3745 2654 3807 est,
2674 3736 2769 3794 sed
2794 3754 2898 3810 qua
2925 3737 3162 3794 Ammon
3199 3753 3448 3795 sororem
3474 3750 3616 3793 suam
3650 3730 3833 3788 Thamar

2300 3831 2684 3887 bumiliaverat
2721 3830 2797 3899 (ll
2828 3829 2952 3903 Reg.
2993 3831 3148 3901 xm).
3195 3830 3262 3885 Et
3312 3845 3501 3887 revera
3532 3823 3725 3899 grandis
3762 3819 3830 3872 huc

2302 3925 2522 3990 milites,
2556 3924 2723 3981 immo
2743 3939 2918 3995 usque
2944 3923 3009 3979 ad
3037 3923 3244 3979 inferos
3277 3920 3645 3994 praecipitatio,
3671 3915 3727 3970 de
3749 3912 3832 3965 lucc

2301 4030 2353 4077 cl
2381 4019 2622 4075 culmine
2649 4019 2917 4076 castitatis
2945 4020 2998 4074 in
3035 4017 3289 4074 tenebras
3318 4017 3608 4086 lupanaris,
3639 4012 3773 4065 immo
3791 4007 3829 4056 in

2301 4113 2618 4170 barathrum
2649 4112 2942 4169 libidinum
2974 4111 3324 4182 prmcipitari.
3355 4108 3456 4165 Cui
3487 4105 3669 4164 dicitur
3687 4102 3731 4156 in
3753 4094 3833 4150 alio

2301 4206 2456 4263 loco:
2491 4205 2664 4278 Usque
2692 4205 2762 4260 ad
2790 4205 2984 4276 inferos
3005 4203 3298 4258 deduceris.
3331 4203 3496 4259 Juxta
3523 4195 3670 4262 LXX,
3699 4193 3741 4247 in
3773 4185 3832 4241 Itis

2300 4318 2420 4373 quae
2439 4302 2741 4367 dissonant,
2765 4300 2851 4357 hic
2870 4300 3001 4357 mihi
3022 4315 3215 4357 sensus
3245 4299 3462 4357 videtur
3485 4317 3499 4354 :
3522 4292 3728 4356 Potasti,
3751 4301 3834 4343 me'

2301 4397 2490 4463 retrix,
2527 4395 2673 4468 quod
2703 4394 2746 4450 si
2773 4410 2803 4450 a
2831 4411 2917 4450 me
2945 4394 3272 4452 recessisses
3303 4391 3639 4464 etjunxisses
3665 4398 3708 4440 te
3724 4392 3834 4436 amne

2301 4492 2509 4548 toribus
2540 4489 2666 4555 tuis,
2699 4489 2820 4559 plus
2845 4487 3048 4559 aliquid
3073 4487 3385 4544 invenires?
3414 4485 3511 4543 Cui
3540 4493 3592 4540 et
3627 4495 3708 4550 per
3732 4473 3834 4530 Eze-

594 4581 992 4638 Ecclesiasticaa
1008 4579 1336 4647 conditurae,
1366 4587 1423 4636 et
1441 4594 1696 4651 saporem
1727 4581 1944 4651 penitus
1965 4595 2072 4637 non
2097 4579 2192 4635 ha-
2220 4581 2271 4642 D
2295 4583 2436 4640 chiel
2455 4583 2692 4654 loquitur
2705 4581 2847 4636 Deus
2871 4599 2882 4635 :
2911 4579 3161 4636 Omnibus
3185 4579 3538 4636 meretricibus
3557 4576 3726 4630 dantur
3737 4580 3835 4620 nter—

593 4673 831 4731 bentes:
883 4673 977 4746 qui
1028 4673 1402 4745 projiciuntur
1429 4674 1598 4737 foras,
1649 4682 1704 4728 et
1755 4671 1810 4726 in
1855 4672 1989 4728 nihil
2037 4671 2196 4730 utiles

591 4778 741 4838 sunt,
757 4767 862 4825 nisi
881 4778 937 4823 ut
959 4778 1285 4824 cunctorum
1309 4765 1539 4836 pedibus
1557 4764 1970 4822 conculcentur.
1996 4766 2200 4835 Quam-

593 4861 784 4918 obrem
823 4869 1013 4918 monet
1056 4861 1324 4918 Dominus
1364 4859 1420 4914 iu
1449 4858 1770 4930 Evangelio,
1813 4869 1870 4914 ut
1895 4861 1987 4930 qui
2028 4860 2195 4916 aratri

593 4954 791 5010 stivam
825 4964 1012 5022 tenet,
1052 4965 1176 5025 post
1204 4963 1415 5026 tergum
1448 4969 1555 5008 non
1579 4951 1840 5023 respiciat
1870 4951 2024 5024 (Luc.
2055 4953 2194 5025 vni).

667 5045 856 5117 (Vers.
883 5048 964 5116 9.)
990 5045 1127 5112 Quia
1138 5049 1296 5120 juxta
1320 5063 1400 5102 me
1426 5045 1842 5118 discooperuisti,
1872 5053 1919 5100 et
1944 5047 2200 5118 suscepis-

594 5142 636 5196 ti
666 5138 963 5196 adulterum
988 5155 1008 5194 :
1036 5138 1272 5194 dilatasti
1309 5137 1476 5194 cubile
1496 5151 1641 5193 tuum
1672 5154 1690 5193 :
1722 5147 1772 5194 et
1809 5137 2049 5210 pepigisti
2077 5153 2196 5191 cum

593 5237 667 5292 eis
689 5235 711 5310 [
731 5233 890 5306 Vulg.
916 5232 1066 5290 addit
1093 5231 1316 5305 fcdus]:
1341 5232 1570 5287 dilexisti
1585 5242 1808 5288 stratum
1837 5249 2014 5287 eorum
2043 5250 2197 5288 manu

592 5339 812 5403 aperta;
829 5339 876 5384 et
898 5329 1098 5384 ornasti
1115 5336 1164 5382 te
1179 5327 1288 5402 regi
1308 5324 1459 5400 [ναι.
1483 5324 1650 5399 regio]
1667 5337 1950 5401 unguento,
1964 5327 2200 5382 etmnlti—

595 5423 802 5496 plicasti
827 5423 1088 5497 pigmenta
1108 5429 1220 5476 tua.
1248 5417 1443 5475 Misisti
1465 5419 1790 5490 legatostuos
1805 5421 2010 5489 procul,
2028 5431 2076 5476 et
2100 5419 2201 5474 Itu-

595 5518 798 5576 miliata
821 5532 875 5574 es
898 5532 1058 5590 usque
1079 5514 1150 5570 ad
1169 5511 1564 5586 inferos..LXX
1591 5531 1603 5566 :
1634 5513 1863 5572 Putabas
1883 5519 2127 5582 quoniam
2153 5515 2201 5570 si

671 5715 698 5744 ⁸
734 5705 1147 5790 '[ertulligdsin
1181 5705 1466 5790 .Apologet.
1490 5702 2018 5790 c.-l5‘:‘Domes‘ticos
2047 5702 2192 5790 deos,

600 5791 727 5847 quos
759 5775 918 5833 Lares
941 5778 1136 5845 dicitis,
1168 5771 1449 5834 domestica
1478 5784 1729 5847 potestate
1764 5775 2014 5831 tractatis.
2048 5771 2191 5830 Con-

2298 4681 2481 4745 cedes;
2509 4689 2562 4734 tu
2587 4689 2758 4733 autem
2804 4677 2995 4734 dedisti
3020 4677 3303 4746 mercedes,
3341 4685 3390 4731 et
3420 4677 3474 4729 in
3505 4685 3551 4728 te
3599 4672 3836 4741 perversum

2298 4779 2493 4848 factum
2518 4781 2592 4829 est
2635 4772 2773 4828 istud
2803 4771 3030 4844 (Ezeclt.
3062 4789 3175 4837 xw,
3222 4771 3352 4842 33).
3396 4769 3510 4826 Non
3540 4766 3699 4822 solum
3721 4757 3832 4814 enim

2300 4867 2432 4924 nibil
2459 4866 2715 4936 accepisti
2747 4865 2813 4921 ab
2840 4865 3176 4921 amatoribus
3197 4866 3325 4933 tuis,
3359 4863 3456 4920 sed
3484 4861 3638 4919 etiam
3662 4871 3716 4912 ea
3745 4861 3837 4920 quin

2297 4979 2327 5019 a
2383 4962 2502 5017 viro
2552 4976 2868 5029 acceperas,
2926 4959 3227 5032 perdidisti.
3287 4957 3552 5028 Quodque
3598 4949 3833 5032 sequitur:

2302 5052 2550 5109 Dilatasti
2581 5052 2748 5108 Cubile
2793 5028 2959 5119 tuum,
3002 5062 3048 5106 et
3094 5051 3338 5125 pepigisti
3369 5067 3487 5105 cum
3517 5049 3606 5115 eis,
3636 5045 3683 5098 in
3727 5028 3836 5094 LXX

2305 5163 2411 5202 non
2453 5130 2707 5202 habetur.
2743 5144 2868 5201 llaec
2898 5144 3087 5200 dilexit
3111 5143 3458 5200 dormientes
3485 5153 3658 5196 secum
3686 5140 3838 5202 spefu'

2299 5239 2500 5296 latores
2521 5252 2715 5305 caecos,
2741 5246 2798 5294 et
2823 5252 2988 5294 canes
3011 5250 3213 5303 mutos,
3231 5236 3326 5308 qui
3349 5233 3676 5291 dormientes
3697 5221 3838 5278 videat

2298 5331 2508 5388 somnia
2561 5330 2838 5387 vanitatis.
2901 5330 2968 5386 Et
3021 5328 3410 5400 multiplicavit
3474 5319 3834 5382 fornicationem

2301 5441 2474 5495 suam,
2505 5434 2563 5480 ut
2589 5440 2696 5480 non
2722 5422 2895 5479 semel
2921 5438 3045 5479 cum
3072 5439 3204 5490 uno,
3227 5420 3321 5477 sed
3355 5419 3661 5493 frequenter
3677 5414 3836 5467 etcum

2301 5519 2549 5589 plurimis
2601 5517 2945 5574 misceretur.
2998 5513 3164 5590 674
3212 5514 3442 5585 Propter
3497 5507 3633 5582 quod
3681 5501 3836 5559 multos

2304 5702 2385 5758 fer
2427 5701 2494 5829 d5:
2536 5701 2643 5828 Otia
2677 5699 2866 5756 Tutela
2912 5699 3190 5772 Augustin.
3233 5695 3330 5753 lib.
3379 5710 3430 5751 tv
3465 5694 3532 5750 de
3565 5689 3706 5747 Civil.
3745 5676 3832 5734 Dei-

2304 5788 2420 5829 can.
2493 5787 2566 5829 .e
2625 5811 2639 5826 .

2297 5788 2420 5844 cap.
2453 5787 2507 5840 δ,
2533 5787 2639 5830 etc.

3879 68 3888 360 Ι

3883 406 3890 860 ἑ

3885 915 3892 1254 ἶ
