3932 6394
124 355 234 415 553

641 357 1292 420 COMMENTARIORUM
1334 364 1401 422 IN
1444 363 1676 422 ISAIMI
1717 361 2136 422 PBOPIIETAM
2178 363 2309 421 LIB.
2356 365 2494 422 XVI.
2537 364 2692 423 CAP.
2735 362 2896 424 LVII.

3320 374 3425 431 554

120 474 250 528 fecit
281 487 310 527 a
342 488 404 532 se
433 473 588 545 longe
616 475 908 532 recedere:
940 478 1179 550 Angelos
1224 478 1316 550 qui
1350 481 1400 532 iu
1434 481 1550 550 ejus
1582 497 1719 549 prat-
1748 491 1793 549 Α
1824 495 2078 544 cxxxvm,
2111 480 2234 550 2t).
2276 481 2339 533 Et
2369 481 2419 533 in
2457 479 2562 535 alio
2590 481 2713 535 loco
2739 498 2753 534 :
2784 480 2978 535 Notam
3020 484 3102 552 fac
3134 484 3277 554 nti/ii,
3314 487 3426 541 Do--

122 567 282 624 sidiis
312 579 486 636 erant,
519 570 601 625 vel
643 583 863 627 sanctos
897 574 1042 627 viros
1087 575 1176 643 qui
1225 576 1293 630 ab
1339 575 1720 643 hujuscemodi

123 661 430 717 meretricis
451 661 728 718 consortio
757 676 1124 720 recesserunt.
1149 667 1302 734 Quod
1329 668 1546 738 quidem
1575 679 1628 723 ct
1656 667 1723 722 de

122 752 397 809 lizereticis
425 770 708 823 possumus
737 755 942 822 dicere,
967 760 1058 830 qui
1088 760 1353 816 derelicto
1377 761 1509 827 Deo,
1539 770 1562 796 ἰ
1594 775 1722 815 suos

122 855 424 916 sequuntur
449 861 689 913 errores,
723 858 776 904 et
804 859 998 918 putant
1025 866 1087 906 se
1113 852 1317 923 aliquid
1365 853 1486 922 plus
1519 852 1723 908 habere

117 952 242 993 eum
283 952 576 1011 sequentes
620 941 929 1011 mendacia,
963 945 1299 1014 perdiderint
1328 946 1642 1012 Veritatem,
1671 957 1724 1001 et

118 1033 601 1103 multiplicaverint
653 1034 1075 1093 fornicationem
1125 1054 1303 1104 suam,
1361 1057 1467 1094 non
1515 1041 1569 1094 in
1616 1054 1724 1094 uno

117 1125 396 1195 dogmate,
429 1127 525 1182 sed
556 1127 609 1182 in
641 1128 908 1198 pluribus,
939 1140 994 1186 et
1021 1130 1252 1188 fecerint
1280 1148 1308 1186 a
1342 1147 1403 1187 se
1448 1133 1725 1190 Ecclesia-

117 1235 238 1274 rum
275 1219 536 1289 przesides
583 1223 820 1292 Angelus
864 1225 1125 1279 ret-edere
1154 1244 1166 1278 :
1198 1226 1289 1296 qui
1335 1240 1443 1280 non
1476 1228 1724 1281 contenti

117 1308 478 1366 fornicatione
525 1312 724 1376 vicina,
772 1314 996 1369 mittunt
1040 1316 1248 1387 legatos
1279 1318 1417 1373 ultra
1463 1318 1724 1374 terminos

115 1417 250 1456 suos
277 1403 345 1458 ad
373 1405 659 1475 gentilium
692 1406 946 1477 dogmata
975 1418 1029 1462 et
1072 1424 1292 1463 errores
1316 1410 1566 1481 gentium
1599 1411 1726 1465 bar-

114 1496 396 1561 bararum,
422 1505 480 1552 ut
501 1497 742 1553 novitate
771 1513 1082 1555 sermonum
1111 1501 1392 1571 decipiant
1417 1502 1721 1559 audientes.

190 1590 543 1660 (Vers.10.)
592 1589 658 1646 In
689 1592 1018 1649 multitudine
1068 1597 1162 1650 vite
1207 1605 1310 1650 tute
1358 1596 1628 1665 laborasti,
1677 1607 1725 1652 et

116 1702 225 1740 non
278 1686 499 1741 dixisti:
545 1687 856 1753 Quiescam:
894 1691 1050 1743 vitam
1083 1707 1267 1744 manus
1317 1701 1418 1745 tute
1462 1691 1722 1757 invenisti,

113 1787 397 1846 prapterea
445 1795 546 1832 non
593 1781 790 1852 rogasti
841 1797 919 1835 me
962 1780 1147 1854 [Vulg.
1197 1783 1322 1838 silet
1364 1782 1486 1855 me].
1533 1782 1723 1838 LXX:

1826 577 1983 643 mine,
2026 578 2158 629 viam
2201 577 2252 629 in
2299 592 2402 646 qua
2444 575 2732 637 ambulem;
2781 580 3023 649 quoniam
3057 580 3126 631 ad
3168 590 3215 634 te
3263 581 3425 636 levari

1831 680 1852 706 ε
1879 670 2054 723 oculos
2071 685 2210 723 meos
2234 666 2354 737 (Ps.
2378 683 2545 736 chtt,
2571 669 2649 738 8).
2676 670 2748 723 lle
2772 669 3081 727 istiusmodi
3114 672 3194 725 via
3219 684 3273 727 et
3293 676 3423 728 alibi

1827 761 2104 830 Scriptura
2136 771 2562 815 commemorat:
2593 761 2822 828 Qua‘rite
2844 763 2975 816 viam
2997 766 3201 831 bonum,
3238 775 3285 818 et
3310 784 3425 820 ant—

1827 851 2002 907 bulate
2044 853 2098 906 in
2135 868 2218 920 ea,
2271 863 2318 906 et
2364 853 2632 909 invenietis
2683 855 3099 922 puriﬁcationem
3131 859 3423 912 animarum

1828 957 2112 1000 vestrarum
2139 943 2364 1017 (Jerem.
2388 961 2458 1010 vi,
2491 945 2613 1013 Ili).
2633 945 2941 1000 Jerusalem
2975 963 3108 1016 ergo
3137 960 3426 1018 propterea

1829 1037 2118 1094 hutuiliata
2149 1050 2231 1093 ρει
2260 1053 2434 1106 usque
2478 1037 2544 1091 ad
2576 1038 2806 1104 inferos,
2840 1039 2964 1106 quia
3007 1040 3059 1094 in
3101 1043 3284 1095 multis
3326 1043 3429 1096 viis

1828 1128 1853 1167 ἀ
1884 1132 2170 1199 laboravit,
2197 1147 2374 1202 neque
2397 1130 2532 1186 dixit
2561 1151 2571 1184 :
2622 1131 2944 1186 Emendabo
2972 1150 3218 1189 errorem
3253 1137 3429 1205 pinni-

1831 1222 2034 1289 tentia;
2068 1224 2166 1280 sed
2212 1239 2244 1279 e
2273 1227 2572 1290 contrario,
2628 1224 2980 1279 confortabor
3014 1226 3274 1294 incoepta,
3326 1244 3426 1283 nec

1829 1320 2030 1374 curabo
2077 1322 2408 1374 sententiam
2449 1320 2895 1373 commouentis:
2957 1330 2978 1354 ο
3015 1322 3198 1373 Averte
3250 1321 3428 1389 pedem

1830 1420 1974 1465 tuum
2003 1428 2033 1464 a
2066 1413 2145 1465 ria
2192 1428 2396 1484 aspera,
2425 1421 2470 1465 et
2498 1420 2676 1484 guttur
2720 1420 2865 1464 tuum
2913 1428 2944 1464 (ι
2987 1413 3075 1466 siti
3107 1411 3336 1482 (Irim.
3370 1429 3428 1478 ll,

1827 1502 1954 1574 r'25).
1990 1504 2233 1575 Denique
2263 1503 2548 1572 sequitur:
2582 1507 2654 1558 At
2694 1503 2784 1558 illa
2837 1506 3143 1574 respondit,
3192 1506 3431 1583 ἀνδρίσο-

1829 1619 1944 1669 μαι,
1973 1596 2023 1650 id
2051 1605 2156 1660 esl,
2189 1613 2337 1668 agam
2365 1597 2598 1664 viriliter,
2623 1597 2766 1666 quod
2799 1613 2940 1652 nunc
2967 1599 3134 1653 Verbo
3162 1600 3269 1653 alio
3297 1600 3435 1654 dicio

1833 1701 1956 1746 tur:
1994 1691 2355 1763 Confortabor.
2391 1690 2460 1745 Et
2495 1693 2616 1760 quia
2660 1691 2789 1747 fecit
2823 1692 2938 1748 haec
2968 1709 3089 1763 qua:
3123 1697 3433 1764 praeteritus

1831 1799 2014 1839 sermo
2057 1783 2318 1850 narravit,
2370 1784 2493 1838 ideo
2540 1801 2645 1838 non
2678 1794 2762 1838 est
2795 1785 3082 1840 Dominum
3113 1789 3427 1855 deprecata,

117 1871 312 1927 Multis
325 1873 592 1928 itineribus
614 1875 716 1927 tuis
739 1873 1010 1943 laborasti,
1037 1884 1085 1929 et
1107 1892 1209 1929 non
1229 1877 1429 1944 dixisti,
1452 1876 1718 1930 desinam:
1751 1891 1798 1951 B
1827 1877 1878 1930 in
1905 1877 2018 1932 suis
2063 1878 2232 1947 magis
2260 1877 2465 1931 viribus
2491 1893 2652 1946 quam
2695 1879 2748 1931 in
2779 1878 2890 1933 Deo
2919 1878 3123 1933 habens
3155 1882 3430 1939 ﬁduciam.

112 1970 414 2039 confortata
453 1967 618 2038 fecisti
645 1967 755 2023 lucc
779 1985 798 2023 :
829 1981 1099 2040 propterea
1130 1987 1230 2024 non
1264 1974 1454 2039 ragasti
1492 1986 1591 2024 me.
1621 1969 1724 2038 Qui

113 2061 361 2116 ambulat
387 2059 439 2114 in
467 2061 550 2113 via
583 2077 686 2115 una
718 2072 772 2115 et
801 2064 970 2131 regia,
1001 2077 1109 2117 non
1144 2061 1375 2129 laborat,
1406 2065 1474 2116 de
1495 2077 1598 2132 qua
1631 2077 1725 2130 per

116 2151 348 2223 MoySen
382 2155 644 2223 praecepit
678 2153 860 2209 Deus:
903 2152 996 2210 I’ia
1026 2156 1167 2225 regia
1195 2152 1502 2218 ambulabis,
1545 2163 1590 2224 et
1623 2171 1724 2208 non

113 2247 404 2302 declinabis
455 2249 524 2301 ad
575 2247 843 2302 dexteram
894 2265 1056 2319 neque
1107 2248 1174 2302 ad
1223 2248 1486 2303 sinistram
1525 2246 1719 2320 (Deut.

117 2356 171 2404 v,
195 2341 315 2412 32).
346 2339 466 2396 Una
488 2342 570 2396 via
597 2351 682 2397 est
711 2343 978 2407 veritatis,
1008 2358 1132 2411 qua:
1154 2342 1282 2397 dicit
1313 2343 1365 2396 in
1394 2342 1720 2412 Evangelio:

116 2434 234 2508 Ego
261 2451 382 2490 sum
411 2436 513 2504 via,
543 2437 730 2490 veritas
751 2445 798 2490 et
828 2436 931 2490 vita
958 2434 1152 2506 (Joan.
1186 2451 1294 2503 xiv,
1319 2435 1386 2507 6)
1414 2453 1428 2488 :
1454 2444 1508 2489 et
1537 2436 1724 2491 multa:

114 2527 529 2589 mendaciorum
561 2529 685 2596 vim,
714 2543 810 2599 per
841 2544 975 2596 quas
1011 2543 1154 2584 nunc
1181 2528 1495 2584 ambulasse
1542 2530 1725 2599 argui-

118 2629 205 2675 tur
230 2620 567 2686 Jerusalem,
597 2637 826 2692 quarum
851 2621 1058 2676 viarum
1091 2623 1232 2676 Deus
1261 2621 1440 2676 sciens
1460 2621 1722 2677 dilferen-

118 2714 270 2780 tiam,
303 2730 466 2786 supra
490 2714 735 2785 loquitur
757 2715 823 2771 ad
847 2730 1097 2771 errantes
1123 2733 1137 2768 :
1162 2713 1281 2769 Non
1303 2715 1432 2770 sicut
1456 2716 1551 2770 vite
1573 2731 1717 2783 mete,

115 2811 214 2864 vite
246 2820 428 2864 vestra:
457 2807 632 2878 (Isai.
681 2825 773 2878 LV,
801 2807 892 2880 8),
925 2825 1051 2880 qua:
1074 2809 1265 2864 dicunt
1295 2809 1526 2864 Domino
1551 2809 1724 2865 conli-

117 2912 336 2959 tentes:
371 2901 648 2960 Declinare
687 2904 856 2975 fecisti
880 2905 986 2958 vias
1018 2914 1222 2959 nostras
1260 2921 1291 2957 a
1320 2905 1416 2959 viis
1459 2905 1560 2958 tuis
1589 2903 1718 2975 (Ps.

114 3012 266 3064 ιιιιι,
308 2995 435 3067 19).
485 2998 716 3066 Cognita
762 2998 927 3068 igitur
972 3014 1076 3054 una
1107 2999 1193 3054 via
1235 2999 1404 3070 regia,
1439 2998 1720 3054 videamus

115 3107 235 3162 qua:
255 3092 464 3148 dextrae
486 3092 588 3147 via:
609 3091 719 3147 sint
736 3092 1061 3162 etsinistrac,
1089 3108 1186 3163 per
1205 3107 1343 3164 quas
1362 3091 1720 3165 prohibemur

114 3183 394 3239 incedere.
425 3182 521 3238 Via
553 3185 699 3254 regia
729 3193 1030 3256 temperata
1056 3183 1164 3256 (Al.
1197 3182 1582 3257 temperantia]
1610 3192 1713 3251 est,

1830 1968 2001 2024 Porro
2031 1969 2173 2036 quod
2203 1969 2353 2040 juxta
2387 1968 2709 2024 Hebraicqu
2745 1973 3002 2040 ponitur:
3041 1971 3212 2026 Vitam
3246 1990 3430 2030 manus

1830 2070 1932 2115 tute
1956 2061 2218 2124 invenisti,
2252 2073 2525 2132 propterea
2558 2077 2663 2115 non
2689 2064 2907 2134 rogasti,
2941 2063 3085 2118 hunc
3112 2064 3278 2120 habet
3307 2081 3432 2122 sen-

1828 2172 1945 2210 sum
1973 2167 2031 2210 et
2075 2156 2412 2211 intellecmm
2443 2174 2452 2208 :
2487 2151 2624 2222 Quia
2656 2155 2819 2211 rebus
2845 2157 3100 2211 omnibus
3132 2159 3427 2214 abuutlasti

1827 2257 1883 2304 et
1901 2247 2158 2303 altluxisti
2189 2247 2414 2315 divitiis,
2455 2247 2574 2302 ideo
2607 2248 2894 2302 Dominum
2939 2250 3223 2320 neglexisti
3252 2270 3264 2304 :
3297 2267 3432 2320 quas

1827 2343 2042 2398 divitias
2068 2354 2124 2398 et
2151 2343 2406 2396 Salomon
2459 2343 2659 2397 habere
2699 2342 2985 2406 detrectat,
3036 2359 3105 2397 ne
3153 2344 3431 2399 oblivisca-

1830 2446 1916 2489 tur
1948 2436 2040 2490 Dei
2085 2433 2284 2507 (Prov.
2317 2450 2424 2488 xxx
2477 2443 2523 2486 rt
2557 2434 2746 2504 χχιιι).
2785 2433 2852 2487 Ει
2881 2435 2946 2487 ad
2997 2433 3289 2489 Sodomam
3335 2451 3430 2502 per

1829 2529 2081 2586 Ezechiel
2103 2529 2340 2584 dicitur:
2371 2531 2496 2598 quia
2525 2537 2772 2581 saturata
2800 2526 2872 2581 sit
2896 2528 3146 2597 panibus,
3183 2539 3431 2599 propter-

1828 2639 1892 2681 ea
1920 2622 2291 2693 superbivisse
2318 2619 2544 2694 (Esccli.
2570 2636 2658 2674 χιιι
2680 2618 2722 2691 ).
2747 2619 2862 2674 Non
2887 2621 3060 2674 sudum
3086 2631 3265 2675 autem
3288 2621 3425 2676 divi-

1829 2717 1934 2784 tiae,
1967 2716 2144 2783 sedet
2171 2721 2461 2786 paupertas
2495 2715 2691 2783 probat
2721 2712 3020 2768 hominem.
3056 2712 3211 2768 Unde
3238 2729 3430 2783 supra~

1827 2816 2086 2881 scriptum
2117 2818 2237 2864 est:
2269 2807 2493 2861 Probavi
2515 2816 2563 2860 te
2590 2807 2644 2860 in
2674 2807 2878 2860 camino
2908 2807 3228 2876 paupertatis
3258 2808 3274 2876 (
3292 2806 3426 2861 lsai.

1829 2908 2051 2980 xum),
2084 2910 2139 2963 in
2170 2923 2278 2979 quo
2307 2916 2361 2962 et
2389 2907 2627 2961 Lazarus
2661 2903 2922 2973 probatus
2951 2911 3037 2958 est
3074 2917 3302 2972 pauper,
3337 2903 3430 2972 qui

1825 3012 2126 3072 egestatem
2149 3001 2309 3056 simul
2333 2999 2786 3067 debilitatemque
2809 2997 3072 3051 sustinuit
3098 2995 3117 3067 (
3140 2995 3269 3050 Luc.
3301 3011 3370 3049 xv
3387 2997 3425 3066 ).

1896 3094 1915 3165 (
1942 3093 2096 3149 Vers.
2133 3092 2257 3164 II.)
2299 3091 2407 3147 Pro
2432 3109 2535 3162 quo
2565 3091 2792 3145 sollicita
2823 3090 3044 3144 timuisti
3071 3105 3090 3143 :
3111 3089 3234 3159 quia
3281 3104 3425 3143 men-

1825 3186 1920 3240 tita
1942 3202 2017 3253 es,
2036 3194 2083 3239 et
2110 3185 2205 3239 mei
2228 3201 2331 3238 non
2356 3201 2406 3237 es
2434 3181 2728 3247 recordata,
2750 3197 2913 3250 neque
2941 3182 3180 3251 cogitasti
3202 3189 3255 3235 in
3279 3182 3432 3236 corde

116 3293 218 3334 nec
249 3277 376 3348 plus
403 3279 454 3331 in
497 3292 556 3332 se
588 3277 796 3333 habens
829 3293 932 3334 nec
964 3279 1164 3336 minus.
1199 3279 1361 3334 Verbi
1385 3281 1579 3350 gratia,
1630 3279 1714 3331 via
1743 3282 1791 3346 ο
1824 3281 1949 3334 tuo?
1975 3281 2097 3350 quia
2120 3296 2214 3350 ego
2237 3289 2411 3332 tacens
2442 3288 2486 3331 et
2518 3277 2673 3348 quasi
2703 3292 2804 3330 non
2830 3277 3025 3335 videns.
3060 3286 3110 3329 et
3139 3277 3236 3329 mei
3265 3275 3426 3329 oblita

114 3377 258 3426 recta
291 3380 350 3424 et
371 3369 539 3440 regia,
575 3370 858 3439 prudentia
895 3381 1000 3426 est.
1035 3371 1383 3427 Declinamus
1411 3370 1478 3424 ad
1523 3370 1714 3425 dexte-

119 3477 256 3529 ram,
294 3463 339 3516 si
368 3464 492 3532 plus
529 3462 776 3531 sapimus
795 3479 956 3533 quam
987 3471 1202 3533 Oportet
1246 3477 1457 3531 sapere,
1511 3471 1564 3516 et
1617 3477 1714 3531 pro

116 3556 407 3627 prudentia
435 3555 792 3612 calliditatem
817 3556 1089 3628 diligimus
1119 3575 1131 3612 :
1161 3559 1283 3628 quia
1311 3557 1419 3630 [AL
1445 3555 1570 3628 qua]
1598 3570 1714 3610 ser-

116 3666 251 3723 pens
293 3651 621 3722 prudentior
667 3660 787 3707 erat
825 3653 1081 3708 omnibus
1132 3652 1320 3707 bestiis
1365 3652 1420 3705 in
1462 3648 1714 3720 paradiso

114 3744 342 3816 (Cenes.
373 3746 462 3816 ιιι)
491 3763 502 3798 :
546 3745 616 3800 Et
653 3744 750 3799 ﬁlii
790 3745 1142 3801 tenebrarum
1175 3743 1558 3816 prudentiores
1587 3752 1716 3797 sunt

110 3836 242 3893 ﬁliis
263 3838 406 3893 lucis
431 3835 596 3910 (Luc.
631 3837 774 3908 xvi).
806 3837 887 3892 Ad
933 3837 1323 3908 siuistramque
1365 3836 1710 3903 divertimus,

110 3930 334 3999 quando
346 3930 499 3984 stulti
523 3944 733 3998 sumus,
757 3937 814 3984 et
838 3930 1015 3984 minus
1039 3931 1282 4000 sapimus
1304 3945 1464 4000 quam
1489 3944 1717 3987 necesse

112 4034 220 4078 est.
248 4024 328 4080 De
351 4022 553 4093 quibus
575 4023 781 4078 dictum
811 4033 931 4079 est:
957 4022 1104 4079 Dixit
1132 4025 1322 4079 stultus
1344 4025 1396 4077 in
1424 4024 1580 4078 corde
1593 4041 1710 4090 suo,

109 4136 213 4174 non
245 4128 324 4174 est
376 4117 516 4173 Deus
557 4116 684 4190 (Ps.
735 4134 852 4188 xm,
903 4116 987 4188 I).
1038 4119 1215 4174 Pietas
1245 4133 1463 4188 quoque
1499 4128 1555 4174 et
1587 4132 1717 4174 vera

109 4213 328 4282 religio,
371 4212 457 4266 via
495 4212 642 4282 regia
689 4221 794 4267 est.
827 4211 854 4250 ι)
899 4212 1147 4268 Declinat
1191 4211 1258 4266 ad
1285 4212 1592 4280 dexteram,
1625 4211 1717 4282 qui

109 4305 531 4376 superstitiosus
551 4316 658 4373 est,
687 4315 744 4360 et
770 4315 1012 4360 meretur
1036 4303 1247 4372 audire,
1278 4303 1362 4357 Ne
1385 4305 1456 4357 sis
1498 4304 1717 4356 multum

100 4403 288 4471 justus
315 4398 554 4471 (Eccles.
603 4413 700 4466 vn,
748 4397 874 4469 17).
909 4396 990 4453 Ad
1020 4397 1325 4463 sinistram,
1359 4397 1451 4466 qui
1495 4395 1721 4466 negligit

109 4492 322 4546 cultum
372 4490 490 4559 Dei,
524 4498 579 4546 et
617 4489 764 4546 inter
810 4488 999 4545 luedos
1030 4487 1322 4559 bircosque
1370 4495 1712 4542 numeratur.

112 4583 447 4662 Liberalitas
465 4597 684 4654 quoque
710 4581 874 4654 675
905 4592 960 4636 et
984 4581 1324 4653 dispensatio
1349 4581 1524 4636 virtus
1546 4579 1719 4634 maxi-

1819 3389 1890 3427 es.
1924 3370 2069 3426 LXX
2098 3389 2110 3425 :
2147 3370 2310 3438 Quem
2355 3370 2539 3424 timens
2571 3371 2843 3438 perterrita
2887 3385 2940 3422 es
2963 3384 2982 3422 :
3013 3379 3058 3422 et
3106 3370 3320 3423 mentita
3372 3387 3424 3422 es

1819 3466 1967 3534 milii,
1989 3482 2081 3520 nec
2102 3467 2375 3519 recordata
2401 3481 2455 3518 es
2487 3465 2606 3517 mei.
2632 3463 2815 3534 Neque
2845 3463 3066 3532 posuisti
3096 3479 3172 3517 me
3196 3465 3246 3516 in
3261 3475 3427 3519 mente

1817 3567 1924 3624 tua,
1953 3568 1998 3612 et
2025 3558 2078 3612 in
2102 3556 2256 3612 corde
2279 3568 2386 3611 tuo.
2417 3557 2584 3628 676
2609 3555 2677 3610 Et
2708 3572 2800 3626 ego
2831 3567 2877 3608 te
2907 3556 3081 3610 videns
3109 3556 3412 3623 despiciam,

1819 3662 1866 3707 et
1898 3669 2000 3706 non
2031 3669 2108 3706 me
2137 3652 2378 3705 timuisti.
2429 3654 2569 3718 Quia
2618 3649 2792 3720 plenis
2837 3649 3054 3705 horreis
3086 3650 3255 3704 habes
3288 3649 3426 3703 Iidu—

1817 3747 1960 3801 ciam
1996 3746 2048 3800 in
2073 3745 2303 3811 divitiis,
2333 3759 2525 3815 rogare
2563 3758 2648 3797 me
2680 3742 2925 3813 uoluisti,
2960 3742 3163 3796 idcirco
3193 3743 3424 3797 timuisti

1820 3839 2106 3909 plurimos.
2139 3838 2253 3892 Non
2285 3838 2434 3893 enim
2464 3847 2688 3906 poteras
2732 3836 2918 3892 dicere
2947 3854 2957 3889 :
2994 3835 3248 3890 Dominus
3269 3838 3425 3890 auxi-

1820 3933 1975 3986 liator
2002 3948 2163 3994 meus,
2195 3942 2244 3985 et
2267 3945 2359 3998 ego
2383 3929 2662 3998 despiciam
2685 3929 2916 3982 inimicos
2942 3944 3080 3982 meos
3103 3927 3233 4001 (Ps.
3258 3945 3424 3994 cxvn,

1822 4025 1912 4095 7);
1950 4023 2016 4078 Et
2046 4025 2240 4078 iterum
2267 4039 2280 4076 :
2319 4020 2571 4075 Dominus
2609 4021 2928 4074 illuminatio
2956 4037 3089 4086 mea,
3122 4029 3169 4073 et
3200 4023 3427 4074 salvator

1820 4132 1985 4184 meus,
2020 4131 2168 4187 quem
2203 4113 2390 4168 timebo
2424 4113 2443 4185 (
2468 4112 2561 4167 Ps.
2591 4129 2737 4180 xxvr,
2769 4111 3056 4183 I)?Quod
3081 4112 3205 4166 etsi
3233 4123 3426 4166 contra

1822 4210 2022 4264 mentis
2062 4220 2167 4263 tute
2196 4207 2585 4262 conscientiam
2625 4203 2812 4260 dicere
2855 4203 3151 4273 aliquando
3179 4204 3420 4272 Voluisti,

1822 4302 2044 4356 mentita
2067 4316 2147 4355 es.
2168 4299 2451 4367 Quomodo
2471 4298 2614 4352 enim
2640 4311 2730 4351 me
2754 4305 2970 4365 poteras
2994 4297 3270 4364 invocare,
3304 4312 3426 4365 qua:

1822 4395 1929 4448 mei
1952 4409 2058 4448 non
2076 4392 2314 4448 habebas
2343 4391 2689 4457 memoriam,
2718 4403 2893 4460 neque
2915 4388 3164 4459 cogitasti
3185 4405 3422 4459 unquam

1824 4496 2116 4556 prmcepta,
2148 4484 2383 4538 dicentis
2411 4503 2423 4536 :
2474 4482 2695 4536 Honora
2724 4480 3026 4547 Dominum,
3072 4489 3122 4534 et
3151 4485 3421 4552 conforta-

1823 4577 1979 4644 beris,
2009 4587 2055 4630 et
2081 4576 2274 4645 absque
2301 4575 2393 4628 illo
2419 4573 2620 4629 nullum
2648 4583 2845 4626 metuas
2880 4570 3120 4642 (Eccles.
3147 4588 3346 4626 xxxviii
3364 4571 3425 4642 )?

111 4693 199 4731 ma
228 4687 336 4745 est,
368 4692 400 4732 a
426 4691 533 4747 qua
561 4675 801 4732 declinat
826 4675 893 4730 ad
919 4675 1224 4742 dexteram,
1268 4674 1358 4746 qui
1385 4688 1578 4744 parcus
1605 4681 1712 4738 est,
1745 4685 1799 4745 Ῑ)
1824 4671 1936 4742 Ego
1961 4670 2106 4725 enim
2139 4683 2261 4722 sum
2288 4667 2401 4734 qui,
2440 4666 2590 4735 juxta
2620 4663 3005 4735 Symmachum
3051 4674 3106 4720 et
3151 4666 3423 4734 Aquilam,

112 4782 169 4826 ct
198 4788 308 4828 non
334 4774 512 4828 solum
555 4773 696 4840 aliis,
727 4770 825 4826 sed
874 4786 943 4827 ne
984 4769 1324 4839 sibiquidem
1359 4768 1548 4824 tribuit
1569 4766 1716 4839 quod

117 4882 344 4922 necesse
367 4877 472 4923 est.
505 4865 587 4921 Ad
615 4866 914 4933 sinistram,
945 4865 1035 4936 qui
1063 4863 1304 4920 comedit
1347 4863 1713 4920 substantiam

117 4975 273 5014 suam
299 4976 422 5016 cum
467 4959 868 5027 meretricibus,
903 4967 956 5013 ct
987 4958 1118 5014 dicit
1147 4973 1270 5013 cum
1309 4957 1473 5014 Israel
1502 4976 1516 5012 :
1565 4956 1721 5012 Man-

120 5055 364 5109 ducemus
386 5065 433 5108 et
459 5054 735 5120 bibamus;
766 5069 883 5108 cras
914 5052 1051 5107 enim
1081 5052 1358 5106 moriemur
1384 5049 1546 5124 (Isai.
1579 5066 1715 5119 xxn,

122 5146 250 5216 15).
282 5148 573 5204 Fortitudo
605 5149 769 5202 etiam
801 5155 964 5218 atque
991 5147 1300 5202 constantia
1327 5147 1411 5199 via
1435 5146 1580 5216 regia
1608 5154 1716 5213 est,

122 5251 151 5290 a
183 5254 288 5310 qua
316 5239 560 5296 declinat
583 5239 650 5294 ad
678 5238 982 5307 dexteram,
1013 5238 1104 5310 qui
1131 5236 1451 5292 temerarius
1475 5244 1530 5291 et
1557 5237 1722 5304 perti-

126 5345 232 5386 nas
264 5343 347 5388 est
374 5351 387 5386 :
421 5333 490 5388 ad
515 5332 818 5402 sinistram,
850 5332 942 5405 qui
977 5331 1366 5388 formidolosus
1389 5342 1444 5387 et
1471 5330 1719 5402 pavidus.

128 5421 282 5481 Unde
308 5428 392 5481 vir
419 5437 642 5482 sanctus
673 5440 769 5496 per
793 5425 936 5480 viam
959 5433 1162 5480 rectam
1194 5423 1348 5496 gradi
1375 5424 1603 5494 cupiens
1628 5421 1726 5480 de-

133 5533 416 5588 precatur:
475 5520 656 5576 Deduc
705 5536 806 5585 me.
860 5519 1103 5591 Domine,
1163 5520 1218 5574 in
1273 5519 1356 5573 via
1399 5527 1541 5573 recta
1593 5515 1721 5588 (Ps.

202 5690 225 5752 ἑ
264 5684 436 5737 Antea
465 5688 586 5736 erat
610 5679 855 5735 derelicto
886 5679 996 5735 Deo
1027 5697 1140 5744 suo,
1172 5687 1478 5752 sequuntur,
1506 5686 1614 5734 elc.

202 5750 228 5790 δ
267 5753 426 5818 Mss.,
457 5770 488 5806 a
516 5768 620 5823 qua
648 5752 895 5814 declinat,
928 5763 1038 5808 etc.

205 5835 225 5861 ε
270 5824 457 5889 Iidem,
489 5824 559 5878 ad
581 5835 630 5878 te
657 5824 816 5878 levari
846 5824 1070 5877 animam
1099 5839 1286 5878 meam.

200 5891 225 5934 ί¹
269 5894 418 5953 Unus
444 5895 816 5961 Ambrosiam,
843 5896 896 5948 iu
933 5895 1104 5949 ntultis
1130 5895 1224 5951 viis
1252 5894 1412 5951 deviis
1449 5892 1724 5949 laboravit.

498 5988 780 6049 PATROL.
833 5985 1070 6048 XXIV.

1821 4777 2040 4831 semper
2069 4760 2208 4816 tacui
2240 4765 2456 4830 peccata
2491 4767 2603 4826 tua,
2642 4765 2696 4813 et
2716 4756 2918 4810 scelera
2953 4772 3308 4825 qumrumque
3343 4757 3425 4810 fa-

1821 4857 2028 4925 ciebas,
2062 4854 2217 4926 quasi
2264 4868 2369 4908 non
2414 4851 2673 4917 viderem,
2717 4849 3147 4904 dissimulatione
3190 4849 3426 4920 neglexi.

1823 4962 1880 5007 ut
1909 4951 1954 5007 si
1988 4965 2092 5006 non
2119 4950 2313 5004 timore
2341 4947 2466 5015 mei,
2493 4947 2682 5000 saltem
2712 4942 2965 5013 patientia
2991 4941 3056 4996 ad
3083 4957 3167 4997 me
3197 4943 3426 5000 redires.

1823 5046 1926 5114 Qui
1962 5061 2068 5100 non
2101 5043 2298 5109 oculis,
2343 5039 2437 5096 sed
2472 5038 2740 5108 palpebris
2771 5037 3052 5107 interrogo
3085 5036 3226 5091 IiIios
3254 5035 3431 5092 homi-

1826 5156 1979 5195 num.
2017 5137 2091 5193 At
2118 5148 2171 5190 ιιι
2207 5133 2513 5190 econtmrio
2538 5132 2704 5185 oblita
2745 5145 2803 5184 es
2854 5130 2981 5196 mei,
3018 5141 3067 5185 et
3099 5131 3290 5186 audire
3317 5146 3431 5186 me—

1829 5233 1986 5289 ruisti
2019 5251 2031 5287 :
2060 5232 2232 5286 Oblita
2252 5246 2304 5283 es
2326 5228 2454 5300 legis
2473 5225 2572 5281 Dei
2595 5227 2692 5295 tui,
2717 5235 2763 5280 et
2791 5242 2886 5297 ego
2909 5227 3182 5281 obliviscar
3197 5227 3430 5297 filiorum

1827 5338 2036 5382 tuorum
2061 5327 2078 5395 (
2103 5325 2230 5378 Usre
2257 5336 2338 5387 tv,
2371 5317 2464 5391 6).
2501 5321 2560 5374 Et
2595 5319 2834 5375 iterum:
2874 5317 2987 5383 Ipsi
3031 5319 3430 5374 ambulaverunt

1829 5429 2010 5474 contra
2055 5433 2135 5471 me
2178 5415 2426 5488 perversi,
2469 5424 2518 5467 et
2561 5429 2654 5484 ego
2700 5413 2975 5466 ambulabo
3025 5423 3202 5466 contra
3245 5429 3332 5468 eos
3377 5415 3432 5468 in

1828 5518 2006 5586 furore
2029 5525 2288 5583 perverso.
2327 5508 2476 5564 Mens
2499 5522 2620 5578 quae
2650 5509 2705 5562 in
2733 5503 2879 5560 LXX
2911 5520 3035 5560 cum
3061 5504 3228 5560 corde
3250 5504 3430 5560 socia-

1907 5683 1929 5709 ε
1969 5669 2182 5740 Vulgati
2223 5678 2379 5725 antea
2410 5668 2562 5732 libri,
2593 5665 2840 5722 Converte
2871 5666 3075 5732 pedem,
3108 5674 3241 5740 etc,
3283 5666 3427 5725 haud

1832 5745 1991 5804 bene.
2021 5752 2078 5799 et
2108 5741 2499 5812 refragantibus
2529 5754 2662 5794 mss.
2691 5749 2744 5793 et
2769 5752 2928 5813 sacro
2961 5749 3130 5793 tu-xtu.
3177 5739 3302 5794 Mox
3333 5757 3434 5813 pro

1835 5815 2164 5892 ὰνόρίσομαι,
2201 5807 2651 5870 ἱιιἈιιιιιιόεἰειιο
2674 5819 2759 5866 est
2785 5807 3112 5884 ἀνδριοῦμαι.

2947 5973 3027 6037 18
