3932 6318
577 270 684 325 555

1837 266 1894 324 S.
1941 263 2216 326 EUSEBII
2257 261 2640 322 HIEBONYMI
3731 270 3803 328 εει

570 391 679 446 tur,
709 395 816 437 non
843 387 927 437 est
949 379 1151 451 scripta
1181 379 1238 433 in
1269 377 1559 444 Hebraico,
1591 378 1688 436 sed
1716 381 1869 450 quasi
1899 381 2170 453 interpre—
2195 387 2248 446 Α
2271 381 2664 443 comminatur,
2701 378 2926 434 dicens:
2959 379 3236 449 Auferctur
3267 393 3300 433 α
3335 379 3472 435 vobis
3505 367 3692 455 regnum
3721 383 3802 451 Dei,

571 477 703 531 talio
745 475 948 537 addita,
981 472 1110 541 quid
1153 473 1207 527 in
1235 472 1534 542 Scripturis
1561 488 1658 529 cor
1689 474 1922 545 intelligi
1949 475 2169 531 debeat.

641 569 834 639 (Vcrs.
867 565 992 638 l2.)
1017 565 1134 639 Ego
1157 568 1478 622 annuntiabo
1498 569 1764 640 justitiam
1785 577 1947 636 tuam,
1975 577 2022 622 et
2049 583 2172 640 ope-

567 679 628 716 ra
655 673 744 715 tua
777 677 878 714 non
909 660 1194 729 proderunt
1225 660 1336 715 tibi.
1371 661 1498 718 Cum
1521 661 1845 730 clamaueris,
1871 659 2084 715 liberem
2127 670 2174 715 te

569 755 869 828 congregati
895 755 990 809 ttti.
1025 754 1201 810 LXX:
1236 755 1348 828 Ego
1377 755 1702 810 annnntiabo
1719 755 1988 827 justitiam
2033 764 2172 808 tuam

563 858 612 904 ct
643 847 782 902 mala
810 857 922 914 tua,
955 865 1070 918 ante
1095 865 1198 904 non
1223 848 1509 918 proderunt
1533 848 1644 902 tibi.
1679 847 1810 903 Cum
1838 847 2170 917 clantaoeris,

563 955 750 1000 eruunt
791 954 838 998 te
876 945 932 998 in
965 943 1304 999 tribulatione
1347 953 1454 999 tua.
1488 944 1590 1010 Qui
1633 957 1854 1014 semper
1897 944 2060 1006 tacui,
2119 951 2173 997 et

567 1039 722 1109 quasi
753 1055 860 1093 non
885 1038 1128 1094 viderem
1159 1047 1247 1094 tua
1284 1047 1531 1109 peccata,
1565 1037 1797 1108 neglexi,
1831 1031 2170 1106 nequaquam

565 1131 704 1188 ultra
737 1131 999 1196 reticebo,
1032 1131 1128 1186 sed
1159 1131 1338 1186 dicant
1361 1131 1506 1202 quod
1529 1139 1658 1185 ante
1675 1129 1786 1200 jam
1811 1128 1924 1184 disi
1945 1147 1960 1184 :
1985 1127 2168 1192 Tacui,

564 1224 814 1295 numquid
826 1241 1024 1296 semper
1045 1225 1218 1280 tacebo
1235 1227 1260 1279 Ρ
1280 1225 1350 1280 Et
1363 1224 1972 1293 annuntiabojustitiam
1997 1231 2167 1286 tuam,

565 1327 620 1374 et
651 1333 816 1388 Opera
846 1327 956 1372 tua.
987 1317 1140 1386 Quod
1175 1333 1274 1388 per
1301 1317 1530 1372 ironiam
1565 1315 1854 1387 legendum
1882 1323 1984 1381 est,
2021 1315 2171 1370 velut

563 1411 609 1467 si
657 1411 778 1481 quis
807 1411 862 1466 in
911 1411 1214 1466 sceleribus
1266 1409 1609 1480 deprehenso
1639 1407 1823 1462 dicat:
1872 1406 1996 1462 vide
2027 1407 2166 1461 bona

563 1521 732 1576 opera
759 1513 870 1560 tua.
903 1503 1137 1575 Propter
1175 1503 1324 1576 quod
1351 1506 1398 1560 si
1429 1503 1645 1575 quando
1673 1504 1770 1558 tibi
1806 1503 2170 1559 tribulationis

565 1611 786 1672 tempus
816 1601 1118 1669 advenerit,
1151 1609 1205 1656 et
1228 1601 1466 1672 coeperis
1498 1617 1604 1656 non
1651 1600 1718 1656 ad
1751 1600 1892 1656 idola
1920 1615 2044 1670 quae
2077 1613 2171 1654 co-

563 1695 740 1764 luisti,
779 1696 874 1750 sed
919 1697 984 1750 ad
1016 1696 1214 1752 caelum
1247 1711 1439 1751 manus
1473 1695 1726 1760 tendere,
1759 1701 1816 1748 et
1849 1693 1940 1748 Dei
1974 1693 2170 1763 implo-

2273 483 2324 528 αι
2349 473 2585 528 tradetur
2606 473 2748 544 genti
2771 473 2982 542 facienti
3013 476 3216 542 fructus
3245 471 3803 546 ejus(Mat.ut,i3);ut

2277 565 2563 621 inveniant
2592 565 2644 618 in
2677 565 2760 619 eis
2787 565 2938 618 illum
2963 575 3226 630 montem,
3261 565 3329 621 de
3353 566 3520 636 quoin
3553 566 3644 622 hoc
3661 569 3801 626 eodem

2281 658 2558 730 Propheta
2596 657 2758 728 (Isai.
2799 658 2894 730 ιι),
2921 667 2977 714 et
3004 659 3058 714 in
3099 658 3318 715 Micltteu
3376 660 3624 729 legimus:
3665 661 3803 720 Eritin

2277 753 2568 807 novissimis
2581 751 2760 806 diebus
2781 753 3088 822 manifestus
3103 767 3256 806 mons
3268 751 3476 808 Domini
3489 753 3660 824 (Elicit.
3677 769 3735 821 tv,
3748 757 3800 829 5).

2279 847 2344 900 Et
2377 846 2498 915 ipse
2527 845 2799 901 Dominus
2839 845 3012 917 678
3041 849 3306 916 prtecepit
3331 848 3600 917 Apustolis
3623 851 3800 906 cunctis-

2273 955 2380 1009 que
2406 939 2726 996 doctoribus
2745 941 3026 1007 Ecclesiat,
3063 947 3124 996 ut
3155 942 3414 1012 quidquid
3435 955 3668 1012 asperum
3695 943 3804 1000 ride-

2273 1041 2423 1088 retur
2447 1041 2612 1103 atque
2649 1033 2895 1100 difﬁcile,
2937 1041 3032 1088 sua
3057 1034 3510 1104 interpretatione
3545 1035 3800 1103 dissultant,

2273 1135 2328 1179 et
2357 1125 2734 1196 intelligentia:
2761 1126 2899 1180 viam
2931 1127 3235 1192 prmbeant,
3267 1129 3554 1198 omniaque
3579 1129 3738 1184 tollant
3759 1131 3804 1186 de

2273 1216 2456 1272 medio
2475 1217 2730 1272 scandala
2755 1226 2816 1273 ut
2843 1218 3080 1288 populus
3115 1219 3326 1274 Domini
3345 1220 3546 1290 absque
3561 1221 3657 1276 ullo
3677 1223 3804 1292 impe-

2275 1309 2526 1364 dimento
2555 1311 2696 1379 quod
2737 1311 2868 1381 legit
2893 1313 3182 1382 intelligat,
3219 1321 3278 1369 et
3315 1314 3364 1368 in
3399 1313 3494 1369 Dei
3525 1315 3694 1371 timore
3718 1331 3807 1386 prc-

2271 1399 2438 1456 iiciat.
2460 1403 2534 1457 De
2555 1402 2638 1458 his
2668 1404 2768 1458 riis
2797 1415 2850 1460 et
2876 1406 3118 1460 Joannes
3137 1407 3376 1475 Baptista
3404 1407 3608 1463 dicebat
3627 1425 3640 1465 :
3661 1407 3808 1464 Paruit

2272 1491 2382 1544 vias
2401 1491 2631 1557 Domini,
2652 1503 2760 1548 etc.
2783 1493 3000 1567 (Matth.
3026 1509 3106 1560 nt,
3127 1497 3160 1552 5
3177 1497 3216 1565 )-.
3249 1496 3350 1552 Ubi
3377 1505 3476 1552 nos
3501 1501 3744 1569 posuimus
3760 1517 3807 1556 et
3899 1493 3905 1569 Δ

2283 1599 2520 1652 persona
2555 1586 2672 1656 Dei,
2701 1599 2750 1642 et
2777 1590 2965 1655 dicunt,
2999 1589 3141 1644 LXX
3175 1603 3476 1659 posuerunt
3504 1603 3554 1647 et
3590 1595 3808 1650 diccnl:hi

2272 1677 2532 1733 videlicet
2557 1682 2646 1750 qui
2673 1681 3028 1746 possidebunt
3062 1692 3288 1750 terram,
3319 1693 3376 1741 et
3395 1686 3692 1743 haereditate
3708 1701 3808 1744 con-

569 1805 690 1846 rare
717 1790 1004 1854 auxilium,
1029 1790 1251 1844 audiant
1289 1799 1340 1844 te
1369 1790 1470 1856 illi,
1504 1797 1558 1844 et
1583 1789 1818 1844 liberem
1855 1797 1906 1842 te
1933 1787 2000 1841 de
2027 1787 2167 1856 peri-

2275 1781 2576 1839 sequentur
2611 1781 2852 1828 montem
2879 1785 3130 1829 sanctum
3165 1775 3292 1832 Dei.
3323 1775 3434 1832 Nec
3468 1789 3614 1833 erunt
3645 1777 3810 1852 propria

561 1885 686 1940 culo
707 1895 846 1954 quos
875 1895 1068 1938 secura
1094 1883 1336 1936 coluisti.
1372 1879 1528 1947 Quod
1557 1889 1612 1936 et
1639 1889 1738 1949 per
1777 1877 2068 1934 Jeremiatn
2099 1877 2163 1930 ad

477 1971 484 1982 ’
559 1977 807 2032 eamdem
842 1977 1078 2046 loquitur
1107 1977 1280 2030 Deus:
1313 1973 1414 2029 Ubi
1441 1981 1560 2028 sunt
1590 1975 1666 2028 dii
1687 1975 1760 2028 ιιιὶ
1780 1989 1904 2042 quos
1931 1973 2168 2043 feceras?

563 2070 883 2140 Βρεμι-θωπί,
927 2077 976 2123 et
1021 2067 1222 2122 salvam
1251 2075 1298 2121 te
1327 2068 1524 2136 faciant
1551 2067 1606 2119 in
1648 2075 1874 2130 tentpore
1909 2063 2166 2118 maiorum

561 2169 772 2214 tuorum
802 2157 1029 2231 (Jerem.
1057 2175 1114 2226 ιι,
1139 2159 1208 2212 28
1230 2157 1269 2229 ).
1301 2157 1406 2212 Pro
1433 2173 1502 2212 eo
1529 2157 1672 2227 quod
1701 2155 1848 2212 LXX
1871 2157 2166 2212 transtule-

563 2263 692 2306 runt
713 2269 726 2306 :
749 2251 950 2306 Ertmnt
977 2262 1022 2306 te
1047 2254 1100 2306 in
1133 2252 1468 2306 tribulatione
1489 2261 1614 2317 tua;
1635 2259 1690 2305 et
1709 2251 1876 2323 677
1901 2264 1998 2304 nos
2027 2250 2166 2305 dixi-

561 2361 682 2400 mus
725 2361 738 2398 :
785 2344 1023 2399 Libercnt
1054 2355 1102 2399 te
1129 2345 1424 2417 congregati
1454 2346 1549 2414 tui,
1593 2343 1958 2415 Symmachus
1990 2351 2168 2396 trans-

559 2440 723 2495 tulit:
755 2438 958 2493 Eruant
978 2447 1026 2494 te
1048 2455 1327 2512 synagoga!
1353 2449 1471 2492 tute.
1506 2437 1652 2508 Ergo
1687 2437 1906 2508 proprie
1929 2437 2166 2507 loquitur

561 2534 630 2589 ad
684 2535 926 2600 Judmos,
969 2535 1114 2604 quod
1159 2547 1256 2589 eos
1295 2539 1690 2605 synagoga‘rntn
1743 2545 1964 2586 Stturttm
2007 2532 2164 2585 turba

561 2638 808 2696 tempore
829 2625 1131 2681 obsidionis
1155 2625 1388 2679 liberare
1407 2639 1512 2678 non
1537 2623 1733 2678 valent.-
1913 2659 1938 2688 ,

633 2721 814 2794 (Vcrs.
845 2721 933 2786 15,
979 2719 1096 2788 ib.)
1133 2716 1201 2770 Et
1229 2731 1404 2770 omnes
1431 2731 1518 2770 eos
1545 2718 1745 2786 auferet
1775 2725 1990 2770 ventus:
2022 2714 2166 2769 tollet

559 2827 711 2864 aura.
746 2810 1040 2876 Quiantcm
1066 2805 1316 2876 ﬁduciam
1347 2808 1496 2861 habet
1529 2809 1651 2874 mei,
1697 2807 2024 2861 luerrditabit
2055 2819 2160 2861 ter-

563 2917 696 2964 ram,
737 2912 786 2954 et
819 2900 1098 2970 possidebit
1127 2911 1348 2974 montem
1383 2909 1620 2954 sanctum
1651 2915 1844 2966 meum.
1870 2899 1940 2954 Et
1967 2902 2159 2970 dicant,

571 2993 722 3048 Viam
749 2998 924 3066 facite,
958 2995 1176 3068 praebete
1200 2997 1318 3065 iter,
1351 2994 1612 3049 declinata
1639 2995 1703 3048 de
1727 2995 1930 3062 semita,
1962 3001 2164 3068 auferte

561 3088 879 3155 offeudicula
903 3087 970 3144 de
993 3090 1076 3143 tn'a
1103 3090 1284 3159 populi
1302 3090 1420 3143 mei.
1451 3088 1622 3143 LXX:
1650 3088 1790 3144 Istos
1815 3092 1952 3144 enim
1985 3105 2162 3146 omnes

2267 1863 2698 1918 salutecontenti
2731 1882 2743 1917 :
2775 1864 2870 1920 sed
2901 1867 3068 1920 etiam
3097 1875 3333 1922 caeteros
3366 1869 3432 1924 ad
3463 1870 3811 1940 docendumpo-

2267 1956 2422 2024 pulos
2447 1957 2837 2024 provocabunt.
2859 1957 3222 2029 Symmachus
3245 1961 3391 2015 hunc
3409 1962 3578 2017 locum
3607 1961 3668 2016 ita
3685 1963 3810 2018 inter.

2265 2060 2512 2122 prolatus
2539 2063 2654 2106 est:
2693 2053 2798 2119 Qui
2826 2063 3002 2108 autent
3033 2055 3258 2123 confidit
3281 2055 3336 2109 in
3357 2071 3452 2121 me,
3477 2059 3720 2124 possidebit
3739 2065 3814 2111 ter-

2265 2158 2402 2209 ram,
2419 2153 2466 2198 et
2489 2145 2788 2199 haereditate
2811 2157 3148 2214 consequetur
3171 2155 3402 2201 montem
3425 2155 3646 2202 sanctam
3663 2161 3812 2214 nteant,

2265 2243 2314 2290 ct
2337 2233 2506 2289 dicet:
2535 2235 2744 2290 Rectam
2767 2237 2902 2290 viam
2931 2239 3110 2309 facite,
3135 2249 3192 2291 et
3223 2239 3462 2310 reliqua.
3497 2241 3570 2293 Eo
3593 2241 3815 2310 quodipse

2267 2329 2359 2398 qui
2377 2317 2586 2384 terram
2611 2341 2965 2403 montemque
2991 2333 3328 2401 possederit,
3365 2345 3586 2392 caeteros
3609 2339 3810 2400 instruat,

2269 2432 2328 2476 ut
2370 2423 2514 2477 viam
2560 2423 2796 2480 Domino
2826 2435 3042 2496 patent.

2319 2513 2497 2584 (Vcrs.
2521 2515 2604 2570 l5.
2621 2515 2638 2585 )
2655 2515 2788 2580 Quia
2811 2517 2919 2570 han:
2935 2517 3062 2571 dicit
3073 2519 3308 2574 excelsus
3319 2531 3372 2574 et
3385 2521 3598 2576 sublimis
3607 2519 3822 2574 habitator

2267 2609 2592 2675 (eternitatis,
2619 2625 2666 2662 et
2681 2621 3118 2666 sanctumnonten
3141 2615 3256 2678 eius
3274 2629 3292 2668 :
3310 2619 3368 2669 in
3393 2615 3582 2672 excelso
3601 2623 3641 2668 et
3661 2616 3708 2668 in
3725 2629 3822 2668 san-

2264 2709 2346 2754 cto
2359 2702 2618 2766 habitans,
2641 2713 2820 2757 etcum
2841 2707 3064 2760 contrito
3080 2718 3128 2760 et
3144 2705 3338 2762 humili
3357 2709 3569 2781 spiritu:
3585 2719 3634 2764 ut
3650 2709 3822 2777 t-irt'firct

2265 2796 2506 2862 spiritum
2533 2795 2814 2851 humilium
2840 2807 2888 2851 et
2914 2800 3134 2870 oiriﬁcct
3173 2817 3265 2855 cor
3295 2805 3646 2858 contritornm.
3685 2803 3819 2858 LXX:

2266 2889 2398 2945 Htcc
2419 2891 2543 2946 dicit
2573 2893 2824 2959 excelsus,
2851 2903 2896 2946 et
2925 2895 2980 2947 in
2999 2897 3226 2949 excelsis
3246 2895 3490 2952 habitans
3507 2900 3558 2952 in
3586 2907 3820 2952 internum:

2266 2991 2478 3037 sanctus
2519 2983 2572 3036 in
2593 2985 2788 3038 sanctis
2829 3001 3022 3040 nomen
3047 2985 3152 3040 illi.
3202 2985 3460 3044 Excelsas
3499 2991 3552 3043 in
3573 2991 3747 3044 sanctis
3763 3004 3822 3042 νει

2265 3077 2548 3145 quiescens,
2574 3088 2620 3130 et
2637 3075 2990 3148 pusillanimis
3005 3079 3136 3132 darts
3153 3083 3457 3151 patientiam
3475 3083 3670 3137 ctritant
3685 3079 3822 3151 bisqui

562 3183 710 3241 tollet
729 3195 927 3252 ventus,
960 3193 1008 3240 et
1031 3188 1236 3258 auferet
1263 3193 1561 3255 tempestas.
1591 3185 1696 3251 Qui
1746 3197 1920 3239 autem
1965 3195 2167 3256 sperant

2280 3173 2435 3224 corde
2466 3173 2678 3224 contriti
2715 3185 2862 3226 sunt.
2895 3174 3154 3242 C(Bflci’al
3169 3187 3360 3231 sermo
3378 3178 3824 3248 propheticuscou-

561 3281 618 3333 in
647 3295 724 3332 me
755 3277 1092 3349 possidebunt
1132 3288 1344 3342 terram,
1371 3289 1420 3331 ct
1465 3277 1767 3332 haereditate
1798 3285 2176 3347 consequentur

563 3385 789 3427 montem
805 3384 1042 3426 sanctum
1055 3387 1222 3426 meum
1241 3413 1256 3438 ,
1279 3381 1326 3425 ct
1340 3372 1510 3424 dicent
1537 3385 1556 3423 :
1571 3368 1804 3425 Mundus
1821 3372 1977 3442 facite
1989 3387 2018 3424 a
2041 3369 2176 3440 facte

559 3474 671 3542 ejus
692 3472 798 3525 vias
814 3479 864 3524 et
879 3475 1080 3540 auferte
1093 3467 1411 3537 offendicula
1429 3469 1594 3524 deria
1626 3469 1808 3540 populi
1855 3471 1972 3523 mei.-
1999 3469 2172 3524 .iutlmi

561 3562 630 3617 de
660 3565 969 3632 Babyloniis
991 3564 1108 3618 inec
1140 3573 1398 3618 asserunt
1429 3563 1768 3632 prophetari,
1794 3563 2062 3634 quodiliis
2077 3563 2173 3619 Dei

562 3654 766 3708 virtute
787 3657 1086 3722 superatis,
1119 3655 1350 3724 p0pttlus
1379 3655 1568 3709 redeat
1591 3654 1642 3707 in
1666 3655 1938 3722 .iudzram,
1971 3663 2026 3709 et
2051 3669 2173 3724 pos-

565 3746 742 3801 sideat
773 3755 1014 3800 tuentem
1037 3747 1194 3814 Sion,
1227 3757 1278 3800 et
1305 3747 1490 3800 oumia
1523 3747 1738 3800 itineris
1781 3747 2174 3815 impedimenta

568 3837 857 3904 tollantur,
905 3849 1004 3892 nec
1043 3837 1213 3891 ullius
1251 3839 1428 3908 gentis
1459 3837 1698 3907 patiatur
1745 3838 2011 3892 insidias:
2047 3839 2170 3908 quia

561 3930 830 3986 Dominus
856 3929 1068 3999 planam
1087 3929 1279 3985 iecerit
1305 3929 1446 3983 viam
1473 3928 1676 3998 populo
1698 3937 1820 3984 suo.
1849 3929 1912 3982 Et
1939 3929 2053 3983 haec
2072 3929 2173 3984 sub

562 4022 870 4079 Zarobaltcl
911 4021 966 4078 et
996 4021 1136 4076 Esra
1170 4021 1392 4091 impleta
1425 4020 1794 4075 contendunt.
1837 4019 1946 4074 Nos
1985 4031 2170 4076 autem

557 4117 852 4188 iungentes
871 4114 1254 4184 superioribus
1277 4131 1398 4184 quae
1413 4115 1695 4182 dicuntur,
1723 4114 1827 4168 hoc
1842 4115 2168 4182 asset-imus,

565 4210 712 4281 quod
743 4211 929 4263 omnia
957 4207 1098 4264 idola
1123 4221 1244 4278 quas
1268 4221 1363 4263 eos
1389 4223 1495 4261 non
1517 4215 1770 4276 poterant
1793 4205 2051 4275 liberare,
2070 4207 2174 4261 tul-

563 4305 642 4360 lat
661 4311 854 4358 ventus
877 4311 1042 4372 atque
1059 4311 1381 4372 tempestas,
1399 4303 1578 4357 etslnt
1600 4302 1756 4372 quasi
1779 4299 1982 4371 pulvis,
2007 4315 2166 4370 quem

560 4399 788 4472 projit‘il
817 4405 1013 4453 ventus
1035 4413 1064 4451 a
1096 4395 1234 4452 facie
1263 4403 1454 4452 terrm.
1487 4396 1593 4451 Eos
1631 4403 1812 4450 autem
1845 4397 1938 4466 qui
1965 4396 2170 4451 imbue-

565 4495 680 4549 rint
717 4493 770 4548 in
811 4491 1044 4547 Domino
1105 4491 1379 4560 ﬁduciam,
1431 4501 1785 4560 possessores
1827 4497 2055 4557 terram,
2097 4489 2168 4546 ne

2278 3275 2356 3320 tra
2379 3265 2640 3335 populant
2663 3266 3002 3335 Judmorutn,
3035 3281 3266 3339 quorum
3287 3269 3824 3342 rrmgistrosappellatit
3903 3271 3905 3332 ς

2275 3358 2650 3427 speculatores
2669 3371 2842 3414 caecos
2864 3405 2876 3427 ,
2897 3372 2949 3414 et
2971 3373 3140 3416 canes
3155 3371 3364 3432 mutus,
3383 3375 3439 3423 et
3459 3373 3686 3436 pastores
3703 3364 3822 3432 igno-
3903 3419 3905 3438 ζ

2277 3461 2466 3505 rantes
2481 3449 2916 3520 intelligentiam,
2937 3463 2990 3508 et
3017 3453 3162 3508 ﬁlios
3183 3455 3430 3527 iniquus,
3457 3467 3510 3513 et
3527 3467 3696 3512 semen
3708 3452 3824 3508 adul-

2279 3552 2520 3600 terorum
2557 3556 2722 3614 atque
2755 3546 3094 3601 meretricis:
3113 3555 3236 3616 post
3261 3565 3386 3618 quae
3411 3552 3558 3606 venit
3581 3550 3642 3604 ad
3659 3551 3825 3604 Jerusa-

2275 3634 2408 3701 lem,
2429 3637 2516 3690 cui
2531 3638 2828 3706 exprobrat
2845 3638 3266 3694 fornicationem
3283 3643 3428 3711 ejus,
3445 3657 3514 3698 eo
3529 3641 3662 3712 quod
3679 3640 3824 3694 dilata-

2277 3731 2420 3785 verit
2447 3731 2632 3787 cubile
2667 3733 3006 3788 amatoribus
3025 3734 3163 3801 suis,
3191 3743 3248 3789 et
3278 3739 3684 3806 susceperiteos
3703 3747 3828 3787 manu

2273 3833 2486 3894 aperta,
2507 3833 2564 3879 et
2577 3827 2857 3880 ornaverit
2875 3841 2936 3882 se
2957 3827 3170 3882 cunctis
3184 3827 3370 3896 idolis,
3389 3837 3443 3884 et
3459 3829 3655 3884 miserit
3667 3829 3826 3896 legatos

2276 3916 2500 3986 procul;
2533 3927 2592 3972 ut
2625 3918 2934 3990 peregrinis
2973 3933 3190 3990 quoque
3215 3921 3556 3977 amatoribus
3581 3923 3824 3976 frueretur.

2271 4009 2388 4077 Qua
2437 4012 2814 4082 increpatione
2849 4012 3024 4081 ﬁnita,
3060 4013 3294 4068 venitad
3313 4009 3828 4086 eosquicenﬁtluntitt

2275 4102 2530 4170 Domino,
2545 4113 2600 4160 et.
2618 4105 2813 4176 quibus
2830 4115 3030 4160 terram
3045 4117 3400 4178 montemque
3413 4109 3718 4178 promiserat
3742 4117 3827 4172 pos‘

2274 4198 2566 4254 sidendum
2580 4211 2630 4254 et
2653 4215 2890 4269 quorum
2903 4201 3206 4254 rerersioni
3223 4200 3582 4271 iterjusserat
3599 4209 3824 4270 prepara-

2279 4291 2334 4344 ri-
2353 4308 2362 4342 :
2387 4289 2529 4346 itaud
2545 4291 2770 4346 dubium
2785 4293 2914 4360 quin
2929 4291 3208 4362 Apostolis
3224 4293 3292 4347 sd
3308 4306 3542 4362 qurum
3557 4287 3826 4364 praedicatio

2275 4401 2400 4442 nem
2419 4387 2486 4442 de
2513 4395 2671 4456 ntroq
2681 4401 2748 4441 tte
2777 4387 2976 4457 portula
2996 4387 3378 4443 crediderunt.
3397 4388 3554 4444 Unde
3569 4403 3596 4440 ε
3619 4383 3828 4440 laudibus

2275 4481 2368 4536 Dei
2389 4481 2580 4549 incipit
2605 4491 2657 4534 et
2681 4491 2804 4550 qum
2831 4481 2900 4535 de
2923 4481 3106 4536 reditu
3139 4482 3330 4550 populi
3363 4484 3449 4537 sui
3479 4481 3736 4551 pollicitus
3759 4477 3828 4538 sit.

564 4605 668 4662 qua
700 4589 755 4644 in
787 4589 889 4644 hoc
910 4587 1104 4645 eodem
1139 4587 1408 4657 propheta
1439 4587 1634 4642 lecturi
1663 4599 1852 4642 sumus
1882 4605 1893 4641 ε
1929 4585 2164 4640 Emam
2191 4561 2246 4624 Β
2268 4575 2514 4644 sequenti
2539 4585 2792 4628 sermone
2829 4581 3084 4630 tesmtur.
3115 4574 3242 4628 limo
3277 4577 3428 4630 enim
3459 4575 3590 4630 dicit
3611 4570 3828 4628 Dominus

565 4695 612 4739 te
628 4683 698 4738 ad
729 4683 860 4737 bona
887 4691 1066 4737 teri-te.
1099 4679 1176 4736 Et
1221 4693 1329 4751 quo
1367 4683 1716 4751 perspicuum
1747 4691 1852 4746 est,
1887 4679 2027 4735 hanc
2055 4687 2160 4735 ter-

563 4793 680 4834 ram
716 4793 821 4833 non
848 4777 1108 4833 deorsum
1141 4787 1284 4844 esse,
1315 4775 1410 4830 sed
1443 4787 1697 4830 surSnm.
1735 4775 1816 4828 Ad
1842 4791 2002 4845 quam
2037 4789 2166 4828 san-

565 4881 707 4936 ctus,
745 4869 975 4925 Domino
1017 4871 1289 4936 eievnnte,
1340 4869 1705 4932 conscendet,
1734 4868 1802 4921 de
1829 4881 1932 4936 qua
1967 4867 2170 4922 crebro

567 4963 834 5020 diximus:
861 4959 1004 5017 Beati
1028 4965 1206 5029 mites;
1221 4963 1466 5032 quoniam
1491 4961 1596 5028 ipsi
1621 4959 1956 5026 possidebunt
1980 4969 2166 5014 terrain

572 5057 793 5130 (Matth.
821 5073 872 5124 γ,
896 5057 987 5128 lt);
1013 5069 1066 5112 et
1091 5057 1254 5112 Credo
1280 5058 1451 5111 cidere
1473 5061 1602 5112 bona
1629 5055 1840 5110 Domini
1861 5057 1916 5109 in
1941 5067 2074 5110 terra
2095 5057 2166 5109 υἱ-

569 5147 981 5222 vrntium(Psal.
1013 5157 1158 5216 xm,
1193 5151 1305 5221 l5).
1326 5149 1476 5206 Mnus
1499 5151 1679 5207 autem
1697 5143 2054 5216 sanctushei,
2077 5151 2170 5206 illc

568 5239 949 5313 intelligendus
979 5245 1080 5310 est,
1107 5243 1182 5298 de
1229 5259 1334 5309 quo
1379 5246 1444 5299 ad
1493 5243 1750 5300 lichrteos
1785 5239 2042 5315 loquitur,
2075 5245 2167 5314 qui

565 5341 752 5396 scribit
785 5337 1107 5407 Epistulam:
1138 5337 1436 5392 Ai‘rt’sst'stis
1455 5335 1525 5390 ad
1553 5339 1684 5393 Sion
1729 5349 1972 5408 montem,
2013 5349 2058 5393 et
2088 5339 2162 5392 ct"-

565 5435 766 5488 citatem
799 5429 892 5486 Πέὶ
913 5431 1126 5486 vibratis
1152 5429 1440 5486 Jerusalem
1469 5429 1736 5492 (mlestum,
1757 5444 1802 5486 et
1821 5431 1982 5486 multo
2001 5431 2164 5486 millia

567 5527 875 5600 Angelorunt
895 5535 940 5578 et
959 5525 1244 5580 Ecclesium
1261 5525 1640 5598 primitivorum
1659 5525 1747 5590 qui
1763 5525 1945 5594 scripti
1969 5534 2086 5578 sunt
2110 5525 2162 5576 in

567 5619 704 5673 caelis
719 5615 909 5691 (Hebr.
931 5635 1029 5684 xu,
1046 5617 1166 5686 2'2).
1185 5611 1485 5674 Possumus
1507 5615 1708 5672 terram
1728 5615 1782 5671 ct
1801 5625 2040 5672 montem
2057 5614 2162 5670 Ι)ος

572 5711 724 5772 mini,
749 5726 907 5778 quem
935 5711 1108 5764 uncti
1129 5709 1442 5779 potssessuri
1459 5718 1608 5772 sunt,
1633 5718 1688 5762 et
1703 5707 2022 5782 Scriptores
2035 5715 2154 5784 san-

587 5813 702 5854 ctas
739 5799 1060 5868 intelligere,
1085 5816 1222 5870 «tuas
1249 5797 1584 5857 auferendus
1611 5815 1638 5852 a
1667 5795 1889 5867 ludat-is,
1919 5796 2158 5852 Domino

2265 4666 2512 4721 excelsus
2533 4675 2696 4734 atque
2723 4666 3008 4736 sublimis,
3039 4669 3130 4738 qui
3162 4667 3378 4722 habitat
3419 4669 3474 4722 in
3513 4665 3760 4730 excelsis,
3781 4669 3822 4715 ct

2271 4758 2576 4814 Sanctusiu
2595 4756 2832 4825 Sanctis,
2855 4774 2962 4813 non
2981 4759 3123 4828 loco,
3150 4760 3321 4832 679
3349 4759 3446 4814 sed
3471 4760 3826 4814 meritoeomtn

2272 4849 2326 4904 in
2368 4851 2568 4919 quibus
2617 4849 2849 4914 habitat,
2903 4865 3134 4920 quorum
3188 4868 3331 4906 unus
3363 4853 3498 4908 dicit
3524 4852 3578 4907 in
3621 4850 3826 4920 psalmo:

2273 4941 2532 4998 Eaaltttbu
2553 4949 2618 5010 te,
2651 4942 3449 5014 Duttrine,quuniamsuscepisti
3485 4940 3826 5015 me(Ps.xxtt.

2277 5038 2352 5108 i).
2389 5038 2455 5091 Et.
2483 5037 2714 5091 iterum:
2749 5035 3024 5102 Eataltarc,
3057 5035 3302 5104 Domine,
3331 5037 3422 5107 qui
3435 5037 3646 5107 judicas
3672 5039 3828 5086 terram

2274 5131 2394 5204 (Ρδο
2430 5147 2620 5196 “illis
2657 5133 2756 5204 2);
2787 5147 2892 5188 non
2925 5147 3030 5203 quo
3053 5133 3194 5186 Deus
3239 5133 3504 5186 humanis
3531 5124 3828 5185 sermonibus

2271 5227 2546 5290 elevatur,
2571 5227 2667 5282 sed
2689 5227 2840 5294 juxta
2875 5226 3002 5280 illud
3025 5225 3169 5295 quod
3191 5224 3320 5278 alibi
3349 5223 3552 5278 dicitur
3579 5241 3591 5274 :
3615 5217 3828 5274 Domiti!

2270 5319 2398 5373 mihi
2422 5324 2594 5391 factus
2607 5331 2679 5374 est
2704 5322 2758 5372 in
2779 5318 3002 5374 salutem
3033 5318 3152 5388 (Ps.
3173 5331 3341 5382 ωιτη,
3371 5316 3490 5387 Si),
3525 5305 3828 5370 ctiamirumi‘

2271 5416 2412 5472 libus
2441 5417 2692 5472 excelsus
2719 5420 2833 5469 iiut.
2874 5415 2978 5484 Qui
3011 5414 3268 5484 sopiti-bis
3299 5413 3536 5478 resiStit,
3571 5421 3618 5465 et
3647 5400 3826 5462 humili-

2269 5511 2365 5566 bus
2393 5512 2482 5566 dat
2503 5515 2734 5584 gratiam
2763 5509 2901 5583 (Jac.
2935 5509 3012 5581 ιν)
3045 5527 3058 5564 :
3092 5519 3148 5563 ut
3169 5523 3262 5563 eos
3285 5509 3476 5562 elevet
3509 5515 3562 5562 et
3589 5493 3818 5558 babitctiu

2267 5605 2518 5661 excelsis.
2549 5597 2800 5661 Ext'clsus
2831 5605 2965 5661 enim
3001 5595 3272 5668 Dominus,
3307 5613 3356 5656 et
3383 5599 3608 5656 humilia
3658 5587 3819 5669 ρνοερί-

2266 5704 2334 5756 cit
2360 5699 2480 5774 (Ps.
2501 5717 2742 5768 cxxxvu,
2767 5701 2846 5772 6).
2869 5701 2930 5756 Et
2957 5701 3012 5758 in
3027 5681 3322 5768 Evangelia
3341 5695 3538 5767 Angoli
3561 5687 3816 5749 clauntanl:

2267 5793 2450 5852 Clinia
2487 5797 2542 5850 in
2573 5793 2784 5851 caesiis
2819 5791 2962 5861 ilco,
2997 5803 3042 5848 et
3077 5805 3231 5863 super
3261 5789 3464 5843 terram
3487 5789 3592 5860 pars
3615 5781 3810 5854 (Ludi.
