3932 6316
609 316 715 377 559

1859 295 1916 356 s.
1961 264 2243 353 EUSEBII
2277 285 2659 347 rrmnosvur
3742 281 3814 340 δεο

601 439 770 490 iratus
799 443 938 493 sum,
973 437 1022 480 et
1051 421 1282 493 percussi
1309 435 1429 475 eum
1456 436 1473 473 :
1502 416 1786 478 abscondi,
1820 423 1870 469 et
1900 413 2204 484 indignatus
2237 412 2281 470 Δ
2309 405 2579 476 oportebat
2625 400 2909 476 pradicari
2955 399 3163 454 verbum
3206 397 3340 463 Dei;
3391 397 3476 452 sed
3500 396 3612 469 quia
3633 398 3813 470 indignos

606 543 756 583 sum:
804 533 850 577 et
877 517 1162 574 ambulavit
1193 531 1412 571 mcerens
1448 512 1632 587 [Vng.
1665 510 1794 564 abiit
1825 506 2010 581 uagus]
2050 507 2106 560 in
2127 507 2209 558 uia

608 618 780 675 cordis
817 615 919 670 sui.
957 612 1087 667 Vitis
1131 613 1251 672 eius
1291 607 1420 670 uidi,
1473 616 1520 660 et
1545 603 1901 658 sanovieum:
1955 610 2000 653 et
2029 596 2214 652 reduxi

607 729 747 776 eum,
780 718 827 764 et
869 703 1077 761 reddidi
1114 700 1493 756 consolationes
1526 697 1629 767 ipsi
1657 705 1704 750 et
1752 692 2050 766 lugentibus
2074 692 2209 762 ejus.

609 805 793 862 Creavi
820 806 1050 873 fructum
1077 799 1334 853 labiornm
1352 835 1367 859 ,
1409 808 1592 867 pacem
1611 836 1624 859 ,
1672 805 1851 864 pacem
1873 788 1919 842 ei
1949 787 2036 855 qui
2061 786 2212 873 longe

612 910 686 955 cst
710 909 757 953 et
785 870 874 969 qui
903 911 1089 964 prope,
1123 891 1258 945 dixit
1285 888 1560 946 Dominus,
1608 897 1656 938 et
1685 882 1863 939 sanavi
1892 898 2027 936 eum.
2054 870 2214 949 lmpii

609 1004 783 1048 autem
810 985 955 1060 quasi
980 1002 1121 1040 mare
1152 989 1350 1054 fervens
1379 979 1519 1054 quod
1545 980 1804 1051 quiescere
1831 993 1933 1031 non
1955 982 2142 1048 potest,
2169 981 2216 1027 et

610 1083 909 1142 redundant
961 1081 1152 1150 ﬂuctus
1201 1080 1314 1151 ejus
1343 1075 1399 1129 in
1444 1071 1894 1126 conculcationcm
1929 1077 1975 1122 et
2023 1068 2213 1122 lutum.

615 1178 741 1233 Non
763 1186 836 1230 est
861 1190 988 1244 pax,
1013 1171 1148 1224 dixit
1175 1169 1336 1230 Deus,
1367 1166 1562 1237 impiis.
1593 1163 1764 1219 LXX:
1785 1162 2006 1234 Propter
2028 1175 2216 1233 pecca-

613 1281 724 1326 tum
746 1269 814 1323 ad
839 1266 1102 1321 modicum
1141 1261 1267 1330 quid
1298 1262 1463 1333 682
1516 1257 1813 1313 contristari
1839 1271 1978 1316 eum,
2021 1264 2068 1306 et
2100 1268 2216 1325 per-

610 1363 751 1418 cussi
781 1352 934 1417 eum:
964 1369 1013 1412 et
1042 1357 1206 1411 auerti
1238 1355 1425 1428 faciem
1461 1369 1626 1406 meant
1654 1351 1716 1405 ab
1742 1367 1822 1411 eo.
1866 1357 1914 1403 et
1941 1347 2213 1402 contrista-

617 1467 700 1510 tus
732 1463 806 1509 est
839 1463 884 1507 et
910 1451 1194 1505 ambulauit
1233 1448 1397 1503 tristis
1421 1447 1476 1500 in
1503 1446 1600 1500 viis
1625 1445 1754 1498 suis.
1791 1443 1923 1498 Vias
1945 1444 2059 1515 ejus
2089 1439 2217 1505 ridi,

608 1561 656 1604 et
688 1547 872 1604 δαηαυὶ
901 1559 1061 1600 eum:
1114 1554 1163 1597 et
1213 1542 1515 1596 consolatus
1544 1555 1659 1594 sum
1700 1537 1855 1591 illum
1877 1577 1891 1602 ,
1936 1546 1986 1589 et
2025 1535 2146 1590 dedi
2174 1534 2220 1588 ei

619 1641 1026 1699 consolationem
1053 1654 1245 1702 veram,
1271 1651 1449 1708 pacem
1471 1635 1551 1688 his
1577 1633 1665 1705 qui
1685 1631 1862 1701 longe,
1885 1639 1930 1686 et
1949 1630 2038 1701 qui
2061 1644 2222 1701 prope

615 1746 758 1799 sunt,
790 1735 916 1789 dicit
946 1732 1231 1797 Dominus,
1279 1738 1327 1783 et
1349 1727 1544 1782 sanobo
1566 1741 1674 1780 eos.
1727 1724 1830 1790 Qui
1859 1732 2033 1776 autem
2056 1720 2222 1790 iniqui

2315 519 2400 557 vos
2418 497 2699 575 judicastis
2729 499 2932 558 solute;
2964 512 3079 551 ecce
3101 495 3442 550 convertimur
3461 493 3526 546 ad
3551 494 3811 566 gentes(Art.

2313 609 2433 653 xm.
2465 592 2582 661 46).
2641 590 2744 657 Qui
2772 589 3024 645 scribens
3069 586 3135 642 ad
3193 585 3472 655 Ephesios,
3517 583 3656 639 etde
3677 586 3815 653 populo

2312 682 2757 741 Gircumcisionis
2805 691 2968 752 atque
3023 678 3320 736 Gentilium
3368 677 3659 746 plenissime
3682 676 3816 744 dispu-

2315 791 2438 836 tans
2465 822 2480 844 ,
2515 778 2696 834 intulit
2722 796 2736 832 :
2773 775 2928 832 Nunc
2957 784 3130 829 autem
3157 775 3212 828 in
3253 771 3454 827 Christo
3481 770 3631 835 Iesu,
3659 787 3729 825 vos
3759 773 3817 841 qui

2316 874 2604 947 aliquando
2629 871 2788 927 eratis
2812 872 2986 943 lange,
3040 869 3166 940 facti
3197 869 3320 921 estis
3369 882 3522 934 prope
3545 866 3593 918 in
3623 863 3821 936 Sanguine

2317 966 2532 1023 Christi.
2563 965 2690 1035 Ipse
2715 974 2789 1019 est
2816 964 2954 1018 enim
2987 977 3092 1031 pax
3119 969 3334 1014 nostra:
3381 957 3468 1030 qui
3513 956 3621 1025 fecit
3668 963 3824 1025 utraque

2317 1075 2499 1123 unum,
2550 1066 2597 1110 et
2617 1057 2842 1110 medium
2877 1055 3127 1125 parietem
3156 1052 3422 1113 maceriae,
3452 1050 3638 1104 soluens
3659 1047 3823 1102 inimici-

2318 1152 2441 1204 tiam
2468 1151 2520 1203 in
2543 1165 2696 1204 carne
2713 1165 2828 1212 sua,
2856 1155 2914 1202 et
2931 1147 3139 1216 reliqua
3162 1149 3176 1206 (
3190 1142 3383 1211 Ephes.
3401 1158 3459 1207 ll,
3487 1141 3572 1204 l5.
3591 1142 3740 1208 li);et
3761 1139 3825 1193 ile-

2318 1259 2438 1298 rum
2463 1260 2477 1297 :
2513 1241 2581 1296 Et
2605 1242 2830 1306 veniens,
2857 1238 3186 1292 aununtiavit
3214 1252 3389 1307 pacem
3406 1233 3540 1288 vobis
3559 1233 3636 1304 qui
3658 1233 3828 1302 longe,el

2321 1352 2500 1408 pacem
2529 1335 2611 1389 Itis
2637 1335 2726 1406 qui
2757 1349 2919 1405 prape
2945 1340 3088 1387 erant
3132 1328 3182 1400 (1
3191 1328 3323 1395 bid.,
3351 1326 3464 1398 l7).
3513 1326 3743 1392 Quoniam
3763 1337 3829 1389 per

2321 1432 2500 1500 ipsum
2535 1429 2803 1485 habemus
2830 1440 3109 1483 accessum
3159 1426 3380 1492 utrique
3411 1422 3463 1475 in
3492 1436 3592 1476 uno
3616 1414 3830 1489 spirituad

2322 1523 2574 1580 Patrem:
2610 1521 2748 1576 dans
2801 1534 2991 1590 pacem
3027 1530 3194 1587 super
3225 1530 3413 1584 pacem
3446 1512 3528 1566 his
3555 1512 3635 1582 qui
3678 1510 3833 1566 fuerant

2321 1617 2503 1688 longe,
2521 1625 2577 1671 et
2605 1615 2696 1684 qui
2724 1613 2751 1652 ι»
2778 1627 2950 1683 prape
2971 1619 3030 1667 et
3057 1611 3149 1680 qui
3179 1625 3286 1663 non
3310 1607 3603 1662 habuerant
3624 1603 3780 1676 Legem
3797 1611 3835 1658 et

2324 1717 2654 1786 Prophetas:
2679 1723 2732 1769 et
2755 1713 2846 1782 qui
2879 1720 3008 1766 ante
3039 1714 3419 1778 susceperant,
3441 1703 3662 1774 suscepit
3685 1715 3760 1757 eos
3779 1708 3835 1752 at-

615 1840 774 1896 sunt,
811 1829 1139 1898 fluctuabant
1163 1869 1177 1891 ,
1234 1833 1283 1876 et
1323 1822 1589 1892 quiescere
1634 1836 1738 1873 non
1768 1825 2036 1888 poterunt.
2091 1813 2219 1868 Non
2249 1793 2299 1855 Β
2324 1826 2429 1881 que
2459 1807 2692 1864 sanavit.
2735 1804 2892 1876 lmpii
2940 1813 3121 1860 autem
3171 1804 3287 1857 sive
3327 1799 3518 1870 iniqui,
3547 1795 3832 1857 ﬂuctuabant,

616 1935 691 1980 est
717 1923 971 1997 gaudium
990 1920 1192 1989 impiis,
1235 1918 1361 1971 dicit
1395 1915 1655 1970 Dominus
1683 1911 1845 1967 Deus.
1880 1912 2009 1967 Post
2038 1909 2222 1981 objec-

616 2017 826 2073 tionem
859 2012 1045 2087 pOpuIi
1095 2009 1410 2067 Iudaeorum
1444 2015 1498 2062 et
1529 2022 1719 2062 eorum
1767 2005 1858 2075 qui
1888 2004 1940 2058 in
1973 2003 2222 2059 Salvato-

612 2125 733 2166 rem
756 2108 990 2163 credere
1014 2104 1328 2166 noluerunt,
1375 2100 1655 2170 pollicitus
1684 2098 1862 2154 fuerat
1893 2095 2222 2152 habentibus

621 2201 678 2256 in
713 2215 773 2256 se
804 2198 1054 2254 fiduciam
1079 2239 1094 2261 ,
1144 2205 1344 2252 terram
1375 2195 1588 2248 mitium
1622 2201 1973 2260 montemque
2005 2199 2224 2245 sancto-

619 2310 765 2360 rum,
791 2304 846 2349 et
873 2291 1153 2363 Apostolis
1203 2294 1578 2360 praeceperat:
1635 2284 1791 2340 Viam
1827 2285 1986 2339 facile
2023 2283 2223 2353 populo

613 2386 963 2452 revertenti,
1028 2392 1084 2439 et
1134 2381 1321 2437 omnia
1371 2380 1442 2434 de
1501 2377 1683 2434 medio
1723 2376 1978 2433 scandala
2026 2375 2222 2430 tollite.

617 2481 698 2538 Ac
749 2494 820 2534 ne
892 2475 1210 2531 incredibile
1259 2472 1572 2536 videretur,
1633 2469 1866 2538 exponit
1927 2468 2222 2537 potentiam

621 2589 797 2638 suam,
826 2570 971 2643 quod
1018 2568 1270 2625 excelsus
1299 2574 1355 2621 et
1386 2578 1616 2634 magnus
1656 2562 1812 2618 facile
1840 2562 2014 2633 possit
2050 2562 2226 2631 paeni-

617 2665 858 2722 tentibus
889 2661 1105 2717 veniam
1136 2657 1397 2720 tribuere,
1433 2664 1489 2710 et
1525 2655 1732 2724 justum
1759 2654 1851 2718 sit,
1911 2665 1966 2708 ut
1993 2651 2225 2709 Creator

631 2759 956 2814 misereatur
977 2760 1242 2809 creaturae
1283 2765 1416 2804 suae.
1447 2749 1681 2816 PrOpter
1699 2763 1818 2815 qua:
1844 2748 2047 2820 jungit,
2079 2748 2224 2819 quod

627 2853 802 2906 iratus
853 2849 921 2902 sit
952 2856 1007 2901 et
1032 2842 1448 2900 contristaverit
1480 2841 1736 2912 populum
1766 2857 1923 2896 suum
1951 2858 1964 2895 :
2017 2841 2225 2897 idcirco

618 2959 680 2999 se
707 2940 908 2998 fecisse
951 2937 1078 3010 quia
1107 2933 1456 3005 peccaverit,
1511 2943 1567 2989 et
1592 2933 1896 3004 iniquitatis
1940 2933 2223 2989 avaritiam

628 3034 916 3101 habuerit,
943 3047 1043 3087 nec
1072 3045 1178 3084 una
1221 3027 1385 3083 fuerit
1414 3026 1706 3098 iniquitate
1758 3035 2088 3094 contentus;
2128 3027 2224 3082 sed

619 3143 837 3199 semper
859 3124 1129 3182 addiderit
1170 3133 1395 3194 peccata
1445 3122 1707 3194 peccatis.
1741 3119 1811 3176 Et
1857 3122 2108 3191 percussi,
2137 3121 2222 3175 in-

2324 1904 2480 1975 quasi
2514 1916 2664 1957 mare
2695 1901 2916 1954 fervens
2941 1943 2954 1964 ,
2999 1906 3054 1952 et
3091 1896 3382 1967 quiescere
3412 1906 3683 1960 numquam
3719 1896 3833 1958 pole-

2321 2004 2469 2052 runt.
2501 1993 2657 2063 Quod
2688 1994 2816 2048 licet
2843 1991 2910 2046 de
2936 1991 3086 2046 omni
3133 1989 3302 2059 impio
3333 1987 3506 2059 possit
3533 1981 3756 2053 intelligi.
3783 1991 3836 2034 ta-

2327 2104 2452 2145 men
2502 2087 2726 2159 proprie
2756 2085 2996 2142 refertur
3023 2083 3089 2138 ad
3121 2085 3382 2154 populum
3435 2079 3734 2143 Judreorum,
3774 2072 3836 2143 qui

2324 2197 2564 2239 consona
2602 2196 2735 2237 voce
2762 2179 3038 2246 clamavit,
3064 2187 3122 2236 et
3148 2175 3524 2247 perseveravit
3553 2175 3599 2228 in
3625 2168 3843 2241 impietate
3904 2167 3905 2170 “

2326 2291 2445 2343 sua,
2474 2271 2698 2330 dicens:
2732 2272 3010 2344 Cruciﬁge,
3042 2271 3288 2342 cruciﬁge
3317 2267 3493 2322 talem.
3532 2264 3642 2320 Non
3662 2262 3844 2316 habmus

2325 2389 2496 2444 regem
2546 2372 2650 2426 nisi
2701 2369 2958 2425 Ctesarem
3003 2365 3188 2433 (Joan.
3245 2381 3362 2430 nx,
3404 2362 3510 2436 15).
3557 2360 3691 2418 Sicut
3725 2357 3845 2427 igitur

2327 2481 2480 2523 mare
2502 2466 2722 2520 fervens
2761 2463 3050 2534 quiescere
3092 2463 3201 2517 non
3225 2466 3416 2530 potest
3440 2499 3454 2520 ,
3488 2454 3573 2512 sed
3608 2448 3848 2508 redundant

2285 2621 2291 2626 ,
2326 2562 2521 2617 fluctus
2549 2559 2690 2627 eius,
2720 2567 2775 2613 et
2797 2557 3157 2612 revolvuntur
3188 2553 3255 2609 ad
3287 2553 3501 2618 littora,
3529 2560 3666 2619 atque
3689 2545 3848 2600 iterum

2325 2653 2705 2718 resorbentur,
2734 2660 2787 2705 et
2817 2650 2874 2705 in
2902 2665 2962 2705 se
2990 2648 3170 2712 fracti,
3197 2649 3378 2703 lutum
3401 2644 3629 2701 efficiunt
3643 2637 3762 2710 quod
3787 2649 3851 2706 pe-

2329 2746 2489 2802 dibus
2533 2744 2929 2801 conrulcatur:
2989 2743 3067 2797 sic
3093 2739 3246 2812 impii
3275 2751 3501 2796 aeterna:
3529 2725 3851 2792 conculcationi

2327 2839 2710 2910 subjacebunt,
2745 2852 2977 2908 quorum
3031 2834 3244 2888 nullum
3296 2842 3392 2888 est
3419 2828 3684 2904 gaudium,
3729 2816 3853 2888 etqui

2330 2933 2480 2990 nulla
2514 2948 2649 3002 pace
2670 2929 3022 3000 requiescunt
3041 2928 3093 2983 in
3115 2941 3182 2982 eo
3199 2927 3354 2998 quod
3378 2923 3525 2995 impii
3551 2919 3852 2989 perseverant.

2327 3027 2558 3096 Quidam
2609 3027 2754 3080 ltunc
2785 3024 2963 3078 locum
3005 3019 3329 3092 specialiter
3352 3033 3515 3087 super
3537 3005 3854 3071 Salvatorein-

2331 3122 2614 3190 telligunt:
2649 3117 2794 3191 quod
2826 3127 3049 3188 propter
3077 3122 3302 3186 peccata
3337 3111 3524 3168 mundi
3552 3109 3612 3164 ad
3640 3102 3851 3161 modier

537 3229 540 3233 ’
613 3223 756 3294 quit,
787 3236 900 3276 eum
943 3217 1008 3274 ad
1038 3217 1228 3280 breve,
1251 3225 1313 3270 ut
1339 3229 1618 3280 sanarem,
1643 3223 1693 3269 et
1719 3213 1993 3280 abscondi,
2022 3214 2218 3269 subau-
2246 3183 2293 3246 Ο
2324 3217 2678 3272 contristatus
2703 3211 3021 3276 SilJIiCElIS:
3061 3183 3247 3264 Tristis
3266 3207 3528 3262 estauima
3548 3219 3647 3258 mea
3661 3191 3852 3270 usquead
3904 3231 3905 3274 ι

618 3315 790 3381 ditur,
826 3312 1013 3383 faciem
1040 3325 1228 3369 meam.
1259 3316 1321 3362 ut
1343 3307 1512 3379 magis
1545 3322 1630 3361 me
1650 3306 2013 3372 desideraret,
2061 3314 2119 3362 et
2143 3305 2230 3361 di-

616 3415 803 3466 ceret:
828 3404 1054 3460 Ostende
1077 3405 1265 3476 {aciem
1292 3412 1434 3456 tuam
1458 3409 1506 3456 et
1537 3401 1668 3455 salui
1693 3399 2015 3471 erimus(Ps.
2036 3415 2222 3468 unus,

615 3497 696 3568 4).
726 3495 1160 3568 lndignatusque
1183 3508 1324 3556 sum;
1354 3491 1498 3562 quod
1529 3491 1621 3546 ille
1653 3493 1924 3557 sentiens,
1947 3493 2120 3547 tristis
2145 3491 2227 3547 in-

621 3595 811 3655 ccssit,
829 3590 1050 3646 dici-ns:
1082 3586 1211 3642 Tota
1234 3587 1318 3640 die
1345 3587 1506 3640 tristis
1527 3586 1854 3656 ingrediebar
1871 3585 1988 3656 (Ps.
2014 3602 2224 3653 xxxvii,

625 3683 704 3756 7).
741 3683 808 3738 Et
855 3682 1158 3736 ambulavit
1204 3695 1484 3745 maerens,
1541 3680 1657 3735 sive
1703 3695 1999 3736 conversus
2058 3681 2111 3734 in
2142 3681 2225 3736 via

627 3775 811 3831 cordis
845 3774 952 3839 sui,
986 3780 1045 3826 ut
1071 3788 1180 3826 non
1211 3772 1278 3826 ad
1309 3772 1502 3827 faciem
1527 3771 1832 3837 hominum,
1857 3771 1952 3828 sed
1979 3774 2029 3827 in
2059 3775 2228 3830 corde

627 3874 817 3939 ageret
843 3863 1245 3934 paenitentiam.
1297 3861 1594 3931 Propterea
1627 3863 1818 3918 videns
1849 3865 1968 3920 vias
1998 3879 2230 3921 conver-

628 3957 802 4015 sionis
829 3956 973 4027 ejus,
1027 3953 1218 4009 sanavi
1251 3953 1510 4021 vulnera,
1565 3954 1763 4026 quibus
1795 3971 1919 4012 eum
1950 3967 2078 4012 ante
2109 3972 2232 4026 per-

627 4066 936 4110 cusseram.
965 4050 1032 4105 Et
1065 4048 1253 4103 reduxi
1287 4063 1412 4102 eum
1444 4047 1511 4103 ad
1538 4063 1650 4115 me,
1675 4065 1836 4119 quem
1868 4049 2020 4120 prius
2051 4050 2229 4121 ejece-

636 4163 777 4210 ram,
801 4153 857 4200 et
881 4142 1093 4200 reddidi
1115 4143 1164 4198 ei
1185 4143 1619 4199 consolatioiient
1646 4159 1851 4199 veram.
1870 4145 2052 4200 Multa:
2081 4146 2228 4200 enim

626 4238 782 4294 falsae
806 4245 935 4293 sunt
965 4235 1608 4305 consolationes,quibus
1633 4251 1805 4308 genus
1831 4236 2102 4305 decipitur
2126 4237 2223 4292 hu-

627 4344 875 4384 manum.
911 4327 1040 4383 Sive
1071 4327 1393 4382 consolatus
1429 4341 1550 4382 sum
1583 4328 1836 4399 lugentes
1867 4328 2010 4399 ejus,
2036 4331 2232 4386 dicens

626 4425 682 4480 in
718 4419 1222 4494 Evangelio:Beati
1267 4421 1522 4494 lugentes,
1553 4425 1796 4495 quoniam
1840 4425 1939 4498 ipsi
1985 4426 2229 4481 consola-

627 4520 821 4574 buntur
849 4516 1066 4590 (Matth,
1092 4532 1148 4583 v,
1178 4513 1256 4588 5).
1279 4516 1546 4588 Quodque
1574 4519 1853 4590 sequitur:
1884 4519 2066 4574 Creavi
2090 4521 2228 4592 fruc-

627 4623 737 4668 tum
768 4613 1050 4676 labiorum,
1069 4610 1212 4666 hunc
1240 4611 1398 4668 habet
1425 4627 1672 4678 sensum,
1701 4614 1920 4684 implevi
1945 4613 2087 4684 quod
2113 4614 2231 4684 pol-

627 4710 813 4766 licitus
834 4723 1008 4774 eram,
1058 4705 1249 4763 dicens
1276 4723 1290 4760 :
1333 4705 1460 4761 Vivo
1487 4723 1602 4778 ego,
1630 4707 1755 4761 dicit
1784 4706 2058 4773 Dominus,
2091 4710 2230 4763 malo

630 4801 989 4874 paenitentiam
1017 4798 1328 4869 peccatoris,
1360 4814 1516 4871 quam
1545 4809 1758 4854 mortem
1792 4798 2009 4872 (Ezech.
2040 4816 2229 4869 xxxm,

631 4892 746 4963 il).
777 4895 905 4949 Sive
932 4893 1114 4947 omnia
1142 4891 1311 4946 tribui
1342 4907 1464 4960 qua:
1495 4903 1651 4946 antea
1685 4891 2064 4960 promiseram.
2101 4893 2234 4961 Qum

631 4994 718 5040 est
770 4993 952 5038 autem
1005 4983 1218 5038 Domini
1273 4982 1643 5053 pollicitatio?
1702 4981 1895 5037 Pacem
1953 5000 2120 5038 meant
2163 4985 2232 5040 do

632 5077 815 5132 vobis:
859 5073 1048 5129 Pacem
1090 5091 1254 5129 meam
1300 5075 1539 5147 relinquo
1571 5075 1712 5130 vobis
1767 5074 2087 5147 (Joan.xtv,
2113 5077 2233 5148 27).

634 5171 702 5228 Et
731 5169 836 5225 hoc
862 5178 947 5225 est
969 5167 1112 5239 quod
1135 5184 1276 5224 nunc
1307 5169 1417 5224 ait:
1464 5168 1655 5224 Pacem
1688 5186 1846 5243 super
1875 5186 2094 5241 pacem;
2124 5186 2232 5226 non

631 5267 723 5322 uni
756 5274 964 5319 tantum
993 5262 1164 5330 genti,
1221 5262 1317 5317 sed
1349 5262 1500 5318 omni
1529 5265 1766 5320 mundo:
1800 5274 1825 5302 ἰ
1860 5264 1943 5320 his
1975 5265 2236 5322 videlicet

631 5359 722 5431 qui
750 5355 1092 5429 erant683
1124 5354 1308 5426 longe,
1333 5367 1389 5411 et
1417 5355 1512 5427 qui
1544 5372 1733 5426 prope,
1772 5357 1825 5412 id
1854 5370 1961 5425 est,
1994 5359 2233 5428 primum

631 5451 926 5525 gentibus,
957 5458 1015 5504 et
1047 5460 1236 5519 postea
1270 5448 1356 5503 bis
1377 5449 1469 5519 qui
1490 5467 1558 5505 ex
1601 5449 1766 5507 Israel
1796 5452 2020 5509 credere
2045 5455 2234 5508 volue-

2327 3318 2542 3366 mortem
2573 3305 2791 3380 (Matth.
2817 3320 2964 3367 xsvr,
3005 3301 3117 3373 38).
3147 3301 3214 3356 Et
3242 3298 3577 3370 percusserit
3600 3309 3708 3349 eum
3740 3288 3852 3343 Pater

2327 3407 2418 3478 qui
2447 3405 2688 3476 loquitur
2716 3416 2813 3472 per
2840 3397 3163 3454 Zachariam
3191 3414 3205 3452 :
3245 3393 3547 3450 Percutinm
3572 3395 3803 3463 pastorem.
3826 3385 3857 3429 et

2329 3470 2445 3554 dves
2465 3470 2832 3570 dispergentur
2862 3491 3051 3563 (Zach.
3086 3505 3205 3554 xm,
3237 3489 3319 3560 7);
3353 3488 3448 3558 qui
3477 3495 3531 3541 et
3557 3485 3665 3552 ipse
3684 3477 3739 3533 de
3763 3488 3809 3528 se
3822 3470 3856 3523 ill

2326 3591 2669 3662 sexagesimo
2697 3599 2891 3644 octavo
2917 3586 3125 3656 psalmo
3156 3583 3402 3638 dixerit:
3433 3579 3678 3648 Quoniam
3695 3583 3810 3644 quem
3825 3575 3859 3616 tl

2327 3656 2662 3758 perctissisti,
2706 3683 2809 3750 ipsi
2834 3679 3093 3754 persecuti
3132 3685 3256 3732 sunt
3283 3675 3460 3748 (Psal.
3491 3686 3668 3734 uvru,
3691 3664 3784 3758 '27).
3817 3656 3859 3711 Ει

2329 3777 2594 3833 averterit
2610 3775 2754 3830 Deus
2768 3774 2967 3829 faciem
2985 3787 3080 3828 sua
3091 3787 3140 3825 ιιι
3156 3770 3226 3824 ab
3240 3781 3394 3836 eo,ut
3409 3771 3629 3824 fortnam
3643 3756 3862 3822 servim-

2326 3872 2495 3940 liSper
2514 3871 2818 3940 acciperet,
2850 3866 3164 3924 ambularet
3191 3863 3390 3930 tristis,
3412 3871 3466 3916 et
3495 3861 3673 3929 lugens
3698 3853 3861 3915 peccata

2329 3935 2538 4035 populi,
2567 3935 2942 4033 deploranset
2969 3958 3240 4029 plangens
3265 3953 3602 4011 Jerusalem.
3636 3947 3694 4004 Et
3713 3941 3786 4014 qui
3809 3935 3862 4035 vi:

2329 4056 2476 4112 derit
2506 4056 2671 4112 Pater
2698 4055 2823 4110 vias
2850 4054 2994 4124 ejus,
3026 4028 3327 4123 preplerea
3358 4044 3628 4105 sanavrrit
3657 4054 3776 4098 euut,
3800 4028 3863 4101 qui

2329 4149 2432 4204 fuit
2464 4149 2608 4204 inter
2633 4157 2880 4202 mortuos
2912 4146 3088 4200 liber:
3124 4153 3180 4200 et
3201 4160 3338 4200 caro
3370 4145 3494 4210 ejtts
3521 4156 3624 4196 non
3647 4133 3761 4189 vidit
3778 4141 3864 4184 cor-

2331 4243 2680 4314 ruptionem,
2721 4239 2902 4311 utqui
2958 4251 3259 4309 percussus
3305 4233 3480 4310 685
3525 4242 3606 4288 est
3643 4231 3688 4284 in
3719 4232 3864 4280 cruce,

2333 4345 2624 4394 saltaretur
2655 4337 2709 4391 in
2744 4331 3178 4390 resurrectione.
3231 4331 3299 4385 Et
3329 4328 3643 4386 comolatus
3668 4334 3784 4376 sum.
3809 4315 3868 4367 iu-

2334 4433 2634 4502 quit,eum,
2659 4428 2799 4484 dans
2825 4429 2874 4482 ei
2897 4441 2996 4497 pro
3027 4439 3131 4480 una
3163 4433 3328 4494 gente
3355 4422 3684 4480 Judzeorum,
3706 4408 3870 4467 univer-

2335 4538 2454 4579 smn
2486 4521 2768 4578 mundum.
2787 4521 2851 4575 Et
2883 4520 3136 4590 lugentes
3161 4518 3303 4588 ejus,
3330 4503 3873 4577 subauditur,rousola-

2338 4625 2426 4672 tus
2454 4631 2598 4670 sum.
2648 4613 2760 4670 Nec
2788 4613 3016 4668 dubiutn
3045 4613 3174 4684 quin
3203 4611 3508 4682 Apostolus
3554 4603 3806 4679 signiticet.
3828 4593 3872 4647 Εῐ

2332 4708 2629 4780 complevit
2655 4706 2893 4763 fructum
2949 4705 3215 4762 Iabiorum
3277 4718 3550 4768 suorum,
3594 4699 3677 4771 qui
3714 4693 3874 4749 dixerat

2335 4802 2422 4857 ei:
2478 4800 2703 4856 Postulo
2731 4818 2763 4854 a
2793 4817 2902 4865 me,
2954 4810 3003 4854 et
3053 4799 3187 4854 dabo
3217 4798 3309 4852 tibi
3359 4808 3537 4872 gentes
3589 4788 3873 4848 hereditatem

2336 4907 2499 4963 tuam,
2526 4906 2572 4950 et
2601 4897 2977 4969 possessionem
3010 4905 3155 4950 tuam
3176 4895 3426 4948 terminos
3450 4904 3598 4948 teme
3623 4885 3713 4960 (Ps
3745 4876 3873 4945 11.8):

2337 5008 2525 5063 pacem
2555 5007 2722 5062 super
2752 5006 2962 5062 pacem,
3018 4987 3284 5045 mundum
3319 4974 3679 5044 reconcilians
3704 4978 3812 5034 Dea.
3838 4973 3876 5021 ιιι

2340 5097 2624 5157 utrumque
2651 5085 2909 5156 populum
2934 5091 3158 5138 vocaret
3188 5081 3256 5136 ad
3287 5095 3373 5146 se,
3400 5091 3458 5136 et
3481 5086 3749 5136 sanaretur
3767 5083 3790 5122 a
3809 5063 3878 5116 Ρειο

2335 5186 2438 5236 tre.
2465 5177 2664 5248 lmpios
2691 5188 2895 5244 autem,
2930 5177 3000 5232 de
3020 5176 3221 5247 quibus
3241 5190 3410 5245 supra
3436 5174 3686 5235 diximus,
3707 5168 3876 5224 compa“

2337 5282 2420 5327 rat
2443 5270 2757 5341 mari,quod
2789 5285 3084 5340 numquam
3111 5277 3287 5341 potest
3317 5269 3627 5339 quiescere.
3647 5257 3731 5317 sed
3754 5251 3875 5341 etialll

2345 5365 2428 5442 in)
2459 5379 2668 5420 summa
2725 5363 3144 5434 tranquillitate,
3207 5361 3400 5416 fractis
3445 5360 3512 5415 ad
3555 5359 3726 5414 littora
3754 5339 3877 5398 volvi-

2351 5435 2412 5454 ...
3803 5433 3854 5454 νη.

2335 5435 2730 5522 ιῗιῖέίὶιιοιίιιιιε,
2788 5455 3021 5527 ﬁnisque
3072 5454 3191 5526 ejus
3242 5455 3428 5509 lutum
3483 5460 3654 5509 estet
3705 5433 3874 5501 concul‘

632 5556 782 5604 runt.
835 5545 911 5601 De
949 5545 1151 5616 quibus
1193 5543 1328 5600 dicit
1349 5553 1406 5601 et
1456 5545 1758 5616 Apostolus
1793 5562 1807 5600 :
1842 5544 1999 5600 Vobis
2021 5547 2230 5617 quidem
2331 5547 2496 5605 catio.

631 5748 885 5879 “315s”
901 5762 1084 5808 pacem
1103 5747 1186 5801 his
1211 5747 1299 5817 qui
1321 5746 1494 5818 longe,
1525 5757 1572 5802 et
1597 5765 1773 5817 pacem
1798 5749 1876 5804 his
1900 5749 1990 5820 qui
2004 5766 2184 5820 prope,

2393 5749 2420 5789 δ
2467 5749 2789 5820 Supplemus
2838 5764 2960 5806 cum
3014 5749 3250 5807 Victoria
3281 5749 3454 5806 verba
3481 5792 3494 5814 ,
3542 5757 3586 5804 et
3626 5745 3705 5818 qui
3737 5746 3873 5810 Ρτορεν

2341 5837 2460 5892 qua:
2487 5831 2646 5878 antea
2669 5820 2917 5877 deerant.
