3932 6348
119 315 224 373 55:
651 313 1305 376 COMMENTARIORUM
1344 317 1412 376 ΙΝ
1455 318 1687 376 ιδΑιΑιι
1726 318 2150 378 PROPIIE'I‘AM
2190 319 2322 377 LIB.
2366 320 2508 378 XVI.
2547 320 2705 380 CAP.
2747 321 2934 381 LVIII.
2976 321 2986 342 ¹

190 430 357 503 (Cap.
389 430 570 488 LVIII.
601 459 670 472 —
703 429 856 486 Vers.
894 428 1226 508 I.)flama,
1277 447 1339 486 ne
1367 448 1561 488 cesses:
1590 434 1745 505 quasi
1769 441 1824 501 Α

117 525 251 582 tuba
283 528 463 582 exaltu
487 541 655 581 vocem
684 535 854 592 tuam,
883 534 929 578 et
959 526 1215 579 annuntio
1246 527 1441 598 papqu
1477 543 1588 580 meo
1626 543 1734 581 sce-

117 623 236 677 lera
262 640 464 689 eorum,
487 632 534 677 et
553 622 730 676 domui
756 619 922 675 Jacob
945 629 1158 689 peccata
1191 637 1390 676 eorum.
1410 619 1584 677 LXX:
1610 620 1734 677 Cla-

115 732 207 770 ma
237 718 291 770 in
320 715 649 785 fortitudine.
673 724 722 768 et
751 731 814 770 ne
846 729 1033 784 parcas
1055 731 1074 769 :
1103 716 1258 786 quasi
1288 715 1411 770 tuba
1439 715 1612 770 exulta
1641 732 1733 770 vo-

3346 325 3452 384 563

1923 434 2102 501 (Vers.
2154 435 2238 503 5.)
2277 433 2486 505 Rogant
2527 450 2605 488 me
2643 435 2852 508 judicia
2882 437 3130 510 justitite,
3175 449 3224 493 et
3253 456 3449 512 appro-

1840 529 2093 601 pinquare
2121 527 2230 582 Deo
2252 528 2444 584 volunt.
2487 530 2659 595 Quare
2678 532 3056 603 jejunavimus,
3092 543 3262 588 etnon
3289 551 3446 603 aspe-

1835 623 1960 677 xisti
1985 625 2009 678 .9
2032 620 2420 676 humiliavimus
2446 623 2652 675 animas
2677 633 2904 689 nostras,
2939 633 2986 679 et
3013 625 3224 680 nescisti
3251 628 3276 682 ?
3303 623 3444 682 Ecce

1834 715 1887 769 in
1910 717 1992 768 die
2005 716 2203 787 jrjunii
2220 714 2374 768 vestri
2401 715 2691 770 invenietur
2711 715 2821 787 [AL
2852 718 3158 792 inuenitur],
3195 719 3441 774 uoluntas

111 825 228 864 cem
252 821 424 875 tuam,
458 820 506 863 et
534 809 794 863 annuntio
842 811 1042 880 populo
1084 822 1292 876 peccata
1323 825 1522 878 eorum,
1555 819 1603 864 et
1630 810 1730 864 do-

113 903 230 955 mui
269 899 434 955 Jucob
463 901 766 972 iniquitates
797 916 995 955 eorum.
1052 899 1237 954 Finito
1264 901 1431 970 priori
1464 901 1727 970 capitulo,

112 995 170 1050 itt
205 1011 317 1066 quo
341 1011 444 1063 pax
469 993 658 1065 justis,
681 1004 738 1050 et
776 993 929 1049 nulla
958 994 1179 1065 requies
1208 994 1393 1065 impiis
1423 998 1723 1067 nuntiatur,

115 1089 379 1156 praecipit
407 1087 551 1143 Deus
578 1086 734 1143 Isaia:
766 1087 1072 1158 prttplteltt‘,
1105 1099 1163 1143 ut
1194 1089 1390 1144 clamet
1419 1089 1474 1144 in
1508 1091 1726 1145 lortitu-

108 1180 269 1249 dine,
304 1191 360 1236 et
388 1181 561 1235 instar
592 1181 734 1234 Inlue
759 1180 970 1236 exaltet
994 1195 1183 1235 vocem
1211 1196 1392 1249 suam,
1425 1192 1474 1236 et
1502 1191 1724 1250 peccata

105 1291 178 1330 ac
204 1277 420 1332 scelera
448 1275 632 1346 populi
666 1275 830 1332 Israel
859 1277 1046 1332 dicere
1070 1290 1177 1331 nou
1209 1275 1488 1342 formidet,
1522 1292 1726 1348 nequa-

101 1385 278 1442 quam
312 1379 545 1426 mortem
577 1380 849 1440 metuens,
885 1386 987 1427 nec
1018 1373 1308 1442 impiorum
1333 1380 1360 1408 ι
1385 1373 1644 1428 terricula
1666 1382 1723 1428 et

99 1463 396 1529 convicia;
447 1462 546 1518 sed
577 1465 750 1536 magis
789 1463 1106 1520 consideret
1145 1465 1506 1533 imperantem
1537 1465 1723 1521 Domi-

100 1573 264 1612 num.
326 1558 393 1612 Et
435 1559 562 1630 quia
615 1559 815 1614 surdas
867 1573 1031 1615 aures
1092 1558 1361 1627 habeam,
1418 1571 1472 1616 et
1528 1559 1720 1618 audire

95 1652 197 1708 vix
245 1653 479 1722 possint,
526 1653 677 1724 juxta
709 1651 1098 1725 Symmachum
1137 1665 1192 1710 et
1229 1655 1504 1725 Aquilam,
1535 1665 1721 1727 guttur

94 1759 270 1800 suum
300 1756 477 1800 vertat
505 1747 560 1802 in
592 1747 906 1812 buccinam,
939 1764 1062 1818 qua:
1097 1748 1372 1806 chraice
1398 1749 1597 1805 dicitur
1625 1765 1714 1807 so-

1833 807 1861 846 δ
1887 821 2050 863 vestra
2099 819 2148 863 et
2175 826 2349 864 omnes
2391 809 2649 865 debitores
2679 823 2871 866 vestros
2910 815 3169 883 repetistis
3193 811 3304 886 [AL
3335 830 3420 867 re-

1831 899 2046 973 petitis].
2086 900 2222 956 Ecce
2242 900 2312 954 ad
2341 899 2461 956 lites
2480 912 2528 954 et
2551 904 2902 958 contentiones
2931 905 3202 977 iejunatis,
3238 916 3286 960 et
3312 922 3432 978 per-

1828 994 2000 1048 cutitis
2029 1009 2204 1064 pugno
2233 993 2408 1066 impie.
2441 993 2584 1048 LXX
2625 1013 2637 1047 :
2676 995 2865 1050 Petunt
2895 1013 2973 1050 me
3009 1015 3143 1051 nunc
3165 999 3434 1071 judicium

1818 1090 2022 1159 justum
2052 1132 2066 1156 ,
2119 1097 2165 1140 et
2211 1089 2633 1159 appropinquare
2674 1085 2788 1142 Deo
2847 1091 3087 1161 cupiunt,
3137 1095 3360 1148 dicentes
3411 1110 3432 1148 :

1832 1178 2007 1246 Quare
2029 1181 2411 1252 jejunavimus,
2447 1188 2493 1233 et
2525 1196 2629 1233 non
2661 1180 2877 1234 vidisti?
2904 1178 3294 1238 hutniliavimns
3317 1186 3438 1239 ani-

1826 1286 1936 1323 mas
1957 1279 2181 1338 nostras,
2208 1269 2256 1324 ἐι
2285 1287 2386 1325 non
2425 1272 2710 1342 cognovisti
2735 1273 2760 1326 ?
2800 1269 2867 1326 In
2895 1271 3080 1326 diebus
3121 1275 3259 1327 enini
3280 1277 3433 1346 jeju-

1825 1365 2028 1419 niorum
2076 1373 2357 1418 vestrorum
2395 1365 2726 1419 inveniuntur
2771 1366 3066 1420 voluntates
3113 1375 3330 1433 vestrm,
3381 1373 3435 1422 et

1823 1472 1998 1512 omnes
2026 1456 2283 1527 subjectos
2306 1457 2444 1510 robis
2473 1456 2738 1528 afﬂigitis,
2763 1458 2832 1510 ad
2849 1459 3060 1528 judicia
3081 1467 3129 1512 et
3151 1458 3331 1531 iurgia
3354 1459 3437 1522 ie-

1810 1554 2082 1625 junantes,
2115 1561 2162 1605 et
2193 1551 2458 1621 percutitis
2482 1554 2670 1622 pugnis
2694 1552 2962 1606 humilem.
2997 1551 3094 1606 Est
3119 1552 3228 1608 alia
3257 1562 3431 1608 teme-

1821 1646 1954 1703 ritas
1992 1646 2333 1714 Judumrum,
2373 1647 2529 1716 quasi
2571 1645 2770 1701 ﬁducia
2816 1646 2974 1702 bona:
3025 1647 3382 1702 conscientiae
3415 1692 3431 1715 ,

1814 1743 2084 1814 judicium
2118 1743 2404 1814 postulant
2435 1743 2672 1812 justum,
2704 1753 2760 1797 et
2793 1740 3077 1796 imitantur
3104 1753 3431 1796 sanctorum

98 1853 253 1894 eum
283 1838 510 1911 (nam),
534 1855 695 1910 quam
725 1845 1010 1919 κερατίνην,
1043 1843 1094 1898 id
1125 1856 1230 1906 est,
1259 1861 1503 1900 corneam
1533 1848 1706 1902 inter-

1817 1837 1978 1892 verba
2017 1837 2321 1892 dicentium
2355 1853 2367 1889 :
2400 1832 2595 1888 Judica
2635 1849 2734 1901 me,
2770 1832 3012 1899 Domine,
3050 1833 3294 1903 quoniam
3335 1849 3430 1903 ego
3528 1863 3530 1866 ν

97 1933 310 2002 pretati
342 1946 492 1988 sunt.
523 1932 589 1989 Et
621 1949 789 2003 supra
819 1936 1042 2006 quidem
1075 1935 1164 1991 ubi
1193 1938 1474 2006 Aposmlis
1499 1939 1718 1994 diceba-

98 2037 221 2091 tur,
269 2023 342 2080 In
397 2037 624 2082 montem
674 2029 932 2083 excelsum
977 2029 1221 2094 ascende,
1251 2031 1344 2101 qui
1390 2031 1714 2104 evangelisas

97 2119 278 2176 Sion:
324 2120 498 2175 exaltu
523 2121 834 2192 fortitudine
863 2138 1036 2176 vocem
1080 2133 1244 2190 tuam,
1271 2126 1362 2196 qui
1391 2126 1714 2198 ettangelizas

93 2213 437 2271 Jerusalem:
462 2215 660 2285 exaltu,
689 2217 798 2272 noli
825 2219 1005 2273 timere
1037 2217 1195 2291 (Isai.
1225 2235 1314 2286 XL,
1344 2219 1422 2290 9):
1446 2235 1548 2276 nec
1581 2221 1710 2276 buc-

92 2310 224 2364 cina
258 2309 584 2379 assumitur,
615 2325 716 2366 nec
745 2311 872 2364 tuba
893 2355 907 2379 ,
933 2311 1030 2365 sed
1062 2323 1302 2367 montem
1327 2311 1595 2382 jubentur
1622 2327 1714 2368 as~

91 2402 365 2459 cendere.
405 2404 504 2460 llic
527 2415 711 2460 autem
762 2405 889 2476 quia
921 2416 1241 2476 peccatores
1285 2415 1464 2475 erant,
1512 2407 1710 2479 quibus

92 2497 469 2552 ιιιιηιίειιιειιιιιι
502 2505 605 2563 est,
631 2507 685 2553 et
718 2501 1075 2554 morabantur
1107 2500 1383 2568 deorsum,
1415 2515 1522 2556 non
1551 2501 1709 2571 jube-

94 2603 189 2647 tur
215 2591 491 2662 Propheta
515 2601 574 2647 ιιι
600 2592 862 2649 ascendat
893 2595 945 2650 in
975 2607 1250 2651 momem:
1280 2597 1378 2651 sed
1410 2606 1619 2652 tantum
1649 2607 1709 2653 ut

89 2684 312 2740 exultet
351 2685 494 2741 sicut
536 2686 664 2742 tuba
698 2702 889 2744 vocem
919 2703 1096 2755 suam,
1127 2702 1181 2745 et
1213 2690 1295 2745 eis
1325 2690 1538 2747 nuntiet
1563 2691 1705 2747 bella

88 2787 358 2832 ventura.
420 2778 674 2848 Alioquin
737 2779 790 2834 in
842 2779 934 2836 die
983 2780 1208 2851 judicii,
1262 2782 1481 2852 quando
1532 2783 1587 2838 iu
1620 2800 1708 2840 re-

89 2867 451 2925 surrectione
492 2882 836 2926 mortuorum
867 2881 922 2926 et
963 2873 1262 2928 novissima
1307 2874 1436 2929 tuba
1467 2875 1702 2942 dicitur,

87 2963 365 3032 scriptum
393 2973 498 3030 est,
525 2962 685 3020 Canet
709 2965 848 3019 enim
875 2965 1019 3034 tuba,
1044 2975 1091 3021 et
1119 2967 1309 3020 mortui
1333 2977 1598 3038 resurgent
1624 2970 1706 3022 in-

90 3057 340 3125 corrupti
363 3071 382 3110 :
411 3065 466 3110 nt
497 3059 775 3126 quomodo
805 3059 882 3113 illi
905 3059 972 3114 ad
1002 3073 1193 3115 vocem
1227 3061 1369 3114 tnbze
1412 3071 1538 3116 sunt
1559 3061 1708 3130 judi-

88 3147 259 3202 candi
284 3165 298 3201 :
321 3148 490 3222 385
514 3149 598 3205 sic
622 3147 793 3206 Israel
820 3159 1047 3220 peccato
1085 3160 1336 3208 mortuus
1362 3153 1554 3208 audiat
1583 3167 1704 3210 sce-

91 3243 214 3299 lera
245 3259 344 3298 sua
373 3260 389 3310 ;
437 3245 708 3316 simulque
751 3245 1062 3316 appellatur
1094 3247 1324 3316 populus
1351 3247 1471 3311 Dei,
1502 3259 1558 3303 ut
1590 3248 1703 3304 dis-
1728 3225 1774 3287 (ἶ

89 3346 181 3392 cat
211 3335 436 3408 qualem
469 3346 683 3405 patrem
712 3337 1035 3407 perdiderit,
1055 3339 1145 3408 qui
1171 3335 1332 3394 etiam
1357 3349 1702 3411 peccatorem

89 3440 258 3487 vocet
288 3430 548 3502 populum
580 3446 760 3487 suum.

158 3525 358 3596 (Vere.
381 3526 467 3593 2.)
493 3524 582 3580 Me
602 3528 790 3581 etenim
811 3528 875 3582 de
891 3528 976 3584 die
999 3531 1050 3584 in
1073 3529 1211 3584 diem
1227 3541 1485 3602 qmerunt,
1501 3539 1550 3586 et
1571 3534 1704 3588 scire

89 3621 202 3673 vias
225 3633 369 3671 meas
393 3616 570 3672 volunt
596 3620 779 3688 :quasi
817 3631 941 3691 gens
968 3637 1081 3686 qua:
1102 3623 1369 3694 justitiam
1415 3625 1611 3694 fecerit,
1655 3636 1705 3680 et

88 3728 208 3781 qua:
215 3710 481 3782 judicium
504 3710 604 3765 Dei
632 3713 715 3766 sui
739 3729 842 3766 non
869 3714 1222 3786 dereliquerit.
1245 3715 1398 3772 LXX
1423 3717 1701 3773 similiter.

91 3804 210 3860 Iloc
248 3804 478 3873 proprie
506 3802 712 3859 Judatis
740 3807 1025 3871 convenit,
1045 3808 1135 3876 qui
1177 3823 1274 3876 per
1307 3811 1553 3879 singulos
1583 3809 1708 3867 dies

87 3905 330 3952 currunt
376 3895 443 3950 ad
491 3912 820 3970 synagogas,
865 3910 920 3954 et
975 3900 1070 3956 Dei
1114 3901 1286 3970 legem
1329 3903 1701 3971 meditantur,

87 3991 238 4044 scire
254 3991 546 4058 cupientes
562 3990 692 4061 quid
724 3991 1017 4055 Abraham,
1040 3993 1188 4048 Isaac
1215 4006 1264 4050 et
1291 3997 1478 4059 Jacoh,
1499 3997 1629 4067 quid
1651 4006 1708 4053 et

86 4081 278 4136 caeteri
309 4088 626 4136 sanctorum
646 4083 898 4147 fecerint,
931 4095 988 4139 et
1019 4084 1190 4140 libros
1215 4074 1613 4156 Prophetarum
1641 4104 1706 4144 ac

87 4173 266 4244 Moysi
293 4176 610 4229 memoriter
635 4177 1004 4246 revolvi-mes,
1033 4179 1332 4256 decantauit
1351 4181 1530 4236 divina
1556 4198 1708 4237 man-

85 4267 239 4328 data,
269 4269 467 4338 quibus
501 4271 808 4325 reetissime
833 4272 962 4326 illud
984 4273 1298 4341 aptabitnr:
1329 4275 1588 4342 Qua-rent
1618 4291 1706 4332 me

89 4359 245 4423 ntali,
262 4371 314 4413 et
340 4375 444 4414 non
471 4360 770 4434 invenient.
796 4363 886 4419 Sic
909 4367 1056 4418 enim
1081 4366 1346 4436 scriptum
1373 4377 1492 4420 est:
1525 4366 1708 4422 Omnis

88 4454 173 4521 qui
199 4453 386 4521 quierit
407 4453 596 4508 invenit
623 4453 782 4526 (Mat.
805 4453 906 4525 vn)
937 4459 1303 4528 :quicumque
1339 4474 1446 4513 non
1470 4460 1703 4529 invenit,

92 4547 236 4598 male
257 4547 524 4612 quaesisse
546 4547 896 4602 convincitur
918 4565 932 4613 ;
977 4549 1235 4604 Dominus
1256 4551 1403 4606 enim
1429 4551 1705 4607 invonitur

1814 1932 1868 1986 in
1890 1931 2182 1985 innocentia
2209 1928 2323 1983 me'a
2344 1929 2605 1999 ingressus
2619 1943 2735 1981 sum
2754 1925 3016 1998 (Ps.xxv,
3045 1925 3096 1989 I,
3119 1924 3202 1993 Ω).
3236 1925 3432 1980 Etite-

1815 2041 1934 2082 rum
1964 2045 1975 2079 2
2003 2024 2178 2081 Proba
2201 2042 2300 2092 me,
2320 2023 2559 2093 Domine,
2587 2031 2635 2077 et
2661 2033 2803 2078 tenta
2825 2038 2904 2076 me
2933 2021 3140 2094 :686
3161 2037 3254 2075 ure
3280 2037 3429 2075 renes

1815 2136 1950 2176 meos
1993 2129 2042 2175 et
2087 2137 2176 2174 cor
2205 2137 2394 2174 meum.
2442 2121 2509 2174 Et
2553 2120 2604 2174 in
2646 2118 2755 2172 alio
2804 2118 2924 2172 loco
2951 2118 3180 2172 :Judica
3212 2133 3427 2171 causam

1813 2229 2002 2277 meam,
2025 2223 2072 2275 et
2113 2212 2305 2266 redime
2349 2228 2428 2266 me
2458 2211 2688 2284 (Psalm.
2712 2224 2899 2277 cxvnt,
2931 2208 3080 2282 154).
3121 2209 3188 2264 Et
3229 2223 3427 2280 appro-

1814 2307 2078 2378 pinquare
2099 2305 2212 2361 Deo
2240 2305 2554 2360 desiderant
2583 2322 2595 2358 :
2639 2319 2765 2359 cum
2796 2305 2898 2358 hoc
2926 2318 3033 2359 non
3078 2304 3130 2358 in
3171 2303 3291 2358 loco
3319 2303 3425 2369 sit,

1809 2403 1906 2458 sed
1931 2403 1983 2457 in
2009 2401 2226 2464 alI'ectu.
2259 2416 2362 2456 nec
2393 2398 2594 2454 IllelIlIS
2625 2398 2842 2462 Otiosae,
2874 2398 2972 2452 sed
3001 2397 3260 2454 laboriosi
3285 2412 3427 2468 ope-

1810 2497 1905 2551 ris.
1942 2495 2184 2565 Denique
2223 2495 2348 2566 quid
2392 2493 2467 2548 sit
2507 2493 2955 2563 appropinquare
2991 2491 3142 2555 Deo,
3197 2491 3422 2546 instruit

1809 2589 2114 2660 Scriptura,
2155 2589 2344 2643 dicens
2378 2606 2388 2642 :
2445 2586 2671 2653 Quaerite
2715 2584 3015 2639 Dominum.
3048 2582 3185 2641 Cum
3231 2593 3420 2640 autem

1807 2682 2327 2754 apprOpinquaverit
2381 2681 2538 2737 vobis
2568 2723 2583 2743 ,
2645 2681 2994 2751 derelinquat
3039 2679 3239 2750 impius
3283 2680 3410 2739 ,vias

1810 2795 1957 2846 suas,
1983 2790 2038 2835 et
2062 2781 2145 2835 vir
2177 2780 2394 2851 iniquus
2421 2777 2791 2848 cogitationes
2817 2791 2965 2832 suas.
2995 2776 3420 2848 Appropinquat

1809 2876 1952 2930 enim
2005 2873 2270 2928 D-lmIIIIIS
2303 2871 2881 2943 approtlinquantibus
2925 2870 3053 2939 sibi,
3096 2878 3150 2926 et
3194 2869 3280 2924 bis
3323 2869 3420 2941 qui

1803 2967 1949 3037 juste
1988 2967 2132 3036 quod
2161 2969 2367 3035 justum
2401 2975 2488 3022 est
2521 2977 2951 3036 persequuntur,
2983 2973 3039 3019 et
3070 2975 3298 3036 possunt
3331 2964 3420 3020 di-

1807 3077 1932 3117 cere
1958 3081 1968 3115 :
2005 3061 2138 3115 Mitti
2164 3069 2336 3114 autem
2358 3059 2622 3115 adhaerere
2641 3058 2752 3113 Deo
2774 3060 2964 3114 bonum
2991 3069 3064 3113 est
3095 3056 3216 3131 (Ps.
3247 3074 3417 3122 Lxxtt,

1805 3157 1924 3226 9.8).
1955 3156 2011 3212 Si
2036 3156 2180 3211 enim
2203 3153 2566 3224 Omnipotens
2592 3155 2734 3207 Deus
2767 3153 2932 3207 Pater
2958 3161 3043 3206 est
3064 3153 3318 3208 veritatis
3345 3163 3425 3208 at-

1807 3269 1914 3322 quc
1957 3251 2217 3322 justitiae,
2269 3250 2604 3319 quicumque
2642 3257 2726 3302 est
2777 3245 3010 3302 mendax
3058 3257 3113 3302 et
3164 3247 3422 3318 injustas,

1807 3343 2250 3416 appropinquare
2274 3341 2390 3397 Deo
2413 3357 2520 3396 non
2545 3348 2749 3411 patest,
2773 3340 2843 3395 de
2870 3354 2977 3410 quo
3000 3339 3266 3408 scriptum
3286 3348 3372 3395 est
3400 3357 3416 3393 :

1808 3435 1932 3492 Non
1963 3434 2216 3489 habitabit
2234 3437 2392 3507 juxta
2430 3443 2478 3488 te
2514 3432 2797 3503 malignus,
2843 3447 3004 3502 neque
3041 3435 3417 3502 permanebunt

1806 3530 1986 3603 injusti
2008 3537 2125 3582 ante
2147 3529 2322 3582 oculos
2344 3537 2458 3582 tuos
2480 3525 2600 3599 (Ps.
2630 3543 2682 3595 v,
2705 3525 2785 3592 6).
2812 3525 2994 3594 QUare
3017 3525 3414 3596 jejunavimus,

1808 3623 2082 3692 inquiunt,
2125 3629 2179 3675 et
2217 3637 2322 3674 non
2364 3619 2680 3686 aspexisti?
2735 3619 3149 3674 humiliavimns
3197 3619 3415 3674 animas

1810 3727 2047 3784 uoStras,
2074 3723 2129 3770 et
2160 3711 2426 3769 neSciSti?
2461 3723 2483 3751 ο
2514 3711 2798 3782 Injustitia:
2827 3722 3056 3782 arguunt
3091 3710 3411 3779 Dominum,

1807 3811 1952 3882 quod
2004 3811 2142 3864 bona
2190 3824 2358 3878 opera
2403 3823 2509 3864 non
2555 3805 2839 3876 reSpiciat,
2876 3807 3158 3877 solamque
3200 3807 3417 3863 ventris

1805 3903 2067 3968 esuriem,
2094 3904 2304 3971 absque
2324 3916 2493 3968 opere
2520 3901 2782 3954 virtutum
2815 3899 3071 3969 ingerunt
3105 3899 3216 3952 Deo
3241 3917 3254 3952 :
3301 3914 3415 3954 non

1807 3995 2161 4051 comedentes
2184 4009 2282 4050 eos
2312 3994 2466 4048 cibos
2495 4007 2632 4063 quos
2661 3993 2868 4047 creavit
2897 3991 3043 4046 Deus
3071 3989 3325 4046 ﬁdelibus
3355 4001 3416 4047 et

1809 4088 1898 4144 his
1931 4087 2024 4157 qui
2069 4095 2416 4156 cognoscunt
2451 4085 2764 4148 veritatem,
2809 4092 2866 4137 ut
2908 4090 3130 4137 sumant
3158 4097 3254 4137 eos
3288 4097 3415 4137 cum

1807 4182 2108 4252 gratiarum
2140 4181 2358 4235 actione
2393 4197 2403 4232 :
2438 4177 2533 4233 sed
2566 4177 2686 4232 illos
2717 4175 2785 4231 de
2812 4175 3011 4243 quibus
3039 4174 3302 4244 scriptum
3325 4180 3413 4228 est

1810 4274 1864 4330 in
1891 4275 2242 4330 Proverbiis:
2271 4273 2341 4327 Hi
2365 4272 2502 4328 enim
2524 4271 2736 4326 aluntur
2759 4269 2885 4323 cibis
2915 4267 3198 4338 impietatis
3224 4276 3271 4320 et
3292 4268 3413 4322 vino

1810 4367 2095 4433 iniquitatis
2137 4366 2460 4421 inebriantur
2500 4363 2685 4436 (Prov.
2731 4379 2804 4430 tv,
2855 4362 2968 4432 I7).
3020 4361 3413 4428 Huiuscemodi

1810 4461 1989 4530 epulis
2021 4467 2295 4512 saturatos
2326 4457 2662 4521 Pharisatus,
2696 4456 2841 4510 inter
2870 4464 3070 4509 caetera
3112 4455 3279 4510 verba
3313 4468 3410 4510 su-

1812 4553 2038 4624 perbiae,
2086 4551 2167 4605 bis
2209 4551 2262 4604 in
2304 4550 2530 4604 sabbato
2583 4565 2644 4605 se
2686 4549 2937 4618 jejunare
2968 4547 3210 4617 jactabat
3247 4546 3407 4617 (Luc.

89 4638 154 4691 ab
178 4637 270 4692 his
295 4639 388 4708 qui
412 4654 532 4692 cum
552 4651 801 4710 qmerunt
821 4640 874 4694 in
898 4641 1160 4706 bonitate,
1186 4653 1240 4699 et
1257 4645 1569 4700 OSIendilur
1592 4645 1698 4701 illis
1725 4626 1780 4687 Ῑ)
1805 4644 1958 4715 svnt)
1987 4644 2113 4714 :qui
2139 4657 2245 4696 non
2271 4641 2484 4696 biberat
2509 4641 2696 4693 vinum
2719 4639 2789 4694 de
2809 4638 2964 4693 vinea
2987 4636 3177 4704 Sorec,
3214 4637 3310 4692 sed
3339 4639 3410 4693 de

91 4732 178 4795 qui
214 4747 322 4785 non
356 4744 482 4786 sunt
509 4733 557 4786 ei
587 4733 878 4788 increduli.
905 4733 1038 4788 Cum
1071 4735 1232 4805 igitur
1257 4736 1525 4807 justitiam
1551 4737 1700 4805 judi-

91 4825 349 4893 ciumque
379 4824 704 4894 reliquerint
733 4827 848 4890 Dei,
887 4826 1084 4895 quibus
1111 4829 1418 4883 nominibus
1447 4827 1698 4884 Christus

89 4918 402 4974 ostenditur
427 4960 440 4985 ,
468 4919 686 4975 dicente
715 4920 1142 4990 psalmographo
1173 4938 1185 4974 :
1215 4921 1354 4976 Deus
1380 4964 1394 4986 ,
1436 4923 1696 4996 judicium

90 5018 231 5064 tuum
253 5012 366 5080 regi
389 5011 481 5078 da,
498 5020 544 5064 et
554 5013 824 5084 justitiam
851 5020 996 5066 tuam
1018 5011 1126 5078 ﬁlio
1142 5013 1411 5083 regis(Ps.
1438 5032 1588 5078 Lxxt,
1611 5015 1692 5084 I):

89 5102 344 5159 Christus
375 5104 521 5159 enim
552 5104 728 5160 l‘actus
748 5116 833 5160 est
857 5105 1014 5160 nobis
1041 5105 1372 5174 redemptio,
1401 5111 1684 5175 sanctitas,

90 5204 142 5248 et
165 5196 384 5265 justitia
418 5197 462 5265 (I
494 5194 617 5251 Cor.
640 5197 678 5270 ι)
716 5215 728 5250 :
757 5196 960 5252 frustra
995 5197 1130 5268 legis
1148 5198 1358 5267 jactant
1380 5199 1691 5265 scientiam,

90 5303 212 5344 cum
257 5301 484 5347 sanctus
531 5307 636 5347 non
687 5293 740 5346 in
783 5293 978 5346 notitia
1027 5291 1467 5360 Scripturarnm,
1505 5292 1600 5347 sed
1645 5293 1699 5349 in

91 5385 348 5451 operibus
383 5384 688 5454 glorietur,
723 5384 914 5439 dicens
947 5402 959 5435 :
999 5382 1154 5438 Viam
1183 5384 1549 5439 mandatorum
1590 5394 1706 5440 tuo-

91 5491 207 5530 rum
221 5477 450 5543 cucurri,
469 5477 681 5547 quando
696 5477 930 5531 dilatasti
947 5492 1037 5532 cor
1055 5493 1227 5532 meum
1244 5475 1369 5550 (Ps.
1388 5491 1574 5545 csvnt,
1591 5477 1624 5533 5
1635 5478 1652 5531 I
1663 5476 1705 5547 ).

170 5639 196 5702 ξ
231 5630 399 5686 Iidem
432 5647 525 5685 nec
564 5631 844 5702 impiorum
888 5632 1176 5685 truculenta
1202 5631 1453 5686 convicia.

168 5699 196 5739 δ
234 5703 542 5773 Antiquiss.
572 5699 917 5756 ambrosian.
945 5718 1048 5756 non
1075 5703 1236 5758 habet
1257 5703 1499 5759 additum
1516 5714 1716 5760 vestra:

93 5772 258 5841 quod
285 5772 507 5840 quidem
549 5789 724 5842 neque
744 5776 795 5827 in
825 5773 1054 5829 Iltbrato
1077 5784 1181 5830 est.

175 5854 198 5882 ε
248 5848 424 5902 Antea
454 5851 575 5901 erat
604 5845 798 5916 injuste
820 5853 1064 5915 arguunt.

1803 4740 1958 4794 vinea
2009 4736 2400 4803 Sodomorum,
2463 4734 2622 4798 cuius
2664 4734 2850 4787 vitmm
2898 4730 3053 4784 furor
3097 4731 3404 4785 draconum

1802 4840 1908 4894 est,
1937 4838 1994 4885 et
2017 4831 2166 4885 furor
2196 4828 2442 4898 aspidum
2468 4824 2807 4886 insanabilis,
2835 4833 2890 4878 et
2920 4837 3024 4876 uva
3053 4837 3268 4882 eorum.
3302 4837 3409 4878 uva

1801 4921 1945 4979 fellis
1977 4941 1988 4977 :
2039 4938 2180 4994 quos
2225 4921 2370 4976 Deus
2414 4920 2594 4988 arguit
2627 4933 2722 4988 per
2764 4915 3097 4984 Prophetam
3129 4932 3143 4968 :
3178 4913 3411 4973 Peccata

1803 5016 1983 5086 populi
2011 5016 2111 5069 ntei
2141 5015 2416 5068 comedunt
2445 5011 2592 5082 (Ose.
2627 5026 2700 5079 tv,
2730 5009 2810 5080 8).
2841 5010 2907 5065 Et
2935 5022 3155 5064 rursum
3191 5027 3205 5063 :
3239 5009 3416 5077 Quare

1797 5109 2032 5162 tacuistis
2070 5108 2388 5173 impietatem
2418 5119 2597 5158 eorum
2623 5149 2638 5171 ,
2674 5113 2722 5156 et
2756 5103 3056 5171 iniquitates
3093 5101 3413 5156 vindemias-

1804 5201 1868 5254 tis
1896 5209 1943 5255 et
1973 5198 2267 5253 comedistis
2297 5194 2324 5233 ἀ
2353 5198 2672 5266 frumentum
2700 5195 2963 5251 mendacii
2992 5194 3144 5260 (οδε,
3179 5211 3232 5263 x,
3269 5195 3358 5264 I3)
3390 5194 3418 5249 ‘I

1808 5294 1945 5361 Quia
1970 5295 2131 5364 igitur
2159 5302 2552 5362 proposuerant
2579 5292 2937 5364 quaestionem
2970 5290 3108 5352 Deo,
3140 5289 3286 5345 scire
3311 5302 3415 5343 cu-

1816 5386 2031 5453 pientes
2071 5399 2238 5454 quare
2269 5383 2640 5455 jejuuaverint
2668 5394 2722 5440 et
2752 5381 3172 5439 humiliaveriut
3201 5381 3420 5436 animas

1820 5491 1947 5532 suas
1978 5517 1995 5543 ,
2036 5485 2090 5531 et
2119 5473 2268 5530 Deus
2298 5491 2405 5530 non
2435 5474 2743 5546 respexerit
2773 5493 2788 5529 :
2819 5475 2972 5530 obliti
3004 5473 3209 5530 veteris
3237 5472 3412 5527 histo-

1888 5631 1912 5669 ά
1946 5632 2136 5689 Mirum
2168 5643 2272 5697 est,
2308 5634 2480 5702 inquit
2509 5635 2802 5697 Victorius,
2834 5652 2994 5706 quam
3038 5636 3254 5700 omnia,
3287 5644 3426 5691 tem-

1828 5719 1959 5776 pore
1982 5720 2030 5760 et
2058 5705 2285 5772 incuria,
2311 5720 2744 5774 cortutnpantnr.
2774 5705 2880 5763 Pro
2905 5709 3219 5778 frumentum
3243 5707 3424 5771 legen-

1830 5778 1962 5847 dum
1987 5787 2066 5831 est
2099 5777 2321 5846 fructum
2343 5819 2358 5837 .
2400 5779 2489 5847 qui
2521 5780 2669 5833 locus
2706 5789 2788 5834 est
2817 5777 2958 5834 Osce
2995 5781 3085 5841 Il),
3117 5778 3427 5845 habentque

1826 5845 1968 5902 LXX
1997 5845 2214 5925 καρπὸν,
2233 5857 2291 5906 et
2318 5845 2569 5908 Hebraic.
2604 5858 2695 5912 ηε
2724 5850 2946 5924 ipsaque
2975 5847 3140 5922 Vulg.
3168 5851 3424 5920 fructum.
