3932 6362
139 309 251 373 565

649 315 1306 380 COMMENTARIORUM
1344 322 1412 380 IN
1449 323 1684 385 ΙΒΑΙΔΗ
1722 325 2145 387 PROPHETAII
2182 330 2316 388 LIB.
2360 326 2705 392 XVIXCAP.
2748 335 2932 396 LVIII.

3352 345 3458 402 566

142 435 315 493 David
338 446 394 494 et
412 436 483 493 de
508 433 692 493 Achab
712 435 945 506 legimus
966 436 1036 513 ω
1058 436 1185 511 Reg.
1212 454 1271 496 ιιι
1296 455 1311 506 ;
1336 438 1403 495 lll
1430 440 1560 513 Reg.
1582 440 1698 532 xxi)
1723 459 1737 496 :
1770 447 1819 505 Α
1845 444 2026 501 omnia
2066 461 2189 518 quae
2218 447 2360 503 bona
2402 458 2533 505 suat
2583 450 2930 522 duplicantur
2964 473 2979 511 :
3009 466 3065 512 et
3110 473 3455 532 nequaquam

140 529 240 586 sed
264 540 325 589 ut
352 545 477 588 cum
509 530 623 587 istis
652 530 770 587 bmc
799 530 962 589 iaciat
983 547 1103 602 quae
1129 541 1453 603 sequuntur.
1485 531 1742 607 Alioquin

141 630 201 678 et
235 621 535 691 Apostolus
558 622 875 693 irequenter
895 621 1146 693 jejuuare
1177 639 1237 680 se
1257 623 1393 679 dicit
1421 623 1491 694 (ιι
1513 622 1639 681 Cor.
1693 640 1744 680 vt

136 725 191 770 et
225 718 346 784 xi),
376 727 432 771 et
462 716 729 774 Douiiuus
750 758 765 783 ,
793 732 920 773 cum
950 732 1189 788 sponsus
1231 732 1264 773 a
1301 718 1585 788 discipulis
1625 719 1743 779 suis

135 807 303 864 fuerit
331 808 582 875 ablatus,
626 808 790 864 docet
828 824 926 865 eos
950 809 1313 882 jejunaturos
1352 809 1575 881 (Matth.
1623 810 1740 883 v1):

132 908 189 956 et
219 901 275 956 in
292 899 532 957 Psalmis
562 902 836 972 pmnitens
856 901 1097 973 loquitur
1124 921 1137 959 :
1172 903 1489 961 Handucavi
1506 905 1637 961 sicut
1669 908 1745 961 ci-
1790 922 1793 925 ·

131 1008 315 1048 norem
338 1008 529 1064 ponent
555 1009 749 1061 meum,
778 1004 827 1049 et
855 1003 1038 1066 potum
1061 1012 1231 1052 meum
1252 1013 1373 1052 cum
1398 998 1528 1067 ﬂetu
1552 999 1739 1055 misce-

130 1086 250 1143 bant
272 1085 393 1158 (Ps.
417 1103 487 1152 ct,
516 1086 628 1157 10).
663 1087 733 1142 Et
747 1105 863 1143 cunt
892 1089 1019 1144 mihi
1043 1090 1246 1145 molesti
1270 1099 1462 1159 essent,
1486 1090 1743 1149 induebar

127 1178 308 1235 cilicio
328 1177 452 1252 (Ps.
478 1194 665 1249 xxxiv,
690 1181 804 1252 l3).
824 1181 901 1237 Ex
924 1198 1032 1253 quo
1053 1182 1319 1240 discimus
1355 1182 1470 1239 ιιωο
1495 1184 1740 1242 facienda

127 1274 372 1343 primum
402 1289 527 1331 esse
555 1291 678 1346 qua:
707 1275 823 1331 vult
857 1275 1137 1345 Dominus,
1162 1287 1352 1334 etnon
1381 1278 1486 1335 alia
1512 1287 1738 1350 preter-

126 1368 339 1424 eunda.

201 1463 391 1536 (Vera.
420 1463 476 1531 6,
511 1463 593 1535 7.)
643 1463 838 1521 Nonne
885 1466 981 1520 hoc
1022 1464 1205 1537 [Vulg.
1253 1465 1405 1522 addit
1442 1465 1542 1540 est]
1573 1470 1739 1542 magis

109 1544 392 1630 jejunium
414 1559 554 1629 quod
581 1559 715 1631 elegi
736 1561 761 1614 ?
779 1557 1021 1614 Dissolve
1050 1558 1409 1632 colligationes
1432 1563 1734 1633 impietatis,

117 1651 271 1711 solve
300 1652 578 1722 fasciculos
599 1654 941 1724 deprimente:
963 1671 983 1710 :
1012 1653 1226 1710 Dimitte
1249 1672 1337 1710 eos
1365 1657 1456 1727 qui
1481 1660 1738 1729 confracti

118 1754 248 1798 sunt
283 1744 497 1815 liberos,
529 1756 579 1801 et
606 1763 757 1803 omne
779 1763 908 1804 onus
937 1748 1221 1821 disrumpe.
1254 1749 1465 1821 Frange
1491 1751 1738 1808 esurienti

1847 535 2063 595 oculum
2080 553 2178 608 pro
2199 539 2381 605 oculo,
2396 539 2617 596 dentem
2652 559 2748 612 pro
2774 544 2939 602 dente
2964 546 3451 617 jnbemureruere:

1844 630 1941 685 sed
1970 632 2278 687 verberanti
2309 632 2557 702 praebere
2588 637 2891 693 maxillam!
2922 636 3105 711 Atque
3135 650 3194 696 ut
3218 643 3464 701 sciamus

1845 721 1975 776 illud
2018 724 2164 793 quod
2215 739 2377 793 supra
2423 726 2705 784 diximus:
2739 728 2930 786 Omnes
2958 732 3214 788 debitores
3258 746 3453 793 uestros

1844 816 2092 887 repetitis,
2122 819 2191 873 de
2213 820 2578 877 creditoribus
2605 822 2772 880 scribi
2800 867 2814 891 ,
2849 827 2920 883 de
2965 829 3305 888 debitoribus
3322 833 3452 904 jun-

1842 910 1989 979 gitur
2016 912 2357 969 manifestius
2384 931 2397 968 :
2429 913 2651 971 Dimitte
2684 935 2769 973 eos
2795 922 2884 990 qui
2909 923 3163 989 confracti
3185 938 3303 982 sunt
3320 928 3449 984 libe-

1843 1015 1950 1069 ros,
1985 1002 2090 1057 boc
2115 1012 2199 1059 est
2223 1048 2238 1073 ,
2268 1006 2362 1075 qui
2396 1017 2716 1076 paupertate
2746 1023 2871 1067 sunt
2900 1011 3064 1070 fracti
3087 1058 3103 1084 ,
3139 1032 3277 1088 quos
3304 1020 3449 1075 afﬂi-

1847 1097 2140 1169 xitinopia,
2165 1116 2233 1155 ne
2256 1100 2463 1158 liberos
2483 1105 2637 1160 sinas
2661 1108 2993 1164 mendicare.
3020 1109 3090 1165 Et
3113 1125 3279 1168 omne
3304 1129 3444 1171 onus
3522 1098 3527 1103 ’

1841 1203 1951 1260 quo
1977 1183 2379 1263 deprimuntur,
2418 1212 2632 1268 rumpe.
2677 1199 2787 1255 Pro
2826 1216 2936 1270 quo
2982 1203 3319 1261 manilestius
3344 1206 3445 1262 Se-

1842 1285 2123 1355 ptuaginta
2154 1288 2567 1360 transtulerunt,
2596 1301 2643 1346 et
2661 1308 2863 1347 omnem
2878 1295 3189 1365 scripturam
3212 1297 3444 1369 iniquam

1841 1378 2116 1434 canscinde
2142 1397 2162 1435 :
2191 1381 2336 1451 quod
2367 1382 2731 1455 Symmachus
2777 1389 3055 1444 transtulit
3089 1406 3104 1445 :
3131 1387 3202 1447 Et
3243 1406 3444 1447 omnem

1840 1472 2133 1526 cautionem
2158 1475 2350 1544 falsam
2372 1476 2657 1549 disrumpe.
2698 1480 2804 1535 Sed
2834 1490 3048 1550 poterat
3075 1482 3194 1539 ﬁeri
3215 1524 3231 1549 ,
3262 1493 3321 1539 ut
3345 1486 3449 1540 ali-

1839 1566 1962 1636 quis
1998 1565 2206 1623 diceret
2231 1585 2246 1621 :
2276 1568 2395 1624 Non
2426 1571 2599 1627 babeo
2626 1572 2902 1631 debitores
2923 1613 2940 1639 .
2968 1574 3096 1644 quid
3124 1574 3305 1633 facere
3340 1578 3441 1635 de-

1841 1657 1983 1724 beo,
2043 1667 2101 1713 ut
2156 1661 2487 1730 suscipiatur
2524 1663 2795 1734 jejunium
2842 1665 3078 1722 meum?
3132 1667 3442 1740 Sequitur:

1841 1749 2050 1824 Frange
2078 1754 2322 1809 esurienti
2358 1772 2545 1827 panem
2575 1766 2741 1812 tuum.
2786 1757 2904 1814 Non
2939 1759 3126 1830 plures
3153 1775 3341 1831 panes,
3373 1778 3444 1820 ne

116 1856 315 1909 pauent
357 1851 499 1895 tuum
520 1886 535 1911 ,
584 1850 634 1896 et
681 1858 871 1913 egenos
915 1859 1173 1916 vagosque
1212 1845 1372 1899 induc
1431 1846 1488 1901 in
1526 1846 1736 1902 domum
1767 1829 1812 1891 Β
1839 1846 1908 1902 de
1938 1857 2255 1918 paupertate
2273 1852 2650 1918 causeris,sed
2680 1868 2848 1908 unum
2870 1869 3087 1925 panem.
3255 1856 3438 1927 ipsum

117 1931 473 2004 [Vulg.addit
501 1933 687 2008 tuam].
721 1932 849 1990 Cum
874 1936 1062 1992 videris
1087 1936 1312 2006 nudum,
1345 1940 1490 2009 operi
1515 1956 1651 2009 eum,
1685 1951 1734 1996 et

117 2044 336 2084 carnem
365 2039 508 2085 tuam
536 2047 600 2084 ne
634 2031 950 2103 despexeris.
1004 2032 1186 2089 LXX:
1222 2033 1411 2090 Nonne
1446 2035 1552 2091 tale
1593 2037 1733 2110 ieju-

117 2122 268 2179 nium
299 2120 453 2191 elegi,
494 2122 624 2178 dicit
652 2122 905 2179 Dominus
936 2141 955 2179 :
985 2125 1077 2179 sed
1104 2126 1243 2181 solre
1271 2143 1473 2181 omnem
1516 2126 1735 2199 colliga—

119 2222 299 2271 turam
332 2213 639 2285 iniquitatis.
711 2212 949 2273 Dissolue
999 2216 1346 2289 obligationes
1391 2218 1732 2297 uiolentarnnt

118 2307 441 2360 cantionum.
468 2305 681 2362 Dimitte
711 2310 905 2379 fractos
930 2311 986 2365 in
1012 2312 1398 2382 remissionem,
1446 2324 1501 2369 et
1530 2330 1732 2369 omnem

116 2398 435 2463 scripturam
460 2400 691 2470 iniquam
719 2404 1021 2463 conscinde.
1056 2403 1264 2477 Frange
1281 2408 1527 2461 esurienti
1547 2423 1731 2477 partem

121 2498 291 2559 tuum,
320 2501 367 2544 et
396 2507 646 2561 pauperes
666 2493 777 2547 sine
802 2503 931 2549 tecto
956 2495 1113 2550 induc
1138 2496 1193 2551 in
1219 2496 1429 2552 domum
1459 2507 1624 2553 tuam.
1669 2500 1732 2553 Si

120 2582 314 2639 uideris
342 2584 564 2654 nudum,
593 2587 761 2655 operi,
789 2598 837 2643 et
870 2587 1177 2645 domesticos
1200 2591 1412 2645 seminis
1438 2592 1512 2646 tui
1539 2608 1605 2646 ne
1639 2592 1729 2647 de-

120 2682 373 2750 spexeris.
426 2681 718 2754 Postquam
747 2683 936 2740 docuit
966 2685 1123 2757 quale
1147 2685 1415 2757 jejunium
1446 2688 1725 2759 reprobat,

119 2774 361 2833 ostendit
389 2777 553 2846 quale
602 2778 834 2834 libenter
885 2780 1135 2851 accipiat.
1182 2780 1459 2849 Dissolve,
1508 2782 1723 2853 inquit,

122 2864 481 2938 colligationes
518 2867 802 2939 impietatis
829 2886 848 2925 :
874 2871 1016 2925 solue
1040 2871 1318 2941 fasciculos
1342 2873 1685 2945 deprimentes
1709 2892 1728 2929 :

121 2957 236 3019 sive
284 2969 346 3012 ιιι
376 2957 520 3014 LXX
550 2959 895 3017 manifestius
941 2965 1357 3033 transtulerunt,
1391 2963 1729 3035 obligationes

122 3051 467 3109 uiolentarutn
496 3055 826 3125 cantionum,
855 3070 992 3127 quas
1035 3058 1239 3123 nostri,
1271 3058 1422 3114 verbi
1463 3058 1731 3129 ambigui-

125 3153 231 3202 tate
279 3145 518 3216 decepti,
550 3146 605 3203 id
634 3159 740 3211 est.
788 3151 1251 3224 συναλλαγμάτων,
1300 3154 1728 3209 commutationes

1838 1946 2049 2007 totum,
2081 1941 2178 1995 sed
2205 1950 2414 2011 partem
2457 1944 2661 2013 panis:
2707 1959 2866 2016 quam
2908 1945 2954 2001 si
3004 1960 3112 2001 non
3154 1946 3435 2018 jejuuares

1834 2044 2152 2089 comesurns
2183 2046 2345 2099 eras;
2398 2044 2456 2089 ιιι
2490 2035 2760 2106 jejunium
2795 2047 2945 2091 tuum
2979 2053 3087 2093 non
3119 2040 3192 2093 sit
3221 2041 3436 2096 lucrum

1834 2125 2132 2195 marsupii,
2179 2125 2275 2181 sed
2327 2128 2583 2184 saturitas
2621 2130 2839 2185 animae.
2890 2130 3237 2203 Pulcbreque
3271 2132 3436 2206 691

1831 2216 2042 2271 addidit
2067 2231 2214 2273 tuum
2240 2263 2255 2289 ,
2302 2234 2372 2276 ne
2412 2220 2484 2277 de
2531 2223 2724 2291 rapina
2770 2221 2939 2278 facias
2978 2225 3386 2297 eleemosynam
3418 2243 3434 2280 :

1835 2307 2140 2379 Redemptio
2158 2312 2291 2366 enim
2311 2312 2499 2367 anima
2522 2314 2641 2382 uiri,
2657 2314 2882 2385 praprias
2907 2315 3299 2387 diuitiae(Pros.
3318 2333 3433 2388 xm,

1833 2400 1912 2471 ὃ).
1948 2402 2013 2456 Ει
2042 2401 2094 2461 in
2124 2402 2239 2457 alio
2265 2401 2388 2458 loco
2414 2420 2430 2458 ι
2461 2402 2682 2459 Honora
2707 2404 2988 2460 Dominum
3028 2406 3095 2461 de
3129 2410 3233 2462 tuis
3274 2410 3437 2481 justis

1831 2491 2095 2549 laboribus
2121 2494 2306 2566 (Prov.
2333 2511 2412 2563 ιιι,
2438 2496 2518 2564 9).
2575 2495 2739 2552 Certe
2764 2498 2810 2551 si
2848 2512 3046 2567 panem
3089 2514 3197 2555 non
3236 2500 3427 2568 babes,

1831 2595 1885 2640 et
1916 2584 2276 2647 esurientium
2304 2587 2538 2657 plurim
2571 2588 2863 2645 multitudo
2890 2599 2995 2657 est,
3026 2591 3211 2661 prebo
3233 2592 3303 2648 de
3322 2609 3434 2663 quo

1833 2678 2040 2735 nullum
2092 2677 2351 2737 damnum
2394 2681 2623 2750 pateris.
2672 2681 2729 2737 In
2778 2697 2888 2753 quo
2944 2684 3093 2739 nulla
3139 2685 3430 2755 dispendia

1831 2776 1958 2827 sunt
1982 2809 1998 2835 ,
2030 2786 2281 2843 pauperes
2309 2771 2517 2842 absque
2547 2782 2691 2828 tecto
2710 2812 2726 2839 .
2752 2774 2907 2830 induc
2932 2776 2987 2831 in
3021 2776 3230 2832 domum
3266 2788 3434 2834 tuam.

1832 2860 1958 2918 Sive
1990 2870 2048 2917 ut
2075 2862 2128 2918 in
2159 2862 2428 2921 llebraico
2453 2863 2687 2923 habetur
2710 2904 2727 2932 .
2754 2866 2810 2925 in
2838 2866 3051 2922 donatum
3074 2912 3088 2937 ,
3117 2878 3177 2925 ut
3204 2870 3250 2924 si
3281 2879 3430 2925 tuam

1831 2970 1937 3009 non
1968 2954 2158 3022 babes,
2191 2955 2420 3027 inducas
2451 2957 2504 3013 in
2536 2956 2910 3028 hospitiolum,
2942 2960 3089 3033 quod
3114 2963 3197 3019 vel
3224 2978 3436 3020 merce-

1832 3046 1898 3101 de
1928 3046 2282 3115 conductum,
2314 3050 2396 3104 vel
2429 3049 2694 3109 beneﬁcio
2718 3052 2987 3120 possides.
3022 3053 3084 3110 Si
3111 3056 3304 3111 uideris
3329 3073 3432 3112 nu-

1830 3138 1977 3208 dum,
2007 3141 2170 3208 operi.
2202 3140 2357 3210 Quod
2388 3152 2441 3199 et
2476 3142 2738 3199 Dominus
2769 3145 2820 3199 in
2851 3144 3152 3216 Evangelio
3172 3149 3435 3219 loqueba-

125 3252 223 3306 pro
254 3238 617 3311 chirographis
648 3241 990 3312 interpretati
1034 3256 1181 3299 sunt.
1234 3244 1518 3316 Signiﬁcat
1543 3255 1724 3302 autem
1754 3235 1799 3298 C
1833 3241 1917 3285 1""
1942 3249 1955 3287 ἕ
1992 3232 2095 3298 Qui
2114 3231 2266 3287 habet
2308 3233 2441 3289 dm“
2471 3235 2707 3304 πρηθείη,
2733 3235 2818 3291 ἀει
2842 3235 3059 3292 almam
3095 3255 3200 3295 ποθι
3224 3240 3437 3298 ’Μάρκιε

124 3330 437 3389 chartarum
482 3333 797 3403 fasciculos,
823 3335 993 3409 σου
1018 3336 1073 3392 in
1118 3337 1319 3408 quibus
1351 3339 1724 3395 feneratorum

126 3423 420 3485 calumnia
475 3426 867 3490 continentur,
917 3438 975 3485 et
1022 3429 1405 3500 Opprimnntnr
1463 3446 1730 3502 pauperes

127 3532 235 3575 tere
263 3516 468 3581 alieno.
497 3535 621 3590 quae
647 3520 702 3577 in
729 3522 942 3577 cunctis
966 3508 1191 3578 urbibus
1230 3524 1519 3581 seditionis
1564 3540 1727 3582 causa

130 3618 152 3647 λ
180 3610 265 3675 vel
300 3611 536 3675 maxima
562 3621 667 3671 est.
694 3612 847 3671 Unde
877 3624 930 3669 et
951 3614 1233 3671 Romanus
1258 3616 1489 3687 populus
1519 3617 1730 3677 vicinas

128 3710 359 3773 occupat
386 3714 626 3773 montes,
648 3715 708 3764 et
736 3707 955 3763 Tabulae
982 3722 1157 3775 novare,
1183 3724 1317 3779 quas
1334 3711 1511 3767 Graeci
1534 3712 1726 3783 appel-

130 3796 240 3853 lant
284 3798 460 3871 χρέων
482 3799 774 3869 dinoscitur.
816 3800 934 3857 Non
980 3816 1114 3873 ergo
1159 3804 1401 3874 praecipit
1454 3803 1726 3873 Protihcta

129 3904 196 3947 ne
242 3893 432 3962 exigat
474 3894 848 3964 unusquisque
878 3895 1024 3965 quod
1066 3895 1308 3953 debitum
1344 3908 1456 3963 est,
1492 3899 1731 3955 maxime

129 3983 270 4053 quod
293 3982 445 4054 justo
471 3984 621 4043 dedit
652 3996 706 4040 et
746 3985 894 4056 justo
939 3988 1176 4057 repetit:
1208 3989 1445 4060 alioquin
1476 3990 1730 4047 Tribuni-

129 4074 219 4133 tia:
247 4086 395 4133 esset
424 4075 710 4139 seditionis
740 4087 1004 4137 assertor.
1033 4078 1138 4139 Sed
1164 4080 1252 4136 ubi
1278 4081 1461 4151 iniqua
1493 4093 1576 4138 est
1600 4098 1728 4140 eau-

133 4168 229 4235 tio,
263 4168 354 4231 ubi
381 4169 768 4239 opprimuntur
797 4186 1067 4241 pauperes
1118 4173 1384 4230 calumnia
1416 4193 1432 4228 :
1466 4175 1536 4230 ibi
1564 4174 1730 4232 fasci-

131 4260 238 4319 culi
268 4260 584 4321 cautionum
611 4303 628 4329 .
678 4272 734 4321 et
782 4264 963 4325 omnia
1008 4265 1311 4335 iniquitatis
1337 4267 1551 4327 vincula
1583 4284 1732 4325 rum-

133 4354 308 4423 penda
339 4365 488 4412 sunt.
525 4356 619 4413 Vel
651 4368 801 4415 certe
843 4359 946 4423 hoc
987 4360 1314 4424 dicendum.
1343 4362 1471 4432 quia
1502 4360 1570 4416 de
1592 4362 1733 4433 jeju—

135 4447 239 4507 niis
267 4458 456 4507 sermo
482 4459 589 4517 est,
617 4460 672 4507 et
691 4451 957 4521 jejunium
987 4452 1339 4511 afﬂictionem
1367 4462 1530 4526 atque
1556 4454 1732 4511 Immi-

135 4542 416 4617 b’atiouom
470 4544 639 4603 liabet
680 4547 877 4607 animae
922 4566 937 4603 :
984 4547 1207 4607 afﬂictio
1254 4559 1437 4606 autem
1484 4551 1733 4619 corporis

1833 3328 1986 3387 (Luc.
2018 3344 2098 3398 ιιι,
2130 3329 2242 3398 ιι).
2276 3328 2391 3385 Non
2413 3329 2561 3387 enim
2585 3344 2748 3384 unam
2767 3331 2932 3400 jussit
2950 3332 3128 3388 scindi
3158 3344 3213 3390 et
3238 3334 3433 3405 dividi,

1829 3423 1973 3494 quod
2004 3422 2160 3479 multi
2190 3423 2470 3492 popularis
2497 3438 2645 3479 aurte
2673 3439 2839 3480 causa
2875 3425 3079 3481 iaciunt
3123 3445 3136 3481 :
3175 3429 3269 3484 sed
3297 3429 3436 3485 alte-

1830 3530 1946 3570 ram
1971 3532 2080 3570 non
2104 3515 2334 3583 servari,
2359 3530 2562 3586 augeas
2590 3526 2860 3586 praecepta
2885 3516 3152 3586 justitiae,
3183 3529 3243 3573 ιιι
3263 3520 3430 3576 etiam

1830 3610 2055 3667 calicem
2082 3625 2237 3681 aqua;
2266 3608 2476 3680 frigidae
2522 3621 2831 3680 porrectum
2869 3610 3072 3667 habere
3102 3612 3321 3683 prtemia
3349 3613 3433 3668 di-

1830 3713 1999 3761 ceret.
2029 3701 2098 3757 Et
2116 3719 2322 3758 carnem
2340 3702 2434 3771 ait,
2463 3711 2604 3758 tuam
2632 3718 2697 3759 ne
2720 3701 3035 3771 despexeris.
3063 3704 3258 3760 Omnis
3283 3705 3428 3760 enim

1833 3796 1997 3853 homo
2027 3812 2157 3851 caro
2184 3807 2369 3851 nostra
2399 3804 2503 3851 est.
2531 3795 2770 3866 Etjnxta
2798 3795 3177 3867 Evangelicam
3198 3800 3433 3868 parabo—

1832 3888 1961 3954 lam,
1991 3887 2110 3959 ejus
2141 3889 2231 3959 qui
2259 3887 2329 3945 de
2357 3887 2660 3944 Jerusalem
2684 3887 3057 3944 descendebat
3088 3891 3331 3959 Jericbo,
3379 3901 3437 3947 et

1834 3981 2138 4038 latronibus
2173 3981 2487 4037 vulneratus
2513 3990 2597 4036 est
2623 4021 2638 4046 ,
2683 3980 2773 4035 illo
2808 3981 3088 4050 proximus
3128 3983 3435 4053 appellatur

1836 4077 1925 4145 qui
1957 4074 2294 4130 benefecerit
2320 4072 2475 4144 (an.
2502 4073 2579 4144 x).
2611 4073 2704 4129 Vel
2732 4085 2883 4130 certe
2901 4074 3054 4147 juxta
3078 4074 3435 4146 Septuaginta

1837 4166 1929 4238 qui
1960 4167 2222 4224 dixerunt
2250 4184 2265 4220 :
2300 4165 2366 4221 Et
2393 4164 2699 4221 domesticos
2727 4166 2934 4221 seminis
2961 4165 3039 4220 tui
3064 4182 3128 4221 ne
3152 4165 3433 4239 despicias,

1834 4261 2168 4323 domesticos
2211 4260 2441 4317 seminis
2467 4260 2591 4319 illos
2623 4259 2989 4329 intelligamus
3013 4303 3029 4328 ,
3057 4260 3126 4316 de
3155 4260 3353 4329 quibus
3382 4270 3438 4316 es

1837 4357 2131 4429 Apostolus
2159 4356 2343 4422 docet,
2368 4355 2624 4413 munibus
2649 4353 2951 4410 faciendam
2980 4368 3103 4411 esse
3132 4356 3439 4429 eleemosy—

1845 4468 2001 4517 nam,
2033 4451 2275 4509 maxime
2307 4461 2488 4507 autem
2532 4448 2852 4506 domesticis
2902 4449 3027 4507 ﬁdei
3059 4448 3277 4521 (Galat.
3311 4466 3365 4505 γι
3388 4449 3435 4519 ).

1840 4543 1924 4599 Illi
1954 4543 2101 4599 enim
2128 4558 2256 4598 caro
2286 4551 2473 4599 nostra
2493 4549 2624 4599 sunt
2647 4583 2663 4607 ,
2695 4550 2749 4598 ot
2793 4555 2979 4597 semen
3010 4552 3258 4598 nostrum
3286 4583 3302 4607 ,
3343 4543 3439 4612 qui

136 4644 485 4703 peccatorum
532 4636 929 4707 indulgentiam
981 4638 1333 4709 deprecatur.
1368 4640 1538 4699 Docet
1584 4640 1735 4698 Scri-
1765 4628 1812 4688 D
1837 4639 1906 4695 de
1936 4653 2043 4695 uno
2073 4636 2356 4695 nobiscum
2394 4646 2624 4707 parente
2662 4644 3014 4706 generantur.
3055 4637 3139 4692 Ad
3168 4651 3308 4708 quos
3332 4652 3437 4691 cx~

136 4735 293 4794 plura
314 4726 499 4787 divina
518 4768 533 4792 ,
566 4736 628 4783 ut
654 4728 991 4791 dimittamus
1017 4730 1359 4790 debitoribus
1388 4734 1589 4791 nostris
1613 4773 1631 4799 ,
1673 4743 1735 4789 ut

135 4830 183 4883 et
204 4819 368 4885 Pater
388 4820 631 4883 cmlestis
651 4821 889 4881 dimittat
922 4823 1081 4879 nobis
1106 4824 1290 4881 debita
1319 4835 1504 4885 nostra
1534 4826 1730 4900 (Mare.

138 4913 234 4984 xl).
264 4914 442 4975 Vetus
471 4926 660 4975 narrat
684 4916 933 4983 historia,
950 4932 1096 4973 anno
1117 4918 1455 4979 remissionis
1476 4920 1734 4989 septimo.

140 5012 217 5069 vel
248 5010 706 5082 quinquagesimo
730 5050 748 5079 ,
775 5013 867 5083 qui
897 5021 984 5071 est
1014 5027 1171 5069 verus
1198 5012 1462 5071 Jubilaeus
1490 5056 1504 5079 ,
1540 5030 1736 5071 omnes

139 5105 515 5173 possessiones
539 5105 725 5165 redire
750 5106 821 5171 ad
845 5106 1121 5176 dominos,
1149 5116 1207 5165 et
1232 5106 1380 5164 reddi
1408 5108 1585 5165 servis
1619 5109 1740 5177 pri-

138 5197 330 5251 Stinam
356 5197 690 5262 libertatem,
715 5208 1018 5269 cunctaque
1047 5200 1287 5264 nomina,
1313 5214 1435 5269 quas
1461 5201 1620 5269 vulgo
1645 5214 1744 5269 ap-

142 5292 339 5359 pellant
367 5295 672 5357 cautiones,
707 5292 862 5348 irrita
900 5293 1016 5349 ﬂori
1065 5292 1273 5363 (Leuit.
1308 5308 1415 5349 xxv
1445 5302 1491 5348 et
1521 5308 1666 5348 ιιι-ιι
1696 5295 1740 5363 ).

140 5380 194 5434 Si
222 5380 331 5454 [ΑΙ.
363 5382 488 5453 Sin)
517 5393 703 5438 autem
730 5383 832 5439 hoc
860 5384 1030 5440 veteri
1058 5384 1201 5455 Lege
1230 5384 1426 5454 (Exod.
1459 5383 1570 5455 nt)
1599 5396 1742 5452 prte-

141 5475 334 5546 cipitur
379 5497 393 5532 :
438 5490 645 5549 quanto
676 5479 846 5550 magis
878 5480 929 5536 in
963 5479 1289 5554 Evangelia.
1320 5478 1411 5537 ubi
1440 5478 1654 5552 (Μηιιιι.
1686 5476 1740 5551 ν)

180 5678 183 5681 η
212 5652 237 5680 α
266 5643 627 5707 Ambracian.
654 5645 949 5713 antiquior.
972 5644 1049 5700 vel
1072 5645 1241 5701 ruinae
1258 5653 1354 5697 est.
1381 5642 1518 5697 Tum
1549 5642 1743 5701 ordino

142 5713 387 5785 inverso,
421 5713 574 5772 Unde
601 5723 649 5771 et
673 5714 865 5770 tabulis
884 5731 1050 5779 nocte,
1083 5724 1192 5771 etc.
1226 5714 1551 5771 nitebantur
1578 5729 1744 5785 porro

139 5783 357 5840 Tabula!
404 5800 590 5853 nunc,
643 5787 869 5853 quando
916 5802 1039 5841 cum
1089 5786 1374 5841 creditoris
1435 5783 1632 5854 injuria
1689 5794 1746 5841 ct

140 5858 342 5920 damno
368 5858 533 5938 simul
564 5872 626 5913 ac
654 5857 824 5938 semel
870 5859 1053 5935 omnia
1081 5867 1309 5929 eatenus
1349 5866 1625 5915 contracta
1651 5856 1745 5919 dc-

1838 4732 2099 4791 tendebat
2132 4742 2187 4787 et
2218 4730 2469 4788 Salvator
2513 4745 2754 4794 manum,
2787 4730 2974 4783 dicens
3001 4746 3015 4781 :
3050 4728 3222 4783 Mater
3249 4742 3363 4782 mea
3389 4738 3441 4783 et

1840 4831 2029 4899 fratres
2054 4826 2154 4881 mei
2181 4825 2235 4879 Iti
2256 4835 2397 4891 sunt,
2431 4824 2519 4897 qui
2543 4823 2744 4900 faciunt
2773 4820 3092 4877 uoluntatem
3123 4820 3300 4877 Patris
3338 4821 3441 4876 mei

1845 4916 2040 4989 (Marc.
2072 4932 2153 4985 ut,
2182 4917 2275 4981 δι,
2305 4915 2422 4987 55).
2454 4916 2632 4985 Atque
2661 4921 2721 4970 ut
2745 4913 2984 4969 sciamus
3007 4929 3173 4968 unum
3193 4927 3316 4969 esse
3334 4912 3442 4968 Do-
3527 4986 3541 4994 _

1845 5010 2050 5065 miuum
2080 5052 2095 5077 ,
2126 5018 2183 5065 et
2206 5052 2221 5074 ,
2268 5009 2392 5065 novi
2420 5017 2475 5063 ct
2503 5008 2703 5065 veteris
2727 5007 3073 5063 lnstrumenti
3098 5049 3113 5074 ,
3163 5007 3357 5063 eadem
3386 5017 3446 5069 es

1844 5104 2107 5163 Dominus
2139 5103 2375 5174 loquitur
2404 5101 2459 5157 in
2489 5100 2786 5171 Evangelio
2826 5099 2898 5156 de
2928 5099 3014 5155 bis
3045 5100 3135 5171 qui
3168 5100 3221 5155 in
3246 5099 3336 5155 die
3355 5098 3444 5170 ju-

1843 5198 1969 5253 dicii
2010 5212 2039 5251 a
2071 5196 2277 5252 dextris
2303 5195 2495 5249 staturi
2527 5203 2655 5248 sunt
2681 5212 2694 5249 :
2737 5193 2914 5248 Venite
2938 5238 2952 5262 ,
2987 5194 3237 5248 benedicti
3268 5191 3449 5246 Patris

1845 5292 1966 5357 mei,
2000 5288 2254 5361 possidete
2269 5302 2481 5360 regnum
2507 5296 2858 5358 praeparatum
2876 5286 3015 5343 nobis
3038 5286 3449 5342 sconstilntione

1846 5382 2045 5435 mundi.
2076 5378 2287 5433 Eam-iui
2311 5379 2446 5433 enim
2469 5389 2515 5433 et
2542 5379 2756 5433 dedistis
2779 5379 2908 5432 mihi
2935 5378 3267 5431 manducare.
3294 5374 3447 5428 Sitiri

1846 5483 1893 5529 et
1918 5472 2132 5537 dedistis
2162 5472 2289 5526 mihi
2316 5471 2503 5526 bibere.
2540 5470 2792 5543 Inﬁrmus
2818 5485 2977 5539 eram,
3002 5478 3049 5527 et
3077 5470 3131 5529 in
3159 5484 3381 5535 carcere,
3399 5476 3447 5521 et

1852 5640 1960 5695 bitu
1990 5633 2440 5707 expungebantur
2490 5643 2655 5703 atque
2693 5630 3090 5707 abolebantur,
3136 5630 3363 5707 perinde
3386 5643 3450 5686 ac

1850 5713 1895 5765 si
1926 5701 2103 5786 soluta
2122 5701 2235 5786 jain
2262 5708 2509 5786 fuissent.
2541 5701 2710 5784 ipim»
2745 5704 3131 5786 incumbant
3154 5701 3450 5786 lltcrkno-

1852 5791 1950 5909 ῗειι,
1984 5771 2176 5915 leraeei
2212 5771 2563 5850 appellabant
2585 5771 2611 5832 ’ς
2644 5794 2780 5850 quos
2822 5776 2963 5833 inter
3002 5774 3269 5835 Diodorus
3293 5774 3452 5830 Sicu-

1878 5870 1940 5919 us
2009 5871 2019 5907 ι
2068 5894 2080 5908 .
2114 5867 2234 5924 six.
