3932 6328
484 251 589 310 567
1726 244 1790 303 Β.
1834 244 2113 303 EUSEBll
2155 242 2535 302 lllERONYMI
3690 240 3781 298 568

483 371 693 426 venistis
714 370 782 424 ad
809 384 911 423 me.
960 366 1298 437 Peregrinus,
1342 377 1388 419 et
1425 364 1647 418 duxistis
1675 378 1754 418 me
1797 363 1852 417 in
1880 361 2090 416 domum
2116 363 2166 424 Α
2195 360 2344 416 nium
2368 370 2541 427 tuum,
2575 370 2631 416 et
2684 370 2963 431 erumpet.
2984 359 3313 416 matutinum
3367 357 3559 414 lumen
3602 366 3776 423 tuum;

487 474 727 518 uestram.
779 459 848 514 Et
895 459 1100 527 nudus,
1148 468 1197 514 et
1223 459 1442 513 vestistis
1466 472 1548 511 me
1574 454 1801 530 (Matth.
1835 470 1945 509 xxv
1969 499 1984 523 ,
2022 452 2093 510 54
2193 453 2357 528 393
2382 452 2467 509 sol
2499 452 2757 508 videlicet
2804 452 3051 522 justitiaa,
3084 451 3154 508 de
3180 466 3288 522 quo
3318 449 3624 506 Malachias
3673 463 3781 515 pro-

491 554 677 623 θείη).
702 553 925 622 lllisque
955 550 1261 607 humilitate
1287 550 1616 617 dicentibus,
1644 564 1703 603 se
1733 547 1865 603 nihil
1899 546 2094 602 fecisse

492 646 722 700 Domino
747 644 1038 710 Salvatori,
1073 643 1354 713 respondit
1395 660 1409 696 :
1458 641 1721 709 Quamdiu
1760 640 1953 710 fecistis
2002 637 2094 692 uni

491 738 555 791 de
585 737 834 799 fratribus
873 737 997 792 meis
1035 737 1282 800 minimis,
1310 736 1434 790 mihi
1460 736 1674 806 fecistis.
1721 733 1880 790 Juxta
1911 741 2096 801 tmpo-

493 830 689 900 logiam
720 831 836 885 haec
861 844 1151 900 possumus
1172 829 1355 885 dicere
1402 846 1415 882 :
1462 829 1563 897 Qui
1588 827 1796 898 jejunat
1823 826 1892 881 ab
1922 825 2095 881 omni-

492 924 593 980 bus
623 924 800 991 malis,
832 932 889 980 et
917 925 1030 979 vult
1056 940 1211 979 suum
1239 923 1506 994 jejunium
1536 921 1755 991 respici,
1787 936 1891 975 non
1920 920 2094 976 solum

492 1017 729 1074 declinet
754 1033 783 1070 a
814 1016 978 1081 malo,
1009 1016 1106 1071 sed
1136 1028 1190 1072 et
1218 1015 1381 1070 faciat
1401 1016 1625 1080 bonum,
1653 1022 1710 1069 ut
1735 1013 1910 1069 solvat
1935 1028 2097 1067 omne

494 1109 768 1164 vinculum
814 1109 979 1181 692
1030 1108 1373 1178 iniquitatis,
1425 1123 1533 1177 quo
1573 1096 1849 1177 simplices
1896 1103 2097 1176 quique

494 1201 882 1266 credentium,
934 1202 1313 1258 haereticorum
1359 1200 1641 1256 fraudibus
1682 1199 1919 1269 colligati
1945 1207 2092 1253 sunt.

496 1292 566 1349 Et
590 1295 960 1369 στραγγαλιὰς,
996 1294 1334 1367 obligationes
1363 1294 1719 1350 violenturum
1751 1301 2094 1358 tractatuum,

493 1402 631 1455 quas
680 1396 737 1440 et
786 1386 840 1440 in
874 1388 1082 1457 psalmo
1117 1385 1390 1454 Pmpheta
1436 1385 1815 1451 demonstrat,
1857 1384 2094 1440 dicens:

500 1480 833 1536 Deciinantes
874 1491 1045 1536 autem
1090 1483 1145 1535 in
1184 1481 1545 1553 obligationes,
1591 1481 1809 1535 adducet
1843 1478 2098 1534 Dominus

496 1590 614 1627 cum
642 1576 971 1640 operantibus
1002 1576 1325 1646 iniquitatem
1352 1573 1489 1646 (Ps.
1526 1588 1685 1628 cxxtv
1711 1616 1727 1641 ,
1757 1570 1850 1643 5).
1895 1569 2098 1627 Omnes

497 1668 644 1722 enim
675 1668 766 1738 qui
795 1668 1175 1723 haereticorum
1208 1667 1440 1724 vinculis
1474 1667 1787 1738 alligantur,
1822 1666 2098 1722 declinant

2198 547 2362 617 pheta
2381 560 2447 601 ex
2472 558 2709 615 persona
2729 543 2827 600 Dei
2856 543 3040 600 Patris
3078 543 3314 614 loquitur
3344 558 3361 600 :
3389 540 3612 597 Orietur
3655 539 3780 595 vobis

2197 638 2491 695 timentibus
2521 656 2707 694 nomen
2757 654 2947 706 meum,
2995 638 3073 694 sol
3114 638 3360 710 justitite,
3411 646 3465 693 et
3520 637 3718 691 sanitas
3741 638 3780 690 in

2196 734 2377 806 pennis
2400 734 2513 803 ejus
2535 730 2878 806 (Malacluv,
2900 722 3090 802 2).Qni
3115 733 3186 788 ibi
3219 731 3424 798 sol,hic
3454 731 3547 787 lux
3575 729 3779 787 dicitur.

2198 825 2360 881 Sicut
2386 824 2535 879 enim
2563 825 2834 880 matutina
2860 824 2955 879 lux
2979 823 3146 879 solvit
3162 823 3420 879 tenebras
3455 841 3468 876 :
3505 823 3581 877 ita
3614 822 3781 878 lumen

2198 918 2445 974 scientite
2477 930 2532 973 et
2558 917 2808 973 veritatis
2835 932 3027 974 omnes
3053 931 3285 973 errores
3310 916 3482 988 fugat.
3498 915 3572 971 Et
3592 916 3781 972 sanita-

2198 1019 2298 1077 tes,
2329 1012 2524 1081 inquit,
2564 1020 2665 1065 tute
2685 1010 2787 1066 cito
2810 1010 3063 1064 orientur.
3115 1008 3221 1063 l’ro
3276 1023 3386 1075 quo
3425 1006 3648 1077 Aquila,
3677 1021 3785 1062 ver-

2199 1103 2326 1158 bum
2356 1102 2428 1159 de
2451 1103 2619 1159 verbo
2646 1105 2985 1174 exprimens,
3020 1102 3204 1173 posuit
3234 1119 3248 1156 :
3281 1099 3349 1155 Et
3376 1102 3604 1157 cicatrix
3625 1102 3787 1155 vulne-

2201 1197 2274 1251 ris
2301 1196 2377 1251 tui
2398 1196 2498 1250 cito
2522 1196 2838 1264 abducetur;
2861 1204 2921 1251 ut
2946 1196 3159 1251 scilicet
3183 1195 3408 1251 vulnera
3453 1201 3788 1266 peccatorum

2202 1297 2512 1343 nostrorum
2560 1287 2629 1342 ad
2664 1296 2844 1343 ortum
2876 1285 3010 1341 solis
3038 1286 3295 1357 juStitite,
3326 1287 3436 1343 cito
3465 1287 3703 1342 obducta
3722 1285 3788 1341 ei-

2201 1382 2431 1448 catrice,
2458 1380 2814 1437 claudantur.
2851 1380 2956 1436 Pro
2984 1396 3052 1435 eo
3071 1381 3219 1451 quod
3244 1378 3607 1451 Septuaginta
3639 1388 3794 1434 trans-

2204 1473 2448 1531 tulerunt
2492 1478 2559 1531 τὰ
2603 1475 2799 1547 ἰάματά
2839 1495 2935 1529 σου
2961 1515 2977 1540 ,
3009 1472 3063 1528 id
3109 1484 3217 1538 est,
3263 1473 3516 1528 sanitates
3540 1482 3670 1537 tute,
3703 1471 3791 1527 La-

2203 1570 2300 1624 tini
2332 1569 2659 1638 interpretes
2684 1567 2837 1625 ducti
2888 1568 3128 1623 nominis
3179 1568 3568 1636 similitudine,
3604 1570 3787 1640 ἱμάτια,

2204 1663 2256 1718 id
2287 1672 2391 1729 est,
2413 1664 2715 1718 vestimenta
2741 1672 3063 1733 posuerunt.
3102 1661 3255 1720 Unde
3304 1662 3461 1718 ntulti
3491 1665 3791 1719 translatio.

496 1774 526 1812 a
560 1759 828 1835 Domino;
856 1768 912 1816 et
940 1762 1096 1831 quasi
1129 1762 1228 1817 bos
1253 1762 1448 1817 ductus
1466 1763 1535 1817 ad
1566 1762 1840 1819 victimam
1869 1779 1884 1827 ;
1915 1775 1969 1818 et
1996 1762 2096 1817 eli-
2132 1763 2176 1823 Β
2207 1756 2291 1812 nis
2340 1756 2579 1812 falsitate
2640 1756 2879 1828 decepti,
2928 1756 2996 1812 ad
3036 1757 3507 1814 resurrectionem
3558 1759 3792 1835 corporis

496 1856 630 1917 gunt
678 1859 843 1921 atque
897 1859 1239 1906 commutant
1297 1868 1396 1923 pro
1448 1854 1683 1908 veritate
1739 1853 2103 1909 mendacium.

497 1942 813 1998 Istiusmodi
863 1944 1028 2014 igitur
1074 1943 1326 1999 homines
1349 1985 1365 2011 ,
1397 1946 1487 2014 qui
1525 1955 1650 1999 sunt
1697 1944 1849 2000 fracti
1878 1944 2103 2015 judicio,

496 2032 742 2089 dimittat
769 2037 852 2090 vir
883 2035 1300 2093 Ecclesiasticus
1339 2046 1500 2107 atque
1547 2037 1846 2104 dissolvat;
1893 2046 1948 2093 et
1987 2054 2108 2092 om-

500 2144 624 2183 nem
654 2129 987 2201 scripturam
1033 2131 1416 2187 ha:reticorutn
1438 2173 1453 2198 ,
1504 2131 1574 2188 de
1603 2131 1798 2203 quibus
1829 2130 1919 2186 hic
1960 2130 2104 2187 idem

506 2222 782 2293 Propheta
804 2225 937 2280 dii-it
962 2244 976 2280 :
1018 2225 1112 2281 Vte
1138 2227 1228 2298 qui
1252 2228 1482 2283 scribunt
1504 2228 1854 2299 iniquitatem:
1878 2227 2103 2282 scriben-

500 2326 573 2368 tes
603 2316 744 2369 enim
766 2316 1291 2388 scribuntmaiitiam,
1321 2320 1580 2390 rapientes
1600 2320 1865 2392 judicium
1905 2336 2107 2391 paupe-

501 2425 613 2462 rum
635 2410 818 2480 p0puli
838 2412 937 2465 mei
964 2409 1121 2484 (Isai.
1146 2417 1243 2483 x,ll
1260 2456 1275 2477 ,
1298 2414 1375 2486 2),
1393 2416 1571 2470 solvat
1597 2425 1760 2486 atque
1777 2414 2099 2485 disrumpat,

504 2510 565 2555 ut
604 2517 946 2573 nequaquam
996 2496 1207 2576 laqueis
1261 2507 1377 2560 suis
1414 2506 1691 2576 simplices
1724 2521 1969 2577 quosque
2027 2517 2105 2563 te-

504 2607 668 2650 neant
694 2597 959 2652 irretitus.
995 2598 1207 2654 Etcum
1244 2603 1347 2654 hoc
1370 2600 1581 2666 fecerit,
1609 2600 1821 2671 frangat
1841 2601 2105 2657 doctrinae

501 2688 912 2747 Ecclesiasticte
942 2693 1313 2749 esurientibus
1335 2711 1529 2765 panem
1558 2712 1714 2751 suum
1736 2738 1752 2764 ,
1800 2696 1945 2766 quod
1976 2696 2105 2754 fecit

502 2788 557 2833 et
589 2780 849 2835 Dominus
873 2822 891 2849 ,
924 2783 1124 2839 fractos
1153 2799 1319 2855 panes
1358 2786 1639 2857 Apostolis
1666 2789 1933 2855 tribuens,
1969 2803 2106 2859 quos

503 2871 586 2926 eis
613 2873 670 2927 in
700 2882 910 2944 septem
953 2877 1156 2946 sportis
1185 2888 1238 2933 et
1276 2879 1562 2936 duodecim
1590 2881 1872 2953 cophinis,
1903 2897 2105 2954 nequa-

503 2978 667 3033 quam
686 2965 933 3036 integros
947 2969 1087 3024 sicut
1117 2969 1455 3028 habebantur
1481 2977 1534 3029 in
1557 2974 1727 3047 Lege,
1759 2976 1855 3031 sed
1880 2977 2105 3032 commi-

508 3066 671 3114 nutos
705 3067 869 3130 atque
913 3060 1222 3119 confractus
1261 3064 1316 3119 in
1342 3065 1638 3138 Evangelia
1684 3068 2015 3141 dereliquit,
2046 3083 2103 3128 ut

2208 1849 2699 1920 cotnprobandam,
2731 1850 2836 1907 hoc
2868 1860 3098 1908 utuntur
3126 1849 3474 1921 testimonio,
3519 1869 3632 1926 quo
3661 1854 3793 1910 scili-

2208 1952 2295 1998 cet
2323 1942 2709 1999 vestimentum
2738 1945 2935 2000 animse
2977 1959 3179 2017 corpus
3221 1947 3403 2018 accipi
3435 1947 3634 2017 velint,
3664 1946 3792 2019 quod

2209 2034 2386 2093 indie
2414 2037 2836 2093 resurrectionis
2884 2037 3114 2094 oriatur.
3172 2037 3245 2093 Et
3294 2039 3587 2105 antecedet,
3614 2040 3791 2108 inquit.

2205 2131 2262 2185 in
2284 2142 2562 2200 conspectu
2583 2139 2674 2184 tuo
2681 2130 2892 2199 iustitia
2920 2129 3179 2202 tuu(Gen.
3213 2132 3457 2202 xxx,53,
3490 2149 3598 2188 sec.
3619 2131 3793 2204 LXX).

2206 2222 2519 2279 Secundum
2551 2223 2686 2278 illud
2713 2223 2858 2294 quod
2892 2223 3138 2295 loquitur
3166 2222 3337 2280 Iacob
3370 2242 3385 2279 :
3413 2223 3680 2280 Exaudiet
3722 2240 3793 2278 nte

2209 2331 2323 2370 cras
2331 2316 2543 2388 justitia
2572 2331 2719 2381 mea;
2760 2329 2813 2371 et
2844 2316 3164 2387 implebitur
3205 2316 3351 2387 quod
3386 2318 3648 2388 scriptum
3675 2327 3789 2373 est:

2210 2407 2351 2463 Ecce
2371 2414 2557 2476 homo,
2583 2420 2637 2463 et
2660 2423 2831 2479 opera
2863 2409 3003 2480 ejus.
3036 2407 3105 2464 Et
3147 2410 3320 2483 gloria
3342 2407 3557 2465 Domini
3580 2410 3793 2464 circum-

2209 2504 2353 2558 dabit
2380 2513 2449 2569 te,
2513 2503 2671 2574 quasi
2717 2513 2869 2560 veste
2924 2503 3319 2575 pulcherrima,
3381 2513 3441 2559 ut
3482 2504 3792 2575 glorificeris

2208 2597 2352 2671 apud
2386 2598 2556 2654 Deum
2584 2607 2642 2654 et
2672 2598 2814 2670 apud
2840 2599 3117 2654 homines.
3139 2596 3287 2652 Tunc
3315 2596 3596 2665 inrocabis,
3624 2605 3668 2651 et
3694 2594 3795 2650 Do-

2207 2694 2378 2747 minus
2403 2692 2646 2747 exaudiet
2669 2707 2688 2747 :
2713 2691 2982 2760 clamabis,
3007 2701 3055 2745 et
3081 2692 3218 2747 dicet
3241 2708 3260 2746 :
3289 2690 3426 2747 Ecce
3461 2692 3665 2758 adsum,
3694 2706 3791 2748 non

2209 2800 2363 2853 voce,
2403 2784 2500 2840 sed
2552 2798 2758 2855 opere;
2799 2800 2908 2840 non
2953 2787 3341 2854 responsione,
3373 2786 3471 2840 sed
3503 2783 3789 2841 beneficiis.

2207 2877 2362 2946 Quod
2400 2878 2556 2948 juxta
2590 2878 2830 2933 litteram
2858 2883 2915 2933 et
2965 2877 3019 2932 in
3053 2876 3357 2948 Evangelia
3400 2878 3790 2951 comprobatur,

2207 2970 2426 3043 quando
2471 2970 2689 3027 dicente
2726 2969 2794 3026 ad
2827 2969 3118 3026 Dominum
3153 2971 3401 3042 leproso,
3428 2971 3492 3029 Si
3522 2974 3618 3037 vis,
3665 2982 3791 3043 potes

2207 3079 2289 3119 me
2316 3063 2590 3130 mundare,
2623 3063 2906 3134 respondit
2929 3062 3192 3119 Dominus
3220 3062 3450 3121 dicens:
3484 3063 3639 3133 Volo,
3662 3080 3793 3119 mun-

507 3147 779 3206 baberent
806 3154 951 3235 quod
983 3157 1313 3226 pauperibus
1350 3158 1682 3230 largirentur
1709 3162 1730 3234 (
1754 3160 1942 3217 Matth.
1969 3179 2036 3218 xv
2059 3162 2100 3235 ).
2132 3151 2179 3215 C
2210 3158 2354 3214 dare.

508 3243 655 3311 Quos
683 3246 884 3302 videris
907 3263 1015 3303 non
1047 3250 1307 3307 habentes
1334 3252 1576 3311 calorem
1614 3254 1741 3311 fidei
1768 3295 1784 3320 ,
1814 3259 1911 3311 sed
1951 3267 2108 3313 extra

507 3338 807 3396 Ecclesium
855 3341 1150 3414 frigoribus
1194 3345 1532 3403 infidelitatis
1584 3350 1869 3420 algentes,
1920 3352 2109 3422 inopes

506 3443 667 3503 atque
693 3438 1034 3507 peregrinos,
1077 3439 1262 3505 induc,
1299 3442 1405 3510 ait,
1433 3444 1485 3498 in
1510 3445 1731 3500 domum
1760 3454 1786 3482 ³
1815 3446 2105 3514 Ecclesiae,

507 3535 563 3580 et
590 3529 744 3597 operi
771 3529 1195 3601 incorruptionis
1222 3535 1429 3604 pallio;
1475 3545 1533 3591 ut
1564 3539 1743 3594 vestiti
1770 3539 1972 3595 Christi
2021 3555 2107 3595 tu-

509 3617 654 3685 nica,
705 3635 1047 3692 nequaquam
1076 3636 1333 3680 maneant
1359 3625 1412 3679 in
1452 3630 1740 3698 sepulcris,
1772 3630 1917 3700 quod
1945 3630 2012 3684 de
2043 3645 2110 3686 co

510 3710 766 3778 legimus,
802 3714 896 3782 qui
927 3728 1209 3782 possessus
1240 3731 1271 3769 a
1299 3718 1606 3775 daemonum
1637 3721 1885 3792 legione,
1933 3721 2111 3778 nudus

508 3800 788 3857 habitabat
812 3805 865 3858 in
889 3806 1167 3861 memoriis
1199 3821 1561 3866 mortuosum.
1613 3812 1879 3883 Cumque,
1912 3814 2104 3885 inquit,

508 3893 626 3949 hmc
643 3892 853 3959 feceris,
871 3909 924 3952 et
938 3896 1239 3955 liberalitas
1261 3914 1347 3955 tua
1370 3903 1436 3956 ad
1459 3918 1650 3958 omnes
1663 3905 1906 3975 exposita
1923 3905 2105 3976 fuerit,

503 3991 818 4060 specialiter
844 4008 913 4050 ne
941 3993 1209 4064 despicias
1229 3995 1562 4054 domesticos
1586 3999 1735 4055 lldei.

579 4083 768 4154 (Vers.
800 4084 946 4156 8,9.)
976 4086 1366 4162 Tuncerumpet
1387 4092 1539 4162 quasi
1570 4109 1717 4147 mane
1741 4093 1915 4148 lumen
1936 4102 2099 4161 tuum,

505 4186 555 4230 et
582 4178 778 4232 sanitas
806 4188 895 4233 tua
924 4181 1026 4235 cito
1055 4180 1239 4254 [Vulg.
1273 4182 1450 4256 citius]
1478 4185 1691 4251 orietur,
1720 4197 1768 4242 et
1794 4186 2004 4241 anteibit
2026 4189 2111 4260 fa-

509 4268 641 4321 ciem
671 4277 813 4322 tuam
843 4271 1058 4343 justitia
1088 4284 1178 4329 tua
1200 4291 1220 4328 :
1250 4285 1299 4329 et
1326 4276 1496 4349 gloria
1539 4276 1753 4333 Domini
1802 4278 2008 4350 colliget
2037 4290 2104 4337 te.

508 4358 659 4415 Tunc
688 4363 969 4433 invocabis,
1010 4375 1057 4419 et
1106 4365 1360 4424 Dominus
1407 4370 1648 4428 exaudiet
1691 4390 1712 4428 :
1740 4373 1989 4429 clamabis
2010 4418 2024 4443 ,
2057 4386 2108 4431 et

508 4454 683 4508 dicet:
709 4453 846 4511 Ecce
871 4457 1078 4513 adsum.
1118 4458 1303 4516 LXX:
1341 4460 1486 4518 Tunc
1532 4476 1767 4535 erumpet
1790 4468 2106 4522 matutinum

2282 3251 2303 3323 (
2327 3250 2481 3307 Vers.
2518 3251 2603 3307 10.
2629 3249 2649 3323 )
2681 3250 2743 3308 Si
2767 3249 3046 3307 abstuleris
3069 3251 3134 3307 de
3157 3251 3328 3306 medio
3357 3252 3435 3308 tui
3460 3262 3690 3308 catenam
3711 3293 3725 3318 ,
3747 3263 3791 3306 et

2211 3345 2422 3400 desieris
2445 3345 2667 3416 digitum
2695 3343 2970 3400 extendere
2989 3388 3003 3411 ,
3034 3355 3081 3399 et
3107 3343 3251 3416 loqui
3270 3344 3409 3416 quod
3439 3361 3547 3400 non
3572 3344 3781 3416 prodest.

2212 3436 2343 3492 Cum
2386 3436 2633 3506 eﬂ’uderis
2683 3438 2932 3493 esurienti
2984 3438 3211 3493 animant
3258 3448 3438 3507 tuam,
3496 3449 3548 3495 et
3585 3440 3788 3495 animata

2209 3532 2447 3603 afﬂictam
2467 3532 2739 3601 repleueris
2764 3548 2784 3587 :
2808 3542 2929 3586 tunc
2954 3531 3137 3604 [Volg.
3166 3533 3324 3589 abest
3347 3533 3499 3608 tunc]
3535 3537 3717 3592 orietur
3737 3535 3788 3589 in

2213 3626 2434 3680 tenebris
2462 3626 2554 3681 tua:
2581 3635 2694 3693 tua,
2725 3635 2774 3681 et
2802 3625 3023 3681 tenebrat
3076 3638 3180 3682 tua:
3204 3636 3356 3682 erunt
3376 3630 3517 3683 sicut
3552 3628 3787 3684 meridies.

2213 3716 2355 3773 LXX
2387 3733 2406 3772 :
2433 3717 2495 3772 Si
2542 3716 2820 3773 ubstuieris
2845 3736 2877 3773 a
2904 3728 2954 3773 te
2980 3720 3392 3792 colligationem,
3425 3731 3475 3775 et
3522 3721 3783 3777 ordinatio-

2212 3826 2328 3865 nem
2347 3820 2395 3863 et
2423 3810 2633 3865 verbum
2662 3814 3115 3877 nturmurationis,
3139 3823 3190 3868 et
3211 3814 3417 3870 dederis
3444 3817 3685 3871 esurienti
3704 3831 3784 3885 pa-

2212 3919 2329 3959 nem
2356 3911 2501 3959 tuum
2519 3919 2587 3959 ea:
2615 3905 2789 3960 animo
2813 3914 2923 3971 tuo,
2957 3914 3006 3960 et
3033 3907 3266 3961 animam
3312 3907 3642 3964 humiliatam
3666 3916 3783 3963 satu-

2209 4001 2403 4055 raueris
2434 4010 2599 4056 :tunc
2623 4002 2820 4056 orietur
2847 4002 2903 4056 in
2929 4002 3152 4057 tenebris
3182 4003 3357 4057 lumen
3380 4011 3552 4069 tuum,
3581 4013 3629 4059 et
3668 4012 3781 4057 tene-

2211 4094 2316 4149 brte
2363 4102 2464 4149 tute
2507 4104 2657 4149 erunt
2703 4095 2837 4149 sicut
2888 4094 3149 4150 meridies.
3186 4093 3427 4151 Verbum
3482 4096 3779 4153 Hebralcum

2210 4202 2356 4243 non
2388 4189 2575 4259 (nam
2597 4187 2636 4258 ),
2661 4186 2810 4258 quod
2838 4187 2892 4242 in
2932 4186 3171 4242 Jeremia
3202 4196 3413 4259 torques
3445 4191 3613 4260 ferrea
3638 4189 3781 4243 inter-

2210 4290 2457 4351 pretatur
2489 4281 2710 4356 (Jerem.
2747 4281 2927 4351 XVIII),
2956 4280 3007 4335 in
3044 4282 3303 4351 pnesenti
3359 4282 3600 4354 capitulo
3625 4282 3701 4338 bis
3722 4280 3781 4335 le.

2208 4378 2375 4448 gitur.
2409 4376 2466 4432 ln
2494 4390 2563 4434 eo
2591 4376 2738 4432 enim
2764 4375 2884 4430 loco
2917 4374 3009 4430 ubi
3054 4389 3222 4446 supra
3260 4376 3417 4446 juxta
3462 4375 3781 4448 Septuaginta

2210 4470 2449 4525 diximus
2478 4487 2492 4524 :
2518 4467 2755 4523 Dissolve
2785 4467 3125 4539 obligationes
3164 4469 3511 4525 uiolentarum
3530 4468 3558 4509 ιι
3584 4483 3784 4526 commu-

507 4547 683 4602 tumen
712 4558 877 4613 tuum,
907 4559 958 4605 et
984 4553 1236 4608 sanitates
1263 4565 1367 4611 tua:
1395 4558 1498 4611 cito
1535 4560 1797 4629 orientur,
1826 4570 1873 4615 et
1902 4562 2103 4633 prasibit
2134 4545 2188 4606 D
2213 4563 2486 4629 tationum,
2541 4558 2708 4633 69‘.
2745 4576 2843 4631 pro
2871 4576 2981 4616 uno
3026 4563 3197 4618 verbo
3225 4578 3374 4618 non
3426 4564 3659 4619 sciamus
3704 4574 3786 4616 eos

505 4638 562 4692 in
593 4650 871 4710 conspectu
893 4652 983 4697 tuo
999 4646 1214 4716 justitia
1244 4656 1352 4714 tua,
1375 4659 1429 4704 et
1448 4651 1616 4720 gloria
1642 4649 1741 4707 Dei
1765 4653 2106 4708 circumdabit

505 4744 574 4789 te.
608 4733 756 4791 Tunc
785 4737 1054 4807 clamabis,
1084 4750 1131 4796 et
1157 4740 1297 4797 Deus
1323 4744 1564 4800 exattdiet
1584 4756 1649 4801 te.
1681 4746 1863 4803 Adhuc
1888 4749 2106 4820 loquen-

502 4838 553 4882 te
596 4839 668 4897 te,
711 4832 865 4895 dicet,
920 4833 1054 4890 Ecce
1101 4837 1307 4892 adsum.
1357 4838 1591 4906 Quando
1624 4839 1713 4895 illa
1756 4856 1865 4897 non
1900 4841 2102 4898 feceris

507 4937 631 4991 qua:
660 4926 971 4988 prmteritus
1027 4944 1209 4986 sermo
1251 4924 1526 5001 narravit,
1571 4943 1627 4989 et
1668 4933 1773 4989 ista
1806 4933 2008 4991 feceris
2031 4935 2102 4992 de

506 5012 701 5083 quibus
742 5032 888 5073 nunc
931 5019 1170 5078 diximus
1201 5040 1216 5078 :
1246 5033 1377 5082 tunc
1425 5026 1766 5100 acceptabile
1815 5027 1923 5084 erit
1964 5028 2106 5100 jeju-

595 5209 624 5237 ι
654 5199 1207 5282 Brixianusvetustus
1235 5211 1360 5265 cod.
1395 5226 1567 5281 penes
1592 5212 1825 5282 Victor.,
1858 5214 2017 5268 induc
2045 5216 2098 5268 in

504 5273 718 5357 domum
745 5281 907 5357 tuam,
943 5279 1039 5331 hoc
1069 5287 1143 5357 est
1170 5282 1223 5334 in
1260 5273 1473 5336 domum
1516 5282 1762 5341 Ecclesia
1788 5273 2002 5357 {quam
2045 5294 2100 5342 et

503 5344 625 5414 ipse
670 5344 957 5401 lectionem
992 5350 1206 5414 probat.
1317 5389 1320 5393 ν

577 5412 605 5452 δ
634 5414 870 5482 Repoitit
901 5412 1107 5495 Victor.
1142 5424 1441 5479 cantionum
1464 5440 1562 5495 pro
1618 5429 2099 5495 commutationum,

505 5499 859 5563 erroremque
888 5492 966 5547 ait
993 5502 1178 5563 patere
1216 5511 1283 5551 ex
1310 5492 1521 5562 verbis,
1564 5498 1793 5561 ipsoque
1832 5506 1932 5554 τῶν
1959 5492 2100 5554 LXX

506 5557 811 5643 tjextuq‘Sed
862 5578 968 5643 non
994 5557 1365 5643 'dil’litentlnm
1425 5557 1759 5643 «maxime
1805 5579 1861 5624 et
1905 5585 2103 5643 secun-

505 5627 632 5680 dum
677 5628 888 5687 Graeca:
933 5635 1128 5704 lingua!
1158 5641 1573 5708 proprietatem.
1601 5627 1952 5708 inii-rprt-tnri
1978 5640 2106 5695 Hie-

507 5709 808 5781 T09);l'l|lltn.
834 5708 1283 5781 comnmtationent
1310 5713 1364 5763 in
1407 5712 1649 5766 subnexa
1693 5711 2061 5781 expositione.

581 5774 603 5802 ε
632 5764 836 5838 Nostri,
867 5782 923 5828 et
948 5790 1086 5843 quos
1115 5778 1364 5836 Martian.
1394 5764 1668 5838 consuluit
1687 5764 1717 5849 ,θ
1746 5764 1881 5839 mss.
1929 5764 2098 5839 non.

2211 4654 2462 4725 posuisse
2490 4654 2742 4707 violentas
2770 4654 3060 4721 cautiones,
3095 4669 3194 4724 pro
3213 4654 3416 4726 quibus
3443 4656 3640 4725 Aquila
3662 4668 3787 4710 erro-

2208 4763 2349 4814 rem,
2372 4745 2735 4818 Symmachus
2773 4747 3167 4804 declinationem
3188 4795 3202 4818 ,
3235 4748 3547 4806 'l‘heodotio
3573 4761 3596 4790 ο
3624 4750 3781 4813 κλοιόν,

2211 4840 2263 4895 id
2294 4848 2399 4907 est,
2433 4849 2686 4912 torquem,
2721 4843 3143 4899 transtulerunt.
3178 4842 3417 4899 Rursum
3457 4844 3512 4900 in
3544 4840 3782 4916 praesenti

2210 4934 2333 4989 loco
2390 4932 2488 4988 ubi
2533 4948 2634 4989 nos
2688 4937 2995 4992 vertimus:
3026 4935 3090 4992 St
3123 4936 3396 4992 abstuleris
3444 4938 3512 4991 de
3540 4933 3785 4992 ntediotsi

2212 5039 2480 5095 catenam,
2514 5036 2569 5083 et
2610 5042 2711 5098 pro
2753 5037 2938 5083 catena
2992 5027 3349 5101 Septuaginta
3399 5028 3692 5104 σννδσσμόν,
3738 5024 3781 5081 id

2206 5213 2264 5269 S.
2319 5212 2517 5268 Doctor
2553 5212 2650 5269 lib.
2702 5212 2773 5269 de
2825 5211 3154 5281 Nominibus
3180 5212 3467 5268 Hebraicis
3491 5227 3558 5268 ex
3591 5211 3776 5268 Josue:

2208 5284 2372 5357 Luca,
2405 5284 2606 5357 inquit.
2651 5284 2861 5353 quidam
2888 5285 3298 5357 interpretantur
3332 5285 3502 5357 adadv
3526 5327 3541 5348 ,
3574 5293 3776 5357 torquem

2207 5354 2441 5411 uidelicet
2465 5353 2852 5428 damnatorum,
2868 5353 3039 5428 Aquam
3053 5356 3214 5428 uulgo
3242 5353 3425 5410 Boiam
3454 5364 3652 5409 uocant.
3686 5353 3775 5407 Pa-

2210 5428 2293 5483 ria
2334 5428 2497 5482 habet
2520 5425 2747 5481 inferius
2776 5426 2833 5481 in
2856 5424 3113 5482 Ieremia:
3140 5424 3264 5488 can.
3293 5441 3460 5482 xxvn.

2283 5497 2644 5552 —'I‘Iteodotio
2670 5498 2851 5563 κλοιὸν,
2874 5509 2980 5553 etc.
3005 5496 3132 5553 Mss.
3158 5497 3376 5554 codices
3393 5499 3574 5567 legunt
3593 5499 3771 5567 turos

2213 5582 2267 5625 ut
2327 5580 2486 5647 antea
2540 5558 2968 5647 observavimus
3006 5568 3324 5647 ad_librum
3386 5558 3671 5647 ﬂaminum
3710 5558 3766 5647 a‘d

2213 5655 2402 5696 vocem
2431 5640 2596 5702 Luea,
2626 5650 2785 5707 quam
2826 5640 3049 5709 quidam
3091 5640 3585 5709 interpretatigsunt
3627 5635 3764 5690 κλοιὸν

2211 5721 2459 5782 torquem
2492 5709 2750 5767 videlicet
2786 5707 3205 5776 damnatorum,
3229 5712 3393 5782 vulgo
3418 5707 3599 5782 Dnjam
3619 5715 3761 5759 voca-

2209 5780 2339 5840 tam.
2372 5783 2612 5841 Consule
2639 5782 2817 5840 locum
2848 5792 2903 5840 et
2930 5781 3141 5840 scholia
3164 5780 3373 5840 nostra.
3413 5780 3665 5838 Missus.
