3932 6376
170 320 280 381 ξϐ)

678 323 1337 387 COIHIEN'I‘AIIIORUM
1374 326 1442 385 IN
1480 328 1716 389 ISAIMI
1755 331 1767 387 1

1871 330 2183 391 )PHETAM
2223 334 2358 395 LIB.
2400 335 2544 393 χνι.
2584 333 2745 395 CAP.
2788 335 2974 397 LVIII.

3372 341 3481 400 570

167 452 257 498 est
293 484 310 510 ,
360 442 747 519 colligationem
781 484 799 511 ,
848 445 966 501 sive
1015 446 1282 502 vinculum
1335 446 1765 516 transtulerunt;
1796 462 1846 524 Α
1872 452 2078 509 alienis.
2109 452 2266 509 Sicut
2292 469 2424 526 ergo
2462 454 2517 510 itt
2545 454 2983 514 ordinationibus
3004 456 3484 530 malorum,parti-

167 535 394 606 Aquila,
446 538 590 592 sicut
638 552 829 609 supra,
885 553 1112 594 errorem
1141 584 1156 609 ,
1205 540 1598 612 interpretatus
1653 551 1769 609 est;

169 625 541 701 Symmachus
579 631 633 685 in
672 629 1063 688 Theodotionis
1116 633 1253 688 scita
1302 632 1614 690 concedens
1660 632 1769 706 [ΑΙ.

170 720 519 794 concidens],
551 729 784 793 torquem
809 723 1013 794 posuit.
1032 722 1167 780 'Hoc
1194 725 1262 781 de
1305 726 1776 797 interpretationis

171 813 440 868 varietate
466 814 538 868 sit
565 814 794 870 dictum.
829 816 1085 887 Alioquin
1126 833 1325 874 sensus
1353 821 1434 876 sic
1455 836 1579 875 cum
1610 834 1773 888 supe-

167 903 415 960 rioribus
440 891 729 979 jungitur:
763 906 984 965 Orietur
1008 910 1104 965 tibi
1130 914 1392 967 matutina
1426 911 1537 981 lux,
1564 921 1619 969 et
1639 913 1778 968 sani-

168 1006 316 1053 tates
348 1007 453 1054 tute
475 999 586 1056 cito
617 1002 867 1058 orientur
893 1020 906 1057 :
936 1013 993 1058 et
1021 1003 1300 1074 prmcedet
1331 1013 1385 1061 te
1424 1005 1630 1077 justitia
1661 996 1776 1073 tua,

165 1102 226 1150 et
245 1093 419 1166 gloria
442 1094 989 1155 Domini‘coronabit
1026 1110 1100 1155 te.
1130 1099 1641 1173 Deprecantemque
1657 1111 1774 1159 sta-

167 1186 266 1242 tim
294 1186 570 1255 esaudiet,
628 1201 684 1246 et
734 1206 794 1247 se
840 1189 1098 1248 ostendet
1124 1207 1249 1250 esse
1288 1207 1646 1266 pra-sentem.
1697 1194 1775 1252 Ita

164 1277 474 1347 dumtaxat,
518 1281 562 1337 si
600 1281 667 1337 ad
695 1284 982 1355 superiora
1015 1299 1184 1356 opera
1237 1284 1355 1341 haec
1378 1301 1600 1358 quoque
1619 1287 1777 1344 addis

164 1371 342 1440 deris,
379 1380 438 1427 ut
467 1373 629 1430 tollas
655 1374 725 1431 de
773 1385 825 1432 te
865 1376 1256 1448 obligationem
1288 1390 1343 1433 et
1395 1389 1647 1435 catenam
1669 1396 1773 1451 qua

167 1476 263 1520 tua
286 1464 466 1521 anima
497 1468 755 1538 colligata
778 1479 881 1524 est.
914 1469 989 1525 De
1014 1484 1121 1540 qua
1147 1479 1202 1524 et
1224 1468 1417 1525 Petrus
1452 1469 1775 1542 loquebatur

162 1558 235 1613 ad
266 1557 553 1615 Simonem
584 1579 597 1613 :
624 1557 691 1614 In
718 1559 845 1630 [elle
873 1562 1011 1615 enim
1052 1562 1439 1630 amaritudinis,
1469 1572 1516 1615 et
1570 1563 1773 1635 obliga-

163 1653 309 1707 tione
335 1653 629 1724 iniquitatis
659 1654 810 1710 video
856 1665 905 1709 te
933 1671 1043 1712 esse
1073 1655 1216 1728 (Act.
1249 1672 1362 1726 vut,
1384 1656 1503 1728 23).
1539 1656 1605 1713 Et
1634 1658 1774 1713 Pau-

162 1744 254 1801 lus
307 1745 550 1815 dolebat,
592 1746 885 1819 obligatam
942 1763 1175 1805 cernens
1230 1748 1558 1805 idololatriae
1605 1749 1773 1806 Athe-

1871 559 2004 616 ceps
2025 554 2109 603 est
2139 557 2492 618 peccatorum
2521 547 2612 619 qui
2644 548 2782 605 tales
2809 549 3096 606 constituit
3127 568 3141 606 :
3173 551 3254 607 sic
3303 551 3359 608 itt
3390 568 3481 608 or-

1871 637 2149 694 dinatione
2176 641 2789 713 sanctorum,particeps
2806 651 2892 699 est
2912 657 3100 699 eorum
3128 642 3479 715 justitiae,qui

1874 733 2045 788 bonos
2089 732 2274 804 elegit.
2323 734 2581 805 Sequitur
2612 735 2715 792 :Et
2767 738 2974 793 uerbum
3023 741 3475 811 murmurationis,

1874 825 2217 894 subauditur,
2241 829 2344 884 ἀπὸ
2370 835 2560 898 κοινοῦ,
2585 830 2629 885 si
2655 830 2944 887 abstuleris
2967 841 3092 888 ate.
3116 831 3352 889 Verbum
3379 848 3479 889 au-

1875 929 1985 976 tem
2009 922 2454 977 murmurationis
2473 932 2576 993 est,
2603 924 2821 995 quando
2848 932 3047 981 contra
3091 940 3192 982 nos
3242 926 3483 998 loquitur

1876 1013 2020 1071 Deus
2050 1032 2064 1069 :
2099 1013 2366 1070 Desinata
2390 1033 2471 1070 me
2502 1018 2845 1073 murmuratio
2871 1017 3057 1089 populi
3085 1020 3264 1093 hujus,
3296 1029 3343 1074 et
3372 1036 3477 1076 non

1878 1108 2162 1173 morietur;
2194 1114 2497 1179 nostraque
2555 1118 2777 1180 peccata
2830 1110 3120 1166 referimus
3158 1111 3224 1165 ad
3281 1111 3472 1180 Deum,

1873 1200 1941 1257 ad
1968 1201 2312 1257 excusandas
2333 1204 2716 1258 excuSationes
2744 1203 2796 1258 in
2827 1202 3094 1274 peccatis,
3125 1212 3183 1259 et
3203 1203 3435 1260 dicimus
3462 1222 3475 1258 :

1871 1293 2126 1364 Corporis
2158 1310 2244 1350 me
2273 1294 2554 1362 superavit
2573 1294 2758 1362 ardor,
2791 1294 3468 1352 adolescentiaeiucentiva

1877 1389 2142 1451 vicerunt.
2166 1404 2196 1443 a
2221 1387 2335 1445 Deo
2355 1390 2480 1444 talis
2516 1396 2739 1446 creatus
2775 1403 2896 1444 sum
2926 1406 2940 1443 :
2976 1397 3270 1460 paupertas
3298 1389 3480 1462 coegit

1875 1480 1942 1535 ad
1968 1480 2195 1534 furtum.
2226 1480 2413 1550 Itaque
2441 1480 2622 1535 sinon
2666 1480 2957 1536 fecerimus
3007 1481 3107 1535 ista
3162 1495 3285 1551 quae
3331 1480 3477 1536 dicta

1874 1580 2019 1640 sunt,
2040 1580 2097 1628 et
2118 1574 2407 1628 fecerimus
2435 1586 2498 1628 ea
2525 1587 2648 1643 quae
2674 1571 2905 1628 dicenda
2927 1580 3079 1641 sunt,
3109 1581 3166 1628 ut
3187 1571 3479 1642 esurienti,

1876 1680 1982 1721 non
2012 1666 2152 1721 sicut
2195 1679 2382 1737 supra,
2441 1665 2636 1721 demus
2676 1679 2870 1736 panem
2904 1675 3178 1734 n0strum,
3226 1665 3324 1720 sed
3363 1665 3482 1722 ani-

1875 1773 2020 1814 mam
2046 1768 2323 1826 nostram,
2359 1767 2418 1814 ut
2445 1774 2570 1815 eum
2613 1759 2691 1814 in:
2719 1758 3154 1830 quibuscumque
3190 1772 3480 1831 possumus

160 1838 445 1893 niensium
468 1838 768 1896 civitatem.
802 1838 1046 1896 Funibus
1075 1841 1221 1897 enim
1263 1851 1608 1911 peccatorum
1638 1856 1766 1898 suo-
1802 1860 1845 1922 B
1873 1851 2211 1922 adjuvemus,
2236 1861 2293 1907 et
2319 1866 2428 1906 non
2459 1851 2617 1922 quasi
2646 1865 2715 1907 ex
2762 1850 2983 1907 tristitia
3028 1859 3082 1906 et
3113 1852 3470 1921 necessitate,

161 1944 287 1984 rum
321 1929 693 2002 unusquisque
718 1934 1114 2005 constringitur
1143 1930 1327 2006 (Prov.
1355 1939 1436 2005 v).
1468 1933 1545 1991 De
1574 1934 1771 2006 quibus

162 2023 368 2078 anima:
406 2024 641 2080 vinculis
668 2034 724 2081 et
758 2024 927 2082 David
967 2026 1290 2098 precabatur
1315 2029 1370 2083 in
1414 2028 1623 2099 psalmo
1655 2029 1770 2084 :Ab

164 2117 393 2172 occultis
420 2121 544 2174 meis
563 2121 756 2175 munda
778 2136 878 2190 me,
928 2119 1175 2190 Domine,
1223 2132 1272 2177 et
1309 2123 1375 2177 ab
1401 2122 1589 2178 alienis
1615 2140 1772 2194 parce

159 2228 310 2268 servo
341 2224 429 2269 tuo
466 2214 586 2287 (Ps.
614 2231 769 2284 svnt,
803 2216 917 2290 15).
952 2216 1181 2275 Ditficde
1232 2219 1503 2291 reperitur
1543 2221 1636 2292 qui
1685 2220 1770 2275 bis

160 2319 274 2361 non
308 2307 612 2379 stringatur
642 2312 879 2367 catenis.
928 2311 1075 2368 Raro
1106 2314 1378 2369 invenitur
1417 2315 1600 2370 anima
1646 2330 1770 2385 qua:

162 2402 307 2459 banc
327 2406 704 2475 gravissimam
729 2417 981 2480 torquem
1015 2425 1122 2466 non
1151 2408 1348 2467 habeat
1366 2425 1466 2465 suo
1491 2410 1638 2466 collo
1657 2411 1771 2467 ciro

162 2495 495 2563 cumdatatn,
527 2499 597 2555 ad
622 2511 836 2557 terrena
858 2517 919 2559 se
943 2517 1113 2573 opera
1141 2502 1562 2574 deprimentem,
1594 2512 1652 2559 ut
1681 2519 1769 2560 ne-

165 2602 439 2661 quaquam
469 2593 692 2661 coelum,
740 2596 834 2651 sed
871 2603 1074 2651 terram
1125 2598 1374 2667 aSpiciat.
1408 2597 1562 2668 Quod
1595 2608 1651 2654 et
1700 2599 1770 2654 de

167 2683 494 2758 Evangelica
520 2688 755 2746 refertur
783 2691 1035 2760 muliere,
1063 2706 1228 2762 quam
1260 2693 1509 2749 vinxerat
1537 2693 1770 2750 Satanas

164 2792 262 2849 per
291 2793 467 2836 annos
494 2781 685 2839 decem
713 2793 769 2840 et
787 2796 935 2853 octo,
969 2796 1025 2841 ιιι
1046 2787 1349 2857 incurvata,
1378 2788 1629 2844 caelestia
1658 2803 1769 2845 non

163 2872 380 2930 videret
429 2874 584 2947 (an;
611 2881 753 2951 XIII).
784 2878 841 2935 Si
886 2895 1041 2950 ergo,
1099 2881 1197 2947 ait,
1252 2882 1442 2937 tuleris
1488 2881 1556 2937 de
1586 2880 1770 2938 medio

158 2968 348 3024 cordis
375 2971 448 3025 tui
482 2969 625 3027 banc
640 2980 916 3043 catenam,
951 2984 1003 3030 et
1028 2973 1342 3031 istiusmodi
1364 2974 1578 3032 vincula
1608 2975 1771 3031 diss-io

158 3061 415 3132 paveris,
465 3073 520 3120 et
569 3069 962 3145 σχειροτονίαν,
1007 3081 1108 3138 pro
1153 3082 1256 3138 qua
1290 3076 1403 3125 tres
1454 3068 1544 3125 alii
1603 3069 1771 3125 inter-

159 3167 350 3229 pretes
398 3174 533 3217 voce
563 3177 839 3231 consona,
892 3171 1152 3219 extentum
1189 3164 1411 3235 digitum
1469 3164 1767 3220 transtule-

1871 1944 1967 2001 sed
1990 1962 2054 2001 ex
2097 1944 2283 2001 animo
2333 1944 2658 2011 tribuamus,
2711 1943 3046 2015 accipientes
3068 1945 3264 2016 magis,
3300 1959 3471 2014 quam

1870 2039 2065 2096 dantes
2116 2038 2481 2096 beneﬁcium:
2513 2038 2755 2094 Hilarem
2816 2039 2954 2093 enim
3000 2037 3238 2093 datorem
3294 2037 3474 2111 diligit

1872 2133 2010 2189 Deus
2026 2133 2091 2205 (ll
2105 2131 2460 2206 Cor.tx,7),ut
2474 2130 2711 2188 animam
2727 2130 3066 2189 esurientem
3080 2131 3199 2187 sive
3212 2130 3471 2188 afﬂictam

1872 2242 1977 2283 non
2021 2226 2399 2283 refocillemus
2438 2242 2509 2282 ex
2547 2236 2725 2297 parte,
2764 2225 2863 2281 sed
2894 2234 3243 2281 saturemus:
3278 2234 3333 2281 et
3377 2223 3477 2279 do-

1868 2319 2078 2376 leamus
2103 2334 2231 2376 cum
2259 2318 2594 2387 dolentibus,
2627 2318 3022 2389 lngeamusque
3071 2331 3193 2372 cum
3234 2315 3472 2387 lugenti-

1871 2411 1971 2468 bus
1997 2410 2176 2480 (Rom.
2224 2408 2348 2483 XII),
2388 2420 2516 2466 tunc
2544 2409 2755 2465 orietur
2787 2411 2840 2464 itt
2871 2408 3111 2465 tenebris
3147 2408 3241 2463 lux
3261 2418 3469 2475 noSIra,
3540 2462 3545 2467 ,

1869 2506 1961 2563 ille
1990 2509 2080 2577 qui
2110 2506 2249 2562 dicit
2274 2524 2288 2560 :
2320 2504 2436 2579 Ego
2452 2510 2546 2562 tua:
2571 2506 2684 2561 ueni
2704 2506 2758 2560 in
2784 2506 3033 2560 mundum
3069 2520 3090 2560 :
3115 2514 3172 2558 ut
3194 2504 3362 2559 omnis
3378 2504 3469 2577 qui

1870 2599 2033 2655 credit
2053 2601 2107 2655 in
2129 2617 2226 2667 me,
2260 2602 2317 2654 in
2340 2599 2558 2656 tenebris
2575 2616 2677 2654 non
2691 2608 2896 2654 maneat
2927 2614 2946 2654 :
2970 2597 3062 2653 sed
3086 2596 3271 2653 habeat
3301 2595 3467 2652 lucem

1872 2695 1987 2749 vitae
2009 2691 2294 2766 (Joanattt,
2319 2692 2439 2767 46).
2464 2693 2590 2749 Luci
2610 2710 2708 2749 rna
2736 2692 2883 2749 enim
2911 2696 3158 2765 corporis
3187 2693 3356 2748 nostri
3388 2700 3477 2749 est

1870 2786 2064 2842 oculus
2090 2805 2103 2842 :
2134 2788 2179 2843 si
2207 2787 2437 2858 simplex
2459 2786 2639 2854 fuerit,
2691 2796 2863 2842 totum
2912 2800 3115 2857 corpus
3139 2785 3308 2859 696
3338 2799 3469 2842 nos-

1871 2889 2016 2938 trum
2037 2883 2145 2939 erit
2166 2881 2427 2940 lucidum.
2455 2880 2511 2938 Si
2560 2890 2740 2936 autem
2780 2880 2871 2952 qui
2904 2880 2998 2936 lux
3052 2894 3175 2935 esse
3222 2879 3469 2947 deberet,

1871 2990 2065 3033 versus
2094 2975 2262 3033 fuerit
2305 2977 2357 3031 in
2389 2975 2676 3041 tenebras;
2732 2982 2862 3030 tunc
2907 2988 3071 3029 omne
3091 2984 3290 3043 corpus
3322 2982 3474 3026 tene-

1871 3068 2092 3126 brosum
2114 3070 2240 3136 erit,
2266 3080 2319 3125 et
2350 3068 2564 3123 dicetur
2583 3066 2743 3122 nobis
2784 3084 2796 3120 :
2833 3065 2895 3122 Si
2935 3066 3027 3121 lux
3051 3080 3168 3136 qua:
3214 3066 3267 3119 in
3300 3075 3347 3119 te
3373 3075 3469 3133 est,

1873 3160 2090 3217 tenebris
2117 3170 2262 3227 sunt,
2289 3161 2417 3231 ipsa:
2462 3158 2681 3214 tenebris
2708 3166 2918 3227 quanta:
2967 3168 3089 3213 sunt
3117 3156 3337 3226 (Matth.
3390 3171 3469 3224 νι,

164 3263 295 3308 runt
321 3271 335 3307 :
366 3263 427 3309 ut
452 3270 560 3310 non
579 3256 763 3312 solum
798 3257 1000 3312 malum
1020 3255 1139 3327 ipse
1167 3274 1274 3313 non
1302 3258 1543 3329 cogites,
1575 3266 1628 3313 et
1656 3272 1764 3314 non
1794 3247 1840 3310 C
1870 3254 1996 3329 23)!
2029 3252 2458 3311 Consideremus
2482 3251 2699 3321 quantis
2745 3249 3040 3304 virtutibus
3088 3248 3473 3320 perveniamus

157 3346 350 3416 facias,
375 3348 474 3405 sed
496 3366 561 3405 ue
588 3348 850 3406 detrahas
873 3351 1094 3420 quidem
1120 3353 1370 3433 proximo
1418 3363 1538 3418 tuo,
1571 3359 1626 3407 et
1651 3352 1767 3408 sitt-

152 3450 319 3519 gulos
362 3449 519 3518 quasi
551 3449 722 3520 digito
768 3460 946 3521 notes,
981 3462 1029 3506 el
1056 3452 1297 3523 loquaris
1335 3449 1480 3521 quod
1504 3465 1610 3506 non
1641 3465 1767 3521 pro-

153 3540 282 3598 dest
299 3542 500 3598 anima:
524 3551 654 3613 tute,
687 3561 793 3598 non
817 3551 908 3598 tua
935 3543 1103 3610 mala,
1137 3542 1237 3600 sed
1277 3543 1512 3599 aliorum
1543 3558 1766 3600 errores

155 3634 526 3692 considerans
551 3653 566 3693 :
593 3637 835 3707 accipies
852 3653 971 3708 qua;
1000 3651 1240 3707 sequens
1262 3650 1448 3693 sermo
1467 3636 1763 3693 subnectit.

155 3727 419 3802 Plerique
471 3738 782 3786 nostrorum
828 3732 1182 3808 χειροτονίαν,
1234 3729 1286 3785 id
1315 3737 1436 3795 est,
1479 3729 1767 3785 ordinatio-

153 3840 275 3880 nem
295 3821 637 3887 clericorum,
670 3837 793 3893 quae
824 3838 932 3877 non
970 3824 1148 3878 solum
1193 3821 1261 3877 ad
1312 3821 1764 3892 itnprecationem

151 3918 330 3985 vocis,
350 3915 634 3989 395m
663 3913 732 3971 ad
780 3915 1188 3986 impositionctn
1261 3915 1521 3987 impletur
1572 3930 1767 3972 manus

156 4013 252 4084 (ne
274 4013 515 4076 scilicet,
542 4020 602 4065 ιιι
632 4011 686 4066 in
719 4008 1046 4080 quibusdam
1082 4010 1324 4077 risimus,
1358 4011 1505 4067 vocis
1554 4010 1769 4081 impre-

152 4106 303 4163 catio
319 4102 661 4160 clandestina
690 4102 928 4159 clericos
944 4104 1161 4159 ordinet
1181 4105 1542 4173 nescientes),
1570 4105 1649 4160 sic
1679 4104 1765 4160 in-

157 4197 441 4269 telliguut,
472 4207 529 4252 ut
555 4208 836 4253 assumant
879 4198 1252 4253 testimonium
1290 4197 1443 4252 Pauli
1474 4198 1768 4253 scribentis

151 4292 223 4349 ad
250 4291 603 4348 Timotheum
639 4309 653 4346 :
680 4291 871 4347 Manus
892 4292 994 4346 cito
1026 4292 1219 4346 nemini
1248 4291 1582 4361 imposueris,
1608 4307 1769 4362 neque

152 4385 621 4441 communicaret-is
675 4385 1110 4454 peccatisclienis
1140 4382 1186 4455 (I
1219 4382 1356 4437 Tim.
1386 4398 1445 4449 ν,
1498 4381 1616 4453 22).
1646 4381 1765 4437 Non

151 4493 237 4538 est
268 4481 422 4537 enim
477 4490 762 4550 peccatum
809 4480 953 4545 leve,
1004 4480 1220 4536 mittere
1275 4478 1596 4547 margaritas
1639 4486 1769 4535 ante

154 4591 373 4647 porcos,
416 4587 473 4632 et
503 4575 636 4631 dare
684 4586 937 4631 sanctum
991 4575 1220 4631 canibus
1268 4571 1486 4646 (Matth.
1540 4570 1765 4643 vn):et

1868 3350 1936 3407 ad
1961 3351 2134 3405 lucem
2160 3346 2342 3414 Dei,ut
2366 3346 2606 3402 tenebra:
2620 3354 2905 3400 vertantur
2929 3344 2981 3397 in
3012 3341 3475 3409 meridiem,dica-

1869 3456 2099 3513 musque
2115 3456 2240 3498 cum
2259 3453 2461 3512 sponsa
2487 3456 2502 3497 :
2530 3437 2632 3495 Ubi
2655 3438 2845 3508 pascis,
2864 3437 2950 3492 ubi
2966 3436 3147 3503 cubas,
3173 3435 3229 3491 in
3257 3435 3472 3491 meridie

1867 3534 2047 3609 (Cant.
2077 3550 2116 3604 ι,
2143 3533 2239 3606 6)?

1942 3628 2121 3701 (Vers.
2155 3625 2273 3699 II.)
2297 3625 2364 3680 Et
2386 3624 2614 3697 requiem
2647 3622 2793 3677 dabit
2834 3621 2928 3677 tibi
2951 3619 3212 3675 Dominus
3242 3634 3468 3690 semper,

1868 3730 1916 3776 et
1942 3718 2171 3792 implebit
2192 3716 2559 3788 splendoribus
2588 3715 2821 3769 animam
2865 3724 3034 3780 tuam,
3064 3721 3114 3766 et
3137 3726 3255 3766 ossa
3280 3721 3373 3764 tua
3402 3711 3470 3765 Ii-

1867 3814 2081 3870 berabit.
2112 3812 2180 3868 Et
2205 3821 2231 3849 ει
2255 3812 2356 3867 eris
2380 3810 2528 3880 quasi
2552 3810 2739 3864 hortus
2783 3809 3036 3879 irrigatus,
3088 3816 3136 3861 et
3187 3805 3325 3860 sicut
3353 3807 3472 3876 [ous

1868 3926 2145 3982 aquarum,
2195 3908 2346 3978 cujus
2388 3921 2494 3961 non
2536 3905 2783 3976 deﬁcient
2836 3918 3007 3974 aqute.
3039 3899 3184 3957 LXX
3216 3919 3231 3955 :
3258 3899 3325 3956 Et
3375 3901 3475 3955 erit

1869 4000 2011 4056 Deus
2043 4009 2165 4055 tuus
2193 4008 2357 4055 tecum
2383 4013 2629 4068 semper:
2662 4006 2709 4051 et
2754 3994 3052 4067 impleberis
3106 3997 3241 4048 sicut
3268 3990 3470 4045 deside-

1867 4106 1948 4149 rat
1996 4095 2175 4149 anima
2215 4103 2324 4157 tua,
2367 4101 2416 4146 et
2437 4108 2554 4146 ossa
2581 4102 2670 4145 tua
2700 4090 3054 4161 pinguesceat.
3094 4085 3159 4141 Et
3187 4094 3338 4140 erunt
3366 4086 3469 4139 sic-

1870 4199 1923 4243 ut
1953 4189 2133 4243 hortus
2156 4187 2331 4246 ebrius
2356 4202 2376 4240 :
2402 4196 2448 4240 et
2480 4185 2614 4239 sicut
2643 4183 2782 4253 fons,
2817 4184 2902 4236 cui
2954 4198 3056 4235 non
3078 4180 3279 4251 deﬁciet
3309 4196 3465 4251 aqua.

1868 4279 2076 4348 bQuod
2112 4282 2165 4335 in
2206 4278 2591 4334 Alexandrinis
2645 4274 3054 4345 exemplaribus
3098 4272 3154 4329 in
3202 4273 3473 4343 principio

1869 4373 2031 4443 Itujus
2057 4373 2278 4443 capituli
2310 4371 2554 4426 additum
2583 4377 2670 4425 est
2698 4388 2709 4423 :
2745 4367 2814 4423 Et
2852 4368 3023 4423 adhuc
3068 4367 3123 4421 in
3154 4378 3203 4423 te
3230 4368 3327 4422 erit
3355 4367 3471 4421 lous

1870 4484 1981 4524 mea
2011 4484 2233 4539 semper;
2263 4475 2319 4522 et
2338 4467 2390 4521 in
2422 4466 2571 4521 linec
2596 4474 2641 4519 et
2666 4480 2783 4519 ossa
2805 4472 2895 4518 tua
2913 4462 3064 4535 quasi
3109 4461 3268 4517 herba
3299 4462 3469 4517 orien-

1870 4573 1975 4631 tur,
2017 4571 2062 4615 et
2086 4563 2445 4633 pinguescent,
2472 4570 2520 4615 et
2544 4560 2848 4614 Ittcreditute
2868 4557 3203 4630 possidebunt
3233 4560 3286 4612 in
3310 4574 3467 4630 gene-

151 4636 560 4725 ordinaiionem
601 4667 914 4733 clericatus,
967 4636 1309 4739 nequaquam
1362 4667 1590 4733 sanctis,
1618 4674 1676 4721 et
1703 4663 1758 4720 in
1794 4636 1843 4697 θ
1868 4656 2123 4711 rationem
2142 4664 2189 4709 ει
2214 4653 2592 4727 generationes,
2646 4653 2700 4705 iu
2747 4651 3016 4706 liebl'bico
3063 4668 3170 4704 tum
3217 4650 3469 4713 Ιιιιιειυτς

153 4759 272 4830 lege
321 4760 419 4817 Dei
451 4759 814 4827 doctissimis,
839 4760 937 4816 sed
978 4761 1207 4816 asseclis
1244 4760 1361 4814 suis
1409 4759 1678 4827 tribuere,
1704 4765 1763 4814 et

156 4854 340 4909 vilium
366 4851 675 4910 officiorum
701 4852 970 4908 ministris
1002 4869 1014 4907 :
1045 4852 1298 4923 quodque
1341 4854 1425 4908 bis
1464 4851 1759 4908 dedecoro-

156 4947 268 5004 sius
294 4946 883 5015 est,’muliercularum
926 4946 1203 5017 precibus.
1258 4945 1315 5000 In
1363 4960 1470 5016 quo
1508 4943 1761 5000 conside-

155 5045 323 5097 randa
351 5041 632 5112 loquentis
659 5044 713 5097 ιιι
745 5056 809 5098 se
835 5038 1040 5095 Christi
1081 5039 1330 5110 Apostoli
1355 5037 1645 5109 sapientia,
1667 5037 1761 5109 qui

156 5141 213 5189 ut
239 5134 604 5190 ordinationis
635 5133 940 5205 periculum
962 5132 1390 5199 demonstraret,
1417 5130 1599 5201 junxit
1644 5142 1758 5186 tor-

161 5238 339 5285 menta
394 5228 776 5299 peccantium:
808 5225 990 5299 Neque
1030 5223 1487 5281 communicaueris
1534 5226 1759 5294 peccatis

226 5398 255 5427 ³
284 5395 484 5456 Antea,
514 5397 562 5442 et
582 5389 701 5443 erit.
737 5385 1005 5443 llebraice
1030 5394 1213 5440 autem
1267 5389 1440 5442 nam.
1466 5377 1601 5435 Vide
1625 5377 1758 5434 sub-

162 5475 353 5517 nexam
385 5460 612 5516 Hieron.
642 5460 1065 5521 expositionem.

225 5530 253 5571 δ
297 5529 453 5605 Quod
482 5532 538 5585 in
562 5520 947 5605 Alexandrinis,
991 5537 1100 5605 etc.
1129 5523 1536 5605 _Mattuscrip_t_us
1582 5520 1757 5605 codex

159 5596 587 5669 Alexandrinus,
641 5601 696 5656 in
750 5598 1089 5673 Polygtottis
1126 5596 1565 5673 Londinensibus
1615 5596 1761 5673 typis

161 5686 477 5745 expressus.
514 5663 716 5728 retinet
741 5663 1049 5745 ferendam
1081 5672 1284 5745 hancce
1309 5667 1601 5745 pericopen
1624 5663 1651 5731 ;⁷
1677 5663 1759 5745 le-

160 5735 406 5819 gite:an
441 5756 563 5814 post
586 5758 778 5798 vocem
819 5741 961 5819 ὕδῳρ
992 5742 1246 5819 ultimam
1276 5735 1550 5819 undecimi
1584 5735 1757 5819 versi-

159 5809 287 5889 culi.
320 5813 389 5869 Et
416 5809 546 5889 ossa
589 5827 679 5868 tua
716 5817 862 5889 quasi
892 5809 1049 5868 lt'erba
1076 5813 1308 5889 orientur
1333 5822 1380 5864 et
1406 5809 1757 5889 pinguescent;

161 5883 223 5962 et.
248 5887 557 5947 hereditate
593 5883 922 5958 possidebunt
961 5883 1310 5957 generationes
1344 5884 1755 5955 generationum.

1864 4748 1960 4805 sed
2003 4763 2073 4804 ne
2099 4748 2154 4802 in
2208 4745 2559 4817 Septuaginta
2602 4743 2822 4814 quidem
2877 4742 3188 4799 emendatis
3234 4751 3291 4797 et
3329 4740 3470 4797 veris

1865 4840 2274 4911 exemplaribus
2299 4856 2314 4894 :
2345 4837 2490 4893 unde
2520 4838 2682 4893 obelo
2712 4835 3129 4907 prtenotandnm
3178 4843 3287 4890 est.
3335 4830 3465 4888 Cum

1866 4936 2105 5001 tenebris,
2134 4934 2330 5005 inquit,
2357 4932 2577 5003 pectoris
2608 4932 2704 4997 tui,
2730 4938 2848 4985 orta
2889 4929 3028 4995 luce,
3061 4928 3263 4985 fuerint
3290 4926 3470 4983 disso-

1867 5030 2016 5097 lutae,
2046 5036 2102 5084 et
2118 5042 2214 5098 pro
2246 5040 2407 5081 nocte
2436 5025 2694 5095 palpabili
2748 5022 3010 5078 meridies
3040 5020 3195 5077 fuerit
3252 5030 3466 5089 exorta,

1869 5134 1997 5179 tunc
2014 5136 2234 5190 semper
2257 5120 2617 5176 habitatorem
2639 5116 2869 5172 habebis
2896 5114 3091 5182 Deum,
3114 5113 3211 5187 qui
3243 5115 3469 5185 impleat

1864 5216 2250 5292 splendorihus
2306 5213 2545 5269 animam
2588 5220 2758 5266 tuam.
2811 5209 2888 5266 De
2915 5208 3113 5280 quibus
3154 5209 3208 5264 in
3254 5207 3467 5281 psalmo

1866 5376 1946 5431 Ex
1972 5390 2083 5446 quo
2111 5370 2463 5446 manifestum
2496 5378 2581 5425 est
2596 5382 2786 5446 unum
2815 5381 2940 5424 esse
2966 5382 3037 5421 ex
3081 5365 3470 5446 Alexandrinis

1862 5435 2301 5515 exemplaribus,
2331 5455 2565 5512 quorum
2596 5439 2702 5495 hoc
2743 5440 2863 5493 loco
2900 5437 3224 5515 recordatur
3268 5435 3463 5491 Hiero-

1862 5506 2082 5590 nymus.
2235 5583 2248 5590 _
2350 5506 2365 5512 ’
2489 5580 2539 5590 __
2821 5578 2834 5590 _
2879 5578 2928 5590 Η
3081 5506 3352 5590 Ιξίιιιίυκτ

1935 5601 1956 5627 ο
2002 5588 2205 5658 Estque
2222 5583 2291 5658 in
2306 5599 2382 5658 eo
2409 5580 2657 5658 quidem,
2690 5578 2836 5658 quod
2865 5578 3297 5658 Alesanilrinutn
3324 5575 3463 5658 dici-

1860 5669 1973 5728 tur,
2020 5647 2342 5728 exemplari,
2383 5647 2847 5728 quemadmodum
2875 5661 2932 5728 et
2970 5652 3027 5728 _iu
3055 5647 3460 5728 diditioaltera

1860 5722 1980 5788 huic
2020 5722 2274 5784 versiculi
2297 5722 2421 5794 ejus
2447 5725 2725 5792 pericttpe.
2748 5726 2836 5778 καὶ
2858 5723 2933 5795 τάκ
2961 5722 3095 5778 ὀστᾶ
3120 5742 3219 5777 σου
3259 5723 3328 5783 ὡς
3356 5722 3465 5795 βω-

1861 5806 1982 5863 τὰνη
2008 5802 2241 5858 ἀνατελιί
2266 5803 2352 5856 καὶ
2378 5799 2735 5873 metuendis-ett,
2777 5798 2867 5850 καὶ
2896 5794 3342 5873 ζληρονομόσονσι
3374 5814 3460 5869 7s-

1861 5877 1980 5941 νιάς
2006 5881 2211 5952 γενεῶν,
2242 5888 2405 5946 quam
2454 5878 2512 5927 et
2548 5867 2795 5941 Cyrillus
2825 5875 2882 5925 et
2904 5866 3213 5939 Praecptus
3255 5866 3465 5940 legunt.
