3972 6350
491 279 589 334 571

1764 278 1821 334 S.
1864 276 2131 337 EUSEBll
2169 278 2550 338 lllERONYMI

3684 281 3780 336 572

485 395 685 464 legitur
718 415 727 449 :
758 395 949 449 Tecum
1001 394 1312 464 principium
1350 394 1405 447 in
1469 394 1552 448 die
1604 395 1806 449 virtutis
1856 403 1980 461 tuae,
2032 392 2087 449 in
2116 398 2165 456 Α
2192 394 2393 481 aedium
2424 402 2636 450 tuarum
2668 394 3025 452 fundamenta
3049 395 3330 471 jacientur
3362 412 3375 449 :
3420 393 3497 449 ita
3529 402 3591 448 ut
3618 394 3698 449 vel
3729 406 3780 451 tu

489 488 844 558 splmdoribus
867 495 1195 552 sanctorum,
1248 502 1313 540 ea:
1350 494 1494 542 utero
1537 496 1658 540 ante
1683 486 1958 558 luciferum
2000 503 2090 559 ge-
2178 482 2313 557 ipse
2336 488 2548 543 voceris
2591 485 2897 543 aediﬁcator
2928 487 3140 561 sepium
3172 497 3337 563 atque
3378 486 3739 543 maceriaruni
3770 528 3782 555 ,

490 582 581 633 nui
616 588 666 631 te
702 578 819 649 (Ps.
877 593 985 644 crs,
1021 578 1102 647 4).
1158 578 1284 634 Slve
1334 578 1670 634 saturaberis
1724 579 1937 634 cunctis
1972 593 2093 649 quae

492 672 767 729 desiderat
797 672 975 725 anima
1006 679 1118 739 tua,
1146 672 1267 737 quia
1300 681 1354 726 et
1383 672 1500 742 ipse
1549 672 1810 728 saturasti
1857 673 2092 726 animam

490 766 848 835 esurientem,
895 779 949 821 et
992 765 1174 821 dicere
1201 767 1405 835 poteris
1434 783 1445 818 :
1471 765 1716 833 Benedic,
1750 767 1925 820 anima
1958 782 2092 833 mea,

495 858 741 923 Domino,
774 860 862 930 qui
883 856 1063 929 implet
1094 860 1148 912 in
1176 859 1322 913 bonis
1364 859 1676 913 desiderium
1724 867 1871 914 tuum
1902 856 2025 929 (Ps.
2053 874 2094 926 ι,

489 951 569 1024 5);
594 960 648 1007 et
668 966 789 1006 ossa
814 962 901 1007 tua
927 952 1305 1007 liberabuntur
1350 953 1421 1008 de
1446 952 1670 1008 interitu
1713 961 1770 1010 et
1817 953 1943 1025 igne
1968 967 2095 1023 per-

497 1053 682 1114 petuo.
716 1043 845 1099 Sive
876 1045 1334 1114 impinguescent.
1365 1051 1426 1099 ut
1453 1046 1737 1116 pristinam
1780 1044 2098 1102 crassitudi-

500 1150 620 1191 nem
647 1136 938 1207 rccipiant,
974 1152 1095 1208 quas
1122 1135 1268 1192 fame
1290 1138 1563 1193 sermonis
1594 1138 1806 1193 Domini
1854 1148 2101 1194 attenua-

501 1238 552 1283 ta
584 1222 817 1282 ΐιιυνηηι.
851 1228 1006 1296 Quod
1038 1228 1258 1299 quidem
1310 1237 1367 1284 et
1408 1229 1559 1299 juxta
1602 1230 1841 1284 litteram
1900 1230 1967 1284 de
2014 1245 2099 1286 re-

500 1321 839 1375 surrectione
863 1334 1053 1375 eorum
1068 1334 1189 1391 quae
1219 1336 1411 1375 casura
1438 1328 1569 1376 sunt
1594 1335 1910 1392 corporum,
1938 1319 2102 1375 intel-

495 1412 663 1484 ligere
721 1427 1029 1481 possumus,
1082 1421 1138 1468 et
1185 1413 1253 1469 de
1278 1414 1572 1469 virtutibus
1602 1414 1822 1482 animae,
1848 1429 1986 1484 quas
2014 1413 2094 1468 si-

500 1505 765 1577 gniﬁcans
794 1517 1017 1560 sanctus
1058 1506 1307 1576 loquitur
1353 1507 1406 1560 in
1460 1506 1690 1575 psalmo,
1745 1504 1936 1559 Omnia
1984 1520 2101 1560 ossa

504 1613 617 1652 mea
643 1598 835 1665 dicent,
873 1598 1110 1663 Domine,
1126 1600 1239 1667 quis
1288 1599 1475 1653 similis
1498 1599 1589 1652 tibi
1617 1596 1736 1670 (Ps.
1769 1613 1952 1664 xxxw,
1982 1597 2104 1669 lD)?

505 1690 585 1745 De
613 1691 809 1758 quibus
834 1699 889 1745 et
929 1690 981 1744 iu
1012 1690 1321 1745 Proverbiis
1348 1691 1613 1760 scriptum
1642 1700 1745 1759 est,
1774 1689 1943 1744 Fama
1971 1690 2104 1745 bona

2198 581 2281 634 vel
2330 581 2541 635 oriatur
2587 580 2640 634 in
2696 589 2746 635 te
2798 578 2825 618 ι’
2879 581 2972 652 qui
3020 580 3093 636 sit
3133 580 3438 634 mdiiicator
3468 579 3709 651 scpium,
3738 589 3785 633 et

2198 681 2406 728 avertat
2434 673 2664 729 semitas
2695 674 2748 728 in
2779 674 3043 745 quietem,
3077 674 3193 730 sive
3217 676 3374 745 juxta
3410 672 3782 743 Septuaginta,

2197 766 2354 821 calles
2398 767 2452 821 in
2484 765 2651 821 medio
2700 767 2861 837 faciat
2906 768 3284 839 conquiescere.
3340 765 3474 823 Hmc
3520 766 3696 822 Judsei
3740 777 3788 823 et

2199 860 2356 915 amici
2387 866 2594 914 tantum
2627 858 2935 915 occidentis
2965 860 3187 929 litterm,
3222 860 3290 914 ad
3336 859 3785 923 instaurationem

2198 953 2445 1009 referunt
2477 955 2697 1010 urbium
2720 955 3053 1019 Palmstinm.
3073 954 3240 1013 Etvcl
3274 954 3414 1031 facta
3442 955 3547 1009 sub
3562 953 3789 1013 Zuroba-

2198 1045 2286 1101 bel
2314 1057 2370 1102 et
2391 1047 2548 1112 Ezra,
2575 1054 2630 1101 et
2656 1047 3006 1114 Necmia,vel
3036 1047 3089 1102 in
3121 1045 3319 1101 ultimo
3347 1058 3602 1120 tempore
3626 1046 3787 1100 futura

2200 1139 2544 1194 contendunt
2563 1149 2647 1195 :et
2663 1138 2731 1194 ad
2752 1140 3209 1197 instaurationem
3224 1139 3536 1197 Jerusalem
3556 1142 3680 1197 etin
3696 1141 3791 1195 cir-

2200 1234 2349 1289 cuitu
2372 1233 2660 1289 civitatum
2687 1233 3789 1309 altissima698iondamentajacienda,

2201 1336 2255 1381 et
2274 1335 2380 1381 tam
2406 1327 2656 1383 excelsos
2679 1341 2866 1382 muros
2885 1327 3263 1395 :edilieaudos,
3280 1336 3338 1381 ut
3355 1325 3544 1381 nullus
3567 1325 3791 1381 hostium

2203 1419 2375 1489 possit
2401 1419 2629 1487 intrare,
2654 1428 2710 1476 et
2732 1420 2979 1475 omnium
3012 1419 3067 1475 in
3097 1433 3192 1476 eas
3225 1417 3580 1474 inimicorum
3615 1404 3799 1491 probi?

2204 1498 2400 1566 beatur
2438 1513 2740 1585 ingressus.
2781 1511 2891 1567 Nos
2930 1520 3117 1567 autem
3150 1521 3451 1582 sequentes
3481 1522 3680 1580 cleptae
3707 1525 3796 1563 ex.

2205 1602 2537 1671 plunalionis
2556 1602 2971 1675 ordiuem,quaa
2999 1602 3216 1657 deserta
3249 1600 3467 1658 fuerant
3496 1601 3552 1657 in
3584 1599 3792 1669 ludatis,

2206 1696 2440 1754 dicimus
2468 1697 2726 1753 aedificari
2760 1698 2812 1752 in
2841 1696 3112 1767 Ecclesia,
3139 1713 3247 1753 non
3272 1696 3339 1751 ad
3374 1696 3544 1751 breve
3570 1704 3795 1766 tempus,

503 1786 788 1856 impinguat
818 1800 934 1838 ossa
984 1784 1175 1857 (Prov.
1231 1802 1320 1851 xv,
1369 1786 1483 1859 50).
1543 1788 1607 1841 Et
1653 1788 1850 1858 quibus
1881 1787 2101 1857 praemia
2141 1783 2183 1842 Β
2209 1791 2306 1848 sed
2336 1790 2389 1847 in
2425 1803 2750 1862 perpetuum
2776 1833 2792 1859 ,
2824 1800 2883 1847 et
2911 1790 3262 1845 fundamenta
3305 1788 3459 1843 illius
3483 1803 3555 1843 ex
3584 1796 3798 1859 utroque

506 1880 924 1948 promittuntur,
959 1879 1172 1936 Sanitas
1195 1882 1288 1935 erit
1318 1883 1527 1949 corpori
1552 1889 1663 1949 tuo,
1685 1892 1733 1935 et
1747 1882 1948 1936 curatio
1978 1884 2109 1937 ossi-

508 1973 598 2029 bus
636 1977 737 2027 tuis
765 1973 953 2029 (Prov.
999 1992 1112 2039 xvi,
1149 1976 1269 2047 24).
1328 1976 1407 2032 De
1455 1978 1620 2049 697
1653 1978 1849 2049 quibus
1891 1994 2106 2033 rursum

507 2067 766 2135 scriptum
814 2076 900 2122 est
924 2113 937 2136 ,
972 2066 1228 2124 Dominus
1275 2072 1501 2125 custoslit
1551 2073 1727 2125 omnia
1759 2087 1874 2126 ossa
1905 2089 2105 2137 eorum,

508 2177 670 2215 utrum
695 2178 759 2216 ea:
781 2163 862 2217 his
882 2179 986 2217 non
1007 2170 1297 2220 conteretur
1320 2163 1442 2238 (Ps.
1470 2180 1662 2234 χχχιιι,
1688 2163 1806 2236 21).
1846 2165 2110 2220 Econtra-

513 2256 614 2320 rio,
646 2258 736 2327 qui
769 2268 1030 2329 peccator
1047 2267 1151 2323 est,
1174 2269 1226 2314 et
1255 2260 1448 2314 animm
1475 2260 1642 2315 robur
1689 2258 1923 2330 perdidit
1950 2266 2112 2326 atque

513 2350 788 2416 virtutem,
822 2351 1049 2423 plangit,
1111 2361 1165 2408 et
1206 2352 1482 2424 loquitur:
1522 2352 1786 2421 Dissipata
1835 2361 1954 2407 sunt
1995 2368 2114 2407 ossa

512 2450 691 2497 nostra
716 2460 862 2498 secus
881 2444 1141 2515 infernum
1184 2446 1303 2519 (Ps.
1334 2462 1457 2516 οη,
1485 2447 1561 2517 7).
1587 2446 1773 2518 Neque
1803 2447 1948 2503 enim
1987 2461 2114 2516 pos-

511 2549 701 2589 sumus
733 2536 960 2591 credere
989 2537 1133 2608 quod
1172 2552 1295 2592 ossa
1330 2549 1679 2607 peccatorum
1715 2552 1820 2592 non
1850 2538 1903 2593 in
1952 2537 2116 2592 infer-

513 2639 583 2679 no
611 2626 745 2694 sint,
781 2628 874 2681 sed
910 2628 1062 2697 juxta
1105 2629 1397 2684 infernum.
1447 2631 1511 2684 Et
1542 2630 1682 2684 fama
1734 2628 1875 2684 bona
1916 2628 2118 2699 impin-

512 2726 641 2786 guat
669 2731 792 2773 ossa
810 2713 994 2788 (Prov.
1020 2732 1113 2783 xv,
1151 2718 1276 2787 50),
1314 2733 1433 2787 quae
1461 2719 1528 2772 ad
1585 2720 1832 2788 corporis
1869 2718 2113 2789 saginam

516 2822 624 2864 non
659 2810 915 2877 pertinet.
940 2808 1199 2880 Sequitur
1225 2829 1238 2866 :
1271 2810 1337 2865 Et
1362 2813 1483 2881 eris,
1512 2814 1629 2868 sive
1656 2814 1775 2879 erit,
1806 2813 1857 2868 id
1887 2822 1991 2877 est,
2024 2820 2117 2869 aut

518 2911 594 2967 tu,
627 2912 721 2957 aut
746 2904 931 2958 anima
955 2913 1067 2972 tua,
1099 2907 1230 2959 sicut
1255 2908 1432 2961 hortus
1458 2909 1686 2980 irrigans
1712 2923 1730 2962 :
1752 2906 1822 2961 de
1841 2922 1949 2978 quo
1979 2906 2117 2962 scri-

523 3008 672 3066 ptum
694 3005 778 3051 est
815 2990 1000 3051 :Fons
1040 3001 1420 3073 egrediebatur,
1445 3010 1491 3056 et
1521 3003 1771 3074 irrigabat
1809 3017 2013 3057 omnem
2030 3001 2115 3072 fa-

519 3092 647 3144 ciem
681 3092 911 3160 paradisi
945 3092 1158 3166 (Genes.
1201 3111 1261 3165 tt,
1303 3095 1383 3169 6),
1442 3112 1543 3169 pro
1591 3112 1700 3166 quo
1745 3098 1798 3152 in
1846 3096 2116 3153 Hebraico

2215 1884 2437 1954 populo,
2464 1882 2516 1938 id
2539 1895 2645 1951 est,
2673 1884 2726 1939 in
2757 1883 2970 1939 duabus
2998 1881 3449 1952 generationibus
3473 1878 3795 1947 suscitanda.

2211 1976 2368 2032 Unde
2417 1976 2634 2031 dicebat
2662 1976 2961 2047 Apostolus
2994 1992 3007 2027 :
3052 1973 3217 2042 Quasi
3254 1973 3463 2048 sapiens
3495 1972 3799 2027 architectus

2211 2072 2603 2142 fundamentum
2627 2071 2778 2144 posui
2802 2088 2820 2125 :
2844 2071 2979 2125 alius
3004 2068 3387 2141 supermdiﬁcat
3410 2084 3428 2122 :
3458 2067 3799 2138 unusquisque

2211 2174 2381 2221 autem
2409 2166 2573 2220 videat
2600 2164 2728 2237 quid
2757 2163 3136 2238 supersedi/icui
3167 2162 3210 2234 (Ι
3238 2159 3363 2217 Cor.
3410 2178 3490 2225 tu,
3525 2161 3615 2229 10)
3642 2178 3655 2227 ;
3685 2157 3799 2215 etin

2214 2260 2320 2315 alio
2345 2260 2466 2314 loco
2498 2278 2509 2313 :
2560 2258 2657 2314 Dei
2679 2260 3025 2331 agricultura,
3063 2257 3160 2312 Dei
3187 2257 3475 2325 wdiﬁcatia
3520 2271 3731 2316 smnus;
3754 2262 3802 2308 et

2216 2356 2411 2409 iterum
2442 2373 2453 2408 :
2498 2353 2779 2424 rEdiﬁrati
2823 2371 2979 2428 super
3009 2353 3408 2424 fundamentum
3446 2352 3799 2423 Apostolorum

2214 2456 2261 2501 et
2302 2444 2681 2517 Prophetarum
2717 2445 2936 2518 (Ephes.
2971 2463 3027 2513 ιι,
3059 2445 3189 2515 20);
3218 2457 3274 2501 et
3318 2444 3616 2501 vocandam
3658 2457 3797 2515 eam,

2215 2538 2335 2593 sive
2364 2552 2487 2593 cum
2516 2539 2607 2608 qui
2642 2550 2802 2592 natus
2837 2549 2921 2593 est
2949 2538 3006 2593 in
3030 2554 3119 2607 ea,
3146 2537 3537 2593 mdilicatorem
3564 2536 3795 2602 sepium.

2217 2633 2294 2688 De
2322 2646 2435 2701 quo
2467 2632 2518 2685 iu
2552 2632 2763 2698 pSnImO
2806 2632 3035 2701 legimus
3066 2650 3078 2685 :
3122 2630 3292 2686 Homo
3330 2639 3486 2685 natus
3525 2639 3595 2684 est
3623 2629 3671 2682 in
3689 2644 3754 2680 ea
3782 2641 3799 2680 :

2217 2735 2263 2780 et
2292 2727 2404 2795 ipse
2432 2724 2669 2795 fundavit
2695 2740 2805 2778 eam
2837 2724 3136 2779 Altissimus
3164 2721 3282 2795 (Ps.
3310 2737 3538 2786 Luxu,
3562 2719 3637 2791 5).
3665 2719 3802 2786 Quas

2217 2833 2380 2887 sepes
2409 2827 2571 2889 atque
2599 2819 2893 2884 macerias,
2929 2815 3033 2872 hoc
3060 2817 3205 2870 etiim
3238 2816 3437 2871 Grteco
3462 2825 3715 2869 sermone
3736 2809 3802 2865 si-

2218 2909 2442 2981 gniﬁcat
2483 2916 2769 2988 φραγμοῦς,
2799 2922 2931 2977 agro
2974 2920 3030 2964 et
3068 2908 3245 2964 vineis
3283 2906 3616 2962 circumdari
3662 2899 3803 2960 Scri-

2220 3015 2375 3076 ptura
2405 3020 2527 3059 com
2539 3014 2810 3059 memorat
2844 3021 2857 3057 :
2883 3002 3100 3059 Vineam
3129 3003 3191 3056 de
3215 2998 3451 3073 zﬁ’ggpto
3482 2996 3807 3054 transtulisti:

2217 3098 2415 3171 ejecisti
2445 3108 2642 3168 gentes,
2674 3105 2719 3151 et
2761 3096 3011 3166 plantasti
3040 3112 3185 3161 eam;
3215 3102 3273 3149 et
3322 3101 3449 3164 post
3495 3092 3800 3163 paululum:

521 3184 701 3240 hortus
740 3187 953 3257 legitur.
988 3189 1159 3256 Quem
1211 3189 1415 3246 fontem
1471 3207 1576 3246 non
1617 3190 1781 3246 alium
1830 3205 2119 3263 possumus
2146 3174 2187 3234 (ἶ
2228 3189 2400 3258 Quare
2425 3190 2730 3244 destruxistt'
2755 3189 3035 3243 maceriam
3064 3189 3226 3261 ejus:
3269 3195 3319 3241 et
3349 3186 3664 3240 vindemiant
3707 3197 3805 3235 cam

522 3278 727 3348 dicere,
759 3280 864 3336 nisi
888 3297 1009 3336 eum
1038 3282 1124 3337 cui
1164 3283 1385 3349 dicitur,
1433 3283 1588 3355 Apud
1618 3292 1670 3338 te
1714 3292 1785 3340 est
1832 3288 1952 3356 fons
2004 3284 2122 3339 vim

523 3369 641 3441 (Ps.
692 3388 851 3442 xxxv,
906 3374 1033 3443 10):
1067 3376 1157 3446 qui
1220 3376 1594 3433 indesinenter
1639 3378 1780 3448 rigat
1820 3376 2119 3432 Ecclesium

523 3476 701 3529 suam,
741 3473 797 3519 et
823 3476 1142 3521 cunctorum
1172 3470 1335 3523 corda
1359 3468 1721 3525 credentium.

593 3555 778 3624 (Vera.
814 3557 930 3627 i2.)
974 3559 1036 3612 Et
1063 3560 1459 3631 aedi/imbuatur
1486 3563 1542 3617 in
1581 3572 1630 3616 te
1664 3562 1867 3617 deserta
1896 3563 2120 3617 smnio-

530 3661 645 3698 rum
672 3661 690 3698 :
715 3649 1049 3716 fundamenta
1075 3653 1422 3723 generationis
1450 3665 1498 3707 et
1524 3656 1871 3725 generationis
1909 3655 2128 3709 suscita-

524 3737 600 3790 bis
631 3748 717 3792 :et
739 3740 1209 3813 vocabitur[Vulg.
1252 3755 1298 3798 et
1329 3745 1618 3819 vocaberis]
1657 3747 1712 3801 in
1745 3758 1792 3800 te
1839 3747 2130 3816 aediﬁcator

532 3830 753 3899 sepium,
798 3843 1097 3888 convertens
1133 3834 1316 3907 [Vulg
1363 3837 1616 3911 avertens]
1657 3839 1865 3892 semitas
1891 3839 1947 3893 in
1987 3839 2131 3906 quie-

534 3931 653 3977 tem.
702 3922 847 3979 LXX
887 3942 901 3980 :
935 3924 1000 3979 Et
1026 3926 1428 3998 (ediﬁcabuntur
1457 3930 1549 3984 tibi
1581 3929 1783 3984 deserta
1811 3948 1843 3985 a
1871 3931 2062 3985 sarculo
2083 3940 2131 3985 et

533 4026 681 4074 erunt
712 4022 1055 4091 fundamenta
1092 4033 1179 4079 tua
1213 4026 1530 4095 setnpiterna
1559 4027 1613 4081 in
1643 4024 1997 4098 generationes
2030 4035 2056 4064 ει
2086 4034 2133 4080 et

535 4116 894 4183 generationes
926 4131 945 4170 :
985 4126 1032 4171 et
1070 4118 1328 4173 vocaberis
1352 4118 1646 4189 aedificator
1682 4119 1942 4185 maceriw,
1972 4126 2022 4172 et
2047 4133 2132 4172 se-

536 4208 689 4261 mitas
731 4210 786 4263 in
819 4212 989 4265 medio
1025 4215 1286 4284 quiescere
1314 4215 1494 4285 facies.
1527 4211 1649 4270 Non
1696 4214 1897 4278 solum,
1928 4211 2131 4283 inquit,

532 4300 745 4355 orietur
795 4301 847 4355 in
897 4304 1140 4358 tenebris
1190 4305 1372 4361 lumen
1421 4315 1598 4372 tuum,
1658 4315 1715 4361 ct
1744 4305 1986 4361 tenebras
2028 4312 2135 4359 tua:

533 4403 695 4448 erunt
717 4396 868 4464 quasi
902 4395 1187 4463 meridies,
1211 4407 1266 4450 ct
1291 4397 1441 4454 dabit
1467 4397 1564 4453 tibi
1594 4398 1860 4453 Dominus
1884 4396 2133 4467 requiem

534 4500 787 4556 semper,
841 4497 897 4543 et
924 4489 1035 4544 eris
1066 4491 1224 4559 quasi
1261 4489 1453 4545 bortus
1499 4489 1768 4560 irriguus,
1803 4497 1858 4545 et
1900 4497 2130 4553 caetera;

2224 3296 2398 3337 omnes
2427 3284 2516 3353 qui
2544 3290 2808 3337 transeunt
2839 3284 2973 3338 viam
3002 3280 3119 3352 (Ps.
3152 3296 3338 3348 Lxxts,
3361 3281 3396 3336 9
3424 3290 3471 3333 et
3497 3279 3625 3346 15)?
3669 3276 3730 3332 Et
3755 3275 3802 3331 In

2226 3374 2331 3430 hoc
2352 3375 2546 3430 eodem
2582 3374 2862 3443 Propheta
2890 3391 2904 3428 :
2942 3372 3109 3428 Vinea
3134 3376 3274 3445 facta
3296 3382 3372 3426 est
3410 3372 3636 3434 dilecto;
3660 3382 3804 3440 quam

2226 3468 2461 3538 pulcbro
2499 3482 2757 3523 sermone
2810 3466 3136 3523 describens
3167 3507 3181 3530 ,
3237 3464 3426 3521 intulit
3483 3482 3497 3519 :
3548 3460 3806 3532 zEdiﬁcari

2228 3569 2443 3629 turrem,
2477 3569 2526 3614 et
2550 3560 2778 3614 maceria
2817 3558 3133 3613 circumdedi
3163 3557 3395 3627 (Eccles.
3432 3572 3504 3621 ιι,
3549 3554 3626 3621 4).
3652 3556 3806 3620 Quam

2229 3654 2317 3721 qui
2344 3652 2636 3719 destruxit,
2666 3653 2823 3721 juxta
2860 3652 3259 3721 Ecclesiasten,
3283 3650 3565 3705 mordebit
3589 3662 3704 3705 eum
3731 3661 3812 3702 co-

2231 3743 2406 3798 luber.
2436 3743 2571 3811 Qua:
2600 3743 2726 3799 ideo
2747 3744 3088 3801 circumdata
3119 3754 3227 3809 est,
3254 3753 3314 3799 ut
3340 3744 3586 3798 omnium
3626 3738 3813 3796 bestia-

2233 3852 2350 3891 rum
2400 3836 2453 3891 in
2500 3837 2716 3891 vineam
2754 3836 2848 3891 Dei
2894 3835 3260 3908 prohibeatur
3287 3850 3570 3891 accessus.
3603 3830 3702 3889 Iste
3737 3835 3811 3888 est

2232 3940 2413 3985 autem
2443 3929 2673 3986 coluber
2702 3938 3010 3996 tortuosos,
3038 3931 3129 4001 qui
3156 3929 3371 4000 decepit
3392 3930 3561 3985 Evam
3585 3929 3636 3984 in
3665 3938 3809 3997 para-

2234 4021 2376 4086 diso,
2410 4037 2531 4092 quas
2561 4022 2690 4092 quia
2725 4023 2817 4076 Dei
2847 4032 3119 4092 prlecepta
3148 4021 3522 4086 destruxerat,
3550 4029 3809 4091 propterea

2235 4113 2511 4170 morsibus
2544 4113 2663 4185 ejus
2694 4116 2895 4182 patuit,
2930 4123 2986 4169 et
3014 4114 3220 4169 audivit
3250 4131 3277 4167 a
3312 4114 3585 4169 Domino:
3620 4110 3696 4167 Tu
3732 4109 3810 4163 ob.

2235 4205 2460 4261 servabis
2488 4215 2643 4279 caput
2686 4210 2842 4280 ejus;
2889 4217 2936 4260 et
2959 4208 3051 4262 ille
3080 4206 3371 4261 obseruabit
3416 4206 3510 4261 tibi
3538 4207 3810 4261 calceatum

2237 4297 2448 4369 (Cenes.
2496 4313 2574 4364 ιιι,
2610 4297 2727 4366 15).
2764 4297 2818 4352 In
2858 4312 2927 4355 eo
2960 4299 3104 4365 loco,
3149 4297 3243 4354 ubi
3287 4313 3388 4354 nos
3414 4298 3572 4368 juxta
3611 4296 3814 4366 Septua-

2236 4392 2386 4460 ginta
2403 4390 2747 4462 interpretati
2765 4404 2976 4457 sumus,
2994 4406 3064 4447 ne
3077 4389 3203 4461 quid
3224 4390 3487 4447 innovare
3508 4390 3809 4450 videremur,

2238 4485 2361 4554 quia
2383 4486 2657 4556 vulgatum
2680 4493 2768 4541 est
2788 4484 3184 4555 testimonium,
3198 4494 3249 4540 et
3265 4484 3532 4541 vocaberis
3553 4484 3813 4552 aediﬁcator

536 4581 633 4636 sed
665 4582 1080 4638 mdillcabuntur
1108 4585 1160 4638 iu
1195 4594 1245 4639 te
1266 4598 1388 4655 quas
1429 4586 1592 4656 longo
1638 4593 1887 4655 tempore
1914 4581 2133 4637 deserta
2164 4566 2215 4629 Ι)
2239 4576 2458 4648 sapiam,
2485 4578 2538 4630 iu
2570 4576 2838 4633 Hebraico
2862 4578 3084 4649 legitur,
3113 4587 3162 4634 et
3189 4579 3460 4634 vocabitur
3486 4581 3541 4635 in
3570 4591 3634 4649 te,
3663 4591 3812 4637 conca

535 4675 785 4742 fuerant;
837 4688 891 4733 et
931 4677 985 4733 in
1028 4677 1212 4733 multis
1261 4678 1718 4748 generationibus
1772 4688 2130 4748 permansura

621 4850 647 4889 ι
702 4842 945 4899 Alterum
996 4852 1044 4896 et
1090 4841 1473 4914 generationes,
1520 4836 1928 4914 quoddeerat,
1980 4834 2138 4905 juxta

546 4911 799 4984 Graecum
831 4909 1183 4984 archetypum
1212 4914 1387 4971 nostri
1420 4927 1550 4984 mss.
1583 4909 1877 4965 sufﬁciunt.

618 4981 645 5020 δ
677 4982 847 5039 Minus
872 4977 1040 5039 recte
1063 4977 1242 5049 'aulca
1273 5025 1287 5050 ,
1316 4983 1489 5055 quasi,
1531 4998 1626 5054 pro
1653 4996 1720 5036 eo
1761 4977 1904 5052 quod
1947 4977 2140 5050 praeie-

547 5062 673 5107 runt
702 5067 859 5119 mss.,
882 5055 972 5125 qui
996 5055 1083 5108 sit.

624 5154 646 5184 ο
676 5143 877 5199 Locum
905 5145 1052 5199 buoc
1080 5162 1250 5213 usque
1282 5147 1423 5201 adeo
1455 5147 1728 5211 vitiatum,
1768 5152 1829 5200 ut
1858 5156 1926 5197 ne
1953 5140 2143 5211 conjec

545 5227 696 5272 ctura
732 5218 952 5287 quidem
981 5218 1270 5273 resumere
1298 5219 1525 5276 auderet
1562 5218 1637 5272 cl.
1680 5214 2139 5287 Moutlauconius,

548 5286 796 5359 pristinae
819 5290 1250 5358 certissimu'que
1280 5288 1502 5343 lectioni
1536 5290 1715 5344 reddit
1746 5286 2143 5359 Ambrosianus

543 5357 668 5417 cod.
709 5361 1010 5426 antiquior,
1044 5359 1099 5414 in
1125 5357 1234 5429 quo
1277 5362 1475 5418 litteris
1527 5361 1838 5416 uncialibus
1877 5357 2144 5429 scriptum

548 5445 632 5490 est
684 5428 1438 5502 neptsrsttrucstsxonnc,
1501 5448 1624 5502 quae
1684 5436 1737 5486 in
1799 5431 1908 5485 duo
1977 5428 2147 5502 verba

547 5507 971 5578 distinguemus,
1010 5518 1066 5559 et
1112 5520 1215 5559 una
1247 5498 1938 5578 alienavelittcrulamutn
1985 5498 2148 5578 facile

548 5572 1050 5645 uimis'pormutaii
1092 5579 1324 5631 invicem
1362 5582 1565 5639 solent,
1599 5572 1977 5635 emendantes,
2015 5572 2147 5636 legi-

549 5665 672 5709 mus
716 5656 1063 5732 nspsppéu‘rn:
1112 5651 1383 5732 dammis.
1420 5653 1638 5732 Etenim
1660 5664 1743 5732 .0!
1792 5662 1986 5703 vocum
2018 5648 2151 5732 ists-

548 5737 666 5777 rum
699 5723 1103 5791 sigbili'catione
1134 5728 1271 5792 ipsa.
1301 5740 1419 5794 qum
1449 5737 1555 5788 est,
1584 5725 1781 5780 obicem
1830 5737 2026 5787 ponens
2063 5723 2148 5775 in-

549 5794 835 5864 tercisioni,
893 5812 993 5867 pro
1039 5796 1239 5865 quibus
1293 5797 1652 5871 Symmachus
1701 5794 1884 5862 vertit,
1944 5808 2151 5855 mutatus

2242 4685 2444 4726 passas
2497 4678 2613 4755 γἾὲ
2653 4680 2749 4732 'l't:
2805 4673 2955 4743 quod
3022 4675 3214 4745 Aquila
3268 4675 3662 4747 interpretatus
3689 4683 3809 4733 est'

2238 4842 2504 4899 opponens
2535 4828 2753 4891 credenti
2783 4847 2803 4883 :
2828 4840 2938 4893 tum
2968 4846 3038 4887 es
3062 4830 3332 4891 orationis
3355 4841 3616 4893 contextu
3662 4844 3722 4891 ac
3742 4842 3817 4889 sea

2241 4902 2340 4964 rie,
2373 4908 2427 4952 et
2462 4900 2527 4953 ad
2575 4900 2898 4957 Hebraicum
2950 4911 3073 4986 vv};
3128 4912 3224 4969 Tu
3276 4902 3679 4968 convenientia,
3739 4900 3817 4955 dc-

2243 4996 2407 5077 nique
2434 4993 2854 5080 llicronymiaua
2880 4997 3030 5080 juxta
3064 4997 3680 5080 sensum‘eitpositione,
3710 5007 3815 5080 ger-

2245 5065 2478 5121 manitas
2500 5065 2761 5121 restituta:
2788 5065 3039 5122 lectionis
3064 5068 3252 5133 liquet.
3284 5065 3397 5122 Nec
3424 5082 3587 5138 quem
3628 5069 3819 5121 movent

2247 5140 2489 5208 ignotum
2525 5139 2641 5193 fere
2661 5138 3092 5218 Lesimiprspbis
3116 5140 3444 5218 vocabulum
3470 5141 3814 5218 περιφρᾲκτιις.

2246 5225 2372 5264 cum
2424 5221 2573 5264 recte
2616 5212 2784 5277 possit
2813 5212 2878 5264 ad
2940 5212 3143 5267 Graeca:
3197 5211 3399 5281 lingua:
3456 5211 3750 5281 analogiam
3787 5221 3812 5258 a

2245 5283 2411 5336 verbo
2433 5283 2788 5360 περιφράττω,
2817 5282 3103 5360 quodest.
3130 5284 3299 5360 sepia,
3329 5282 3580 5343 derivari
3600 5300 3617 5360 ξ
3636 5292 3687 5337 et
3704 5292 3819 5360 cou-

2246 5363 2352 5407 δίει
2382 5347 2785 5408 οοιιίθιίἰιοςιιιιι
2825 5347 3037 5423 Aquilae
3068 5347 3371 5421 ingenium.
3415 5363 3475 5409 ut
3506 5353 3720 5410 verbum
3761 5347 3820 5402 tle

2246 5425 2419 5480 verbo
2445 5426 2720 5489 redderet,
2742 5426 3001 5494 pleraque
3029 5426 3132 5485 alia
3152 5423 3364 5482 Crassis
3389 5424 3707 5483 Auctoribus
3726 5432 3815 5494 una

2249 5508 2513 5564 usurpata
2553 5485 2822 5553 vocabula
2862 5485 3229 5564 cicogitasse.
3279 5495 3553 5553 Cancrum
3607 5502 3720 5550 erat
3760 5485 3816 5545 ad

2251 5562 2482 5625 monstri
2514 5570 2687 5623 instar
2709 5568 2853 5638 quod
2880 5562 3179 5623 divinando
3205 5568 3427 5637 scripsit
3452 5568 3738 5638 Erasmus.
3763 5570 3816 5613 at!

2257 5649 2461 5695 temere
2490 5641 2541 5695 in
2571 5635 2910 5709 poeteriores
2931 5640 3206 5697 editiones
3223 5640 3291 5694 ad
3325 5635 3468 5695 hanc
3501 5653 3667 5710 usque
3692 5635 3813 5710 dicit!

2261 5715 2505 5770 tnanavit
2545 5708 2911 5789 τὲιφρὰκτισμα
2956 5714 3136 5786 χολῆς.
3169 5710 3316 5789 Nec.
3339 5710 3521 5767 minus
3562 5708 3813 5789 depressit

2262 5796 2412 5856 sunt,
2440 5802 2579 5863 quos
2600 5773 3041 5857 Slbutfatlcuuiiis
3066 5773 3346 5847 consuluit
3376 5796 3510 5840 mss.
3546 5773 3738 5841 veteres
3762 5773 3813 5831 liv

3934 754 3937 845 l

3936 1346 3937 1429 ι
