3972 6342
482 215 588 276 575
1725 210 1786 268 S.
1831 209 2102 270 EUSEBII

2214 210 2528 271 EBONYMI
3685 214 3776 272 5E6

486 330 702 406 (Geues.
743 333 880 399 xix).
921 330 1002 387 Ad
1053 345 1216 401 quem
1256 333 1548 401 postquam
1591 331 1879 400 pervenit,
1924 340 2078 386 ortus
2107 333 2159 393 Α
2183 340 2240 387 et
2270 331 2325 386 in
2361 332 2590 402 pedibus
2623 332 2921 400 incessum,
2947 342 3003 389 et
3038 334 3092 388 in
3124 340 3318 390 ventre
3347 332 3772 405 generationem,

487 436 576 484 est
605 432 655 484 ei
689 427 771 483 sol
803 427 855 480 in
888 424 1084 494 Segor.
1117 423 1192 478 De
1221 422 1323 478 hac
1354 433 1504 478 terra
1534 421 1750 478 dicebat
1779 423 2041 478 Dominus
2068 441 2081 477 :

488 519 635 576 Beati
663 523 833 582 mites,
857 518 1106 591 quoniam
1144 518 1248 590 ipsi
1279 519 1617 590 possidebunt
1638 529 1830 574 terram
1859 519 2082 586 (Matth.

486 629 540 681 ν,
565 613 658 682 4);
688 623 738 667 et
773 613 943 668 multa
973 611 1082 666 alia
1111 626 1234 680 quae
1273 611 1469 668 crebro
1503 618 1909 682 usurpavimus,
1945 628 2084 681 quo-

489 722 610 764 rum
667 706 803 762 illud
859 715 948 761 est
999 723 1014 763 :
1070 703 1291 761 Honora
1343 717 1543 778 patrem
1588 715 1759 769 tuum,
1789 716 1837 761 et
1869 716 2087 761 matrem

489 815 656 869 tuam,
688 813 736 858 et
764 804 869 857 eris
897 802 1160 875 longaevus
1200 819 1360 873 super
1397 813 1611 871 terram,
1648 819 1806 875 quam
1833 801 2087 857 Dominus

493 895 631 951 Deus
654 907 772 952 tuus
800 895 1002 950 dederit
1030 895 1122 950 tibi
1149 895 1348 968 (Exod.
1381 912 1474 963 xx,
1502 896 1611 966 12).
1637 896 1793 964 Quod
1822 900 1976 966 juxta
2002 898 2090 952 lit-

489 1000 663 1046 teram
716 991 937 1062 penitus
961 998 1110 1046 stare
1157 1006 1268 1046 non
1302 1000 1502 1060 potest.
1537 990 1688 1046 Multi
1723 990 1872 1047 enim
1918 992 2090 1046 Itono-

489 1095 612 1139 rant
637 1092 901 1154 parentes
926 1124 942 1147 ,
971 1092 1029 1138 et
1063 1083 1174 1139 cito
1205 1086 1518 1138 moriuntur
1542 1099 1556 1149 ;
1585 1095 1639 1140 et
1667 1084 1757 1139 alii
1801 1084 2091 1155 parricida:

497 1177 665 1247 longo
698 1176 886 1231 vivunt
931 1187 1194 1246 tempOre.
1228 1177 1295 1233 Ut
1329 1190 1511 1234 autem
1539 1180 1744 1233 certius
1779 1179 2092 1235 noverimus

494 1271 632 1326 banc
650 1280 855 1326 terram
871 1285 997 1326 esse
1012 1274 1062 1324 in
1079 1269 1720 1343 sublimibusgtricesimi
1735 1273 1874 1328 sexti
1901 1273 2092 1343 pSaImi

497 1366 740 1423 breviter
786 1367 1164 1432 recordemur,
1215 1366 1404 1436 inquo
1450 1367 1720 1438 scriptum
1772 1377 1856 1424 est
1889 1383 1904 1421 :
1941 1365 2094 1421 Miles

500 1459 840 1529 possidebunt
871 1469 1083 1526 terram,
1111 1469 1160 1513 et
1185 1457 1534 1531 epulabantur
1562 1461 1615 1514 in
1641 1461 1973 1515 multitudine
2002 1477 2098 1532 pa-

497 1552 590 1606 cis.
638 1550 770 1605 Post
811 1567 932 1622 qua:
981 1550 1216 1607 infertur
1244 1568 1258 1604 :
1291 1551 1550 1625 Exspecta
1575 1550 1884 1619 Dominum,
1925 1563 1975 1608 et
2003 1569 2097 1606 cu-

497 1644 637 1698 stodi
691 1644 802 1698 vias
851 1645 967 1712 ejus
1015 1662 1032 1699 :
1089 1655 1140 1700 et
1181 1645 1396 1700 eleuabit
1437 1656 1505 1714 te,
1538 1657 1593 1701 ut
1614 1648 1884 1720 possideas
1907 1659 2095 1703 terram

2187 435 2241 488 et
2265 427 2318 480 in
2353 427 2580 481 auribus
2606 428 2889 497 oculisque
2917 427 3161 482 auditum
3190 439 3355 499 atque
3379 427 3641 482 intuitum
3668 417 3775 484 {sic

2188 517 2240 572 in
2281 533 2377 573 ore
2404 533 2716 574 sermonem
2764 519 2858 574 Dei
2883 519 3276 587 intelligamus.

2266 613 2422 681 (Cap.
2453 611 2592 669 LIX.
2619 613 2852 670 —Vers.
2889 615 2942 681 l,
2972 613 3055 685 2.)
3084 613 3218 669 Ecce
3263 631 3366 669 non
3394 623 3472 670 est
3497 614 3779 669 abbreviats

2190 724 2378 762 manus
2405 707 2638 774 Domini,
2663 717 2719 761 ut
2743 707 2947 761 salvere
2958 718 3174 773 nequeat
3190 724 3209 761 .'
3231 723 3399 774 neque
3412 717 3698 778 aggravata
3716 716 3777 760 est

2187 803 2331 856 auris
2352 804 2484 873 ejus,
2521 811 2577 854 ut
2607 818 2709 855 non
2735 801 3012 867 exaudiat;
3047 801 3138 855 sed
3169 801 3470 872 iniquitates
3506 809 3690 856 vestrae
3711 800 3780 854 di-

2189 895 2416 949 viserunt
2452 894 2586 948 inter
2617 910 2704 949 vos
2731 903 2779 948 et
2820 893 2986 948 Deum
3014 904 3258 962 vestrum,
3289 903 3337 948 et
3375 906 3593 966 peccata
3628 905 3778 951 restra

2189 988 2568 1043 absconderant
2595 989 2780 1060 faciem
2812 993 2924 1060 ejus
2953 1006 2983 1041 α
3008 987 3168 1050 vobis,
3198 1005 3262 1043 ne
3285 990 3580 1044 exaudiret.
3619 988 3776 1044 LXX:

2195 1081 2468 1151 Numquid
2497 1098 2599 1135 non
2627 1089 2792 1152 potest
2821 1098 3007 1136 manus
3039 1080 3248 1136 Domini
3267 1081 3442 1137 salvos
3469 1085 3644 1154 facere
3663 1099 3683 1137 .·
3708 1095 3784 1138 aut

2193 1186 2474 1250 aggravata
2504 1184 2576 1230 est
2598 1177 2742 1231 auris
2765 1177 2894 1246 ejus,
2925 1186 2979 1228 ut
3006 1192 3108 1230 non
3136 1176 3419 1231 exaudiat?
3451 1174 3561 1232 Sed
3589 1188 3784 1244 peccata

2194 1281 2361 1326 vestra
2396 1281 2636 1343 separant
2667 1272 2797 1326 inter
2833 1286 2924 1324 vos
2943 1280 2992 1324 et
3020 1269 3222 1324 Deum:
3260 1281 3312 1326 et
3350 1279 3565 1343 propter
3589 1280 3784 1342 peccata

2195 1379 2362 1421 vestra
2387 1368 2569 1421 avertit
2605 1366 2792 1434 [aciem
2822 1371 2936 1440 ejus
2963 1384 2994 1421 a
3032 1367 3195 1435 vobis,
3225 1366 3387 1440 703
3417 1377 3474 1421 ut
3514 1384 3619 1422 non
3650 1368 3788 1420 mise-

2197 1471 2393 1514 reatur.
2431 1459 2686 1515 Poteram
2725 1475 2850 1528 quae
2879 1475 3022 1516 nunc
3053 1461 3322 1516 facturum
3351 1474 3476 1515 esse
3519 1475 3611 1514 me
3650 1459 3784 1515 dixi:

2201 1551 2319 1606 Eris
2345 1553 2611 1620 conﬁdens
2637 1554 2692 1607 in
2722 1551 2970 1618 Domino,
3001 1563 3048 1608 et
3077 1553 3289 1610 elevabit
3311 1563 3358 1608 te
3381 1554 3452 1608 ad
3471 1552 3608 1608 bona
3628 1562 3784 1621 terra,

2200 1655 2248 1698 et
2268 1643 2450 1699 cibabit
2472 1654 2520 1698 te
2540 1643 2844 1700 haereditate
2863 1641 3026 1699 Iacob
3067 1645 3233 1716 patris
3271 1646 3367 1713 tui,
3399 1655 3456 1700 et
3483 1655 3614 1700 ante
3654 1659 3791 1699 com-

498 1735 622 1809 (Ps.
645 1752 832 1804 xxxvr,
861 1738 979 1808 ll):
1007 1747 1033 1775 α
1068 1738 1137 1794 de
1168 1755 1275 1808 qua
1310 1740 1362 1794 in
1386 1739 1500 1795 alio
1531 1741 1653 1796 loco
1682 1744 1924 1805 canitur,
1952 1740 2096 1796 Justi
2128 1727 2174 1786 Β
2204 1739 2374 1810 plere.
2409 1739 2593 1810 Neque
2618 1740 2763 1796 enim
2785 1739 3101 1795 abbreviata
3131 1749 3214 1795 est
3246 1754 3440 1794 manus
3463 1755 3608 1808 mea,
3639 1752 3789 1810 atque

500 1829 840 1902 possidebunt
885 1841 1097 1896 terram,
1126 1842 1176 1887 et
1200 1831 1509 1888 habitabunt
1539 1834 1593 1888 in
1624 1836 1875 1889 saeculum
1915 1835 2100 1890 steculi

500 1941 658 1994 super
687 1941 801 1978 eam
849 1923 1046 1992 (Ibid.,
1076 1926 1188 1997 54).
1239 1927 1396 1994 Quod
1443 1937 1498 1982 et
1531 1928 1706 1997 ipsum
1751 1929 2100 1998 impossibile

502 2024 614 2070 est.
655 2015 713 2072 Si
753 2017 901 2072 enim
937 2029 1081 2073 terra
1115 2020 1501 2089 pertransibit,
1549 2020 1665 2077 haec
1711 2022 1906 2094 utique
1933 2040 2100 2093 quam

506 2108 830 2176 incolimus,
867 2111 1144 2182 quomodo
1174 2114 1228 2168 in
1255 2115 1516 2170 szeculum
1563 2119 1751 2173 saeculi
1779 2119 1912 2188 jIISli
1946 2119 2102 2176 babi-

503 2203 698 2258 tabunt
729 2218 900 2275 super
921 2206 1084 2262 eam?
1125 2207 1204 2263 Ex
1242 2224 1352 2280 quo
1383 2210 1652 2268 discimus
1699 2228 1824 2268 esse
1868 2223 2098 2278 terram,

503 2314 627 2369 qua:
662 2299 718 2354 in
747 2301 1075 2358 sublimibus
1100 2305 1204 2359 sita
1233 2313 1342 2361 est.
1399 2305 1529 2362 Post
1568 2324 1687 2376 qua:
1719 2308 1995 2366 infertur:
2035 2313 2103 2367 Et

499 2393 706 2462 cibabo,
742 2396 882 2462 sive,
907 2399 1096 2454 cibabit
1126 2411 1174 2456 te
1202 2399 1461 2456 Dominus
1485 2403 1791 2459 hereditate
1812 2404 1978 2461 Iacob
2006 2425 2104 2479 pa-

507 2490 602 2544 tris
626 2493 720 2546 tui.
736 2493 1046 2549 Sicutenim
1067 2496 1162 2566 qui
1179 2495 1340 2551 fidem
1359 2497 1523 2570 702
1538 2498 1786 2555 habuerit
1806 2501 2099 2566 Abraham,

505 2583 816 2653 appellatur
854 2586 999 2642 filius
1041 2589 1319 2644 Abraham
1356 2609 1368 2644 :
1403 2593 1485 2645 sic
1510 2593 1602 2661 qui
1628 2594 2102 2665 supplautatvitia

505 2685 670 2746 atque
715 2688 960 2745 peccata,
995 2691 1219 2736 vocatur
1266 2681 1411 2738 ﬁlius
1455 2682 1645 2739 Jacob.
1691 2685 1758 2740 Et
1795 2687 1952 2752 cujus
1979 2689 2103 2758 quis

509 2766 733 2824 virtutis
761 2769 1010 2826 imitator
1028 2782 1133 2836 est,
1167 2773 1318 2829 illius
1347 2778 1659 2847 appellatur
1681 2789 1734 2834 et
1767 2780 1926 2835 ﬁlius.
1954 2782 2102 2839 Bona

507 2870 692 2916 autem
727 2870 906 2929 terrae,
949 2879 1074 2935 qua;
1105 2867 1158 2922 in
1191 2869 1425 2924 excelsis
1451 2870 1556 2926 sita
1589 2882 1694 2938 est,
1727 2876 1925 2944 quibus
1956 2887 2105 2932 satu-

508 2961 658 3007 ratur
691 2953 833 3010 filius
883 2954 1077 3022 Jacob,
1129 2959 1216 3012 illa
1266 2962 1583 3028 accipienda
1634 2976 1784 3032 sunt,
1834 2984 1956 3040 quae
2004 2987 2104 3027 nec

506 3045 702 3101 oculos
733 3047 892 3112 vidit,
925 3065 1028 3106 nec
1067 3052 1219 3108 auris
1239 3054 1466 3119 audivit,
1504 3073 1605 3113 nec
1635 3059 1688 3115 in
1721 3076 1820 3116 cor
1866 3064 2102 3119 hominis

509 3139 882 3197 ascenderunt
913 3142 956 3212 (Ι
996 3142 1116 3200 Cor.
1149 3152 1230 3217 tt).
1267 3147 1344 3203 De
1383 3149 1582 3220 quibus
1613 3156 1664 3207 in
1701 3153 1943 3222 Epistola
1970 3158 2102 3212 Scri-

513 3243 664 3302 ptum
701 3244 786 3290 est
817 3236 885 3290 ad
916 3237 1176 3294 Hebraeos
1211 3257 1224 3294 :
1257 3240 1361 3307 Qui
1403 3244 1540 3298 enim
1568 3246 1678 3301 haec
1706 3248 1904 3313 dicunt,
1933 3261 2106 3304 osten-

506 3324 635 3379 dunt
663 3327 806 3398 quod
835 3329 1058 3396 patriam
1083 3345 1321 3401 quierant
1360 3350 1380 3388 :
1427 3343 1476 3389 et
1502 3336 1760 3402 siquidem
1788 3340 1936 3393 illam
1963 3359 2105 3412 qum-

505 3429 696 3488 rerent,
755 3421 819 3475 de
874 3438 976 3492 qua
1018 3425 1212 3493 egressi
1267 3439 1452 3495 erant,
1505 3429 1758 3485 habebant
1802 3443 2000 3506 tempus
2051 3444 2105 3488 ul

507 3523 878 3568 reverterentur
909 3516 980 3569 ad
1009 3532 1142 3571 eam.
1192 3515 1352 3572 Nunc
1382 3533 1558 3574 autem
1601 3522 1863 3580 meliorem
1897 3527 2103 3580 deside-

507 3614 628 3658 rant
658 3608 905 3676 patriam,
933 3607 1034 3661 hoc
1055 3618 1154 3674 est,
1182 3610 1441 3666 ctelestem
1465 3612 1761 3670 Jerusalem
1792 3617 1984 3685 (Hebr.
2023 3635 2101 3687 ιιι,

508 3694 574 3749 14
601 3706 647 3748 et
669 3703 864 3767 seqq.).
899 3699 978 3751 Ex
1008 3715 1114 3767 quo
1146 3701 1434 3769 discimus,
1461 3706 1614 3761 mille
1641 3724 1917 3763 annorum
1952 3710 2104 3764 fabu~

507 3785 637 3851 lam,
675 3788 728 3842 in
759 3804 864 3859 qua
899 3806 1114 3846 rursum
1149 3797 1350 3864 nuptiae
1401 3800 1816 3868 promittuntur,
1863 3814 1918 3857 et
1969 3804 2102 3875 cibi,

507 3889 563 3933 et
593 3889 831 3936 terrenae
871 3883 996 3938 vitae
1029 3888 1397 3952 conversatio,
1431 3889 1814 3958 abjicieudam.
1861 3895 1920 3950 Si
1953 3898 2103 3952 enim

507 3970 559 4025 in
583 3974 991 4031 resurreCtione
1017 3992 1190 4048 neque
1223 3979 1451 4047 nubent,
1479 3997 1653 4055 neque
1679 3987 1980 4049 nubentur.
2003 3993 2099 4046 sed

503 4080 665 4122 erunt
707 4068 919 4126 similes
949 4072 1284 4141 Angelorum
1314 4092 1328 4140 ;
1363 4078 1485 4145 quia
1533 4090 1659 4134 sunt
1701 4083 1792 4137 lilii
1849 4100 2100 4141 resurre-

505 4158 704 4214 ctionis
730 4158 949 4234 (Matth.
978 4163 1114 4235 xm)
1141 4181 1155 4230 ;
1190 4178 1244 4220 et
1271 4168 1337 4221 de
1366 4178 1557 4225 ventre
1589 4187 1653 4226 ac
1693 4174 1830 4230 cibis
1861 4175 2106 4243 Aposto-

507 4249 593 4304 lus
629 4250 871 4321 loquitur
900 4272 914 4307 :
952 4255 1088 4310 Esca
1117 4260 1304 4326 ventri,
1329 4271 1374 4316 et
1396 4274 1573 4317 venter
1601 4266 1730 4319 escis
1777 4284 1796 4321 :
1846 4267 1992 4324 Deus
2020 4288 2110 4325 au-

510 4354 613 4400 tem
633 4357 681 4399 et
707 4347 845 4401 hunc
874 4361 923 4404 et
949 4349 1095 4405 illaut
1116 4351 1346 4409 destruet
1376 4355 1419 4426 (1
1442 4356 1564 4413 Cor.
1591 4373 1668 4424 Vt,
1691 4359 1801 4431 15),
1829 4367 2109 4433 quomodo

510 4453 728 4494 rursum
782 4441 1100 4514 incorrupto
1136 4454 1192 4501 et
1240 4447 1506 4516 spirituali
1541 4449 1956 4524 immortalique
1985 4473 2108 4512 cor-

512 4550 669 4604 pore,
704 4541 887 4592 carnis
924 4539 1173 4610 pristina:
1222 4543 1473 4598 mortalis
1492 4555 1654 4617 atque
1681 4561 1958 4620 corruptae
1985 4552 2112 4608 vitia

508 4631 862 4698 qun-remus?
911 4632 976 4686 Et
1021 4632 1138 4688 hac
1166 4635 1427 4704 dicimus,
1459 4655 1566 4693 non
1595 4656 1705 4711 quo
1745 4644 2110 4699 substantiam

507 4721 791 4790 gloriticati
836 4727 1086 4796 corporis
1109 4728 1467 4800 denegemus,
1517 4731 1614 4787 sed
1653 4750 1762 4803 quo
1801 4752 1967 4804 Opera
2004 4738 2114 4805 pri-

511 4818 656 4873 stina
690 4818 743 4874 itt
799 4820 998 4891 bisqui
1031 4823 1368 4895 Angelorum
1419 4836 1551 4882 sunt
1598 4829 1831 4896 similes,
1893 4832 2112 4900 penitus

510 4906 842 4965 auferamus.
883 4914 1144 4984 Alioquin
1193 4926 1249 4972 et
1288 4919 1340 4973 io
1371 4919 1476 4974 isto
1509 4919 1687 4974 adhuc
1727 4936 1959 4991 corpore
2017 4940 2112 4992 per

502 4996 710 5065 jejunio
753 5012 805 5054 et
849 5004 1269 5074 continentiam,
1322 5018 1377 5064 et
1423 5023 1739 5082 perpetuam
1795 5015 2108 5070 caStitatcm

499 5101 554 5146 et
581 5093 936 5164 cltaritatetn,
957 5097 1236 5155 imitamur
1256 5105 1491 5161 virtutes
1509 5112 1543 5160 Α
1556 5107 1818 5178 ngelicas,
1844 5117 1902 5164 et
1925 5120 2108 5166 tamen

507 5185 872 5242 substantiam
897 5205 1190 5260 corporum
1212 5210 1323 5250 non
1349 5198 1672 5255 amittimus.
1697 5199 1830 5269 Quae
1849 5203 2107 5256 utomnia

505 5279 684 5335 futura
709 5282 1025 5352 credamus,
1066 5287 1308 5344 sciamus
1334 5305 1364 5344 a
1397 5293 1504 5346 lteo
1527 5308 1651 5348 esse
1685 5295 1976 5363 promissa,
2009 5310 2108 5351 cu-

501 5376 592 5446 jus
621 5392 682 5433 os
711 5378 952 5436 locutum
976 5391 1063 5438 est
1098 5400 1110 5437 :
1150 5393 1207 5440 ut
1237 5386 1519 5455 quomodo
1563 5387 1616 5442 in
1647 5389 1900 5446 manibus
1943 5403 2107 5461 opus,

580 5623 606 5652 ι
641 5615 895 5684 Ejusdem
941 5618 1096 5674 Vocis
1150 5625 1341 5672 terram
1394 5632 1665 5673 occursus
1712 5616 1915 5682 fraudi,
1967 5612 2151 5684 quod-

506 5684 753 5740 solemue
769 5702 872 5750 eat,
895 5691 1136 5760 antiquis
1154 5690 1590 5760 BXSt't'iplttt'ibus
1610 5687 1732 5750 fuit,
1756 5696 1815 5742 ιιι
1831 5701 1953 5760 qua;
1977 5689 2118 5760 inter

509 5767 798 5825 utrumque
844 5771 951 5824 εει,
1002 5757 1301 5830 pericOpen
1344 5757 1657 5827 verborum,
1709 5760 1772 5815 de
1799 5775 1903 5828 qua
1931 5758 1986 5811 in
2013 5757 2119 5813 alio

2201 1842 2500 1901 contracta,
2546 1840 2606 1888 ut
2643 1849 2763 1888 eam
2809 1833 2875 1888 ad
2919 1833 3260 1888 liberandum
3311 1833 3572 1902 populum
3623 1848 3788 1888 meum

2202 1925 2497 1982 extendere
2552 1941 2858 1996 nequeam:
2905 1935 2998 1980 aut
3045 1924 3241 1980 surdas
3285 1940 3448 1980 aures
3493 1924 3690 1992 habeo,
3737 1934 3788 1980 ut

2203 2018 2466 2075 exaudire
2497 2035 2604 2073 non
2635 2018 2860 2089 possim.
2903 2017 2980 2073 Es
3010 2032 3120 2086 quo
3167 2017 3477 2073 ostenditur
3502 2032 3664 2074 aures
3702 2018 3792 2072 Do-

2205 2113 2357 2182 mini,
2399 2131 2517 2185 quze
2542 2114 2721 2186 justos
2762 2114 3014 2182 audiunt,
3046 2123 3100 2168 et
3133 2127 3240 2169 non
3273 2112 3504 2168 audiunt
3547 2127 3788 2183 peccato-

2204 2224 2313 2275 res,
2338 2223 2675 2278 nequaquam
2704 2223 2827 2265 esse
2850 2219 3162 2264 nostrarum
3189 2207 3401 2263 aurium
3430 2206 3659 2274 similes,
3681 2223 3791 2279 qua:

2204 2301 2458 2358 emissam
2496 2316 2682 2357 vocem
2710 2303 2827 2358 sive
2853 2301 3106 2373 justitim,
3140 2303 3259 2358 sive
3289 2301 3596 2372 injustitize,
3625 2315 3793 2372 mqua-

2201 2395 2330 2451 liter
2355 2395 2618 2462 audiunt;
2659 2395 2751 2450 sed
2777 2405 3008 2468 peccata,
3037 2395 3235 2467 inquit,
3272 2405 3459 2463 vestra,
3492 2395 3643 2466 quasi
3681 2395 3793 2466 qui-

2204 2488 2327 2543 dam
2365 2490 2416 2543 in
2451 2489 2632 2544 medio
2673 2504 2861 2544 murus
2892 2489 3198 2560 oppositus,
3235 2504 3332 2544 vos
3359 2499 3419 2544 et
3457 2488 3619 2544 Deum
3658 2487 3790 2543 divi-

2205 2581 2362 2638 dunt.
2380 2581 2535 2637 Unde
2553 2583 2872 2639 etSalvator
2890 2586 2941 2639 in
2964 2583 3222 2656 passione
3245 2598 3340 2638 sua
3362 2582 3496 2638 fecit
3519 2590 3788 2652 utrumque

2207 2692 2372 2731 unum
2402 2675 2618 2748 (Ephes.
2651 2675 2732 2750 ιι),
2764 2689 2818 2732 et
2846 2678 3085 2732 medium
3115 2679 3383 2748 parietem
3418 2677 3664 2733 macerize
3687 2676 3793 2731 sol-

2207 2784 2361 2830 veos.
2380 2770 2716 2826 inimicitiam
2737 2771 2788 2825 in
2804 2785 2897 2826 sua
2917 2770 3384 2838 carnedestruxit,
3405 2780 3612 2841 utquos
3626 2770 3790 2840 paries

2207 2864 2470 2921 diviserat
2507 2876 2879 2935 peccatorum,
2925 2865 3130 2920 Christi
3173 2864 3395 2936 sanguis
3427 2864 3788 2935 coniungeret.

2207 2959 2309 3029 Qui
2359 2961 2571 3031 aperuit
2617 2960 2851 3030 paradisi
2895 2960 3144 3031 januam,
3176 2975 3298 3030 quae
3344 2959 3519 3014 multo
3565 2967 3792 3028 tempore

2207 3054 2389 3108 clausa
2417 3053 2616 3108 fuerat
2659 3053 2886 3127 (Geues.
2919 3053 3046 3125 ιιι),
3085 3063 3139 3107 et
3170 3051 3386 3123 igneum
3427 3051 3660 3122 gladium
3702 3063 3789 3104 suo

2207 3162 2405 3202 cruore
2431 3146 2706 3212 restinxit,
2742 3156 2797 3199 ut
2827 3144 3043 3201 audiret
3069 3145 3247 3199 latro:
3280 3142 3455 3198 Hodie
3485 3159 3680 3198 mecum
3703 3142 3793 3196 eris

2205 3244 2259 3298 in
2287 3243 2534 3315 paradiso
2572 3241 2725 3311 (Luc.
2758 3256 2889 3296 χχιιι
2917 3285 2930 3306 ,
2977 3239 3096 3310 43).
3130 3239 3398 3309 Quodque
3423 3239 3702 3308 sequitur:
3737 3233 3792 3289 Et

2209 3346 2418 3406 prapter
2451 3343 2658 3405 peccata
2701 3344 2865 3390 vestra
2901 3334 3089 3388 avertit
3120 3333 3309 3405 faciem
3346 3349 3377 3386 a
3406 3331 3595 3387 vobis:
3624 3339 3673 3385 ut
3701 3345 3792 3383 non

2207 3428 2433 3496 audiret,
2467 3428 2586 3482 sive
2620 3437 2673 3481 ut
2711 3444 2815 3480 non
2845 3427 3193 3493 misereretur,
3227 3426 3334 3482 hoc
3361 3423 3622 3492 ostendit,
3663 3421 3790 3493 quod

2207 3520 2440 3576 fetorem
2479 3529 2827 3590 peccatorum
2858 3527 2915 3574 et
2945 3519 3267 3590 iniquitates
3298 3534 3488 3573 eorum
3521 3518 3658 3573 ferre
3697 3528 3790 3568 non

2209 3614 2470 3684 potuerit,
2504 3611 2598 3666 sed
2639 3612 2898 3666 averterit
2932 3609 3127 3666 faciem
3155 3625 3334 3679 suam,
3372 3625 3442 3666 ue
3476 3625 3658 3665 eorum
3689 3621 3790 3662 tur-

2209 3709 2511 3777 pitudinem
2546 3715 2820 3773 cerneret,
2849 3715 2904 3761 ct
2939 3709 3121 3760 statim
3169 3715 3456 3775 percutere
3501 3711 3787 3774 cogeretur.

2212 3801 2364 3857 Unde
2409 3811 2666 3871 peccator
2715 3799 2932 3853 Domini
2982 3798 3191 3852 vultum
3234 3797 3424 3852 videre
3469 3796 3788 3856 desiderans,

2209 3894 2340 3950 dicit
2368 3894 2418 3947 in
2450 3893 2662 3964 psalmo
2709 3910 2720 3946 :
2759 3889 3077 3962 Usquequo,
3107 3888 3353 3957 Domine,
3395 3888 3701 3942 Oblivisceris
3724 3897 3791 3936 me

2209 3986 2261 4040 in
2289 3986 2463 4056 ﬁnem,
2490 4002 2746 4056 usquequo
2777 3983 2968 4038 avertis
3005 3981 3192 4052 {aciem
3218 3991 3358 4036 tuam
3385 3999 3416 4034 a
3438 3997 3520 4034 me
3552 3978 3679 4048 (Ps.
3706 3989 3786 4039 χιι,

2210 4079 2301 4151 1)?
2337 4081 2402 4134 Et
2441 4080 2600 4135 alibi:
2645 4078 2870 4134 Ostende
2915 4078 3102 4149 {aciem
3155 4086 3320 4144 tuam,
3355 4086 3401 4131 et
3451 4074 3580 4129 salvi
3623 4072 3790 4128 erimus

2210 4171 2332 4245 (Ps.
2366 4189 2544 4235 Lxxtx,
2572 4172 2652 4244 4).

2283 4267 2464 4337 (Vers.
2499 4267 2556 4333 5,
2587 4265 2668 4334 4.)
2703 4265 2890 4321 Manus
2929 4263 3065 4320 enim
3095 4273 3279 4318 vestrte
3305 4261 3523 4334 polluta
3557 4269 3670 4317 sunt
3690 4272 3789 4312 san-

2208 4361 2448 4431 guine.et
2471 4360 2622 4433 digiti
2643 4359 2796 4413 restri
2813 4358 3087 4428 iniquitate
3109 4354 3283 4411 :labia
3313 4365 3483 4411 vestra
3513 4357 3674 4409 locuta
3691 4356 3789 4405 sunt

2215 4456 2560 4518 mendacium,
2587 4461 2634 4508 et
2662 4453 2842 4523 lingua
2860 4461 3028 4505 vestra
3057 4450 3384 4520 iniquitatem
3407 4449 3572 4519 fatur.
3603 4445 3791 4500 Nonest

2219 4551 2310 4621 qui
2354 4550 2549 4603 invocet
2579 4547 2856 4612 justitiam,
2889 4562 3052 4618 neque
3088 4556 3161 4600 est
3189 4545 3276 4615 qui
3304 4544 3507 4615 judicet
3541 4557 3680 4597 uere:
3717 4535 3788 4593 sed

2220 4642 2487 4712 conﬁdunt
2508 4641 2562 4694 in
2589 4640 2737 4693 nihili
2770 4638 2951 4712 [ναις.
2983 4639 3195 4712 nihilo],
3233 4647 3278 4692 et
3311 4637 3597 4704 loquuntur
3615 4633 3787 4688 vanita-

2218 4746 2309 4790 tes.
2344 4733 2482 4788 LXX
2511 4751 2524 4786 :
2558 4732 2749 4786 Manus
2783 4735 2916 4788 enim
2943 4741 3124 4787 vestra:
3153 4732 3366 4802 polluta
3401 4739 3522 4784 sant
3546 4724 3786 4798 sanguine,

2219 4839 2265 4883 et
2293 4827 2442 4898 digiti
2465 4825 2617 4881 vestri
2638 4826 2877 4895 peccatis.
2903 4824 3062 4878 Labia
3081 4832 3248 4878 vestra
3263 4821 3468 4894 polluta
3490 4829 3606 4876 sunt
3630 4812 3788 4886 iniqui—

2219 4930 2342 4983 tate,
2389 4931 2436 4975 et
2474 4920 2654 4990 lingua
2707 4929 2878 4974 uestra
2923 4919 3231 4990 injustitiam
3273 4917 3573 4971 meditatur.
3620 4909 3787 4967 Nullus

2217 5015 2443 5085 loquitur
2464 5015 2644 5085 justa:
2686 5030 2846 5084 neque
2891 5020 2964 5066 est
2987 5015 3189 5083 justum
3213 5009 3496 5080 judicium.
3543 5003 3789 5073 Conﬁdunt

2217 5110 2271 5162 in
2307 5109 2472 5176 vanis,
2505 5117 2552 5160 et
2583 5107 2862 5178 loquuntur
2888 5121 3069 5169 vacua,
3095 5105 3392 5174 iniquitates
3420 5114 3572 5173 atque
3589 5103 3784 5168 peccata.

2217 5199 2348 5267 Quae
2398 5214 2562 5270 supra
2603 5197 2932 5268 generaliter
2971 5195 3294 5260 nominavit,
3343 5208 3486 5249 nunc
3515 5189 3722 5260 esponit
3745 5184 3786 5236 in

2220 5295 2483 5364 partibus.
2539 5293 2604 5348 Et
2656 5291 3108 5349 considerandum
3151 5291 3292 5362 quod
3350 5301 3678 5361 nequaquam
3724 5278 3786 5333 eis

2219 5387 2441 5458 objiciat
2495 5386 2859 5443 idololatriam
2917 5401 3020 5455 qua
3077 5383 3232 5439 Isaia:
3282 5381 3612 5454 temporibus
3661 5384 3784 5430 tene‘

2217 5612 2328 5669 loco
2360 5615 2588 5680 canitur,
2611 5613 2747 5686 justi
2766 5609 3117 5686 possidebunt
3164 5617 3376 5686 terrain,
3409 5602 3636 5686 fallente:
3650 5588 3779 5686 091'."

2221 5671 2732 5810 ltrﬁtermitterettt.
2764 5671 2878 5740 Nos
2905 5697 2972 5738 ex
3009 5678 3296 5736 vetustiori
3326 5671 3660 5732 Ambrosiam
3691 5671 3777 5718 m5-

2221 5772 2284 5810 Su
2331 5770 2560 5810 CCIHIUS.

2221 5770 2560 5814 SUHCCIHIUS.

3929 253 3936 288 Ρ

3929 293 3936 346 l.
