3972 6408
202 435 304 490 577

733 433 1383 492 COMMENTARIOHUM
1424 436 1487 491 ιλ
1531 434 1771 494 ιδΑιΑδι
1810 436 1835 494 Ι

1942 434 2235 493 tPllL'l‘AM
2276 434 2405 492 LIB.
2454 436 2590 493 XVI.
2635 437 2787 494 CAP.
2834 437 2971 496 LIX.

3409 443 3516 500 578

205 551 432 614 bantur.
463 552 556 609 sed
586 552 905 609 ell‘usioncm
936 555 1233 625 sanguinis,
1265 555 1334 610 de
1362 570 1470 626 quo
1498 555 1662 628 704
1688 565 1812 611 ante
1841 560 1885 617 A
1917 571 1992 617 iv,
2013 556 2092 624 8),
2119 557 2304 610 statim
2333 556 2721 612 interficietur:
2745 559 2861 614 sive
2885 570 2936 614 ιιι
2966 559 3322 630 Septuaginta
3344 570 3516 618 trans.

203 645 317 716 jam
341 645 593 703 dixerat:
617 647 800 701 Justus
829 657 856 685 ει
883 648 1034 720 perit.
1079 660 1128 702 et
1153 664 1258 703 non
1297 658 1373 703 est
1415 649 1502 719 qui
1541 649 1806 721 recogitet.

209 737 282 794 Et
339 740 433 794 viri
462 741 595 812 justi
647 741 922 808 tolluntur,
954 751 1002 796 et
1056 759 1204 797 tremo
1251 743 1405 798 corde
1459 743 1724 817 intelligit.
1765 743 1812 798 Α

208 833 346 904 facie
368 834 508 886 enim
542 833 832 900 iniquitatis
869 834 1104 890 sublatus
1125 845 1202 890 est
1221 840 1437 909 justus:
1464 837 1560 892 erit
1591 839 1646 890 in
1687 853 1814 909 pace

203 926 476 998 sepultura
505 931 643 1000 ejus,
667 929 976 998 tolleturque
1002 929 1068 986 de
1097 931 1262 985 medio
1291 930 1446 1002 (lsai.
1477 947 1606 1000 Lvn,
1649 932 1698 994 ι,
1726 931 1807 1002 9.).

203 1019 274 1074 Ει
302 1034 632 1087 quamquam
658 1021 761 1090 ipsi
795 1037 988 1076 manus
1015 1039 1121 1078 non
1160 1025 1410 1079 miserint
1437 1025 1490 1079 in
1523 1024 1810 1079 Dominum

206 1111 579 1179 Salvatnrem,
615 1123 792 1170 tamen
825 1129 1063 1172 consona
1091 1117 1386 1186 impietatis
1412 1132 1546 1172 voce
1572 1117 1813 1172 claman-

209 1214 336 1262 tes:
388 1205 618 1278 Sanguis
659 1213 772 1282 ejus
819 1226 973 1281 super
1001 1227 1096 1265 nos
1141 1219 1190 1265 et
1237 1227 1396 1280 super
1425 1211 1564 1280 ﬁlios
1609 1219 1816 1265 nostros

210 1297 433 1369 (Matth.
464 1315 637 1366 xxvn,
667 1299 759 1371 25)
781 1343 795 1363 ,
847 1302 1039 1356 mortis
1068 1301 1190 1372 ejus
1233 1303 1312 1358 rei
1343 1313 1494 1366 sunt,
1522 1312 1576 1358 et
1613 1303 1816 1359 habent

208 1391 454 1463 pollutas
483 1408 696 1449 manus.
735 1393 810 1448 De
849 1396 1046 1465 quibus
1072 1395 1214 1450 idem
1258 1396 1530 1466 Propheta
1563 1405 1810 1463 testatur,

210 1485 406 1541 dicens
429 1503 444 1541 :
475 1484 537 1542 Si
568 1486 858 1540 levaveritis
880 1503 1066 1544 manus
1091 1495 1284 1543 vestras
1311 1489 1381 1543 ad
1410 1505 1510 1553 me,
1535 1507 1637 1544 non
1657 1506 1818 1545 exau-

211 1579 379 1633 diam.
410 1577 600 1633 Manus
626 1588 804 1634 vestrte
821 1583 1077 1654 sanguine
1105 1581 1274 1652 pleme
1296 1593 1414 1638 sunt
1445 1581 1602 1655 (Isai.
1630 1599 1670 1648 ι.
1699 1584 1812 1654 15).

213 1669 387 1726 Lahia
417 1685 632 1742 quoque
652 1687 843 1729 eorum
871 1683 924 1729 et
951 1674 1131 1746 lingua
1161 1675 1817 1746 loquunturiniquitatem

213 1775 385 1836 atque
416 1767 778 1834 mendacium,
810 1777 868 1822 ut
904 1783 1004 1839 pro
1033 1766 1254 1824 Christo
1283 1770 1387 1826 sibi
1419 1769 1817 1826 Antichristum

213 1859 625 1929 repromittant,
654 1875 755 1914 nec
785 1861 854 1914 sit
874 1862 1016 1916 ullus
1039 1861 1091 1916 in
1120 1863 1324 1932 populo
1348 1863 1439 1932 qui
1470 1866 1685 1918 invocet
1705 1863 1824 1932 jus-

1916 649 2158 704 tnlerunt
2192 666 2204 702 :
2241 649 2345 714 Qui
2375 651 2590 704 voluerit
2614 651 2679 705 de
2729 653 2834 707 ovis
2863 669 3040 707 eorum
3075 655 3360 720 comedere,
3391 674 3518 710 con-

1915 750 2080 795 terens
2106 742 2326 795 inveniet
2356 742 2650 811 putridum,
2677 753 2723 798 et
2749 745 2804 800 in
2824 746 2936 812 ipso
2959 747 3218 819 regulum.
3251 747 3353 815 Qui
3371 748 3519 804 enim

1915 834 2092 904 prima
2123 833 2300 889 fronte
2330 834 2614 906 deceptus,
2666 851 2771 891 ova
2816 841 3090 906 putaverit
3118 840 3444 908 gallinarum
3468 849 3525 896 et

1914 927 2145 982 aliarum
2173 929 2478 997 volucrum,
2504 945 2732 1000 quarum
2759 946 2885 986 esus
2911 932 3166 988 innoxius
3189 942 3274 989 est
3307 949 3321 986 :
3345 935 3388 988 si
3418 932 3527 988 fre-

1914 1023 2054 1092 gerit
2077 1033 2369 1092 antequam
2396 1025 2668 1093 comedat,
2704 1027 2889 1080 statim
2914 1022 3160 1096 putorem
3186 1029 3527 1084 teterrimum

1917 1115 2263 1187 l'etoremque
2290 1127 2606 1187 cognoscet,
2637 1128 2692 1173 et
2727 1117 2870 1186 quod
2903 1119 3180 1174 confotum
3224 1131 3328 1186 est,
3374 1122 3529 1176 inve-

1917 1209 2035 1264 niet
2066 1209 2334 1280 regulum.
2356 1211 2484 1266 Sive
2503 1211 2654 1279 juxta
2693 1209 3084 1282 Symmachum
3115 1223 3170 1267 et
3193 1211 3529 1268 Theodotiov

1918 1318 2064 1369 nem,
2094 1305 2347 1372 aspidem.
2380 1304 2578 1373 Aquila
2601 1312 2786 1359 autem
2811 1303 3042 1375 viperam
3071 1305 3288 1374 posuit;
3311 1319 3407 1372 pro
3423 1318 3530 1374 qua

1919 1395 1974 1450 in
2025 1397 2294 1454 llehrait-o
2341 1397 2538 1466 legitur
2585 1412 2762 1452 EPREE
2791 1395 2810 1465 (
2834 1396 3056 1466 mare).
3094 1395 3194 1464 Qui
3227 1397 3390 1466 igitur
3434 1411 3532 1450 au-

1919 1494 2077 1549 diens
2108 1493 2429 1548 traditiones
2455 1489 2734 1556 ludaicas,
2771 1488 2838 1545 ad
2879 1503 3042 1545 escas
3075 1505 3134 1544 se
3166 1489 3314 1545 mille
3357 1504 3535 1544 anno-

1921 1603 2040 1642 rum
2073 1585 2304 1641 vuluerit
2329 1598 2662 1655 praeparare,
2699 1591 2754 1638 et
2798 1581 3291 1652 repromissionum
3319 1579 3535 1638 deliciis

1922 1678 2188 1742 irretitus,
2221 1690 2442 1729 manum
2470 1674 2538 1728 ad
2572 1685 2594 1712 ο
2621 1689 2783 1728 ovum
2813 1672 3114 1729 extendere
3139 1689 3152 1725 :
3175 1673 3220 1726 si
3244 1683 3534 1740 antequam

1923 1771 2196 1835 comedat,
2218 1770 2324 1825 hoc
2354 1779 2436 1824 est
2461 1767 2644 1824 verbis
2659 1767 2961 1823 mortiferis
2986 1768 3325 1837 acquiescat,
3349 1767 3539 1824 volue-

1924 1865 1995 1919 rit
2017 1865 2168 1934 prius
2198 1861 2558 1918 considerare
2587 1861 2733 1931 quod
2773 1861 2999 1927 dicitur,
3033 1870 3087 1916 et
3132 1860 3378 1932 singulas
3413 1877 3537 1917 ser-

217 1950 422 2016 titiam,
455 1961 513 2006 et
533 1951 740 2019 judicet
768 1953 1049 2020 veritatem,
1080 1954 1199 2010 sive
1228 1967 1281 2008 ut
1312 1954 1365 2009 in
1398 1955 1629 2010 Hebraeo
1663 1955 1828 2010 hahe-
1858 1967 1906 2026 Β
1934 1969 2122 2011 mones
2146 1955 2445 2021 discutere,
2464 1969 2762 2024 eorumque
2793 1963 3036 2010 tractare
3083 1953 3377 2020 rationem,
3427 1964 3542 2009 sta-

219 2055 334 2109 tur,
353 2046 531 2115 ﬁdem,
560 2045 705 2116 quod
728 2046 940 2103 scilicet
967 2047 1157 2104 credat
1183 2049 1235 2103 in
1263 2047 1508 2114 Christo;
1533 2049 1628 2103 sed
1658 2049 1827 2103 confi-

217 2137 362 2194 dunt
385 2137 437 2192 in
463 2136 642 2205 nihili,
669 2147 726 2194 et
747 2137 1044 2206 loquuntur
1066 2139 1826 2209 vanitates.UndeApostolus

217 2230 491 2302 pra-cipit,
513 2246 580 2286 ne
601 2231 1216 2288 attendamusJudaicas
1237 2231 1470 2301 fabulas,
1497 2242 1553 2288 et
1573 2231 1826 2286 mandata

219 2322 508 2378 hominum
556 2325 923 2379 aversantium
969 2340 1030 2380 se
1076 2341 1106 2380 a
1150 2325 1381 2381 veritate
1413 2324 1540 2396 (Tit.
1590 2323 1654 2396 i).
1687 2325 1827 2380 Vere

219 2415 368 2471 enim
403 2415 685 2471 conﬁdunt
714 2416 768 2471 in
794 2415 972 2482 nihili,
1023 2425 1078 2471 et
1107 2425 1409 2488 sequuntur
1453 2416 1742 2483 vanitates,
1773 2416 1826 2470 in

219 2525 332 2582 quo
357 2509 618 2580 impletur
643 2510 854 2566 Domini
881 2510 1198 2566 vaticinium
1226 2530 1236 2565 :
1267 2511 1378 2584 Ego
1401 2511 1515 2565 veni
1541 2511 1594 2564 in
1622 2511 1828 2564 nomine

218 2601 403 2658 Patris
431 2606 551 2669 mei,
579 2613 628 2658 et
655 2619 757 2658 non
794 2603 1094 2670 suscepistis
1135 2620 1215 2658 me
1253 2619 1271 2658 :
1316 2604 1362 2658 si
1391 2601 1528 2658 alius
1559 2603 1750 2658 venerit
1773 2602 1829 2656 in

219 2697 429 2751 nomine
458 2713 577 2762 suo,
608 2696 762 2750 illum
783 2697 1073 2769 suscipietis
1103 2695 1286 2769 (loan.
1321 2712 1375 2764 v,
1403 2693 1519 2768 45).

291 2792 490 2863 (Vers.
521 2794 575 2859 5,
611 2794 704 2864 6.)
747 2793 1102 2865 Conceperunt
1145 2795 1394 2862 laborem,
1439 2803 1487 2849 et
1520 2801 1828 2866 pepererunt

220 2885 591 2958 iniquitatem:
619 2896 666 2942 et
697 2903 792 2941 ova
815 2888 1056 2953 aspidum
1089 2895 1361 2960 ruperunt,
1391 2896 1437 2941 et
1466 2887 1600 2942 telas
1624 2902 1833 2942 orauere

220 2987 516 3033 texuerunt.
555 2978 659 3044 Qui
687 2978 963 3034 comederit
999 2979 1065 3034 de
1093 2981 1200 3035 ovis
1225 2997 1424 3048 eorum,
1468 2982 1751 3035 morietur:
1782 2990 1828 3034 et

217 3073 357 3144 quod
385 3075 655 3143 confotum
693 3083 790 3142 est,
837 3083 1068 3146 erumpet
1112 3075 1164 3128 in
1192 3076 1448 3144 regulum.
1477 3073 1615 3130 Tela:
1654 3089 1829 3128 eorum

217 3182 325 3220 non
356 3174 507 3219 erunt
538 3167 592 3220 in
632 3167 1011 3235 vestimentum,
1042 3183 1204 3235 neque
1247 3168 1543 3237 aperientur
1589 3165 1831 3238 operibus

214 3259 353 3314 suis.
387 3257 571 3314 LXX:
608 3258 748 3327 Quia
779 3261 1072 3329 parturiunt
1100 3260 1354 3328 dolorem,
1383 3270 1430 3314 et
1453 3269 1702 3334 generant
1730 3260 1833 3313 ini-

1934 2053 2028 2105 tim
2080 2051 2133 2105 in
2173 2050 2305 2120 ipsis
2380 2051 2620 2117 reperiet
2671 2048 2800 2121 [ΑΙ.
2846 2049 3089 2121 reperit]
3145 2051 3538 2107 Anticliristum

1934 2143 2249 2214 prmparari.
2286 2143 2432 2210 Ergo
2458 2143 2606 2211 juxta
2639 2142 2985 2212 liebraicum,
3018 2147 3111 2211 qui
3146 2144 3443 2200 comederit
3471 2145 3541 2201 de

1932 2237 2053 2291 ovis
2082 2253 2296 2305 eorum,
2317 2236 2604 2292 morietur.
2625 2237 2728 2303 Qui
2753 2245 2963 2301 autem,
2989 2238 3143 2305 juxta
3159 2236 3540 2309 Septuaginta,

1932 2329 2184 2398 frangere
2206 2339 2334 2384 ante
2357 2327 2614 2392 voluerit,
2643 2339 2696 2383 et
2721 2326 3039 2398 diligentius
3070 2329 3268 2384 intueri
3296 2344 3362 2384 ac
3393 2328 3543 2386 vide-

1934 2434 1994 2474 re
2041 2419 2174 2488 quid
2231 2419 2430 2487 latitet,
2491 2419 2739 2489 reperiet
2787 2418 3016 2474 fetorem
3077 2421 3441 2488 teterrimum,
3489 2427 3546 2476 et

1932 2512 2234 2583 principem
2285 2513 2527 2567 omnium
2573 2521 2888 2582 serpentem
2933 2511 3233 2581 diabolum,
3268 2514 3320 2566 in
3351 2528 3543 2570 eorum

1936 2605 2148 2660 latitare
2199 2604 2607 2660 traditionibus.
2634 2606 2703 2660 Et
2729 2606 2855 2675 quia
2884 2620 3048 2676 supra
3088 2606 3305 2662 dixerat
3339 2624 3356 2663 :
3391 2606 3544 2663 Telas

1933 2715 2137 2755 aranea:
2165 2709 2364 2768 texunt,
2394 2701 2618 2771 exponit
2647 2700 2788 2770 quod
2821 2700 3050 2757 telarum
3079 2703 3302 2757 istarum
3333 2711 3547 2759 textura

1935 2809 2042 2850 non
2102 2794 2371 2865 proﬁciat.
2420 2793 2621 2864 Labor,
2654 2790 2849 2866 inquit,
2878 2810 3068 2851 eorum
3112 2796 3402 2867 omnisque
3447 2796 3547 2852 do-

1934 2887 2104 2942 ctrina
2146 2902 2256 2941 non
2290 2885 2495 2942 Christi
2542 2885 2713 2942 efﬁcit
2752 2887 3160 2952 vestimentum,
3194 2904 3293 2944 nec
3323 2889 3546 2955 pallium

1934 2995 2042 3052 quo
2069 2979 2286 3036 auditas
2313 2980 2510 3035 anima:
2550 2988 2888 3051 protegatur,
2921 2981 3016 3036 sed
3051 2996 3212 3037 casso
3238 2981 3424 3036 labore
3452 2982 3548 3038 de-

1934 3073 2152 3138 sudant,
2182 3073 2398 3129 dicente
2438 3075 2546 3130 hoc
2573 3074 2766 3131 eodem
2815 3074 3089 3146 Propheta
3124 3091 3138 3129 :
3174 3075 3413 3146 Populus
3465 3077 3550 3134 hic

1935 3163 2085 3219 labiis
2111 3180 2190 3218 me
2211 3165 2473 3231 honorat;
2499 3181 2590 3220 cor
2619 3183 2740 3220 vero
2765 3182 2940 3221 eorum
2967 3165 3120 3237 longe
3140 3176 3214 3222 est
3235 3185 3268 3222 a
3285 3184 3384 3223 me.
3401 3165 3548 3223 Fru-

1936 3266 2045 3313 stra
2074 3267 2246 3313 autem
2281 3275 2361 3312 me
2385 3257 2583 3325 colunt,
2629 3260 2868 3314 docentes
2908 3259 3173 3315 doctrinas
3203 3269 3250 3315 et
3277 3271 3545 3332 prarcepta

216 3353 496 3424 quitatem.
543 3352 657 3406 Uva
705 3352 946 3422 aspidum
990 3356 1256 3424 fregerunt
1283 3369 1301 3406 :
1338 3360 1383 3408 et
1433 3354 1586 3408 telam
1629 3368 1834 3407 aranea:
1859 3336 1905 3401 C
1939 3351 2204 3406 hominum
2235 3349 2389 3424 (Isai.
2426 3367 2573 3420 xxix,
2601 3348 2690 3422 15)
2720 3365 2735 3403 :
2767 3367 2887 3422 qua:
2913 3361 3232 3422 sequentes,
3268 3354 3552 3425 negligant

217 3444 250 3486 δ
280 3455 580 3500 texuerunt.
614 3444 683 3500 Et
721 3448 810 3518 qui
840 3446 906 3500 de
933 3447 1040 3500 ovis
1085 3463 1257 3501 eorum
1299 3449 1567 3500 comedere
1594 3445 1834 3512 voluerit,

216 3542 477 3611 frangens
509 3538 728 3604 reperiet
770 3540 1058 3612 putridum,
1090 3550 1136 3595 et
1178 3543 1232 3595 in
1272 3541 1388 3610 ipso
1415 3541 1685 3611 regulam:
1736 3540 1839 3595 tela

217 3650 409 3689 eorum
444 3649 546 3687 non
576 3634 671 3687 erit
695 3634 749 3687 in
768 3635 1148 3703 vestimentum,
1175 3651 1266 3689 nec
1285 3635 1585 3703 operientur
1605 3635 1839 3706 operibus

220 3729 358 3782 suis.
413 3726 521 3794 Qui
567 3726 888 3782 Antichristi
939 3729 1326 3798 praestolamur
1366 3730 1683 3794 adventum,
1738 3742 1841 3784 nec

222 3828 472 3891 possunt
497 3819 718 3874 dicere:
763 3819 808 3874 Α
836 3821 1018 3875 timore
1046 3831 1156 3890 tuo,
1211 3821 1450 3890 Domine,
1491 3821 1836 3891 concepimus,

226 3925 275 3970 et
308 3915 688 3983 parturivimus
716 3923 762 3968 et
795 3916 1105 3987 peperimus,
1147 3917 1392 3985 spiritum
1419 3917 1603 3998 salutis
1632 3927 1735 3971 tua:
1765 3919 1843 3986 fe-

223 4009 402 4064 cimus
424 4025 580 4081 super
604 4019 796 4064 terram
821 4008 980 4081 (lsai.
999 4026 1163 4078 xxvi,
1197 4010 1316 4080 18),
1351 4021 1502 4068 recte
1527 4009 1843 4080 concipiunt

224 4102 510 4166 dolorem,
541 4111 599 4156 et
628 4102 936 4173 parturiunt
972 4101 1348 4172 iniquitatem:
1387 4114 1441 4157 ut
1469 4118 1631 4174 quem
1673 4104 1844 4158 multo

227 4195 433 4251 labore
456 4197 802 4266 perquirunt,
833 4197 886 4250 in
919 4194 1210 4263 iniquitate
1236 4195 1572 4262 suscipiant;
1608 4195 1676 4250 de
1707 4209 1846 4262 quo-

230 4303 359 4345 rum
389 4287 656 4357 scriptum
691 4297 776 4344 est
799 4297 992 4359 patre:
1025 4285 1273 4359 Concepit
1304 4286 1555 4355 dolorem,
1579 4296 1627 4340 et
1649 4288 1845 4358 peperit

230 4384 564 4454 iniquitatem
591 4383 713 4456 (Ps.
743 4400 839 4453 vn,
872 4384 984 4454 l5).
1016 4383 1110 4440 lsti
1141 4383 1403 4455 frangunt
1423 4395 1590 4455 atque
1611 4384 1847 4439 disrum-

233 4487 380 4550 punt
411 4493 513 4532 ova
557 4479 831 4548 aspidum,
866 4488 926 4534 ut
970 4493 1157 4533 earum
1188 4492 1403 4534 venena
1441 4479 1492 4532 in
1524 4493 1626 4533 sua
1666 4488 1848 4535 mente

238 4570 568 4640 suscipiant,
590 4570 787 4642 quibus
805 4570 859 4626 in
876 4571 1179 4643 Evangelia
1195 4571 1396 4627 dicitur
1412 4589 1424 4626 :
1442 4570 1740 4643 Serpentes,
1760 4588 1850 4642 ge-

241 4664 444 4719 nimina
456 4665 747 4735 viperarum
766 4663 984 4733 (Matth.
1003 4681 1082 4733 Ill,
1098 4664 1176 4736 7).
1197 4663 1535 4736 l’ulchreque
1549 4679 1650 4719 ova
1665 4664 1851 4734 posuit

1938 3447 2110 3516 legem
2144 3445 2260 3500 Dei.
2296 3446 2357 3500 Et
2381 3456 2443 3500 ut
2472 3445 2712 3500 sciamus
2742 3445 2794 3498 in
2821 3444 2925 3498 tela
2948 3460 3114 3514 opera
3141 3446 3547 3516 demonstrari,

1938 3538 2124 3594 intulit
2149 3556 2160 3591 :
2183 3537 2364 3609 Neque
2384 3538 2679 3609 operientur
2705 3537 2946 3608 aperibus
2967 3538 3095 3592 suis.
3117 3538 3348 3605 Quidam
3367 3540 3548 3597 locum

1941 3633 2288 3705 Insistam
2309 3631 2395 3688 sic
2423 3632 2739 3689 edisserunt
2767 3648 2781 3684 :
2815 3632 2924 3686 Ova
2969 3632 3213 3698 aspidum
3255 3632 3547 3700 sciderunt,

1942 3728 2057 3783 sive
2083 3738 2354 3800 ruperunt,
2391 3727 2442 3783 id
2475 3736 2580 3796 est,
2625 3727 2942 3783 mordentes
2982 3727 3375 3796 Prophetarum
3419 3727 3552 3783 reli.

1941 3836 2112 3892 quere
2137 3836 2422 3876 sermones
2458 3835 2650 3876 omnes
2669 3861 2683 3886 ,
2714 3829 2768 3874 et
2789 3819 2991 3876 blanda
3019 3817 3044 3857 ἀ
3073 3819 3176 3876 sibi
3211 3820 3550 3890 pseudOpro-

1943 3915 2226 3985 plietarum
2254 3913 2467 3986 eloquia
2498 3919 2792 3970 texuerunt
2822 3931 2833 3967 :
2859 3913 2926 3970 de
2951 3913 3149 3984 quibus
3170 3914 3259 3985 qui
3291 3915 3554 3970 comede-

1945 4009 2036 4076 rit,
2066 4023 2096 4062 a
2129 4017 2388 4080 serpente
2410 4007 2674 4074 ferietur;
2699 4019 2755 4065 et
2797 4007 3064 4079 intelliget
3087 4007 3220 4063 nihil
3253 4008 3356 4064 sibi
3389 4008 3554 4066 verba

1947 4100 2220 4171 proluisse
2246 4099 2543 4156 mendacii.

2018 4194 2202 4264 (Vcrs.
2231 4195 2284 4263 7,
2315 4193 2396 4262 8.)
2429 4194 2603 4262 Opera
2630 4209 2808 4248 eorum
2852 4209 3012 4264 opera
3061 4192 3272 4248 inutilia
3300 4208 3319 4247 :
3341 4202 3388 4248 et
3427 4210 3556 4267 opus

1946 4287 2234 4359 iniquitatis
2263 4288 2316 4341 in
2343 4287 2584 4342 manibus
2614 4303 2809 4342 eorum.
2841 4285 3010 4342 Pedes
3043 4283 3228 4343 eorum
3255 4288 3324 4343 ad
3355 4290 3555 4345 malum

1948 4393 2164 4436 currunt
2184 4398 2203 4437 :
2227 4393 2275 4436 et
2297 4383 2543 4452 festinant
2569 4391 2625 4436 ut
2646 4380 2921 4449 e/fundant
2961 4383 3269 4454 sanguinem
3310 4384 3558 4440 innocen-

1951 4484 2070 4528 tem.
2100 4475 2446 4549 Cogitationes
2488 4491 2686 4538 eorum,
2740 4476 3081 4548 cogitationes
3111 4476 3324 4531 inutiles
3355 4493 3376 4532 :
3405 4478 3563 4532 vasti-

1953 4578 2029 4622 tas
2055 4577 2099 4621 et
2126 4568 2366 4621 contritio
2387 4568 2440 4620 in
2460 4569 2555 4621 viis
2583 4583 2785 4622 eorum.
2834 4567 2980 4622 Viam
3028 4571 3170 4640 pacis
3219 4571 3511 4624 nescierunt
3537 4585 3558 4625 .°

1952 4673 1999 4716 et
2024 4677 2124 4715 non
2147 4670 2221 4715 est
2247 4660 2501 4728 iudicium
2529 4661 2584 4712 in
2629 4658 2893 4730 gressibus
2919 4676 3115 4714 eorum.
3144 4661 3356 4716 Semita:
3379 4677 3562 4715 eorum

243 4756 500 4828 aspidum
530 4765 693 4824 atque
731 4769 1072 4828 serpentum,
1108 4773 1230 4827 qua:
1261 4773 1364 4813 ora
1396 4757 1547 4828 prius
1582 4771 1849 4826 generare
1875 4740 1929 4801 Ῐ)
1955 4748 2236 4809 incurvatis
2263 4765 2382 4807 sunt
2412 4754 2484 4808 eis
2513 4769 2532 4806 :
2556 4753 2722 4807 omnis
2769 4754 2857 4822 qui
2893 4754 3061 4808 calcat
3103 4755 3160 4807 in
3212 4756 3307 4818 eis,
3356 4754 3564 4826 ignorat

243 4851 524 4908 dicuntur.
547 4851 710 4924 705
741 4850 807 4906 Et
830 4849 956 4918 quia
985 4865 1092 4904 non
1118 4850 1296 4905 solum
1324 4850 1544 4904 malitiae
1562 4864 1766 4904 venena
1800 4848 1853 4904 in

246 4945 511 5003 cordibus
535 4961 649 5000 suis
671 4945 930 5015 retinent,
955 4943 1050 5000 sed
1079 4943 1132 4999 in
1159 4945 1279 5014 lege
1307 4943 1525 5000 Domini
1548 4944 1638 4999 die
1661 4958 1724 4999 ac
1750 4958 1852 4999 no-

249 5051 338 5096 cte
367 5039 722 5105 meditantur,
737 5040 910 5096 aniles
923 5039 1131 5096 fabulas
1157 5039 1530 5105 mussitantes,
1566 5047 1851 5110 propterea

251 5134 458 5190 dicitur
497 5152 510 5188 :
555 5131 627 5188 Et
671 5134 802 5188 telas
846 5148 1054 5188 aranea:
1119 5139 1304 5187 texunt
1332 5148 1351 5186 :
1391 5133 1591 5201 quibus
1638 5145 1855 5188 muscas

253 5236 314 5284 et
342 5227 549 5285 culices
577 5235 634 5284 et
651 5243 816 5298 parva
861 5229 1084 5296 capiunt
1107 5225 1443 5291 animantia;
1479 5225 1544 5278 ad
1569 5240 1704 5296 quas
1725 5239 1850 5280 cum

256 5320 404 5376 forte
423 5320 555 5392 quid
572 5322 816 5389 venerit,
855 5321 1010 5392 quasi
1033 5336 1129 5390 per
1150 5335 1337 5376 aerem
1362 5333 1588 5374 vacuum
1609 5327 1856 5372 transvo-

258 5414 355 5471 lat.
376 5415 479 5482 Qui
499 5417 796 5482 comederit,
830 5415 1020 5485 inquit,
1038 5415 1102 5469 de
1130 5413 1234 5468 ovis
1248 5428 1446 5480 eorum,
1471 5413 1738 5475 morietur.
1755 5410 1860 5468 hoc

257 5519 366 5577 est,
383 5513 470 5578 qui
487 5511 735 5566 consiliis
756 5527 942 5566 eorum
961 5509 1317 5582 acquieverit,
1333 5506 1606 5577 quomodo
1627 5505 1761 5561 Abel
1775 5520 1867 5562 ac-

261 5605 467 5674 quievit
510 5603 644 5661 Cain
670 5604 894 5670 dicenti,
930 5603 1277 5659 Transeamus
1303 5602 1357 5657 in
1383 5617 1626 5672 campum
1655 5598 1863 5670 (ches.

341 5735 362 5798 ἐ
394 5725 635 5792 Victor.,
662 5725 835 5798 periit,
863 5735 908 5798 et
931 5740 1079 5798 nemo
1095 5723 1312 5795 suscipit
1338 5721 1510 5776 corde.
1529 5718 1607 5798 Et
1625 5720 1720 5774 viri
1728 5720 1864 5798 justi

267 5797 540 5865 tolluntur,
579 5806 630 5853 et
662 5793 821 5851 nemo
860 5795 1172 5867 intelligit...
1218 5793 1275 5850 et
1321 5810 1448 5850 mox
1486 5793 1662 5847 ablata
1687 5801 1762 5848 est
1805 5794 1869 5846 de

271 5869 474 5923 medio:
505 5885 572 5924 ex
600 5867 872 5934 superiori
904 5883 1025 5934 cap.
1060 5867 1116 5922 5.

345 5935 371 5977 ι’
393 5939 512 5997 Duo
528 5938 898 6007 Ambrosiani,
921 5947 1117 6009 texunt,
1137 5938 1290 6010 juxta
1304 5937 1555 5997 Graecum
1579 5938 1865 6009 ὑφαίνουσι.

1961 4865 2158 4921 pacem.
2186 4847 2328 4903 LXX
2363 4865 2378 4904 :
2406 4847 2577 4916 Opera
2601 4847 2738 4901 enim
2757 4861 2939 4901 eorum
2965 4861 3126 4915 opera
3152 4845 3447 4918 iniquitatis
3473 4863 3492 4902 :
3513 4857 3563 4902 et

1960 4944 2119 5015 pedes
2141 4959 2316 4998 eorum
2348 4943 2417 4996 ad
2440 4941 2690 4996 malitiam
2718 4950 2953 4996 currunt.
2990 4938 3202 4996 Veloces
3215 4940 3284 4994 ad
3294 4935 3566 5011 effunden-

1960 5037 2084 5091 dum
2103 5037 2406 5109 sanguinem
2424 5035 2692 5090 innoxium
2713 5050 2733 5089 :
2759 5043 2809 5088 et
2831 5034 3170 5108 cogitationes
3193 5051 3394 5105 eorum,
3425 5035 3570 5107 cogi-

1960 5133 2179 5187 tationes
2203 5133 2503 5187 stultorum.
2537 5127 2793 5184 Contritio
2818 5138 2866 5183 et
2897 5129 3108 5185 miseria
3137 5129 3191 5184 in
3215 5129 3310 5184 viis
3339 5145 3517 5184 eorum
3544 5145 3564 5184 .'

1961 5237 2008 5281 et
2034 5227 2168 5280 tiam
2193 5227 2334 5298 pacis
2362 5240 2463 5278 non
2485 5234 2831 5295 cognoverunt
2863 5239 2883 5279 :
2909 5235 2956 5279 et
2982 5241 3083 5280 non
3108 5235 3180 5280 est
3211 5223 3475 5297 judicium
3511 5222 3567 5278 in

1965 5321 2061 5376 viis
2091 5337 2287 5374 eorum.
2311 5318 2523 5374 Semin
2565 5318 2703 5373 enim
2733 5335 2908 5374 eorum
2933 5334 3206 5390 perversis,
3239 5333 3368 5386 quas
3399 5329 3568 5371 trans-

1969 5421 2111 5481 eunt,
2164 5421 2210 5465 et
2255 5412 2488 5467 nesciunt
2539 5427 2738 5481 pacem.
2772 5410 2899 5466 Ideo
2937 5425 3044 5466 non
3083 5410 3408 5481 operiuntur
3455 5407 3567 5481 [ΑΙ.

1971 5502 2304 5576 aperientur]
2339 5503 2598 5573 operibus
2628 5506 2764 5565 suis,
2795 5502 2920 5572 quia
2950 5516 3116 5573 opera
3173 5515 3365 5556 eorum
3399 5516 3568 5572 opera

1975 5596 2276 5667 iniquitatis
2302 5605 2449 5662 sunt,
2480 5612 2604 5668 quae
2628 5594 2924 5666 Apostolus
2978 5594 3317 5650 infructuosa
3364 5609 3571 5666 cogno-

2048 5729 2069 5757 ε
2113 5716 2302 5780 Iidem,
2327 5715 2397 5769 ad
2417 5715 2587 5770 cibum
2616 5715 2909 5770 extendere.

2047 5787 2074 5827 ἀ
2117 5789 2267 5850 Unus
2292 5788 2667 5855 Ambrosiam,
2703 5799 2746 5840 et
2770 5784 2963 5841 blanda
2989 5784 3373 5841 acadulatoria
3404 5783 3574 5841 Pseu-

1976 5862 2414 5934 doprophetarum
2457 5857 2664 5929 eloquia
2699 5869 3043 5929 sumpserunt,
3067 5857 3131 5914 de
3148 5856 3358 5930 quibus,
3387 5868 3498 5916 etc.
