3972 6330
553 313 664 370 κη
1815 307 1874 363 ὅ.
1918 305 2121 364 EUSEI

2238 295 2618 366 tttsttoxrtn
3719 310 3798 381 ita

547 433 738 499 mittat,
775 433 826 487 id
856 439 940 486 est
971 428 1175 484 fructus
1202 437 1309 484 non
1333 428 1584 484 habentia
1618 427 1836 501 (Ephes.
1859 428 1938 498 ν).
1966 428 2032 482 Ει
2054 443 2148 498 pe-
2175 425 2222 486 Α
2254 425 2429 480 oculos
2461 428 2824 485 annotabam.
2882 431 3078 487 Cadent
3125 433 3179 487 in
3209 436 3438 505 meridie,
3461 440 3601 507 quasi
3623 440 3670 494 in
3689 453 3800 496 nocte

549 524 648 579 des
679 537 867 578 eorum
913 531 1136 576 currunt
1165 520 1231 574 ad
1268 521 1506 590 malum,
1530 530 1586 576 et
1608 519 1866 576 festinant
1888 520 1953 575 ad
1980 519 2156 576 εσυ..-
2256 518 2426 573 media
2454 537 2472 573 :
2493 522 2641 591 quasi
2672 523 2944 578 morientes
2968 536 3169 595 gement
3192 543 3210 580 :
3231 530 3379 598 quasi
3405 547 3569 599 ursus,
3612 543 3654 586 et
3686 536 3800 603 quasi

547 619 785 675 dendum
814 618 1133 688 sanguinem
1163 617 1443 673 innuaium
1473 616 1658 686 (Prov.
1693 617 1756 688 ι).
1810 616 1962 672 llanc
2005 616 2152 672 enim
2257 612 2491 667 columba
2516 617 2711 684 pariter
2731 616 3089 674 ambulabunt.
3123 617 3539 690 Exspectacimus
3561 624 3800 696 λαεείαηι,

546 723 604 768 et
633 714 685 766 in
721 711 1114 780 Pmphetarum
1143 710 1419 766 occisione
1448 711 1755 766 habuerunt
1793 711 2148 766 consuetudi-
2255 714 2306 758 ει
2331 720 2430 757 non
2457 716 2528 760 est
2562 723 2580 759 :
2609 707 2751 762 salus
2801 710 2951 780 longe
2977 713 3182 766 recessit
3212 730 3244 764 a
3288 715 3449 770 nobis.
3482 715 3604 771 Post
3624 732 3801 773 accusa.

547 819 692 860 netu.
755 803 836 859 Ad
878 819 1016 875 quos
1069 805 1382 874 Stephanus
1426 803 1750 874 loquebatur
1781 822 1794 857 :
1831 803 1997 872 Quem
2019 804 2153 858 enim
2255 797 2458 853 tionem
2491 801 2670 868 populi
2699 801 3037 874 Judmorum,
3065 821 3131 861 ex
3156 821 3385 877 persona
3411 824 3592 864 eorum
3607 810 3803 883 Prophe-

539 897 921 970 Propitst
947 915 1048 952 non
1077 909 1192 953 sunt
1216 900 1473 968 persecuti
1503 908 1674 966 patres
1698 899 1852 952 vestri
1880 898 2021 968 (Act.
2051 913 2145 961 vn,
2257 899 2306 943 ta
2333 894 2632 964 respondit,
2656 897 2784 966 quid
2810 897 2954 970 loqui
2977 899 3210 956 debeant
3230 905 3573 972 pretiitentes,
3593 907 3633 959 si
3659 918 3799 963 tamen

543 991 676 1064 Si)?
705 991 774 1048 Et
822 991 1084 1047 Dominus
1117 992 1174 1046 in
1212 991 1513 1062 Evangelio
1545 1007 1556 1043 ε
1589 988 1906 1057 Jerusalem,
1937 989 2150 1043 Jerusa-
2254 985 2424 1041 velint
2446 999 2566 1057 post
2595 992 2818 1048 vulnera
2852 996 3103 1064 recipere
3134 998 3712 1071 sanitatcntdilironjae
3727 1015 3802 1057 cur

545 1086 646 1141 lem
686 1101 802 1157 qua:
848 1086 1041 1140 occidis
1093 1085 1400 1158 Prophetas,
1443 1095 1491 1139 et
1542 1085 1747 1157 lepidas
1767 1101 1876 1153 eos,
1891 1087 1982 1155 qui
2005 1085 2074 1137 ad
2104 1094 2151 1138 te
2256 1081 2635 1155 Septuaginta,
2669 1091 2824 1157 quasi
2853 1091 3124 1161 Propheta
3163 1094 3232 1149 de
3263 1095 3622 1167 t-isioquulur,
3645 1107 3693 1151 ct
3721 1114 3800 1154 non

543 1182 686 1237 utissi
714 1190 834 1235 sant
858 1179 1079 1250 (Matth.
1110 1195 1264 1250 xxiii,
1295 1181 1421 1248 57);
1453 1181 1727 1235 etiterum
1759 1196 1773 1233 :
1807 1177 2151 1249 Venietsuper
2255 1174 2358 1243 ipsi
2405 1176 2473 1232 ad
2530 1178 2823 1249 Prophetas
2874 1185 3037 1238 verba
3081 1186 3484 1254 rcSpondeaut.
3543 1191 3795 1246 orationem

543 1288 628 1326 eos
658 1273 824 1326 omnis
849 1274 1062 1345 sanguis
1074 1276 1278 1345 justus,
1301 1272 1391 1342 qui
1415 1269 1612 1338 eﬁ'usus
1639 1281 1714 1324 est
1737 1286 1891 1342 super
1917 1281 2144 1324 terram:
2256 1270 2552 1334 terruerint,
2581 1287 2702 1326 cum
2735 1274 2788 1328 in
2818 1278 3278 1347 consequentibus
3331 1281 3551 1337 veritate
3581 1284 3792 1353 superati,

542 1383 574 1420 a
605 1366 860 1436 sanguine
883 1364 1008 1419 Abel
1023 1365 1158 1437 justi
1178 1381 1340 1433 usque
1365 1364 1435 1418 ad
1461 1363 1764 1435 sanguinem
1796 1362 2066 1416 Zachariae
2087 1361 2151 1429 β·
2254 1359 2356 1416 hoc
2387 1362 2529 1418 idem
2579 1366 2828 1434 iecerint,
2884 1368 3168 1426 dicentes:
3215 1373 3379 1445 71η
3427 1373 3795 1444 Ειδρετιαυὶηικι

538 1455 599 1510 lii
618 1456 914 1525 Barocltite,
933 1473 1087 1526 quens
1115 1456 1379 1510 occidistis
1424 1457 1559 1510 inter
1610 1453 1880 1527 Templum
1907 1463 1954 1508 et
1980 1453 2149 1506 altare
2241 1453 2524 1523 judicium,
2547 1467 2594 1510 et
2625 1475 2728 1512 non
2751 1469 2861 1525 est;
2885 1459 3030 1515 salus
3052 1463 3204 1535 longe
3231 1466 3434 1519 recessit
3459 1483 3491 1520 α
3510 1467 3660 1520 nobis.
3683 1466 3797 1522 Malo

542 1545 737 1616 (Ibid.,
766 1547 881 1618 55).
914 1547 1074 1604 Unde
1122 1557 1176 1603 et
1219 1564 1382 1618 supra
1427 1547 1492 1603 ad
1543 1562 1641 1603 eos
1678 1548 1918 1602 dicitur:
1961 1544 2149 1599 Manus
2254 1557 2306 1601 ta
2347 1550 2480 1602 enim
2525 1552 2772 1621 iniquitas
2814 1557 3076 1611 nostrain
3103 1569 3385 1628 conspectu
3415 1569 3532 1628 tuo;
3560 1570 3604 1615 et
3627 1571 3795 1633 peccata

540 1643 680 1698 enim
709 1653 890 1698 vestra:
915 1642 1131 1714 polluta!
1154 1652 1274 1697 sunt
1296 1643 1546 1714 sanguine
1563 1659 1581 1696 :
1609 1650 1655 1695 et
1681 1641 1858 1713 lingua
1886 1649 2051 1694 vestra
2077 1637 2149 1692 lo.
2253 1653 2427 1696 nostra
2447 1646 2741 1700 restiterunt
2769 1647 2938 1714 nobis,
2967 1657 3023 1705 et
3049 1659 3270 1706 caetera.
3319 1651 3379 1708 ιιι
3403 1656 3642 1723 praesen
3669 1656 3797 1724 igitur

538 1736 714 1807 quitur
743 1737 1066 1806 iniquitatem
1103 1735 1262 1808 (latri.
1290 1753 1328 1802 ι,
1365 1737 1477 1806 15).
1507 1736 1575 1791 Et
1605 1751 1701 1806 per
1733 1734 1875 1789 hanc
1918 1733 2148 1788 meditu-
2178 1813 2214 1818 λ
2253 1744 2500 1804 tempore
2542 1739 2794 1796 universa
2842 1743 3206 1812 complentur.
3257 1744 3798 1818 Elongatumestjudi-

538 1829 744 1885 tionem
775 1829 1116 1886 crudelitatis
1142 1840 1307 1901 atque
1336 1829 1716 1899 blasphemiae,
1741 1828 1807 1882 ad
1825 1841 2015 1883 necem
2039 1828 2144 1882 Do-
2174 1813 2223 1874 Β
2251 1831 2393 1884 cium
2425 1848 2454 1885 a
2482 1832 2704 1901 ludaeis,
2734 1835 2878 1905 quod
2904 1838 3163 1907 gentibus
3191 1813 3496 1895 nuntiatum
3525 1853 3619 1897 est.
3639 1813 3697 1896 Ei
3711 1859 3794 1894 non

540 1921 672 1977 mini
725 1933 1114 1991 pervenerunt.
1171 1923 1455 1990 Quomodo
1487 1933 1542 1978 et
1565 1921 1732 1978 ludas
1780 1936 1878 1991 per
1908 1920 2146 1976 avaritia:
2249 1925 2629 1990 apprehendet
2655 1941 2751 1981 eos
2772 1929 3004 1996 justitia,
3036 1946 3156 2000 quat
3183 1946 3214 1984 a
3243 1932 3552 1988 nationibus
3580 1947 3792 2003 compte.

541 2017 688 2070 viam
717 2017 864 2070 venit
885 2017 951 2070 ad
984 2015 1361 2084 homicidium,
1387 2017 1558 2071 immo
1586 2013 1929 2084 sacrilegium
1962 2013 2142 2066 avari-
2249 2013 2416 2070 bensa
2449 2027 2554 2072 est.
2585 2019 3056 2088 Exsriectaverunt
3111 2024 3310 2090 lucem,
3344 2027 3613 2082 dicentes:
3647 2027 3794 2081 Emitte

541 2110 631 2165 tite
656 2111 989 2180 copulatum.
1019 2109 1284 2179 Quodque
1305 2109 1579 2178 sequitur:
1601 2107 1946 2178 Cogitationes
1968 2120 2144 2160 eorum
2249 2107 2415 2163 lucem
2467 2120 2608 2166 tuum
2635 2124 2682 2167 et
2713 2116 2972 2169 ceritatem
3011 2125 3151 2171 tuam
3182 2117 3300 2188 (Ps.
3336 2135 3462 2184 aut,
3509 2118 3585 2191 ὅ),
3608 2134 3711 2190 qua
3734 2120 3796 2174 cis

533 2203 873 2273 cogitationes
917 2203 1191 2256 stultorum
1214 2218 1232 2254 :
1259 2202 1497 2255 contritio
1547 2211 1596 2255 et
1642 2198 1922 2270 infelicitas
1957 2199 2010 2251 in
2047 2198 2142 2252 viis
2247 2215 2342 2271 per
2369 2202 2667 2274 Prophetas
2699 2207 2873 2262 iuerat
2905 2211 3260 2278 repromissa,
3292 2222 3350 2266 et
3379 2214 3574 2267 erroris
3598 2212 3793 2267 tenebris

535 2309 734 2366 eorum,
773 2307 819 2353 et
844 2299 977 2352 viam
1005 2300 1148 2370 pacis
1180 2309 1283 2351 non
1309 2305 1676 2367 cognoverunt.
1708 2294 1778 2350 Et
1809 2309 2002 2365 supra:
2049 2292 2141 2347 γε-
2245 2297 2494 2365 occupati
2521 2308 2670 2352 sunt.
2701 2300 3062 2356 Sustinebant
3106 2304 3491 2372 splendorem;
3518 2315 3570 2360 et
3589 2303 3792 2358 ambula-

534 2389 670 2445 loces
694 2391 848 2455 pedes
865 2405 1042 2444 eorum
1061 2390 1130 2443 ad
1156 2388 1527 2456 effundendum
1549 2392 1876 2461 sanguinem,
1907 2389 2142 2455 Aposto-
2243 2398 2438 2444 verunt
2462 2391 2514 2444 in
2550 2389 2812 2446 tenebris.
2841 2392 2916 2447 Ita
2938 2391 3248 2463 Scripturas
3269 2405 3506 2462 sanctas,
3533 2397 3666 2467 quasi
3687 2395 3791 2450 eieci

533 2481 620 2538 lus
651 2483 833 2552 posuit
861 2482 930 2536 ad
950 2482 1261 2550 Romanos(
1289 2480 1423 2550 Cap.
1448 2496 1505 2536 ιιι
1537 2479 1588 2551 );
1621 2479 1784 2550 707
1807 2477 1952 2549 quod
1983 2477 2136 2532 multi
2243 2481 2528 2550 palpantes
2583 2485 2874 2552 parietem,
2931 2487 3098 2542 verba
3150 2498 3364 2543 tantum
3415 2491 3467 2546 in
3505 2491 3577 2546 eis
3598 2498 3640 2543 et
3664 2488 3786 2548 iulia.

531 2574 870 2646 ignorantes,
888 2576 956 2631 de
973 2577 1136 2632 tertio
1156 2575 1374 2630 decimo
1398 2575 1606 2644 psalmo
1627 2582 1902 2642 sumptum
1921 2579 2135 2642 putant,
2240 2587 2347 2626 non
2389 2587 2608 2627 sensum
2638 2574 2976 2644 fructumque
3015 2591 3350 2647 quaerentes,
3411 2583 3498 2651 qui
3542 2590 3714 2635 tenetur
3738 2577 3785 2633 iu

529 2669 622 2740 qui
653 2684 844 2725 versus
873 2669 924 2724 in
957 2668 1202 2724 editione
1226 2667 1451 2737 Vulgata
1481 2666 1649 2722 additi
1681 2675 1830 2734 sunt,
1862 2675 1916 2720 et
1945 2665 1998 2719 in
2027 2663 2132 2721 He-
2240 2663 2457 2719 litteris.
2490 2667 2731 2736 Denique
2758 2667 2941 2739 jungit
2967 2680 3020 2724 et
3046 2669 3180 2725 dicit
3209 2688 3224 2724 :
3251 2670 3583 2745 Intpegimus,
3600 2673 3697 2727 sive
3719 2687 3790 2723 ca-

531 2761 720 2818 brnico
754 2777 858 2816 non
886 2761 1174 2816 habentur.
1206 2760 1284 2816 De
1319 2775 1428 2829 quo
1455 2759 1667 2830 plenius
1696 2759 1748 2814 in
1779 2757 2008 2813 exordio
2031 2757 2131 2811 hn-
2237 2759 2412 2812 demus
2438 2759 2672 2827 meridie,
2698 2762 2850 2831 quasi
2871 2763 2924 2815 in
2947 2763 3169 2818 tenebris
3193 2781 3211 2818 :
3234 2765 3288 2819 in
3313 2764 3666 2838 caligosisw.
3689 2761 3791 2815 cali-

525 2854 618 2925 jus
641 2855 937 2910 voluminis
957 2853 1208 2909 diximus.
1240 2854 1412 2910 Recte
1435 2864 1616 2908 autem
1640 2853 1781 2907 viam
1807 2849 1957 2920 pacis
1977 2851 2127 2919 igno-
2237 2852 2478 2923 ginosis],
2497 2854 2644 2923 quasi
2667 2855 2876 2908 mal'llll.
2905 2839 2962 2909 ln
2987 2865 3099 2910 toto
3121 2858 3267 2912 enim
3298 2857 3456 2924 orbe,
3486 2859 3591 2912 sole
3606 2854 3789 2925 justitia:

531 2957 817 3016 ravcruut,
861 2949 954 3018 qui
1007 2956 1286 3004 arietarent
1319 2948 1442 3016 ejus
1480 2945 1761 3013 suscipere
1815 2942 2126 2998 noluerunt.
2233 2945 2577 3014 splendorem
2599 2947 2880 3014 rutilante,
2907 2948 2980 3002 illi
3007 2950 3372 3024 moranturin
3397 2949 3640 3016 tenebris,
3667 2947 3783 3002 ride-

531 3041 654 3112 Ipse
706 3050 791 3097 est
829 3043 977 3097 enim
1005 3049 1103 3109 pax
1134 3053 1323 3097 nostra
1353 3085 1368 3110 ,
1401 3041 1493 3111 qui
1531 3040 1770 3108 loquitur
1807 3037 1873 3093 ad
1902 3037 2126 3108 Aposto-
2234 3038 2358 3093 licet
2381 3050 2439 3093 ut
2464 3051 2684 3107 peccato
2708 3041 2932 3096 mortui.
2965 3039 3274 3116 Rugientus,
3304 3044 3566 3115 ait,quasi
3590 3043 3681 3097 ursi
3700 3057 3786 3094 ont-

525 3136 862 3194 loszl’acem
885 3153 1051 3190 meam
1073 3137 1321 3204 devotis,
1346 3151 1526 3207 pacem
1542 3147 1706 3189 meant
1728 3135 1964 3205 relinquo
1988 3133 2126 3187 vobis
2166 3200 2202 3210 _
2233 3148 2339 3195 nes,
2374 3141 2419 3184 et
2472 3133 2620 3202 quasi
2677 3133 2932 3188 columbis
2987 3135 3288 3192 meditantes
3345 3151 3621 3210 gemmas;
3659 3146 3709 3189 ut
3744 3141 3788 3188 et

519 3231 702 3303 (iisan.
733 3229 978 3302 atv,%7).
998 3231 1141 3285 Etad
1163 3200 1495 3285 Jerusalem:
1523 3229 1585 3284 Si
1615 3235 1772 3284 scires
1801 3200 1914 3299 quis
1943 3227 2012 3282 ad
2035 3245 2125 3300 pa-
2157 3200 2206 3265 (ἶ
2234 3200 2491 3283 crudeles
2518 3228 2628 3283 sint
2663 3230 2863 3297 pariter
2889 3242 2942 3285 et
2970 3232 3156 3287 miseri
3185 3252 3196 3285 :
3239 3200 3372 3288 feri.
3391 3247 3442 3288 et
3483 3200 3787 3288 iatmettesad

517 3342 629 3381 cm
647 3325 1360 3397 sunttibi,quoniamvenient
1382 3325 1492 3378 dies
1510 3340 1665 3392 super
1691 3323 1816 3394 teget
1843 3323 2129 3376 circumda-
2234 3320 2474 3376 humiles
2504 3331 2668 3391 atque
2696 3323 2975 3392 subjectos
3006 3341 3015 3375 :
3051 3324 3235 3395 pavidi
3283 3337 3453 3396 atque
3505 3323 3785 3394 trepidantes

517 3419 642 3475 bunt
682 3427 730 3475 ts
749 3420 944 3474 inimici
973 3420 1049 3474 tui
1088 3416 1249 3482 vallo,
1278 3428 1326 3472 et
1353 3417 1658 3472 obsidebant
1686 3426 1822 3481 te,“
1844 3417 1982 3486 ﬁlios
2012 3426 2127 3471 tuos
2229 3413 2295 3468 ad
2327 3429 2420 3468 eos
2447 3415 2540 3484 qui
2569 3414 2825 3471 lortiores
2854 3429 3003 3482 sunt,
3033 3433 3170 3489 quos
3195 3419 3357 3490 quasi
3386 3421 3657 3491 accipitres
3687 3431 3783 3486 per-

515 3512 736 3568 allident
785 3513 854 3566 ad
885 3521 1077 3566 ternm
1117 3510 1273 3582 (Luc.
1311 3526 1423 3576 xu,
1453 3508 1670 3580 42,“).
1695 3509 1798 3576 Qui
1828 3518 2009 3565 autem
2037 3522 2124 3579 ιιι-
2230 3503 2574 3562 horrescunt.
2629 3507 2884 3578 Legimus
2906 3520 2958 3564 et
2989 3511 3042 3566 in
3067 3511 3176 3567 alio
3203 3511 3324 3567 loco
3367 3531 3378 3566 :
3413 3513 3567 3580 Quasi
3586 3526 3690 3566 urso
3713 3523 3780 3561 rs-

514 3618 638 3657 cem
665 3619 773 3658 non
812 3605 1598 3672 susceperint,consequenter
1625 3615 1721 3657 nec
1740 3601 2000 3671 judicium
2024 3601 2122 3655 lta-
2227 3599 2328 3670 ptis
2358 3601 2563 3655 catulis.
2592 3599 2660 3654 Et
2693 3603 2744 3655 in
2775 3602 3020 3668 Dtllllele,
3050 3619 3277 3675 regnum
3315 3615 3595 3662 cruentum
3623 3601 3669 3657 in
3700 3613 3781 3670 tilio

514 3695 646 3752 bent
673 3697 729 3750 in
750 3697 852 3751 viis
877 3697 1016 3750 suis.
1050 3695 1205 3749 Illum
1223 3695 1291 3750 de
1305 3709 1410 3763 quo
1431 3708 1593 3762 supra
1619 3695 1820 3750 dictum
1843 3704 1928 3750 est
1957 3693 2124 3748 :Eccc
2228 3705 2353 3746 sunt
2379 3703 2490 3746 tres
2519 3692 2738 3748 ordines
2766 3691 3032 3762 dentium,
3058 3711 3201 3750 ursa:
3222 3695 3572 3752 ferocissima:
3598 3707 3779 3761 comps-

511 3803 796 3860 pasrmeus
811 3804 964 3860 quem
982 3785 1376 3859 elegi,dilectus
1392 3803 1536 3841 meus
1560 3804 1711 3856 quem
1737 3787 1920 3842 dilexit
1948 3787 2122 3842 anima
2226 3793 2403 3839 ratum
2433 3784 2501 3852 (ll
2529 3784 2656 3858 Reg.
2694 3801 2824 3849 sui,
2849 3787 2917 3853 8;
2943 3786 3081 3841 Dan.
3111 3787 3230 3860 vn).
3263 3786 3334 3841 Et
3382 3790 3527 3859 quasi
3575 3784 3779 3842 columba

512 3901 652 3947 mea,
675 3883 944 3955 judicium
995 3879 1230 3952 gentibus
1272 3881 1496 3950 proferet
1551 3878 1708 3951 (Issi.
1738 3896 1868 3945 XLII,
1913 3879 1988 3951 l).
2016 3879 2118 3936 Se-
2222 3878 2530 3932 meditantes
2575 3896 2854 3950 gentemtts,
2901 3881 3108 3951 absque
3152 3897 3318 3938 sensu
3366 3896 3420 3940 et
3468 3876 3777 3952 intelligentia

511 3981 695 4050 quitur
719 3996 730 4031 :
771 3977 883 4032 Vite
899 3993 1074 4031 eorum
1099 3987 1370 4045 perversis,
1404 3991 1509 4030 non
1533 3985 1747 4044 natura,
1776 3974 1873 4030 sed
1899 3976 2119 4044 propria
2221 3971 2645 4043 Scripturaruni,
2677 3985 2884 4029 tantum
2912 3977 3076 4031 verba
3105 3978 3455 4044 meditantes,
3481 3994 3596 4049 qua:
3614 3975 3778 4031 decan-

507 4073 809 4130 voluntate.
860 4069 1134 4141 Quidquid
1182 4070 1328 4124 enim
1375 4069 1707 4140 pervertitur
1729 4078 1892 4139 atque
1917 4083 2116 4123 curva-
2223 4079 2338 4122 tant
2365 4071 2703 4126 memoriter.
2756 4074 2865 4128 Sed
2910 4072 3185 4144 quomodo
3214 4074 3504 4139 columbae,
3527 4074 3590 4129 de
3615 4070 3777 4143 quibus

508 4177 620 4232 tur,
643 4167 712 4220 de
742 4175 897 4220 recto
923 4174 1213 4235 torquetur
1246 4165 1302 4218 in
1335 4179 1588 4233 pravam.
1619 4161 1809 4217 Omnis
1860 4163 2115 4218 doctrina
2219 4163 2481 4233 scriptum
2529 4173 2617 4219 est
2661 4183 2674 4218 :
2711 4165 2966 4233 Epitraint
3012 4167 3159 4237 quasi
3219 4166 3455 4221 columba
3488 4181 3584 4220 noa
3620 4162 3774 4215 habent

507 4259 914 4316 Pharisaeorum
954 4257 1246 4313 subrersio
1296 4256 1544 4311 veritatis
1565 4263 1670 4322 est,
1699 4271 1797 4324 per
1828 4270 1990 4326 quam
2021 4255 2115 4326 qui
2217 4272 2420 4311 sensum
2453 4257 2610 4324 (Osee
2643 4275 2736 4324 vn,
2763 4259 2852 4331 ll)
2876 4278 2891 4326 ;
2913 4271 2970 4315 et
2997 4261 3276 4330 quomodo
3295 4261 3346 4314 iu
3374 4258 3652 4330 Evangelia
3671 4269 3773 4310 sono

503 4353 890 4420 ambulaverit,
917 4368 1028 4406 non
1055 4351 1230 4406 solum
1261 4365 1368 4406 non
1393 4349 1598 4405 invenit
1625 4361 1814 4420 paceni
1841 4364 1857 4415 ;
1883 4349 1980 4405 sed
2014 4363 2114 4406 nec
2219 4357 2301 4404 tra
2321 4361 2634 4420 serpentum
2667 4351 2952 4419 malitiam,
3000 4351 3328 4422 simplicitas
3367 4353 3576 4422 ponitur
3599 4349 3771 4405 colum-
3801 4348 3803 4352 ’

505 4447 794 4519 cognoscit
816 4446 1033 4518 quidem
1059 4455 1271 4513 eamut
1299 4445 1438 4500 sciat.
1461 4445 1592 4514 quid
1623 4455 1869 4513 querere
1888 4444 2108 4502 debeat.
2216 4441 2404 4497 barum
2429 4441 2646 4514 (Μαρια.
2702 4441 2759 4513 χ)
2786 4460 2801 4494 ;
2831 4444 2908 4498 sic
2942 4445 2992 4497 in
3035 4446 3291 4516 presenti
3320 4445 3466 4513 loco,
3496 4440 3770 4512 simplicitas

575 4540 760 4612 (νει-ς.
787 4541 821 4597 9
848 4539 1034 4611 seqq.)
1070 4539 1295 4602 Propter
1317 4539 1732 4612 lsoeelongattmt
1757 4548 1828 4595 est
1847 4538 2108 4611 judicium
2142 4597 2184 4612 λ
2215 4537 2418 4608 absque
2445 4536 2753 4606 prudentia,
2789 4552 2912 4607 qua:
2935 4539 3113 4595 vicina
3161 4539 3407 4595 stultitia
3448 4551 3549 4608 est,
3589 4537 3636 4591 in
3670 4530 3767 4586 sola

498 4651 532 4689 a
549 4597 698 4690 nobis
719 4652 737 4689 :
759 4643 806 4689 et
825 4597 1298 4706 non-dppaolsendst
1319 4641 1411 4688 nos
1427 4597 1654 4704 iustitia.
1673 4597 2105 4702 Eapebtouimus
2135 4597 2188 4659 θ
2215 4597 2506 4684 verborum
2569 4597 2928 4686 meditatione
2974 4643 3333 4688 monsuatur.
3405 4597 3768 4701 Exspectabqu

499 4726 686 4793 lucem,
712 4725 1182 4782 “membris:
1208 4723 1564 4797 splendorem,
1585 4725 1702 4779 etin
1728 4723 1947 4778 tenebris
1990 4740 2103 4778 am-
2213 4731 2238 4760 α
2263 4721 2546 4791 judicium,
2571 4731 2626 4777 et
2660 4737 2769 4776 non
2827 4721 2932 4778 erit
2968 4741 2980 4777 :
3014 4724 3270 4793 salutem,
3313 4724 3644 4789 subs-ditur,
3692 4731 3765 4771 ει·

499 4816 809 4873 ὺιιιιυὶιιιιισε
858 4817 1201 4890 Polpasimus
1241 4817 1374 4870 sicut
1401 4817 1524 4870 ccci
1569 4815 1816 4884 parietem
1837 4831 1855 4868 :
1876 4824 1924 4868 et
1950 4818 2101 4886 quasi
2207 4814 2546 4885 spectabunt
2577 4825 2758 4868 etnon
2786 4819 2910 4883 erit,
2936 4817 3064 4887 quia
3099 4817 3261 4887 longe
3305 4816 3556 4888 migravit
3577 4812 3638 4868 ad
3656 4823 3764 4882 gett-

497 4909 688 4977 absque
715 4911 878 4964 oculis
899 4911 1288 4964 attrectaaiiuus
1313 4924 1334 4964 :
1359 4907 1666 4980 impegiatas
1687 4907 1922 4969 meridie,
1949 4908 2097 4976 quasi
2207 4917 2310 4964 tes.
2353 4908 2408 4963 In
2433 4923 2540 4978 quo
2587 4907 2911 4974 notandum,
2943 4909 3090 4980 quod
3119 4910 3302 4965 omnia
3327 4909 3511 4965 futuro
3547 4907 3763 4962 dicantur

491 5000 551 5056 in
593 5000 812 5055 tenebris
838 5017 856 5053 :
886 5003 939 5054 in
967 4999 1410 5072 caligasisﬂulg.
1431 4997 1750 5070 ealiginosis]
1779 4999 1929 5068 quasi
1960 5015 2096 5052 mor-
2207 5011 2470 5070 tempore,
2496 5012 2554 5056 ut
2580 5002 2722 5072 quod
2749 5017 2894 5057 nunc
2918 5002 3092 5058 Judaei
3117 5003 3407 5072 sustinent,
3441 5001 3702 5056 indicetur.

493 5095 592 5149 tui.
623 5093 911 5164 Rugientns
960 5095 1110 5164 quasi
1158 5094 1266 5146 ursi
1311 5110 1487 5147 omnes
1514 5109 1533 5148 :
1560 5101 1608 5146 et
1651 5091 1802 5163 quasi
1848 5091 2098 5146 columbis
2270 5095 2453 5165 (vers.
2493 5095 2560 5150 η
2587 5098 2766 5166 seqq.)
2808 5095 3181 5166 Multiplicatte
3223 5108 3339 5152 sunt
3365 5095 3643 5166 iniquitates
3685 5103 3760 5142 nuo

491 5187 800 5243 meditantes
828 5201 1110 5257 genuinus.
1141 5184 1574 5254 Ewectavimus
1603 5184 1888 5257 judicium,
1916 5195 1961 5238 et
1994 5201 2095 5238 non
2196 5197 2318 5243 διε-ιε
2346 5204 2518 5243 coram
2552 5198 2622 5253 te,
2650 5199 2696 5242 et
2723 5197 2934 5260 peccata
2964 5199 3144 5244 nostra
3173 5188 3548 5261 responderunt
3594 5182 3718 5238 nobis
3743 5191 3757 5230 :

485 5283 582 5338 erit
609 5279 790 5353 [Ἴως.
819 5279 916 5351 est]
941 5295 951 5331 :
981 5280 1286 5339 παυσανιας
1309 5276 1552 5348 elongata
1566 5286 1686 5331 esta
1705 5279 1870 5332 nobis.
1899 5276 2044 5332 LXX
2079 5296 2088 5329 :
2194 5282 2317 5350 quia
2344 5279 2542 5335 scelera
2572 5291 2750 5334 nostra
2771 5279 3060 5347 nobiscum,
3092 5291 3139 5335 et
3163 5281 3462 5353 iniquitates
3481 5288 3670 5334 nostros
3688 5289 3756 5328 ιο⁴

486 5371 774 5446 Propterea
811 5375 1022 5429 recessit
1055 5371 1320 5446 judicium
1349 5371 1414 5426 ab
1441 5371 1518 5426 eis
1545 5387 1563 5424 :
1588 5381 1636 5425 et
1667 5387 1770 5424 non
1801 5370 2093 5442 apprehen-
2193 5374 2483 5445 guooimus.
2539 5372 2761 5448 Reccare
2799 5382 2847 5427 et
2890 5373 3095 5428 mentiri
3145 5385 3324 5428 contra
3373 5372 3640 5427 Dominum
3671 5381 3688 5419 :
3714 5371 3753 5417 et

482 5467 560 5522 dit
585 5471 914 5541 essjustits'a.
949 5467 1078 5522 (iam
1109 5474 1464 5539 mpeewmt
1496 5465 1685 5528 lucent,
1713 5466 1868 5536 (astte
1885 5475 2001 5520 sunt
2015 5467 2088 5521 eis
2193 5467 2358 5519 aversi
2382 5483 2581 5528 sumus,
2615 5481 2678 5518 ne
2709 5465 2896 5520 iremus
2931 5474 3046 5530 post
3079 5475 3276 5539 tergum
3302 5464 3512 5519 Domini
3527 5456 3694 5522 nostri,
3709 5461 3751 5506 ιιι

483 5564 719 5617 tenebrw.
776 5561 1142 5618 Prtestolautes
1192 5578 1304 5616 eam
1349 5562 1404 5615 in
1457 5560 1674 5614 tenebris
1701 5558 2038 5613 ambulabunt
2067 5577 2087 5613 :
2196 5558 2517 5629 loqueremur
2539 5557 2702 5630 7w
2721 5555 3057 5624 caluumiam,
3090 5566 3137 5611 et
3169 5558 3613 5630 transgressionem
3653 5560 3751 5601 εοη·

484 5654 771 5724 μείρακα
794 5657 928 5713 sicut
973 5655 1095 5712 ccci
1130 5655 1380 5726 parietem
1411 5669 1430 5707 :
1455 5662 1503 5706 et
1523 5652 1670 5722 quasi
1709 5668 1813 5708 non
1842 5637 2086 5706 habentes
2193 5651 2445 5721 cepimus,
2478 5659 2524 5707 et
2551 5649 2712 5706 locuti
2757 5652 2934 5705 situlus
2961 5651 3023 5706 de
3054 5649 3208 5705 cardo
3239 5637 3387 5704 verba
3415 5642 3670 5702 mendacii.
3697 5633 3748 5690 El

557 5871 581 5898 α
608 5862 743 5918 llinc
770 5858 1168 5930 colligitVictur
1195 5859 1480 5930 legendum
1506 5860 1579 5916 uti
1600 5857 1728 5915 fecit
1746 5859 1800 5915 in
1825 5868 1974 5917 textu
1992 5859 2256 5932 superiori
2282 5880 2292 5917 ;
2317 5857 2735 5932 E.t.-p:ctabintus
2757 5874 2851 5930 pro
2877 5859 3316 5931 Exspectat't'mtts.
3346 5854 3600 5913 llebraice
3620 5847 3742 5931 Mp1.
