  <div class='ocr_page' id='page_1' title='image "/cluster/home/n/w/nwhite01/storage/ocr_20150623/24/uva.x000826571/298.png"; bbox 0 0 3972 6388; ppageno 0'>
   <div class='ocr_carea' id='block_1_1' title="bbox 153 323 257 401">
    <p class='ocr_par' dir='ltr' id='par_1_1' title="bbox 153 323 257 401">
     <span class='ocr_line' id='line_1_1' title="bbox 153 323 257 401; baseline -0.01 -20"><span class='ocrx_word' id='word_1_1' title='bbox 153 323 257 401; x_wconf 61' lang='lat' dir='ltr'><strong><em>est</em></strong></span> 
     </span>
    </p>
   </div>
   <div class='ocr_carea' id='block_1_2' title="bbox 677 317 2926 396">
    <p class='ocr_par' dir='ltr' id='par_1_2' title="bbox 677 317 2926 396">
     <span class='ocr_line' id='line_1_2' title="bbox 677 317 2926 396; baseline 0.004 -11"><span class='ocrx_word' id='word_1_2' title='bbox 677 322 1337 388; x_wconf 74' lang='lat' dir='ltr'><strong><em>COMMENTARIOBUM</em></strong></span> <span class='ocrx_word' id='word_1_3' title='bbox 1379 328 1445 387; x_wconf 78' lang='lat' dir='ltr'><strong><em>IN</em></strong></span> <span class='ocrx_word' id='word_1_4' title='bbox 1487 327 1719 390; x_wconf 72' lang='lat' dir='ltr'><strong><em>ISAIAM</em></strong></span> <span class='ocrx_word' id='word_1_5' title='bbox 1766 327 2188 390; x_wconf 78' lang='lat' dir='ltr'><strong><em>PROPIIETAM</em></strong></span> <span class='ocrx_word' id='word_1_6' title='bbox 2226 317 2357 391; x_wconf 80' lang='lat' dir='ltr'><strong><em>LIB.</em></strong></span> <span class='ocrx_word' id='word_1_7' title='bbox 2403 332 2543 394; x_wconf 78' lang='lat' dir='ltr'><strong><em>XVI.</em></strong></span> <span class='ocrx_word' id='word_1_8' title='bbox 2587 335 2742 396; x_wconf 78' lang='lat' dir='ltr'><strong><em>CAP.</em></strong></span> <span class='ocrx_word' id='word_1_9' title='bbox 2788 336 2926 396; x_wconf 77' lang='lat' dir='ltr'><strong><em>LIX.</em></strong></span> 
     </span>
    </p>
   </div>
   <div class='ocr_carea' id='block_1_3' title="bbox 3367 331 3472 400">
    <p class='ocr_par' dir='ltr' id='par_1_3' title="bbox 3367 331 3472 400">
     <span class='ocr_line' id='line_1_3' title="bbox 3367 331 3472 400; baseline 0.019 -2"><span class='ocrx_word' id='word_1_10' title='bbox 3367 331 3472 400; x_wconf 58' lang='lat'><strong><em>[‘92</em></strong></span> 
     </span>
    </p>
   </div>
   <div class='ocr_carea' id='block_1_4' title="bbox 157 441 3478 523">
    <p class='ocr_par' dir='ltr' id='par_1_4' title="bbox 157 441 3478 523">
     <span class='ocr_line' id='line_1_4' title="bbox 157 441 3478 523; baseline 0.007 -33"><span class='ocrx_word' id='word_1_11' title='bbox 157 441 463 495; x_wconf 74' lang='lat' dir='ltr'><strong><em>rancet&#39;sum</em></strong></span> <span class='ocrx_word' id='word_1_12' title='bbox 492 447 565 496; x_wconf 76' lang='lat' dir='ltr'><strong><em>est</em></strong></span> <span class='ocrx_word' id='word_1_13' title='bbox 615 451 901 498; x_wconf 77' lang='lat' dir='ltr'><strong><em>retrorsum</em></strong></span> <span class='ocrx_word' id='word_1_14' title='bbox 932 445 1234 516; x_wconf 76' lang='lat' dir='ltr'><strong><em>judicium,</em></strong></span> <span class='ocrx_word' id='word_1_15' title='bbox 1281 454 1328 502; x_wconf 85' lang='lat' dir='ltr'><strong><em>et</em></strong></span> <span class='ocrx_word' id='word_1_16' title='bbox 1358 446 1570 519; x_wconf 80' lang='lat' dir='ltr'><strong><em>justitia</em></strong></span> <span class='ocrx_word' id='word_1_17' title='bbox 1623 444 1775 518; x_wconf 82' lang='lat' dir='ltr'><strong><em>longe</em></strong></span> <span class='ocrx_word' id='word_1_18' title='bbox 1801 447 1849 506; x_wconf 88' lang='lat' dir='ltr'><strong>A</strong></span> <span class='ocrx_word' id='word_1_19' title='bbox 1877 447 2100 516; x_wconf 86' lang='lat' dir='ltr'><strong><em>vatoris,</em></strong></span> <span class='ocrx_word' id='word_1_20' title='bbox 2128 463 2319 506; x_wconf 79' lang='lat' dir='ltr'><strong><em>omnes</em></strong></span> <span class='ocrx_word' id='word_1_21' title='bbox 2338 494 2352 518; x_wconf 92' lang='lat'><strong><em>,</em></strong></span> <span class='ocrx_word' id='word_1_22' title='bbox 2383 452 2476 521; x_wconf 80' lang='lat' dir='ltr'><strong><em>qui</em></strong></span> <span class='ocrx_word' id='word_1_23' title='bbox 2507 451 2561 506; x_wconf 81' lang='lat' dir='ltr'><strong><em>in</em></strong></span> <span class='ocrx_word' id='word_1_24' title='bbox 2591 463 2659 508; x_wconf 78' lang='lat' dir='ltr'><strong><em>eo</em></strong></span> <span class='ocrx_word' id='word_1_25' title='bbox 2687 452 3006 520; x_wconf 71' lang='lat' dir='ltr'><strong><em>credebant,</em></strong></span> <span class='ocrx_word' id='word_1_26' title='bbox 3056 459 3321 523; x_wconf 79' lang='lat' dir='ltr'><strong><em>persecuti</em></strong></span> <span class='ocrx_word' id='word_1_27' title='bbox 3368 459 3478 513; x_wconf 88' lang='lat' dir='ltr'><strong><em>sint</em></strong></span> 
     </span>
    </p>
   </div>
   <div class='ocr_carea' id='block_1_5' title="bbox 144 535 1766 610">
    <p class='ocr_par' dir='ltr' id='par_1_5' title="bbox 144 535 1766 610">
     <span class='ocr_line' id='line_1_5' title="bbox 144 535 1766 610; baseline 0.003 -23"><span class='ocrx_word' id='word_1_28' title='bbox 144 535 322 607; x_wconf 76' lang='lat' dir='ltr'><strong><em>_stetit,</em></strong></span> <span class='ocrx_word' id='word_1_29' title='bbox 379 536 502 604; x_wconf 83' lang='lat' dir='ltr'><strong><em>quia</em></strong></span> <span class='ocrx_word' id='word_1_30' title='bbox 551 537 747 592; x_wconf 81' lang='lat' dir='ltr'><strong><em>corruit</em></strong></span> <span class='ocrx_word' id='word_1_31' title='bbox 794 539 852 593; x_wconf 87' lang='lat' dir='ltr'><strong><em>in</em></strong></span> <span class='ocrx_word' id='word_1_32' title='bbox 896 539 1072 608; x_wconf 89' lang='lat' dir='ltr'><strong><em>platea</em></strong></span> <span class='ocrx_word' id='word_1_33' title='bbox 1103 541 1312 607; x_wconf 80' lang='lat' dir='ltr'><strong><em>ueritas,</em></strong></span> <span class='ocrx_word' id='word_1_34' title='bbox 1343 547 1390 594; x_wconf 89' lang='lat' dir='ltr'><strong><em>et</em></strong></span> <span class='ocrx_word' id='word_1_35' title='bbox 1417 541 1635 610; x_wconf 61' lang='lat' dir='ltr'><strong><em>aequitas</em></strong></span> <span class='ocrx_word' id='word_1_36' title='bbox 1664 556 1766 594; x_wconf 87' lang='lat' dir='ltr'><strong><em>non</em></strong></span> 
     </span>
    </p>
   </div>
   <div class='ocr_carea' id='block_1_6' title="bbox 155 628 1766 702">
    <p class='ocr_par' dir='ltr' id='par_1_6' title="bbox 155 628 1766 702">
     <span class='ocr_line' id='line_1_6' title="bbox 155 628 1766 702; baseline 0.005 -22"><span class='ocrx_word' id='word_1_37' title='bbox 155 630 330 698; x_wconf 77' lang='lat' dir='ltr'><strong><em>potuit</em></strong></span> <span class='ocrx_word' id='word_1_38' title='bbox 361 630 578 700; x_wconf 79' lang='lat' dir='ltr'><strong><em>ingredi.</em></strong></span> <span class='ocrx_word' id='word_1_39' title='bbox 611 628 679 683; x_wconf 85' lang='lat' dir='ltr'><strong><em>Et</em></strong></span> <span class='ocrx_word' id='word_1_40' title='bbox 710 634 852 702; x_wconf 81' lang='lat' dir='ltr'><strong><em>facta</em></strong></span> <span class='ocrx_word' id='word_1_41' title='bbox 899 641 975 686; x_wconf 87' lang='lat' dir='ltr'><strong><em>est</em></strong></span> <span class='ocrx_word' id='word_1_42' title='bbox 1008 634 1192 688; x_wconf 82' lang='lat' dir='ltr'><strong><em>veritas</em></strong></span> <span class='ocrx_word' id='word_1_43' title='bbox 1236 634 1290 687; x_wconf 81' lang='lat' dir='ltr'><strong><em>in</em></strong></span> <span class='ocrx_word' id='word_1_44' title='bbox 1338 632 1676 700; x_wconf 71' lang='lat' dir='ltr'><strong><em>oblivionem,</em></strong></span> <span class='ocrx_word' id='word_1_45' title='bbox 1719 643 1766 688; x_wconf 86' lang='lat' dir='ltr'><strong><em>et</em></strong></span> 
     </span>
    </p>
   </div>
   <div class='ocr_carea' id='block_1_7' title="bbox 157 721 1767 795">
    <p class='ocr_par' dir='ltr' id='par_1_7' title="bbox 157 721 1767 795">
     <span class='ocr_line' id='line_1_7' title="bbox 157 721 1767 795; baseline 0.002 -21"><span class='ocrx_word' id='word_1_46' title='bbox 157 721 248 789; x_wconf 83' lang='lat' dir='ltr'><strong><em>qui</em></strong></span> <span class='ocrx_word' id='word_1_47' title='bbox 270 721 478 775; x_wconf 74' lang='lat' dir='ltr'><strong><em>recessit</em></strong></span> <span class='ocrx_word' id='word_1_48' title='bbox 505 721 720 789; x_wconf 83' lang='lat' dir='ltr'><strong><em>amulo,</em></strong></span> <span class='ocrx_word' id='word_1_49' title='bbox 777 723 970 793; x_wconf 68' lang='lat' dir='ltr'><strong><em>predw</em></strong></span> <span class='ocrx_word' id='word_1_50' title='bbox 1019 726 1205 795; x_wconf 77' lang='lat' dir='ltr'><strong><em>patuit.</em></strong></span> <span class='ocrx_word' id='word_1_51' title='bbox 1256 723 1438 779; x_wconf 72' lang='lat' dir='ltr'><strong><em>LXX:</em></strong></span> <span class='ocrx_word' id='word_1_52' title='bbox 1471 723 1643 779; x_wconf 77' lang='lat' dir='ltr'><strong><em>Multa</em></strong></span> <span class='ocrx_word' id='word_1_53' title='bbox 1694 734 1767 778; x_wconf 89' lang='lat' dir='ltr'><strong><em>est</em></strong></span> 
     </span>
    </p>
   </div>
   <div class='ocr_carea' id='block_1_8' title="bbox 157 814 1764 888">
    <p class='ocr_par' dir='ltr' id='par_1_8' title="bbox 157 814 1764 888">
     <span class='ocr_line' id='line_1_8' title="bbox 157 814 1764 888; baseline 0.002 -22"><span class='ocrx_word' id='word_1_54' title='bbox 157 814 296 867; x_wconf 84' lang='lat' dir='ltr'><strong><em>enim</em></strong></span> <span class='ocrx_word' id='word_1_55' title='bbox 318 815 563 881; x_wconf 86' lang='lat' dir='ltr'><strong><em>iniquitas</em></strong></span> <span class='ocrx_word' id='word_1_56' title='bbox 602 825 784 869; x_wconf 84' lang='lat' dir='ltr'><strong><em>nostra</em></strong></span> <span class='ocrx_word' id='word_1_57' title='bbox 817 817 870 869; x_wconf 89' lang='lat' dir='ltr'><strong><em>in</em></strong></span> <span class='ocrx_word' id='word_1_58' title='bbox 897 826 1172 888; x_wconf 76' lang='lat' dir='ltr'><strong><em>conspectu</em></strong></span> <span class='ocrx_word' id='word_1_59' title='bbox 1205 827 1316 884; x_wconf 84' lang='lat' dir='ltr'><strong><em>tuo,</em></strong></span> <span class='ocrx_word' id='word_1_60' title='bbox 1349 827 1393 871; x_wconf 86' lang='lat' dir='ltr'><strong><em>et</em></strong></span> <span class='ocrx_word' id='word_1_61' title='bbox 1426 827 1637 887; x_wconf 82' lang='lat' dir='ltr'><strong><em>peccata</em></strong></span> <span class='ocrx_word' id='word_1_62' title='bbox 1665 833 1764 869; x_wconf 87' lang='lat' dir='ltr'><strong><em>no-</em></strong></span> 
     </span>
    </p>
   </div>
   <div class='ocr_carea' id='block_1_9' title="bbox 153 907 1768 979">
    <p class='ocr_par' dir='ltr' id='par_1_9' title="bbox 153 907 1768 979">
     <span class='ocr_line' id='line_1_9' title="bbox 153 907 1768 979; baseline 0.002 -20"><span class='ocrx_word' id='word_1_63' title='bbox 153 917 262 960; x_wconf 72' lang='lat' dir='ltr'><strong><em>stra</em></strong></span> <span class='ocrx_word' id='word_1_64' title='bbox 290 907 590 962; x_wconf 86' lang='lat' dir='ltr'><strong><em>restiterunt</em></strong></span> <span class='ocrx_word' id='word_1_65' title='bbox 621 909 787 962; x_wconf 85' lang='lat' dir='ltr'><strong><em>nobis.</em></strong></span> <span class='ocrx_word' id='word_1_66' title='bbox 824 907 1130 979; x_wconf 85' lang='lat' dir='ltr'><strong><em>Iniquitates</em></strong></span> <span class='ocrx_word' id='word_1_67' title='bbox 1151 910 1290 963; x_wconf 88' lang='lat' dir='ltr'><strong><em>enim</em></strong></span> <span class='ocrx_word' id='word_1_68' title='bbox 1319 919 1510 964; x_wconf 73' lang='lat' dir='ltr'><strong><em>nostra:</em></strong></span> <span class='ocrx_word' id='word_1_69' title='bbox 1537 910 1590 962; x_wconf 91' lang='lat' dir='ltr'><strong><em>in</em></strong></span> <span class='ocrx_word' id='word_1_70' title='bbox 1623 909 1768 964; x_wconf 86' lang='lat' dir='ltr'><strong><em>nobis</em></strong></span> 
     </span>
    </p>
   </div>
   <div class='ocr_carea' id='block_1_10' title="bbox 150 1001 1765 1076">
    <p class='ocr_par' dir='ltr' id='par_1_10' title="bbox 150 1001 1765 1076">
     <span class='ocr_line' id='line_1_10' title="bbox 150 1001 1765 1076; baseline 0.002 -24"><span class='ocrx_word' id='word_1_71' title='bbox 150 1010 298 1065; x_wconf 85' lang='lat' dir='ltr'><strong><em>sunt,</em></strong></span> <span class='ocrx_word' id='word_1_72' title='bbox 323 1011 370 1054; x_wconf 89' lang='lat' dir='ltr'><strong><em>et</em></strong></span> <span class='ocrx_word' id='word_1_73' title='bbox 399 1001 690 1068; x_wconf 78' lang='lat' dir='ltr'><strong><em>injustitias</em></strong></span> <span class='ocrx_word' id='word_1_74' title='bbox 720 1012 925 1057; x_wconf 86' lang='lat' dir='ltr'><strong><em>nostras</em></strong></span> <span class='ocrx_word' id='word_1_75' title='bbox 952 1005 1308 1073; x_wconf 83' lang='lat' dir='ltr'><strong><em>cognovimus.</em></strong></span> <span class='ocrx_word' id='word_1_76' title='bbox 1343 1003 1516 1070; x_wconf 87' lang='lat' dir='ltr'><strong><em>lmpie</em></strong></span> <span class='ocrx_word' id='word_1_77' title='bbox 1545 1005 1765 1076; x_wconf 77' lang='lat' dir='ltr'><strong><em>egimus,</em></strong></span> 
     </span>
    </p>
   </div>
   <div class='ocr_carea' id='block_1_11' title="bbox 149 1092 1770 1161">
    <p class='ocr_par' dir='ltr' id='par_1_11' title="bbox 149 1092 1770 1161">
     <span class='ocr_line' id='line_1_11' title="bbox 149 1092 1770 1161; baseline 0.002 -17"><span class='ocrx_word' id='word_1_78' title='bbox 149 1101 199 1144; x_wconf 90' lang='lat' dir='ltr'><strong><em>et</em></strong></span> <span class='ocrx_word' id='word_1_79' title='bbox 229 1092 432 1146; x_wconf 81' lang='lat' dir='ltr'><strong><em>mentiti</em></strong></span> <span class='ocrx_word' id='word_1_80' title='bbox 478 1109 678 1161; x_wconf 86' lang='lat' dir='ltr'><strong><em>sumus,</em></strong></span> <span class='ocrx_word' id='word_1_81' title='bbox 709 1102 756 1146; x_wconf 86' lang='lat' dir='ltr'><strong><em>et</em></strong></span> <span class='ocrx_word' id='word_1_82' title='bbox 786 1095 1086 1148; x_wconf 80' lang='lat' dir='ltr'><strong><em>recessimus</em></strong></span> <span class='ocrx_word' id='word_1_83' title='bbox 1107 1111 1139 1148; x_wconf 91' lang='lat' dir='ltr'><strong><em>a</em></strong></span> <span class='ocrx_word' id='word_1_84' title='bbox 1170 1093 1279 1148; x_wconf 83' lang='lat' dir='ltr'><strong><em>Deo</em></strong></span> <span class='ocrx_word' id='word_1_85' title='bbox 1331 1105 1526 1150; x_wconf 83' lang='lat' dir='ltr'><strong><em>nostro.</em></strong></span> <span class='ocrx_word' id='word_1_86' title='bbox 1583 1095 1770 1149; x_wconf 79' lang='lat' dir='ltr'><strong><em>Locuti</em></strong></span> 
     </span>
    </p>
   </div>
   <div class='ocr_carea' id='block_1_12' title="bbox 158 1185 1769 1257">
    <p class='ocr_par' dir='ltr' id='par_1_12' title="bbox 158 1185 1769 1257">
     <span class='ocr_line' id='line_1_12' title="bbox 158 1185 1769 1257; baseline 0.002 -21"><span class='ocrx_word' id='word_1_87' title='bbox 158 1199 344 1237; x_wconf 87' lang='lat' dir='ltr'><strong><em>sumus</em></strong></span> <span class='ocrx_word' id='word_1_88' title='bbox 371 1185 571 1253; x_wconf 83' lang='lat' dir='ltr'><strong><em>iniqua.</em></strong></span> <span class='ocrx_word' id='word_1_89' title='bbox 603 1195 651 1238; x_wconf 87' lang='lat' dir='ltr'><strong><em>et</em></strong></span> <span class='ocrx_word' id='word_1_90' title='bbox 681 1185 1029 1239; x_wconf 77' lang='lat' dir='ltr'><strong><em>inobedientes</em></strong></span> <span class='ocrx_word' id='word_1_91' title='bbox 1060 1187 1275 1257; x_wconf 78' lang='lat' dir='ltr'><strong><em>fuimus.</em></strong></span> <span class='ocrx_word' id='word_1_92' title='bbox 1310 1185 1696 1242; x_wconf 74' lang='lat' dir='ltr'><strong><em>Parturivintus</em></strong></span> <span class='ocrx_word' id='word_1_93' title='bbox 1722 1196 1769 1241; x_wconf 83' lang='lat' dir='ltr'><strong><em>et</em></strong></span> 
     </span>
    </p>
   </div>
   <div class='ocr_carea' id='block_1_13' title="bbox 153 1276 1768 1350">
    <p class='ocr_par' dir='ltr' id='par_1_13' title="bbox 153 1276 1768 1350">
     <span class='ocr_line' id='line_1_13' title="bbox 153 1276 1768 1350; baseline 0.002 -20"><span class='ocrx_word' id='word_1_94' title='bbox 153 1276 391 1330; x_wconf 77' lang='lat' dir='ltr'><strong><em>meditati</em></strong></span> <span class='ocrx_word' id='word_1_95' title='bbox 416 1293 596 1331; x_wconf 81' lang='lat' dir='ltr'><strong><em>sumus</em></strong></span> <span class='ocrx_word' id='word_1_96' title='bbox 610 1279 670 1330; x_wconf 86' lang='lat' dir='ltr'><strong><em>de</em></strong></span> <span class='ocrx_word' id='word_1_97' title='bbox 694 1278 934 1331; x_wconf 73' lang='lat' dir='ltr'><strong><em>cordibus</em></strong></span> <span class='ocrx_word' id='word_1_98' title='bbox 956 1279 1146 1332; x_wconf 77' lang='lat' dir='ltr'><strong><em>nostris</em></strong></span> <span class='ocrx_word' id='word_1_99' title='bbox 1175 1278 1327 1333; x_wconf 73' lang='lat' dir='ltr'><strong><em>verba</em></strong></span> <span class='ocrx_word' id='word_1_100' title='bbox 1358 1280 1554 1350; x_wconf 77' lang='lat' dir='ltr'><strong><em>iniqua.</em></strong></span> <span class='ocrx_word' id='word_1_101' title='bbox 1591 1278 1660 1334; x_wconf 79' lang='lat' dir='ltr'><strong><em>Et</em></strong></span> <span class='ocrx_word' id='word_1_102' title='bbox 1684 1297 1768 1334; x_wconf 82' lang='lat' dir='ltr'><strong><em>re-</em></strong></span> 
     </span>
    </p>
   </div>
   <div class='ocr_carea' id='block_1_14' title="bbox 150 1369 1771 1444">
    <p class='ocr_par' dir='ltr' id='par_1_14' title="bbox 150 1369 1771 1444">
     <span class='ocr_line' id='line_1_14' title="bbox 150 1369 1771 1444; baseline 0.002 -21"><span class='ocrx_word' id='word_1_103' title='bbox 150 1369 398 1424; x_wconf 81' lang='lat' dir='ltr'><strong><em>cessimus</em></strong></span> <span class='ocrx_word' id='word_1_104' title='bbox 425 1389 458 1422; x_wconf 86' lang='lat' dir='ltr'><strong><em>a</em></strong></span> <span class='ocrx_word' id='word_1_105' title='bbox 478 1370 710 1442; x_wconf 84' lang='lat' dir='ltr'><strong><em>judicio,</em></strong></span> <span class='ocrx_word' id='word_1_106' title='bbox 733 1379 780 1425; x_wconf 81' lang='lat' dir='ltr'><strong><em>et</em></strong></span> <span class='ocrx_word' id='word_1_107' title='bbox 799 1371 1012 1444; x_wconf 86' lang='lat' dir='ltr'><strong><em>justitia</em></strong></span> <span class='ocrx_word' id='word_1_108' title='bbox 1064 1369 1220 1443; x_wconf 80' lang='lat' dir='ltr'><strong><em>longe</em></strong></span> <span class='ocrx_word' id='word_1_109' title='bbox 1260 1373 1422 1439; x_wconf 77' lang='lat' dir='ltr'><strong><em>stetit,</em></strong></span> <span class='ocrx_word' id='word_1_110' title='bbox 1471 1374 1599 1444; x_wconf 85' lang='lat' dir='ltr'><strong><em>quia</em></strong></span> <span class='ocrx_word' id='word_1_111' title='bbox 1647 1389 1771 1426; x_wconf 81' lang='lat' dir='ltr'><strong><em>con-</em></strong></span> 
     </span>
    </p>
   </div>
   <div class='ocr_carea' id='block_1_15' title="bbox 152 1465 1770 1534">
    <p class='ocr_par' dir='ltr' id='par_1_15' title="bbox 152 1465 1770 1534">
     <span class='ocr_line' id='line_1_15' title="bbox 152 1465 1770 1534; baseline 0.002 -18"><span class='ocrx_word' id='word_1_112' title='bbox 152 1473 368 1533; x_wconf 85' lang='lat' dir='ltr'><strong><em>sumpta</em></strong></span> <span class='ocrx_word' id='word_1_113' title='bbox 399 1465 547 1518; x_wconf 82' lang='lat' dir='ltr'><strong><em>estin</em></strong></span> <span class='ocrx_word' id='word_1_114' title='bbox 579 1466 674 1519; x_wconf 79' lang='lat' dir='ltr'><strong><em>uiis</em></strong></span> <span class='ocrx_word' id='word_1_115' title='bbox 719 1481 900 1520; x_wconf 86' lang='lat' dir='ltr'><strong><em>eorum</em></strong></span> <span class='ocrx_word' id='word_1_116' title='bbox 940 1466 1146 1531; x_wconf 78' lang='lat' dir='ltr'><strong><em>ueritas,</em></strong></span> <span class='ocrx_word' id='word_1_117' title='bbox 1195 1476 1245 1520; x_wconf 86' lang='lat' dir='ltr'><strong><em>et</em></strong></span> <span class='ocrx_word' id='word_1_118' title='bbox 1292 1483 1383 1534; x_wconf 82' lang='lat' dir='ltr'><strong><em>per</em></strong></span> <span class='ocrx_word' id='word_1_119' title='bbox 1428 1480 1626 1521; x_wconf 87' lang='lat' dir='ltr'><strong><em>rectum</em></strong></span> <span class='ocrx_word' id='word_1_120' title='bbox 1675 1467 1770 1520; x_wconf 84' lang='lat' dir='ltr'><strong><em>iter</em></strong></span> 
     </span>
    </p>
   </div>
   <div class='ocr_carea' id='block_1_16' title="bbox 149 1559 1765 1630">
    <p class='ocr_par' dir='ltr' id='par_1_16' title="bbox 149 1559 1765 1630">
     <span class='ocr_line' id='line_1_16' title="bbox 149 1559 1765 1630; baseline 0.002 -19"><span class='ocrx_word' id='word_1_121' title='bbox 149 1560 380 1614; x_wconf 87' lang='lat' dir='ltr'><strong><em>transire</em></strong></span> <span class='ocrx_word' id='word_1_122' title='bbox 407 1576 507 1613; x_wconf 85' lang='lat' dir='ltr'><strong><em>non</em></strong></span> <span class='ocrx_word' id='word_1_123' title='bbox 535 1569 792 1630; x_wconf 84' lang='lat' dir='ltr'><strong><em>poterant.</em></strong></span> <span class='ocrx_word' id='word_1_124' title='bbox 819 1559 887 1614; x_wconf 86' lang='lat' dir='ltr'><strong><em>Et</em></strong></span> <span class='ocrx_word' id='word_1_125' title='bbox 913 1561 1098 1614; x_wconf 82' lang='lat' dir='ltr'><strong><em>ueritas</em></strong></span> <span class='ocrx_word' id='word_1_126' title='bbox 1128 1559 1336 1614; x_wconf 85' lang='lat' dir='ltr'><strong><em>sublato</em></strong></span> <span class='ocrx_word' id='word_1_127' title='bbox 1363 1571 1437 1614; x_wconf 86' lang='lat' dir='ltr'><strong><em>est</em></strong></span> <span class='ocrx_word' id='word_1_128' title='bbox 1471 1578 1492 1616; x_wconf 90' lang='lat'><strong><em>:</em></strong></span> <span class='ocrx_word' id='word_1_129' title='bbox 1518 1571 1566 1613; x_wconf 82' lang='lat' dir='ltr'><strong><em>et</em></strong></span> <span class='ocrx_word' id='word_1_130' title='bbox 1595 1573 1765 1614; x_wconf 79' lang='lat' dir='ltr'><strong><em>trans-</em></strong></span> 
     </span>
    </p>
   </div>
   <div class='ocr_carea' id='block_1_17' title="bbox 149 1653 1772 1724">
    <p class='ocr_par' dir='ltr' id='par_1_17' title="bbox 149 1653 1772 1724">
     <span class='ocr_line' id='line_1_17' title="bbox 149 1653 1772 1724; baseline -0.001 -16"><span class='ocrx_word' id='word_1_131' title='bbox 149 1655 389 1710; x_wconf 83' lang='lat' dir='ltr'><strong><em>tulerunt</em></strong></span> <span class='ocrx_word' id='word_1_132' title='bbox 437 1665 656 1710; x_wconf 85' lang='lat' dir='ltr'><strong><em>mentem</em></strong></span> <span class='ocrx_word' id='word_1_133' title='bbox 684 1668 740 1710; x_wconf 85' lang='lat' dir='ltr'><strong><em>ut</em></strong></span> <span class='ocrx_word' id='word_1_134' title='bbox 778 1672 882 1709; x_wconf 87' lang='lat' dir='ltr'><strong><em>non</em></strong></span> <span class='ocrx_word' id='word_1_135' title='bbox 920 1653 1290 1724; x_wconf 80' lang='lat' dir='ltr'><strong><em>intelligerent.</em></strong></span> <span class='ocrx_word' id='word_1_136' title='bbox 1326 1655 1527 1710; x_wconf 83' lang='lat' dir='ltr'><strong><em>Reddit</em></strong></span> <span class='ocrx_word' id='word_1_137' title='bbox 1576 1667 1772 1710; x_wconf 76' lang='lat' dir='ltr'><strong><em>causas</em></strong></span> 
     </span>
    </p>
   </div>
   <div class='ocr_carea' id='block_1_18' title="bbox 149 1749 1771 1819">
    <p class='ocr_par' dir='ltr' id='par_1_18' title="bbox 149 1749 1771 1819">
     <span class='ocr_line' id='line_1_18' title="bbox 149 1749 1771 1819; baseline 0.002 -19"><span class='ocrx_word' id='word_1_138' title='bbox 149 1763 325 1818; x_wconf 86' lang='lat' dir='ltr'><strong><em>quare</em></strong></span> <span class='ocrx_word' id='word_1_139' title='bbox 349 1749 616 1819; x_wconf 74' lang='lat' dir='ltr'><strong><em>rugierint</em></strong></span> <span class='ocrx_word' id='word_1_140' title='bbox 644 1750 800 1818; x_wconf 84' lang='lat' dir='ltr'><strong><em>quasi</em></strong></span> <span class='ocrx_word' id='word_1_141' title='bbox 822 1749 956 1818; x_wconf 89' lang='lat' dir='ltr'><strong><em>ursi,</em></strong></span> <span class='ocrx_word' id='word_1_142' title='bbox 987 1758 1043 1804; x_wconf 88' lang='lat' dir='ltr'><strong><em>et</em></strong></span> <span class='ocrx_word' id='word_1_143' title='bbox 1065 1749 1311 1804; x_wconf 81' lang='lat' dir='ltr'><strong><em>meditati</em></strong></span> <span class='ocrx_word' id='word_1_144' title='bbox 1332 1761 1457 1805; x_wconf 85' lang='lat' dir='ltr'><strong><em>sunt</em></strong></span> <span class='ocrx_word' id='word_1_145' title='bbox 1482 1760 1540 1805; x_wconf 79' lang='grc' dir='ltr'><strong><em>ιιι</em></strong></span> <span class='ocrx_word' id='word_1_146' title='bbox 1561 1750 1771 1805; x_wconf 87' lang='lat' dir='ltr'><strong><em>colum-</em></strong></span> 
     </span>
    </p>
   </div>
   <div class='ocr_carea' id='block_1_19' title="bbox 1869 539 3473 621">
    <p class='ocr_par' dir='ltr' id='par_1_19' title="bbox 1869 539 3473 621">
     <span class='ocr_line' id='line_1_19' title="bbox 1869 539 3473 621; baseline 0.008 -27"><span class='ocrx_word' id='word_1_147' title='bbox 1869 552 2032 609; x_wconf 76' lang='lat' dir='ltr'><strong><em>atque</em></strong></span> <span class='ocrx_word' id='word_1_148' title='bbox 2055 539 2380 599; x_wconf 74' lang='lat' dir='ltr'><strong><em>nudaveriu&#39;t</em></strong></span> <span class='ocrx_word' id='word_1_149' title='bbox 2414 563 2425 598; x_wconf 91' lang='lat'>:</span> <span class='ocrx_word' id='word_1_150' title='bbox 2461 547 2655 614; x_wconf 77' lang='lat' dir='ltr'><strong><em>quibus</em></strong></span> <span class='ocrx_word' id='word_1_151' title='bbox 2679 548 2746 603; x_wconf 86' lang='lat' dir='ltr'><strong><em>de</em></strong></span> <span class='ocrx_word' id='word_1_152' title='bbox 2773 555 2886 603; x_wconf 86' lang='lat' dir='ltr'><strong><em>toto</em></strong></span> <span class='ocrx_word' id='word_1_153' title='bbox 2925 549 3056 602; x_wconf 87' lang='lat' dir='ltr'><strong><em>orbe</em></strong></span> <span class='ocrx_word' id='word_1_154' title='bbox 3085 552 3320 621; x_wconf 79' lang='lat' dir='ltr'><strong><em>gentium</em></strong></span> <span class='ocrx_word' id='word_1_155' title='bbox 3373 549 3473 607; x_wconf 85' lang='lat' dir='ltr'><strong><em>Ec-</em></strong></span> 
     </span>
    </p>
   </div>
   <div class='ocr_carea' id='block_1_20' title="bbox 1870 633 3474 714">
    <p class='ocr_par' dir='ltr' id='par_1_20' title="bbox 1870 633 3474 714">
     <span class='ocr_line' id='line_1_20' title="bbox 1870 633 3474 714; baseline 0.006 -27"><span class='ocrx_word' id='word_1_156' title='bbox 1870 633 2052 688; x_wconf 74' lang='lat' dir='ltr'><strong><em>clesia:</em></strong></span> <span class='ocrx_word' id='word_1_157' title='bbox 2092 634 2390 690; x_wconf 67' lang='lat' dir='ltr'><strong><em>ministeria</em></strong></span> <span class='ocrx_word' id='word_1_158' title='bbox 2441 637 2769 708; x_wconf 67' lang='lat' dir='ltr'><strong><em>diligebant,</em></strong></span> <span class='ocrx_word' id='word_1_159' title='bbox 2826 656 2946 712; x_wconf 72' lang='lat' dir='ltr'><strong><em>qua:</em></strong></span> <span class='ocrx_word' id='word_1_160' title='bbox 2978 655 3074 710; x_wconf 89' lang='lat' dir='ltr'><strong><em>per</em></strong></span> <span class='ocrx_word' id='word_1_161' title='bbox 3106 657 3298 698; x_wconf 85' lang='lat' dir='ltr'><strong><em>manus</em></strong></span> <span class='ocrx_word' id='word_1_162' title='bbox 3332 646 3474 714; x_wconf 84' lang='lat' dir='ltr'><strong><em>Apo—</em></strong></span> 
     </span>
    </p>
   </div>
   <div class='ocr_carea' id='block_1_21' title="bbox 1869 727 2574 808">
    <p class='ocr_par' dir='ltr' id='par_1_21' title="bbox 1869 727 2574 808">
     <span class='ocr_line' id='line_1_21' title="bbox 1869 727 2574 808; baseline 0.007 -28"><span class='ocrx_word' id='word_1_163' title='bbox 1869 727 2132 808; x_wconf 69' lang='lat' dir='ltr'><strong><em>stglorum</em></strong></span> <span class='ocrx_word' id='word_1_164' title='bbox 2164 729 2574 785; x_wconf 73' lang='lat' dir='ltr'><strong><em>distribuerent.</em></strong></span> 
     </span>
    </p>
   </div>
   <div class='ocr_carea' id='block_1_22' title="bbox 1943 819 3473 902">
    <p class='ocr_par' dir='ltr' id='par_1_22' title="bbox 1943 819 3473 902">
     <span class='ocr_line' id='line_1_22' title="bbox 1943 819 3473 902; baseline 0.008 -30"><span class='ocrx_word' id='word_1_165' title='bbox 1943 819 2123 891; x_wconf 81' lang='lat' dir='ltr'><strong><em>(Vers.</em></strong></span> <span class='ocrx_word' id='word_1_166' title='bbox 2169 822 2256 884; x_wconf 81' lang='lat'><strong><em>18.</em></strong></span> <span class='ocrx_word' id='word_1_167' title='bbox 2301 823 2417 893; x_wconf 87' lang='lat'><strong><em>17.)</em></strong></span> <span class='ocrx_word' id='word_1_168' title='bbox 2450 823 2516 878; x_wconf 86' lang='lat' dir='ltr'><strong><em>Et</em></strong></span> <span class='ocrx_word' id='word_1_169' title='bbox 2545 827 2668 880; x_wconf 73' lang='lat' dir='ltr'><strong><em>cidit</em></strong></span> <span class='ocrx_word' id='word_1_170' title='bbox 2697 825 2976 893; x_wconf 81' lang='lat' dir='ltr'><strong><em>Dominus,</em></strong></span> <span class='ocrx_word' id='word_1_171' title='bbox 3003 840 3050 883; x_wconf 80' lang='lat' dir='ltr'><strong><em>et</em></strong></span> <span class='ocrx_word' id='word_1_172' title='bbox 3083 832 3275 885; x_wconf 87' lang='lat' dir='ltr'><strong><em>malum</em></strong></span> <span class='ocrx_word' id='word_1_173' title='bbox 3305 845 3473 902; x_wconf 86' lang='lat' dir='ltr'><strong><em>oppa-</em></strong></span> 
     </span>
    </p>
   </div>
   <div class='ocr_carea' id='block_1_23' title="bbox 1870 913 3476 995">
    <p class='ocr_par' dir='ltr' id='par_1_23' title="bbox 1870 913 3476 995">
     <span class='ocr_line' id='line_1_23' title="bbox 1870 913 3476 995; baseline 0.007 -29"><span class='ocrx_word' id='word_1_174' title='bbox 1870 915 1974 966; x_wconf 80' lang='lat' dir='ltr'><strong><em>ruit</em></strong></span> <span class='ocrx_word' id='word_1_175' title='bbox 1991 914 2044 966; x_wconf 90' lang='lat' dir='ltr'><strong><em>in</em></strong></span> <span class='ocrx_word' id='word_1_176' title='bbox 2063 915 2226 967; x_wconf 83' lang='lat' dir='ltr'><strong><em>oculis</em></strong></span> <span class='ocrx_word' id='word_1_177' title='bbox 2258 918 2368 986; x_wconf 81' lang='lat' dir='ltr'><strong><em>ejus</em></strong></span> <span class='ocrx_word' id='word_1_178' title='bbox 2395 931 2416 971; x_wconf 71' lang='grc' dir='ltr'><strong><em>ε</em></strong></span> <span class='ocrx_word' id='word_1_179' title='bbox 2445 919 2569 988; x_wconf 83' lang='lat' dir='ltr'><strong><em>quia</em></strong></span> <span class='ocrx_word' id='word_1_180' title='bbox 2596 929 2700 973; x_wconf 85' lang='lat' dir='ltr'><strong><em>non</em></strong></span> <span class='ocrx_word' id='word_1_181' title='bbox 2731 927 2802 973; x_wconf 85' lang='lat' dir='ltr'><strong><em>est</em></strong></span> <span class='ocrx_word' id='word_1_182' title='bbox 2827 922 3107 990; x_wconf 84' lang='lat' dir='ltr'><strong><em>judicium.</em></strong></span> <span class='ocrx_word' id='word_1_183' title='bbox 3141 933 3190 977; x_wconf 91' lang='lat' dir='ltr'><strong><em>et</em></strong></span> <span class='ocrx_word' id='word_1_184' title='bbox 3209 913 3333 978; x_wconf 82' lang='lat' dir='ltr'><strong><em>vidit</em></strong></span> <span class='ocrx_word' id='word_1_185' title='bbox 3355 925 3476 995; x_wconf 85' lang='lat' dir='ltr'><strong><em>quia</em></strong></span> 
     </span>
    </p>
   </div>
   <div class='ocr_carea' id='block_1_24' title="bbox 1871 1007 3470 1085">
    <p class='ocr_par' dir='ltr' id='par_1_24' title="bbox 1871 1007 3470 1085">
     <span class='ocr_line' id='line_1_24' title="bbox 1871 1007 3470 1085; baseline 0.008 -26"><span class='ocrx_word' id='word_1_186' title='bbox 1871 1021 1973 1059; x_wconf 84' lang='lat' dir='ltr'><strong><em>non</em></strong></span> <span class='ocrx_word' id='word_1_187' title='bbox 2003 1015 2077 1059; x_wconf 87' lang='lat' dir='ltr'><strong><em>est</em></strong></span> <span class='ocrx_word' id='word_1_188' title='bbox 2101 1007 2197 1069; x_wconf 79' lang='lat' dir='ltr'><strong><em>vir,</em></strong></span> <span class='ocrx_word' id='word_1_189' title='bbox 2231 1017 2281 1060; x_wconf 87' lang='lat' dir='ltr'><strong><em>et</em></strong></span> <span class='ocrx_word' id='word_1_190' title='bbox 2309 1009 2577 1076; x_wconf 81' lang='lat' dir='ltr'><strong><em>aporiatus</em></strong></span> <span class='ocrx_word' id='word_1_191' title='bbox 2606 1021 2697 1079; x_wconf 87' lang='lat' dir='ltr'><strong><em>est,</em></strong></span> <span class='ocrx_word' id='word_1_192' title='bbox 2727 1013 2849 1081; x_wconf 83' lang='lat' dir='ltr'><strong><em>quia</em></strong></span> <span class='ocrx_word' id='word_1_193' title='bbox 2875 1027 2977 1065; x_wconf 86' lang='lat' dir='ltr'><strong><em>non</em></strong></span> <span class='ocrx_word' id='word_1_194' title='bbox 3007 1022 3082 1067; x_wconf 86' lang='lat' dir='ltr'><strong><em>est</em></strong></span> <span class='ocrx_word' id='word_1_195' title='bbox 3103 1015 3192 1085; x_wconf 90' lang='lat' dir='ltr'><strong><em>qui</em></strong></span> <span class='ocrx_word' id='word_1_196' title='bbox 3214 1024 3470 1072; x_wconf 79' lang='lat' dir='ltr'><strong><em>occurrat.</em></strong></span> 
     </span>
    </p>
   </div>
   <div class='ocr_carea' id='block_1_25' title="bbox 1873 1097 3477 1175">
    <p class='ocr_par' dir='ltr' id='par_1_25' title="bbox 1873 1097 3477 1175">
     <span class='ocr_line' id='line_1_25' title="bbox 1873 1097 3477 1175; baseline 0.008 -25"><span class='ocrx_word' id='word_1_197' title='bbox 1873 1097 1942 1151; x_wconf 73' lang='lat' dir='ltr'><strong><em>Et</em></strong></span> <span class='ocrx_word' id='word_1_198' title='bbox 1985 1098 2204 1152; x_wconf 80' lang='lat' dir='ltr'><strong><em>salvabit</em></strong></span> <span class='ocrx_word' id='word_1_199' title='bbox 2237 1098 2418 1171; x_wconf 65' lang='grc' dir='ltr'><strong><em>[νηῒς.</em></strong></span> <span class='ocrx_word' id='word_1_200' title='bbox 2464 1103 2706 1175; x_wconf 71' lang='lat' dir='ltr'><strong><em>saluauit]</em></strong></span> <span class='ocrx_word' id='word_1_201' title='bbox 2732 1106 2830 1158; x_wconf 77' lang='lat' dir='ltr'><strong><em>sibi</em></strong></span> <span class='ocrx_word' id='word_1_202' title='bbox 2876 1106 3140 1160; x_wconf 73' lang='lat' dir='ltr'><strong><em>brachium</em></strong></span> <span class='ocrx_word' id='word_1_203' title='bbox 3182 1117 3332 1163; x_wconf 85' lang='lat' dir='ltr'><strong><em>suum</em></strong></span> <span class='ocrx_word' id='word_1_204' title='bbox 3375 1129 3391 1164; x_wconf 92' lang='lat'><em>:</em></span> <span class='ocrx_word' id='word_1_205' title='bbox 3432 1119 3477 1165; x_wconf 88' lang='lat' dir='ltr'><strong><em>et</em></strong></span> 
     </span>
    </p>
   </div>
   <div class='ocr_carea' id='block_1_26' title="bbox 1865 1192 3479 1272">
    <p class='ocr_par' dir='ltr' id='par_1_26' title="bbox 1865 1192 3479 1272">
     <span class='ocr_line' id='line_1_26' title="bbox 1865 1192 3479 1272; baseline 0.006 -27"><span class='ocrx_word' id='word_1_206' title='bbox 1865 1192 2074 1262; x_wconf 82' lang='lat' dir='ltr'><strong><em>justitia</em></strong></span> <span class='ocrx_word' id='word_1_207' title='bbox 2111 1196 2226 1264; x_wconf 73' lang='lat' dir='ltr'><strong><em>ejus</em></strong></span> <span class='ocrx_word' id='word_1_208' title='bbox 2253 1194 2368 1261; x_wconf 81' lang='lat' dir='ltr'><strong><em>ipsa</em></strong></span> <span class='ocrx_word' id='word_1_209' title='bbox 2396 1193 2718 1264; x_wconf 67' lang='lat' dir='ltr'><strong><em>conﬁrmavit</em></strong></span> <span class='ocrx_word' id='word_1_210' title='bbox 2746 1207 2881 1251; x_wconf 83' lang='lat' dir='ltr'><strong><em>eum.</em></strong></span> <span class='ocrx_word' id='word_1_211' title='bbox 2917 1195 3144 1253; x_wconf 77' lang='lat' dir='ltr'><strong><em>Indulus</em></strong></span> <span class='ocrx_word' id='word_1_212' title='bbox 3175 1207 3248 1254; x_wconf 80' lang='lat' dir='ltr'><strong><em>est</em></strong></span> <span class='ocrx_word' id='word_1_213' title='bbox 3267 1203 3479 1272; x_wconf 85' lang='lat' dir='ltr'><strong><em>justiti‘a</em></strong></span> 
     </span>
    </p>
   </div>
   <div class='ocr_carea' id='block_1_27' title="bbox 1871 1283 3474 1366">
    <p class='ocr_par' dir='ltr' id='par_1_27' title="bbox 1871 1283 3474 1366">
     <span class='ocr_line' id='line_1_27' title="bbox 1871 1283 3474 1366; baseline 0.006 -30"><span class='ocrx_word' id='word_1_214' title='bbox 1871 1291 1929 1336; x_wconf 77' lang='lat' dir='ltr'><strong><em>ut</em></strong></span> <span class='ocrx_word' id='word_1_215' title='bbox 1959 1283 2144 1352; x_wconf 84' lang='lat' dir='ltr'><strong><em>lorica,</em></strong></span> <span class='ocrx_word' id='word_1_216' title='bbox 2177 1292 2226 1338; x_wconf 89' lang='lat' dir='ltr'><strong><em>et</em></strong></span> <span class='ocrx_word' id='word_1_217' title='bbox 2251 1285 2450 1356; x_wconf 82' lang='lat' dir='ltr'><strong><em>galeam</em></strong></span> <span class='ocrx_word' id='word_1_218' title='bbox 2473 1285 2652 1357; x_wconf 76' lang='lat' dir='ltr'><strong><em>[Vulg.</em></strong></span> <span class='ocrx_word' id='word_1_219' title='bbox 2680 1288 2852 1360; x_wconf 78' lang='lat' dir='ltr'><strong><em>galea]</em></strong></span> <span class='ocrx_word' id='word_1_220' title='bbox 2869 1289 3055 1343; x_wconf 85' lang='lat' dir='ltr'><strong><em>salutis</em></strong></span> <span class='ocrx_word' id='word_1_221' title='bbox 3079 1291 3131 1344; x_wconf 84' lang='lat' dir='ltr'><strong><em>in</em></strong></span> <span class='ocrx_word' id='word_1_222' title='bbox 3155 1293 3320 1362; x_wconf 79' lang='lat' dir='ltr'><strong><em>rapite</em></strong></span> <span class='ocrx_word' id='word_1_223' title='bbox 3343 1297 3474 1366; x_wconf 78' lang='lat' dir='ltr'><strong><em>rjus.</em></strong></span> 
     </span>
    </p>
   </div>
   <div class='ocr_carea' id='block_1_28' title="bbox 1872 1372 3483 1456">
    <p class='ocr_par' dir='ltr' id='par_1_28' title="bbox 1872 1372 3483 1456">
     <span class='ocr_line' id='line_1_28' title="bbox 1872 1372 3483 1456; baseline 0.007 -29"><span class='ocrx_word' id='word_1_224' title='bbox 1872 1372 2097 1430; x_wconf 85' lang='lat' dir='ltr'><strong><em>Indutus</em></strong></span> <span class='ocrx_word' id='word_1_225' title='bbox 2137 1387 2210 1431; x_wconf 86' lang='lat' dir='ltr'><strong><em>est</em></strong></span> <span class='ocrx_word' id='word_1_226' title='bbox 2249 1379 2563 1433; x_wconf 82' lang='lat' dir='ltr'><strong><em>uestimentis</em></strong></span> <span class='ocrx_word' id='word_1_227' title='bbox 2605 1382 2841 1444; x_wconf 80' lang='lat' dir='ltr'><strong><em>ultionis,</em></strong></span> <span class='ocrx_word' id='word_1_228' title='bbox 2885 1389 2931 1436; x_wconf 78' lang='lat' dir='ltr'><strong><em>et</em></strong></span> <span class='ocrx_word' id='word_1_229' title='bbox 2972 1391 3179 1451; x_wconf 84' lang='lat' dir='ltr'><strong><em>opertus</em></strong></span> <span class='ocrx_word' id='word_1_230' title='bbox 3222 1394 3294 1438; x_wconf 82' lang='lat' dir='ltr'><strong><em>cst</em></strong></span> <span class='ocrx_word' id='word_1_231' title='bbox 3335 1386 3483 1456; x_wconf 81' lang='lat' dir='ltr'><strong><em>quasi</em></strong></span> 
     </span>
    </p>
   </div>
   <div class='ocr_carea' id='block_1_29' title="bbox 1872 1469 3480 1546">
    <p class='ocr_par' dir='ltr' id='par_1_29' title="bbox 1872 1469 3480 1546">
     <span class='ocr_line' id='line_1_29' title="bbox 1872 1469 3480 1546; baseline 0.009 -25"><span class='ocrx_word' id='word_1_232' title='bbox 1872 1469 2038 1539; x_wconf 84' lang='lat' dir='ltr'><strong><em>pallio</em></strong></span> <span class='ocrx_word' id='word_1_233' title='bbox 2074 1471 2193 1524; x_wconf 76' lang='lat' dir='ltr'><strong><em>zeli.</em></strong></span> <span class='ocrx_word' id='word_1_234' title='bbox 2230 1473 2377 1527; x_wconf 76' lang='lat' dir='ltr'><strong><em>Sient</em></strong></span> <span class='ocrx_word' id='word_1_235' title='bbox 2409 1476 2476 1526; x_wconf 86' lang='lat' dir='ltr'><strong><em>ad</em></strong></span> <span class='ocrx_word' id='word_1_236' title='bbox 2506 1475 2788 1528; x_wconf 78' lang='lat' dir='ltr'><strong><em>uindictam</em></strong></span> <span class='ocrx_word' id='word_1_237' title='bbox 2815 1477 2966 1546; x_wconf 83' lang='lat' dir='ltr'><strong><em>quasi</em></strong></span> <span class='ocrx_word' id='word_1_238' title='bbox 2997 1477 3065 1531; x_wconf 81' lang='lat' dir='ltr'><strong><em>ad</em></strong></span> <span class='ocrx_word' id='word_1_239' title='bbox 3093 1477 3480 1534; x_wconf 72' lang='lat' dir='ltr'><strong><em>retributionem</em></strong></span> 
     </span>
    </p>
   </div>
   <div class='ocr_carea' id='block_1_30' title="bbox 1871 1560 3482 1632">
    <p class='ocr_par' dir='ltr' id='par_1_30' title="bbox 1871 1560 3482 1632">
     <span class='ocr_line' id='line_1_30' title="bbox 1871 1560 3482 1632; baseline 0.008 -20"><span class='ocrx_word' id='word_1_240' title='bbox 1871 1560 2248 1632; x_wconf 80' lang='lat' dir='ltr'><strong><em>indignationis</em></strong></span> <span class='ocrx_word' id='word_1_241' title='bbox 2291 1564 2523 1618; x_wconf 76' lang='lat' dir='ltr'><strong><em>hostibus</em></strong></span> <span class='ocrx_word' id='word_1_242' title='bbox 2561 1567 2700 1630; x_wconf 85' lang='lat' dir='ltr'><strong><em>suis,</em></strong></span> <span class='ocrx_word' id='word_1_243' title='bbox 2745 1579 2792 1620; x_wconf 87' lang='lat' dir='ltr'><strong><em>et</em></strong></span> <span class='ocrx_word' id='word_1_244' title='bbox 2822 1570 3228 1623; x_wconf 76' lang='lat' dir='ltr'><strong><em>vicissitudinem</em></strong></span> <span class='ocrx_word' id='word_1_245' title='bbox 3258 1571 3482 1625; x_wconf 69' lang='lat' dir='ltr'><strong><em>inimicis</em></strong></span> 
     </span>
    </p>
   </div>
   <div class='ocr_carea' id='block_1_31' title="bbox 1871 1656 3480 1728">
    <p class='ocr_par' dir='ltr' id='par_1_31' title="bbox 1871 1656 3480 1728">
     <span class='ocr_line' id='line_1_31' title="bbox 1871 1656 3480 1728; baseline 0.007 -21"><span class='ocrx_word' id='word_1_246' title='bbox 1871 1656 2002 1721; x_wconf 79' lang='lat' dir='ltr'><strong><em>suis,</em></strong></span> <span class='ocrx_word' id='word_1_247' title='bbox 2045 1657 2230 1711; x_wconf 86' lang='lat' dir='ltr'><strong><em>insulis</em></strong></span> <span class='ocrx_word' id='word_1_248' title='bbox 2277 1659 2438 1712; x_wconf 74' lang='lat' dir='ltr'><strong><em>vicem</em></strong></span> <span class='ocrx_word' id='word_1_249' title='bbox 2479 1660 2676 1714; x_wconf 82' lang='lat' dir='ltr'><strong><em>reddet.</em></strong></span> <span class='ocrx_word' id='word_1_250' title='bbox 2724 1661 2864 1715; x_wconf 78' lang='lat' dir='ltr'><strong><em>LXX</em></strong></span> <span class='ocrx_word' id='word_1_251' title='bbox 2899 1679 2913 1716; x_wconf 89' lang='lat'><strong>:</strong></span> <span class='ocrx_word' id='word_1_252' title='bbox 2960 1661 3095 1715; x_wconf 82' lang='lat' dir='ltr'><strong><em>Vidit</em></strong></span> <span class='ocrx_word' id='word_1_253' title='bbox 3127 1662 3399 1728; x_wconf 76' lang='lat' dir='ltr'><strong><em>Dominus,</em></strong></span> <span class='ocrx_word' id='word_1_254' title='bbox 3434 1675 3480 1718; x_wconf 86' lang='lat' dir='ltr'><strong><em>et</em></strong></span> 
     </span>
    </p>
   </div>
   <div class='ocr_carea' id='block_1_32' title="bbox 1875 1749 3480 1822">
    <p class='ocr_par' dir='ltr' id='par_1_32' title="bbox 1875 1749 3480 1822">
     <span class='ocr_line' id='line_1_32' title="bbox 1875 1749 3480 1822; baseline 0.004 -22"><span class='ocrx_word' id='word_1_255' title='bbox 1875 1763 1975 1800; x_wconf 88' lang='lat' dir='ltr'><strong><em>non</em></strong></span> <span class='ocrx_word' id='word_1_256' title='bbox 2013 1749 2211 1818; x_wconf 80' lang='lat' dir='ltr'><strong><em>placuit</em></strong></span> <span class='ocrx_word' id='word_1_257' title='bbox 2249 1752 2296 1803; x_wconf 87' lang='lat' dir='ltr'><strong><em>ei</em></strong></span> <span class='ocrx_word' id='word_1_258' title='bbox 2338 1767 2355 1804; x_wconf 88' lang='lat'><strong><em>:</em></strong></span> <span class='ocrx_word' id='word_1_259' title='bbox 2384 1753 2630 1822; x_wconf 74' lang='lat' dir='ltr'><strong><em>quoniam</em></strong></span> <span class='ocrx_word' id='word_1_260' title='bbox 2660 1765 2761 1806; x_wconf 77' lang='lat' dir='ltr'><strong><em>non.</em></strong></span> <span class='ocrx_word' id='word_1_261' title='bbox 2792 1761 2902 1806; x_wconf 77' lang='lat' dir='ltr'><strong><em>erat</em></strong></span> <span class='ocrx_word' id='word_1_262' title='bbox 2928 1755 3204 1822; x_wconf 74' lang='lat' dir='ltr'><strong><em>jndirinm.</em></strong></span> <span class='ocrx_word' id='word_1_263' title='bbox 3237 1753 3304 1810; x_wconf 81' lang='lat' dir='ltr'><strong><em>Et</em></strong></span> <span class='ocrx_word' id='word_1_264' title='bbox 3333 1757 3480 1818; x_wconf 76' lang='lat' dir='ltr'><strong><em>cidit,</em></strong></span> 
     </span>
    </p>
   </div>
   <div class='ocr_carea' id='block_1_33' title="bbox 147 1841 3458 1917">
    <p class='ocr_par' dir='ltr' id='par_1_33' title="bbox 147 1841 3458 1917">
     <span class='ocr_line' id='line_1_33' title="bbox 147 1841 3458 1917; baseline 0 -19"><span class='ocrx_word' id='word_1_265' title='bbox 147 1841 238 1897; x_wconf 72' lang='lat' dir='ltr'><strong><em>bac</em></strong></span> <span class='ocrx_word' id='word_1_266' title='bbox 262 1853 278 1906; x_wconf 88' lang='lat'><strong>;</strong></span> <span class='ocrx_word' id='word_1_267' title='bbox 303 1844 740 1913; x_wconf 71' lang='lat' dir='ltr'><strong><em>exspectaverint</em></strong></span> <span class='ocrx_word' id='word_1_268' title='bbox 765 1843 1035 1914; x_wconf 67' lang='lat' dir='ltr'><strong><em>iudicium</em></strong></span> <span class='ocrx_word' id='word_1_269' title='bbox 1061 1843 1202 1913; x_wconf 82' lang='lat' dir='ltr'><strong><em>quod</em></strong></span> <span class='ocrx_word' id='word_1_270' title='bbox 1235 1860 1344 1898; x_wconf 88' lang='lat' dir='ltr'><strong><em>non</em></strong></span> <span class='ocrx_word' id='word_1_271' title='bbox 1365 1856 1506 1909; x_wconf 86' lang='lat' dir='ltr'><strong><em>erat,</em></strong></span> <span class='ocrx_word' id='word_1_272' title='bbox 1540 1845 1770 1899; x_wconf 85' lang='lat' dir='ltr'><strong><em>salutem</em></strong></span> <span class='ocrx_word' id='word_1_273' title='bbox 1805 1845 1850 1908; x_wconf 67' lang='grc' dir='ltr'>ις</span> <span class='ocrx_word' id='word_1_274' title='bbox 1878 1849 1923 1891; x_wconf 85' lang='lat' dir='ltr'><strong><em>et</em></strong></span> <span class='ocrx_word' id='word_1_275' title='bbox 1954 1855 2052 1893; x_wconf 87' lang='lat' dir='ltr'><strong><em>non</em></strong></span> <span class='ocrx_word' id='word_1_276' title='bbox 2087 1849 2197 1893; x_wconf 86' lang='lat' dir='ltr'><strong><em>erat</em></strong></span> <span class='ocrx_word' id='word_1_277' title='bbox 2226 1843 2322 1896; x_wconf 70' lang='lat' dir='ltr'><strong><em>vir.</em></strong></span> <span class='ocrx_word' id='word_1_278' title='bbox 2359 1841 2423 1894; x_wconf 77' lang='lat' dir='ltr'><strong><em>Et</em></strong></span> <span class='ocrx_word' id='word_1_279' title='bbox 2450 1845 2812 1909; x_wconf 77' lang='lat' dir='ltr'><strong><em>consideravit,</em></strong></span> <span class='ocrx_word' id='word_1_280' title='bbox 2844 1853 2890 1897; x_wconf 82' lang='lat' dir='ltr'><strong><em>et</em></strong></span> <span class='ocrx_word' id='word_1_281' title='bbox 2921 1855 3024 1898; x_wconf 84' lang='lat' dir='ltr'><strong><em>non</em></strong></span> <span class='ocrx_word' id='word_1_282' title='bbox 3052 1851 3158 1899; x_wconf 82' lang='lat' dir='ltr'><strong><em>erat</em></strong></span> <span class='ocrx_word' id='word_1_283' title='bbox 3187 1849 3276 1917; x_wconf 80' lang='lat' dir='ltr'><strong><em>qui</em></strong></span> <span class='ocrx_word' id='word_1_284' title='bbox 3305 1849 3458 1916; x_wconf 51' lang='lat' dir='ltr'><strong><em>delun</em></strong></span> 
     </span>
    </p>
   </div>
   <div class='ocr_carea' id='block_1_34' title="bbox 149 1937 1774 2009">
    <p class='ocr_par' dir='ltr' id='par_1_34' title="bbox 149 1937 1774 2009">
     <span class='ocr_line' id='line_1_34' title="bbox 149 1937 1774 2009; baseline 0.001 -21"><span class='ocrx_word' id='word_1_285' title='bbox 149 1951 278 2005; x_wconf 75' lang='lat' dir='ltr'><strong><em>qua:</em></strong></span> <span class='ocrx_word' id='word_1_286' title='bbox 308 1937 559 1992; x_wconf 77' lang='lat' dir='ltr'><strong><em>transivit</em></strong></span> <span class='ocrx_word' id='word_1_287' title='bbox 591 1938 657 1992; x_wconf 84' lang='lat' dir='ltr'><strong><em>ad</em></strong></span> <span class='ocrx_word' id='word_1_288' title='bbox 679 1946 872 2008; x_wconf 77' lang='lat' dir='ltr'><strong><em>gentes</em></strong></span> <span class='ocrx_word' id='word_1_289' title='bbox 903 1938 1057 2006; x_wconf 81' lang='lat' dir='ltr'><strong><em>:quia</em></strong></span> <span class='ocrx_word' id='word_1_290' title='bbox 1101 1937 1467 2009; x_wconf 68' lang='lat' dir='ltr'><strong><em>multiplicatae</em></strong></span> <span class='ocrx_word' id='word_1_291' title='bbox 1515 1947 1667 2000; x_wconf 82' lang='lat' dir='ltr'><strong><em>sunt,</em></strong></span> <span class='ocrx_word' id='word_1_292' title='bbox 1691 1937 1774 1990; x_wconf 84' lang='lat' dir='ltr'><strong><em>di—</em></strong></span> 
     </span>
    </p>
   </div>
   <div class='ocr_carea' id='block_1_35' title="bbox 142 2029 1774 2100">
    <p class='ocr_par' dir='ltr' id='par_1_35' title="bbox 142 2029 1774 2100">
     <span class='ocr_line' id='line_1_35' title="bbox 142 2029 1774 2100; baseline 0 -17"><span class='ocrx_word' id='word_1_293' title='bbox 142 2039 364 2096; x_wconf 82' lang='lat' dir='ltr'><strong><em>centes,</em></strong></span> <span class='ocrx_word' id='word_1_294' title='bbox 398 2029 695 2098; x_wconf 77' lang='lat' dir='ltr'><strong><em>iniquitates</em></strong></span> <span class='ocrx_word' id='word_1_295' title='bbox 720 2041 913 2085; x_wconf 73' lang='lat' dir='ltr'><strong><em>nostrw</em></strong></span> <span class='ocrx_word' id='word_1_296' title='bbox 941 2031 994 2082; x_wconf 85' lang='lat' dir='ltr'><strong><em>in</em></strong></span> <span class='ocrx_word' id='word_1_297' title='bbox 1020 2042 1294 2098; x_wconf 76' lang='lat' dir='ltr'><strong><em>conspectu</em></strong></span> <span class='ocrx_word' id='word_1_298' title='bbox 1323 2040 1410 2084; x_wconf 89' lang='lat' dir='ltr'><strong><em>tuo</em></strong></span> <span class='ocrx_word' id='word_1_299' title='bbox 1449 2047 1468 2084; x_wconf 90' lang='lat'><strong><em>:</em></strong></span> <span class='ocrx_word' id='word_1_300' title='bbox 1517 2049 1545 2083; x_wconf 87' lang='lat' dir='ltr'><strong><em>a</em></strong></span> <span class='ocrx_word' id='word_1_301' title='bbox 1577 2029 1774 2100; x_wconf 85' lang='lat' dir='ltr'><strong><em>quibus</em></strong></span> 
     </span>
    </p>
   </div>
   <div class='ocr_carea' id='block_1_36' title="bbox 142 2119 1771 2191">
    <p class='ocr_par' dir='ltr' id='par_1_36' title="bbox 142 2119 1771 2191">
     <span class='ocr_line' id='line_1_36' title="bbox 142 2119 1771 2191; baseline 0.001 -16"><span class='ocrx_word' id='word_1_302' title='bbox 142 2119 326 2175; x_wconf 84' lang='lat' dir='ltr'><strong><em>multo</em></strong></span> <span class='ocrx_word' id='word_1_303' title='bbox 380 2131 621 2190; x_wconf 86' lang='lat' dir='ltr'><strong><em>tempore</em></strong></span> <span class='ocrx_word' id='word_1_304' title='bbox 672 2132 952 2175; x_wconf 78' lang='lat' dir='ltr'><strong><em>avet-teras</em></strong></span> <span class='ocrx_word' id='word_1_305' title='bbox 998 2121 1224 2191; x_wconf 78' lang='lat' dir='ltr'><strong><em>facient,</em></strong></span> <span class='ocrx_word' id='word_1_306' title='bbox 1273 2137 1340 2177; x_wconf 88' lang='lat' dir='ltr'><strong><em>ne</em></strong></span> <span class='ocrx_word' id='word_1_307' title='bbox 1365 2137 1460 2177; x_wconf 87' lang='lat' dir='ltr'><strong><em>eas</em></strong></span> <span class='ocrx_word' id='word_1_308' title='bbox 1492 2135 1771 2189; x_wconf 85' lang='lat' dir='ltr'><strong><em>cerneres,</em></strong></span> 
     </span>
    </p>
   </div>
   <div class='ocr_carea' id='block_1_37' title="bbox 141 2210 1773 2284">
    <p class='ocr_par' dir='ltr' id='par_1_37' title="bbox 141 2210 1773 2284">
     <span class='ocr_line' id='line_1_37' title="bbox 141 2210 1773 2284; baseline 0.002 -19"><span class='ocrx_word' id='word_1_309' title='bbox 141 2227 220 2266; x_wconf 86' lang='lat' dir='ltr'><strong><em>nc</em></strong></span> <span class='ocrx_word' id='word_1_310' title='bbox 268 2210 484 2268; x_wconf 67' lang='lat' dir='ltr'><strong><em>fet-ires.</em></strong></span> <span class='ocrx_word' id='word_1_311' title='bbox 541 2212 604 2265; x_wconf 85' lang='lat' dir='ltr'><strong><em>Et</em></strong></span> <span class='ocrx_word' id='word_1_312' title='bbox 661 2222 872 2284; x_wconf 85' lang='lat' dir='ltr'><strong><em>peccata</em></strong></span> <span class='ocrx_word' id='word_1_313' title='bbox 926 2223 1103 2267; x_wconf 87' lang='lat' dir='ltr'><strong><em>nostra</em></strong></span> <span class='ocrx_word' id='word_1_314' title='bbox 1150 2217 1525 2284; x_wconf 84' lang='lat' dir='ltr'><strong><em>responderunt-</em></strong></span> <span class='ocrx_word' id='word_1_315' title='bbox 1580 2214 1728 2268; x_wconf 79' lang='lat' dir='ltr'><strong><em>ttobis</em></strong></span> <span class='ocrx_word' id='word_1_316' title='bbox 1758 2255 1773 2280; x_wconf 94' lang='lat'><strong><em>,</em></strong></span> 
     </span>
    </p>
   </div>
   <div class='ocr_carea' id='block_1_38' title="bbox 140 2306 1772 2380">
    <p class='ocr_par' dir='ltr' id='par_1_38' title="bbox 140 2306 1772 2380">
     <span class='ocr_line' id='line_1_38' title="bbox 140 2306 1772 2380; baseline -0.001 -19"><span class='ocrx_word' id='word_1_317' title='bbox 140 2314 212 2361; x_wconf 88' lang='lat' dir='ltr'><strong><em>ut</em></strong></span> <span class='ocrx_word' id='word_1_318' title='bbox 260 2306 635 2370; x_wconf 87' lang='lat' dir='ltr'><strong><em>reciperemus</em></strong></span> <span class='ocrx_word' id='word_1_319' title='bbox 671 2307 817 2377; x_wconf 85' lang='lat' dir='ltr'><strong><em>quod</em></strong></span> <span class='ocrx_word' id='word_1_320' title='bbox 865 2308 1192 2380; x_wconf 82' lang='lat' dir='ltr'><strong><em>meruimus.</em></strong></span> <span class='ocrx_word' id='word_1_321' title='bbox 1235 2307 1302 2362; x_wconf 85' lang='lat' dir='ltr'><strong><em>Et</em></strong></span> <span class='ocrx_word' id='word_1_322' title='bbox 1346 2308 1553 2364; x_wconf 81' lang='lat' dir='ltr'><strong><em>scelera</em></strong></span> <span class='ocrx_word' id='word_1_323' title='bbox 1590 2319 1772 2361; x_wconf 81' lang='lat' dir='ltr'><strong><em>nostra</em></strong></span> 
     </span>
    </p>
   </div>
   <div class='ocr_carea' id='block_1_39' title="bbox 139 2399 1776 2471">
    <p class='ocr_par' dir='ltr' id='par_1_39' title="bbox 139 2399 1776 2471">
     <span class='ocr_line' id='line_1_39' title="bbox 139 2399 1776 2471; baseline 0.001 -18"><span class='ocrx_word' id='word_1_324' title='bbox 139 2399 438 2454; x_wconf 87' lang='lat' dir='ltr'><strong><em>nobiscum</em></strong></span> <span class='ocrx_word' id='word_1_325' title='bbox 519 2409 690 2455; x_wconf 89' lang='lat' dir='ltr'><strong><em>sunt:</em></strong></span> <span class='ocrx_word' id='word_1_326' title='bbox 734 2400 1151 2471; x_wconf 81' lang='lat' dir='ltr'><strong><em>iniquitatesque</em></strong></span> <span class='ocrx_word' id='word_1_327' title='bbox 1207 2403 1584 2471; x_wconf 75' lang='lat' dir='ltr'><strong><em>cognovimus,</em></strong></span> <span class='ocrx_word' id='word_1_328' title='bbox 1640 2413 1776 2470; x_wconf 83' lang='lat' dir='ltr'><strong><em>quas</em></strong></span> 
     </span>
    </p>
   </div>
   <div class='ocr_carea' id='block_1_40' title="bbox 138 2493 1771 2566">
    <p class='ocr_par' dir='ltr' id='par_1_40' title="bbox 138 2493 1771 2566">
     <span class='ocr_line' id='line_1_40' title="bbox 138 2493 1771 2566; baseline -0.002 -17"><span class='ocrx_word' id='word_1_329' title='bbox 138 2495 321 2550; x_wconf 87' lang='lat' dir='ltr'><strong><em>multo</em></strong></span> <span class='ocrx_word' id='word_1_330' title='bbox 338 2504 582 2564; x_wconf 88' lang='lat' dir='ltr'><strong><em>tempore</em></strong></span> <span class='ocrx_word' id='word_1_331' title='bbox 608 2504 982 2566; x_wconf 74' lang='lat' dir='ltr'><strong><em>perpeti-antes</em></strong></span> <span class='ocrx_word' id='word_1_332' title='bbox 1001 2495 1324 2564; x_wconf 77' lang='lat' dir='ltr'><strong><em>putabamus</em></strong></span> <span class='ocrx_word' id='word_1_333' title='bbox 1345 2510 1466 2550; x_wconf 88' lang='lat' dir='ltr'><strong><em>esse</em></strong></span> <span class='ocrx_word' id='word_1_334' title='bbox 1479 2493 1771 2564; x_wconf 81' lang='lat' dir='ltr'><strong><em>justitiam.</em></strong></span> 
     </span>
    </p>
   </div>
   <div class='ocr_carea' id='block_1_41' title="bbox 138 2586 1773 2657">
    <p class='ocr_par' dir='ltr' id='par_1_41' title="bbox 138 2586 1773 2657">
     <span class='ocr_line' id='line_1_41' title="bbox 138 2586 1773 2657; baseline 0.002 -20"><span class='ocrx_word' id='word_1_335' title='bbox 138 2586 284 2654; x_wconf 76' lang='lat' dir='ltr'><strong><em>Qtue</em></strong></span> <span class='ocrx_word' id='word_1_336' title='bbox 315 2596 444 2642; x_wconf 89' lang='lat' dir='ltr'><strong><em>sunt</em></strong></span> <span class='ocrx_word' id='word_1_337' title='bbox 475 2597 652 2642; x_wconf 87' lang='lat' dir='ltr'><strong><em>autem</em></strong></span> <span class='ocrx_word' id='word_1_338' title='bbox 688 2587 1044 2657; x_wconf 80' lang='lat' dir='ltr'><strong><em>iniquitates?</em></strong></span> <span class='ocrx_word' id='word_1_339' title='bbox 1079 2587 1298 2642; x_wconf 83' lang='lat' dir='ltr'><strong><em>Peccare</em></strong></span> <span class='ocrx_word' id='word_1_340' title='bbox 1327 2599 1374 2642; x_wconf 84' lang='lat' dir='ltr'><strong><em>et</em></strong></span> <span class='ocrx_word' id='word_1_341' title='bbox 1393 2589 1604 2642; x_wconf 87' lang='lat' dir='ltr'><strong><em>mentiri</em></strong></span> <span class='ocrx_word' id='word_1_342' title='bbox 1649 2603 1773 2641; x_wconf 86' lang='lat' dir='ltr'><strong><em>con-</em></strong></span> 
     </span>
    </p>
   </div>
   <div class='ocr_carea' id='block_1_42' title="bbox 146 2677 1774 2753">
    <p class='ocr_par' dir='ltr' id='par_1_42' title="bbox 146 2677 1774 2753">
     <span class='ocr_line' id='line_1_42' title="bbox 146 2677 1774 2753; baseline 0.001 -22"><span class='ocrx_word' id='word_1_343' title='bbox 146 2689 240 2732; x_wconf 86' lang='lat' dir='ltr'><strong><em>tra</em></strong></span> <span class='ocrx_word' id='word_1_344' title='bbox 265 2677 467 2734; x_wconf 87' lang='lat' dir='ltr'><strong><em>Deum:</em></strong></span> <span class='ocrx_word' id='word_1_345' title='bbox 485 2679 600 2734; x_wconf 80' lang='lat' dir='ltr'><strong><em>sive</em></strong></span> <span class='ocrx_word' id='word_1_346' title='bbox 632 2692 684 2733; x_wconf 90' lang='lat' dir='ltr'><strong><em>ut</em></strong></span> <span class='ocrx_word' id='word_1_347' title='bbox 708 2680 859 2750; x_wconf 73' lang='lat' dir='ltr'><strong><em>jutta</em></strong></span> <span class='ocrx_word' id='word_1_348' title='bbox 878 2679 1226 2753; x_wconf 71' lang='lat' dir='ltr'><strong><em>Helu&#39;aicum,</em></strong></span> <span class='ocrx_word' id='word_1_349' title='bbox 1248 2680 1440 2751; x_wconf 81' lang='lat' dir='ltr'><strong><em>Aquila</em></strong></span> <span class='ocrx_word' id='word_1_350' title='bbox 1473 2680 1774 2743; x_wconf 78' lang='lat' dir='ltr'><strong><em>transtulit,</em></strong></span> 
     </span>
    </p>
   </div>
   <div class='ocr_carea' id='block_1_43' title="bbox 136 2773 1775 2844">
    <p class='ocr_par' dir='ltr' id='par_1_43' title="bbox 136 2773 1775 2844">
     <span class='ocr_line' id='line_1_43' title="bbox 136 2773 1775 2844; baseline -0.001 -15"><span class='ocrx_word' id='word_1_351' title='bbox 136 2791 342 2843; x_wconf 62' lang='lat' dir='ltr'><strong><em>negare</em></strong></span> <span class='ocrx_word' id='word_1_352' title='bbox 359 2773 529 2828; x_wconf 86' lang='lat' dir='ltr'><strong><em>Deum</em></strong></span> <span class='ocrx_word' id='word_1_353' title='bbox 547 2793 565 2829; x_wconf 79' lang='lat'><strong><em>.&#39;</em></strong></span> <span class='ocrx_word' id='word_1_354' title='bbox 584 2774 726 2844; x_wconf 85' lang='lat' dir='ltr'><strong><em>quod</em></strong></span> <span class='ocrx_word' id='word_1_355' title='bbox 750 2776 817 2830; x_wconf 85' lang='lat' dir='ltr'><strong><em>ad</em></strong></span> <span class='ocrx_word' id='word_1_356' title='bbox 839 2776 1175 2832; x_wconf 80' lang='lat' dir='ltr'><strong><em>Sulvatorem</em></strong></span> <span class='ocrx_word' id='word_1_357' title='bbox 1193 2776 1444 2831; x_wconf 79' lang='lat' dir='ltr'><strong><em>refertur.</em></strong></span> <span class='ocrx_word' id='word_1_358' title='bbox 1464 2774 1534 2829; x_wconf 84' lang='lat' dir='ltr'><strong><em>Et</em></strong></span> <span class='ocrx_word' id='word_1_359' title='bbox 1555 2774 1775 2844; x_wconf 82' lang='lat' dir='ltr'><strong><em>reliqui-</em></strong></span> 
     </span>
    </p>
   </div>
   <div class='ocr_carea' id='block_1_44' title="bbox 136 2867 1776 2937">
    <p class='ocr_par' dir='ltr' id='par_1_44' title="bbox 136 2867 1776 2937">
     <span class='ocr_line' id='line_1_44' title="bbox 136 2867 1776 2937; baseline -0.001 -16"><span class='ocrx_word' id='word_1_360' title='bbox 136 2882 296 2931; x_wconf 83' lang='lat' dir='ltr'><strong><em>mus,</em></strong></span> <span class='ocrx_word' id='word_1_361' title='bbox 321 2867 594 2937; x_wconf 80' lang='lat' dir='ltr'><strong><em>inquiunt,</em></strong></span> <span class='ocrx_word' id='word_1_362' title='bbox 617 2868 787 2924; x_wconf 86' lang='lat' dir='ltr'><strong><em>Deum</em></strong></span> <span class='ocrx_word' id='word_1_363' title='bbox 823 2881 1067 2923; x_wconf 86' lang='lat' dir='ltr'><strong><em>nostrum</em></strong></span> <span class='ocrx_word' id='word_1_364' title='bbox 1095 2869 1343 2924; x_wconf 80' lang='lat' dir='ltr'><strong><em>dicentes</em></strong></span> <span class='ocrx_word' id='word_1_365' title='bbox 1368 2887 1377 2922; x_wconf 90' lang='lat'>:</span> <span class='ocrx_word' id='word_1_366' title='bbox 1399 2867 1609 2923; x_wconf 81' lang='lat' dir='ltr'><strong><em>Scimus</em></strong></span> <span class='ocrx_word' id='word_1_367' title='bbox 1639 2869 1776 2934; x_wconf 74' lang='lat' dir='ltr'><strong><em>quod</em></strong></span> 
     </span>
    </p>
   </div>
   <div class='ocr_carea' id='block_1_45' title="bbox 146 2959 1780 3032">
    <p class='ocr_par' dir='ltr' id='par_1_45' title="bbox 146 2959 1780 3032">
     <span class='ocr_line' id='line_1_45' title="bbox 146 2959 1780 3032; baseline 0 -18"><span class='ocrx_word' id='word_1_368' title='bbox 146 2959 339 3032; x_wconf 78' lang='lat' dir='ltr'><strong><em>Moysi</em></strong></span> <span class='ocrx_word' id='word_1_369' title='bbox 373 2961 580 3014; x_wconf 87' lang='lat' dir='ltr'><strong><em>locutus</em></strong></span> <span class='ocrx_word' id='word_1_370' title='bbox 607 2962 672 3016; x_wconf 87' lang='lat' dir='ltr'><strong><em>sit</em></strong></span> <span class='ocrx_word' id='word_1_371' title='bbox 700 2959 842 3016; x_wconf 86' lang='lat' dir='ltr'><strong><em>Dens</em></strong></span> <span class='ocrx_word' id='word_1_372' title='bbox 876 2979 893 3016; x_wconf 90' lang='lat'><strong><em>:</em></strong></span> <span class='ocrx_word' id='word_1_373' title='bbox 923 2963 1057 3016; x_wconf 84' lang='lat' dir='ltr'><strong><em>hunc</em></strong></span> <span class='ocrx_word' id='word_1_374' title='bbox 1074 2973 1245 3016; x_wconf 86' lang='lat' dir='ltr'><strong><em>autem</em></strong></span> <span class='ocrx_word' id='word_1_375' title='bbox 1262 2963 1538 3025; x_wconf 82' lang='lat' dir='ltr'><strong><em>nescimus,</em></strong></span> <span class='ocrx_word' id='word_1_376' title='bbox 1556 2961 1695 3015; x_wconf 88' lang='lat' dir='ltr'><strong><em>unde</em></strong></span> <span class='ocrx_word' id='word_1_377' title='bbox 1714 2962 1780 3014; x_wconf 87' lang='lat' dir='ltr'><strong><em>sit</em></strong></span> 
     </span>
    </p>
   </div>
   <div class='ocr_carea' id='block_1_46' title="bbox 141 3049 1778 3125">
    <p class='ocr_par' dir='ltr' id='par_1_46' title="bbox 141 3049 1778 3125">
     <span class='ocr_line' id='line_1_46' title="bbox 141 3049 1778 3125; baseline -0.002 -17"><span class='ocrx_word' id='word_1_378' title='bbox 141 3052 347 3124; x_wconf 75' lang='lat' dir='ltr'><strong><em>(loon.</em></strong></span> <span class='ocrx_word' id='word_1_379' title='bbox 361 3070 438 3120; x_wconf 65' lang='grc' dir='ltr'><strong><em>ιχ,</em></strong></span> <span class='ocrx_word' id='word_1_380' title='bbox 456 3052 574 3120; x_wconf 72' lang='grc'><strong><em>29),</em></strong></span> <span class='ocrx_word' id='word_1_381' title='bbox 593 3063 649 3106; x_wconf 91' lang='lat' dir='ltr'><strong><em>ut</em></strong></span> <span class='ocrx_word' id='word_1_382' title='bbox 665 3053 1015 3125; x_wconf 82' lang='lat' dir='ltr'><strong><em>loqueremur</em></strong></span> <span class='ocrx_word' id='word_1_383' title='bbox 1039 3055 1390 3119; x_wconf 79' lang='lat' dir='ltr'><strong><em>calumniam,</em></strong></span> <span class='ocrx_word' id='word_1_384' title='bbox 1409 3052 1513 3106; x_wconf 85' lang='lat' dir='ltr'><strong><em>Hic</em></strong></span> <span class='ocrx_word' id='word_1_385' title='bbox 1531 3053 1655 3107; x_wconf 76' lang='lat' dir='ltr'><strong><em>sies:</em></strong></span> <span class='ocrx_word' id='word_1_386' title='bbox 1671 3049 1778 3105; x_wconf 85' lang='lat' dir='ltr'><strong><em>Deo</em></strong></span> 
     </span>
    </p>
   </div>
   <div class='ocr_carea' id='block_1_47' title="bbox 139 3144 1782 3219">
    <p class='ocr_par' dir='ltr' id='par_1_47' title="bbox 139 3144 1782 3219">
     <span class='ocr_line' id='line_1_47' title="bbox 139 3144 1782 3219; baseline -0.001 -19"><span class='ocrx_word' id='word_1_387' title='bbox 139 3158 304 3214; x_wconf 82' lang='lat' dir='ltr'><strong><em>esset,</em></strong></span> <span class='ocrx_word' id='word_1_388' title='bbox 339 3163 442 3200; x_wconf 88' lang='lat' dir='ltr'><strong><em>non</em></strong></span> <span class='ocrx_word' id='word_1_389' title='bbox 470 3147 687 3200; x_wconf 81' lang='lat' dir='ltr'><strong><em>solveret</em></strong></span> <span class='ocrx_word' id='word_1_390' title='bbox 711 3146 980 3201; x_wconf 82' lang='lat' dir='ltr'><strong><em>sabbatum</em></strong></span> <span class='ocrx_word' id='word_1_391' title='bbox 1007 3146 1198 3217; x_wconf 87' lang='lat' dir='ltr'><strong><em>(Ibid.,</em></strong></span> <span class='ocrx_word' id='word_1_392' title='bbox 1221 3147 1448 3219; x_wconf 82' lang='lat' dir='ltr'><strong><em>16).Et:</em></strong></span> <span class='ocrx_word' id='word_1_393' title='bbox 1482 3144 1550 3200; x_wconf 86' lang='lat' dir='ltr'><strong><em>In</em></strong></span> <span class='ocrx_word' id='word_1_394' title='bbox 1577 3144 1782 3200; x_wconf 67' lang='lat' dir='ltr'><strong><em>Beelze-</em></strong></span> 
     </span>
    </p>
   </div>
   <div class='ocr_carea' id='block_1_48' title="bbox 1879 1931 3481 2000">
    <p class='ocr_par' dir='ltr' id='par_1_48' title="bbox 1879 1931 3481 2000">
     <span class='ocr_line' id='line_1_48' title="bbox 1879 1931 3481 2000; baseline 0.005 -17"><span class='ocrx_word' id='word_1_395' title='bbox 1879 1931 2042 1986; x_wconf 85' lang='lat' dir='ltr'><strong><em>deret.</em></strong></span> <span class='ocrx_word' id='word_1_396' title='bbox 2068 1931 2137 1985; x_wconf 80' lang='lat' dir='ltr'><strong><em>Et</em></strong></span> <span class='ocrx_word' id='word_1_397' title='bbox 2159 1932 2300 1988; x_wconf 84' lang='lat' dir='ltr'><strong><em>ultus</em></strong></span> <span class='ocrx_word' id='word_1_398' title='bbox 2327 1945 2402 1988; x_wconf 87' lang='lat' dir='ltr'><strong><em>est</em></strong></span> <span class='ocrx_word' id='word_1_399' title='bbox 2428 1950 2514 1989; x_wconf 81' lang='lat' dir='ltr'><strong><em>eos</em></strong></span> <span class='ocrx_word' id='word_1_400' title='bbox 2539 1935 2747 1990; x_wconf 75' lang='lat' dir='ltr'><strong><em>brarltio</em></strong></span> <span class='ocrx_word' id='word_1_401' title='bbox 2772 1953 2886 2000; x_wconf 85' lang='lat' dir='ltr'><strong><em>suo,</em></strong></span> <span class='ocrx_word' id='word_1_402' title='bbox 2915 1948 2963 1990; x_wconf 85' lang='lat' dir='ltr'><strong><em>et</em></strong></span> <span class='ocrx_word' id='word_1_403' title='bbox 2986 1939 3339 1993; x_wconf 72' lang='lat' dir='ltr'><strong><em>misericordia</em></strong></span> <span class='ocrx_word' id='word_1_404' title='bbox 3367 1953 3481 1992; x_wconf 80' lang='lat' dir='ltr'><strong><em>sns-</em></strong></span> 
     </span>
    </p>
   </div>
   <div class='ocr_carea' id='block_1_49' title="bbox 1877 2025 3482 2104">
    <p class='ocr_par' dir='ltr' id='par_1_49' title="bbox 1877 2025 3482 2104">
     <span class='ocr_line' id='line_1_49' title="bbox 1877 2025 3482 2104; baseline 0.005 -27"><span class='ocrx_word' id='word_1_405' title='bbox 1877 2027 2050 2078; x_wconf 85' lang='lat' dir='ltr'><strong><em>tinuit.</em></strong></span> <span class='ocrx_word' id='word_1_406' title='bbox 2094 2025 2162 2079; x_wconf 82' lang='lat' dir='ltr'><strong><em>Et</em></strong></span> <span class='ocrx_word' id='word_1_407' title='bbox 2201 2029 2417 2083; x_wconf 76' lang='lat' dir='ltr'><strong><em>indutus</em></strong></span> <span class='ocrx_word' id='word_1_408' title='bbox 2455 2038 2527 2081; x_wconf 77' lang='lat' dir='ltr'><strong><em>est</em></strong></span> <span class='ocrx_word' id='word_1_409' title='bbox 2565 2031 2832 2101; x_wconf 76' lang='lat' dir='ltr'><strong><em>justitiam</em></strong></span> <span class='ocrx_word' id='word_1_410' title='bbox 2859 2033 3007 2101; x_wconf 51' lang='lat' dir='ltr'><strong><em>quasi</em></strong></span> <span class='ocrx_word' id='word_1_411' title='bbox 3039 2032 3273 2102; x_wconf 64' lang='lat' dir='ltr'><strong><em>tornum,</em></strong></span> <span class='ocrx_word' id='word_1_412' title='bbox 3303 2037 3359 2084; x_wconf 76' lang='lat' dir='ltr'><strong><em>et</em></strong></span> <span class='ocrx_word' id='word_1_413' title='bbox 3390 2043 3482 2104; x_wconf 83' lang='lat' dir='ltr'><strong><em>po-</em></strong></span> 
     </span>
    </p>
   </div>
   <div class='ocr_carea' id='block_1_50' title="bbox 1875 2118 3488 2194">
    <p class='ocr_par' dir='ltr' id='par_1_50' title="bbox 1875 2118 3488 2194">
     <span class='ocr_line' id='line_1_50' title="bbox 1875 2118 3488 2194; baseline 0.007 -25"><span class='ocrx_word' id='word_1_414' title='bbox 1875 2118 1977 2170; x_wconf 79' lang='lat' dir='ltr'><strong><em>suit</em></strong></span> <span class='ocrx_word' id='word_1_415' title='bbox 2018 2119 2218 2189; x_wconf 82' lang='lat' dir='ltr'><strong><em>galeam</em></strong></span> <span class='ocrx_word' id='word_1_416' title='bbox 2242 2121 2428 2174; x_wconf 80' lang='lat' dir='ltr'><strong><em>sntutis</em></strong></span> <span class='ocrx_word' id='word_1_417' title='bbox 2455 2123 2510 2174; x_wconf 83' lang='lat' dir='ltr'><strong><em>in</em></strong></span> <span class='ocrx_word' id='word_1_418' title='bbox 2541 2124 2725 2194; x_wconf 77' lang='lat' dir='ltr'><strong><em>rapite.</em></strong></span> <span class='ocrx_word' id='word_1_419' title='bbox 2760 2123 2830 2176; x_wconf 81' lang='lat' dir='ltr'><strong><em>Et</em></strong></span> <span class='ocrx_word' id='word_1_420' title='bbox 2855 2125 3206 2179; x_wconf 71' lang='lat' dir='ltr'><strong><em>circumdatus</em></strong></span> <span class='ocrx_word' id='word_1_421' title='bbox 3233 2137 3306 2179; x_wconf 79' lang='lat' dir='ltr'><strong><em>est</em></strong></span> <span class='ocrx_word' id='word_1_422' title='bbox 3335 2127 3488 2180; x_wconf 67' lang='grc' dir='ltr'><strong><em>ινσειί-</em></strong></span> 
     </span>
    </p>
   </div>
   <div class='ocr_carea' id='block_1_51' title="bbox 1877 2213 3486 2286">
    <p class='ocr_par' dir='ltr' id='par_1_51' title="bbox 1877 2213 3486 2286">
     <span class='ocr_line' id='line_1_51' title="bbox 1877 2213 3486 2286; baseline 0.004 -22"><span class='ocrx_word' id='word_1_423' title='bbox 1877 2217 2050 2266; x_wconf 74' lang='lat' dir='ltr'><strong><em>mento</em></strong></span> <span class='ocrx_word' id='word_1_424' title='bbox 2083 2215 2350 2279; x_wconf 66' lang='lat' dir='ltr'><strong><em>uiridis-tte,</em></strong></span> <span class='ocrx_word' id='word_1_425' title='bbox 2395 2225 2442 2268; x_wconf 92' lang='lat' dir='ltr'><strong><em>et</em></strong></span> <span class='ocrx_word' id='word_1_426' title='bbox 2481 2213 2677 2286; x_wconf 78' lang='lat' dir='ltr'><strong><em>pallio,</em></strong></span> <span class='ocrx_word' id='word_1_427' title='bbox 2722 2218 2872 2286; x_wconf 78' lang='lat' dir='ltr'><strong><em>quasi</em></strong></span> <span class='ocrx_word' id='word_1_428' title='bbox 2912 2217 3199 2271; x_wconf 66' lang='lat' dir='ltr'><strong><em>&quot;tribuens</em></strong></span> <span class='ocrx_word' id='word_1_429' title='bbox 3235 2217 3486 2271; x_wconf 72' lang='lat' dir='ltr'><strong><em>ultionem</em></strong></span> 
     </span>
    </p>
   </div>
   <div class='ocr_carea' id='block_1_52' title="bbox 1879 2304 3484 2379">
    <p class='ocr_par' dir='ltr' id='par_1_52' title="bbox 1879 2304 3484 2379">
     <span class='ocr_line' id='line_1_52' title="bbox 1879 2304 3484 2379; baseline 0.006 -24"><span class='ocrx_word' id='word_1_430' title='bbox 1879 2304 2212 2373; x_wconf 82' lang='lat' dir='ltr'><strong><em>opprobrium</em></strong></span> <span class='ocrx_word' id='word_1_431' title='bbox 2243 2305 2574 2359; x_wconf 75' lang='lat' dir='ltr'><strong><em>adversariis;</em></strong></span> <span class='ocrx_word' id='word_1_432' title='bbox 2606 2306 2902 2377; x_wconf 79' lang='lat' dir='ltr'><strong><em>ﬂuensque</em></strong></span> <span class='ocrx_word' id='word_1_433' title='bbox 2931 2314 2996 2362; x_wconf 70' lang='lat' dir='ltr'><strong><em>ex</em></strong></span> <span class='ocrx_word' id='word_1_434' title='bbox 3030 2323 3266 2378; x_wconf 80' lang='lat' dir='ltr'><strong><em>persona</em></strong></span> <span class='ocrx_word' id='word_1_435' title='bbox 3304 2310 3484 2379; x_wconf 76' lang='lat' dir='ltr'><strong><em>populi</em></strong></span> 
     </span>
    </p>
   </div>
   <div class='ocr_carea' id='block_1_53' title="bbox 1881 2395 3484 2472">
    <p class='ocr_par' dir='ltr' id='par_1_53' title="bbox 1881 2395 3484 2472">
     <span class='ocr_line' id='line_1_53' title="bbox 1881 2395 3484 2472; baseline 0.005 -23"><span class='ocrx_word' id='word_1_436' title='bbox 1881 2395 2230 2465; x_wconf 70' lang='lat' dir='ltr'><strong><em>propheticus</em></strong></span> <span class='ocrx_word' id='word_1_437' title='bbox 2261 2399 2447 2453; x_wconf 79' lang='lat' dir='ltr'><strong><em>sei-mo</em></strong></span> <span class='ocrx_word' id='word_1_438' title='bbox 2475 2407 2766 2452; x_wconf 72' lang='lat' dir='ltr'><strong><em>contextus</em></strong></span> <span class='ocrx_word' id='word_1_439' title='bbox 2797 2408 2881 2454; x_wconf 87' lang='lat' dir='ltr'><strong><em>est</em></strong></span> <span class='ocrx_word' id='word_1_440' title='bbox 2913 2417 2926 2453; x_wconf 88' lang='lat'><strong>:</strong></span> <span class='ocrx_word' id='word_1_441' title='bbox 2957 2409 3100 2455; x_wconf 73' lang='lat' dir='ltr'><strong><em>nunc</em></strong></span> <span class='ocrx_word' id='word_1_442' title='bbox 3130 2404 3393 2472; x_wconf 79' lang='lat' dir='ltr'><strong><em>propheta</em></strong></span> <span class='ocrx_word' id='word_1_443' title='bbox 3419 2415 3484 2457; x_wconf 77' lang='lat' dir='ltr'><strong><em>ex</em></strong></span> 
     </span>
    </p>
   </div>
   <div class='ocr_carea' id='block_1_54' title="bbox 1878 2487 3490 2562">
    <p class='ocr_par' dir='ltr' id='par_1_54' title="bbox 1878 2487 3490 2562">
     <span class='ocr_line' id='line_1_54' title="bbox 1878 2487 3490 2562; baseline 0.006 -20"><span class='ocrx_word' id='word_1_444' title='bbox 1878 2501 1978 2542; x_wconf 84' lang='lat' dir='ltr'><strong><em>sua</em></strong></span> <span class='ocrx_word' id='word_1_445' title='bbox 2020 2505 2254 2559; x_wconf 80' lang='lat' dir='ltr'><strong><em>persona</em></strong></span> <span class='ocrx_word' id='word_1_446' title='bbox 2288 2491 2549 2562; x_wconf 83' lang='lat' dir='ltr'><strong><em>loquitur.</em></strong></span> <span class='ocrx_word' id='word_1_447' title='bbox 2587 2488 2698 2547; x_wconf 77' lang='lat' dir='ltr'><strong><em>illis</em></strong></span> <span class='ocrx_word' id='word_1_448' title='bbox 2733 2492 2835 2548; x_wconf 81' lang='lat' dir='ltr'><strong><em>ista</em></strong></span> <span class='ocrx_word' id='word_1_449' title='bbox 2865 2495 3190 2562; x_wconf 71' lang='lat' dir='ltr'><strong><em>dicentibus,</em></strong></span> <span class='ocrx_word' id='word_1_450' title='bbox 3226 2487 3358 2550; x_wconf 80' lang='lat' dir='ltr'><strong><em>vidit</em></strong></span> <span class='ocrx_word' id='word_1_451' title='bbox 3389 2497 3490 2551; x_wconf 85' lang='lat' dir='ltr'><strong><em>D‘o-</em></strong></span> 
     </span>
    </p>
   </div>
   <div class='ocr_carea' id='block_1_55' title="bbox 1880 2585 3488 2658">
    <p class='ocr_par' dir='ltr' id='par_1_55' title="bbox 1880 2585 3488 2658">
     <span class='ocr_line' id='line_1_55' title="bbox 1880 2585 3488 2658; baseline 0.006 -20"><span class='ocrx_word' id='word_1_452' title='bbox 1880 2585 2061 2639; x_wconf 85' lang='lat' dir='ltr'><strong><em>ntinns</em></strong></span> <span class='ocrx_word' id='word_1_453' title='bbox 2089 2589 2230 2657; x_wconf 87' lang='lat' dir='ltr'><strong><em>quod</em></strong></span> <span class='ocrx_word' id='word_1_454' title='bbox 2260 2588 2634 2656; x_wconf 81' lang='lat' dir='ltr'><strong><em>poenitentinm</em></strong></span> <span class='ocrx_word' id='word_1_455' title='bbox 2661 2593 2756 2643; x_wconf 65' lang='lat' dir='ltr'><strong><em>me</em></strong></span> <span class='ocrx_word' id='word_1_456' title='bbox 2782 2592 3077 2658; x_wconf 74' lang='lat' dir='ltr'><strong><em>jactarcnt,</em></strong></span> <span class='ocrx_word' id='word_1_457' title='bbox 3109 2603 3162 2647; x_wconf 82' lang='lat' dir='ltr'><strong><em>et</em></strong></span> <span class='ocrx_word' id='word_1_458' title='bbox 3193 2593 3358 2647; x_wconf 75' lang='lat' dir='ltr'><strong><em>corde</em></strong></span> <span class='ocrx_word' id='word_1_459' title='bbox 3380 2596 3488 2648; x_wconf 80' lang='lat' dir='ltr'><strong><em>tum</em></strong></span> 
     </span>
    </p>
   </div>
   <div class='ocr_carea' id='block_1_56' title="bbox 1877 2681 3490 2756">
    <p class='ocr_par' dir='ltr' id='par_1_56' title="bbox 1877 2681 3490 2756">
     <span class='ocr_line' id='line_1_56' title="bbox 1877 2681 3490 2756; baseline 0.004 -23"><span class='ocrx_word' id='word_1_460' title='bbox 1877 2681 2125 2750; x_wconf 67' lang='lat' dir='ltr'><strong><em>agerent.</em></strong></span> <span class='ocrx_word' id='word_1_461' title='bbox 2171 2690 2225 2736; x_wconf 85' lang='lat' dir='ltr'><strong><em>et</em></strong></span> <span class='ocrx_word' id='word_1_462' title='bbox 2266 2691 2373 2735; x_wconf 86' lang='lat' dir='ltr'><strong><em>non</em></strong></span> <span class='ocrx_word' id='word_1_463' title='bbox 2405 2681 2608 2750; x_wconf 72' lang='lat' dir='ltr'><strong><em>placuit</em></strong></span> <span class='ocrx_word' id='word_1_464' title='bbox 2637 2683 2707 2738; x_wconf 86' lang='lat' dir='ltr'><strong><em>ei.</em></strong></span> <span class='ocrx_word' id='word_1_465' title='bbox 2740 2683 3005 2748; x_wconf 76' lang='lat' dir='ltr'><strong><em>Qmesivit</em></strong></span> <span class='ocrx_word' id='word_1_466' title='bbox 3036 2688 3182 2739; x_wconf 83' lang='lat' dir='ltr'><strong><em>enim</em></strong></span> <span class='ocrx_word' id='word_1_467' title='bbox 3212 2685 3265 2740; x_wconf 84' lang='lat' dir='ltr'><strong><em>in</em></strong></span> <span class='ocrx_word' id='word_1_468' title='bbox 3294 2685 3371 2740; x_wconf 64' lang='lat' dir='ltr'><strong><em>eis</em></strong></span> <span class='ocrx_word' id='word_1_469' title='bbox 3398 2685 3457 2756; x_wconf 87' lang='lat' dir='ltr'><strong><em>ju</em></strong></span> <span class='ocrx_word' id='word_1_470' title='bbox 3477 2717 3490 2726; x_wconf 94' lang='lat'><em>-</em></span> 
     </span>
    </p>
   </div>
   <div class='ocr_carea' id='block_1_57' title="bbox 1879 2773 3492 2844">
    <p class='ocr_par' dir='ltr' id='par_1_57' title="bbox 1879 2773 3492 2844">
     <span class='ocr_line' id='line_1_57' title="bbox 1879 2773 3492 2844; baseline 0.002 -17"><span class='ocrx_word' id='word_1_471' title='bbox 1879 2773 2006 2827; x_wconf 87' lang='lat' dir='ltr'><strong><em>dicii</em></strong></span> <span class='ocrx_word' id='word_1_472' title='bbox 2035 2774 2338 2840; x_wconf 74' lang='lat' dir='ltr'><strong><em>veritatem,</em></strong></span> <span class='ocrx_word' id='word_1_473' title='bbox 2371 2775 2513 2844; x_wconf 81' lang='lat' dir='ltr'><strong><em>quod</em></strong></span> <span class='ocrx_word' id='word_1_474' title='bbox 2544 2773 2609 2828; x_wconf 75' lang='lat' dir='ltr'><strong><em>ad</em></strong></span> <span class='ocrx_word' id='word_1_475' title='bbox 2638 2784 2829 2843; x_wconf 79' lang='lat' dir='ltr'><strong><em>gentes</em></strong></span> <span class='ocrx_word' id='word_1_476' title='bbox 2857 2777 3178 2830; x_wconf 81' lang='lat' dir='ltr'><strong><em>translatum</em></strong></span> <span class='ocrx_word' id='word_1_477' title='bbox 3206 2777 3400 2841; x_wconf 80' lang='lat' dir='ltr'><strong><em>luerat,</em></strong></span> <span class='ocrx_word' id='word_1_478' title='bbox 3436 2783 3492 2831; x_wconf 80' lang='lat' dir='ltr'><strong><em>et</em></strong></span> 
     </span>
    </p>
   </div>
   <div class='ocr_carea' id='block_1_58' title="bbox 1881 2867 3487 2941">
    <p class='ocr_par' dir='ltr' id='par_1_58' title="bbox 1881 2867 3487 2941">
     <span class='ocr_line' id='line_1_58' title="bbox 1881 2867 3487 2941; baseline 0.002 -21"><span class='ocrx_word' id='word_1_479' title='bbox 1881 2883 1990 2921; x_wconf 84' lang='lat' dir='ltr'><strong><em>non</em></strong></span> <span class='ocrx_word' id='word_1_480' title='bbox 2029 2867 2256 2937; x_wconf 81' lang='lat' dir='ltr'><strong><em>reperit.</em></strong></span> <span class='ocrx_word' id='word_1_481' title='bbox 2295 2867 2638 2923; x_wconf 70' lang='lat' dir='ltr'><strong><em>Desideravit</em></strong></span> <span class='ocrx_word' id='word_1_482' title='bbox 2664 2869 2897 2939; x_wconf 71' lang='lat' dir='ltr'><strong><em>aliquem</em></strong></span> <span class='ocrx_word' id='word_1_483' title='bbox 2920 2869 3127 2938; x_wconf 75' lang='lat' dir='ltr'><strong><em>jnsuim</em></strong></span> <span class='ocrx_word' id='word_1_484' title='bbox 3162 2871 3360 2934; x_wconf 82' lang='lat' dir='ltr'><strong><em>virum,</em></strong></span> <span class='ocrx_word' id='word_1_485' title='bbox 3394 2871 3487 2941; x_wconf 71' lang='grc' dir='ltr'><strong><em>(μη</em></strong></span> 
     </span>
    </p>
   </div>
   <div class='ocr_carea' id='block_1_59' title="bbox 1881 2957 3489 3034">
    <p class='ocr_par' dir='ltr' id='par_1_59' title="bbox 1881 2957 3489 3034">
     <span class='ocr_line' id='line_1_59' title="bbox 1881 2957 3489 3034; baseline 0.002 -22"><span class='ocrx_word' id='word_1_486' title='bbox 1881 2957 1985 3013; x_wconf 89' lang='lat' dir='ltr'><strong><em>sibi</em></strong></span> <span class='ocrx_word' id='word_1_487' title='bbox 2014 2959 2152 3012; x_wconf 86' lang='lat' dir='ltr'><strong><em>irato</em></strong></span> <span class='ocrx_word' id='word_1_488' title='bbox 2178 2959 2342 3028; x_wconf 83' lang='lat' dir='ltr'><strong><em>possit</em></strong></span> <span class='ocrx_word' id='word_1_489' title='bbox 2372 2967 2688 3024; x_wconf 78' lang='lat' dir='ltr'><strong><em>occurrere,</em></strong></span> <span class='ocrx_word' id='word_1_490' title='bbox 2718 2968 2771 3015; x_wconf 87' lang='lat' dir='ltr'><strong><em>et</em></strong></span> <span class='ocrx_word' id='word_1_491' title='bbox 2800 2973 2907 3014; x_wconf 84' lang='lat' dir='ltr'><strong><em>non</em></strong></span> <span class='ocrx_word' id='word_1_492' title='bbox 2944 2962 3176 3027; x_wconf 77' lang='lat' dir='ltr'><strong><em>invenit;</em></strong></span> <span class='ocrx_word' id='word_1_493' title='bbox 3206 2961 3365 3034; x_wconf 75' lang='lat'><strong><em>711</em></strong></span> <span class='ocrx_word' id='word_1_494' title='bbox 3397 2964 3489 3032; x_wconf 77' lang='lat' dir='ltr'><strong><em>qui</em></strong></span> 
     </span>
    </p>
   </div>
   <div class='ocr_carea' id='block_1_60' title="bbox 1882 3050 3491 3121">
    <p class='ocr_par' dir='ltr' id='par_1_60' title="bbox 1882 3050 3491 3121">
     <span class='ocr_line' id='line_1_60' title="bbox 1882 3050 3491 3121; baseline 0.002 -15"><span class='ocrx_word' id='word_1_495' title='bbox 1882 3059 1940 3106; x_wconf 87' lang='lat' dir='ltr'><strong><em>et</em></strong></span> <span class='ocrx_word' id='word_1_496' title='bbox 1979 3063 2140 3121; x_wconf 76' lang='lat' dir='ltr'><strong><em>supra</em></strong></span> <span class='ocrx_word' id='word_1_497' title='bbox 2180 3050 2395 3105; x_wconf 65' lang='lat' dir='ltr'><strong><em>dixerat</em></strong></span> <span class='ocrx_word' id='word_1_498' title='bbox 2445 3055 2459 3105; x_wconf 78' lang='grc' dir='ltr'><strong><em>ὲ</em></strong></span> <span class='ocrx_word' id='word_1_499' title='bbox 2511 3051 2660 3120; x_wconf 80' lang='lat' dir='ltr'><strong><em>Veni,</em></strong></span> <span class='ocrx_word' id='word_1_500' title='bbox 2705 3061 2752 3105; x_wconf 85' lang='lat' dir='ltr'><strong><em>et</em></strong></span> <span class='ocrx_word' id='word_1_501' title='bbox 2789 3065 2891 3106; x_wconf 84' lang='lat' dir='ltr'><strong><em>non</em></strong></span> <span class='ocrx_word' id='word_1_502' title='bbox 2921 3063 3032 3106; x_wconf 84' lang='lat' dir='ltr'><strong><em>erat</em></strong></span> <span class='ocrx_word' id='word_1_503' title='bbox 3057 3055 3136 3107; x_wconf 77' lang='lat' dir='ltr'><strong><em>vir</em></strong></span> <span class='ocrx_word' id='word_1_504' title='bbox 3165 3071 3181 3107; x_wconf 73' lang='grc' dir='ltr'><strong><em>,ο</em></strong></span> <span class='ocrx_word' id='word_1_505' title='bbox 3210 3056 3408 3118; x_wconf 73' lang='lat' dir='ltr'><strong><em>uocari,</em></strong></span> <span class='ocrx_word' id='word_1_506' title='bbox 3442 3057 3491 3109; x_wconf 81' lang='lat' dir='ltr'><strong><em>et</em></strong></span> 
     </span>
    </p>
   </div>
   <div class='ocr_carea' id='block_1_61' title="bbox 1885 3144 3488 3216">
    <p class='ocr_par' dir='ltr' id='par_1_61' title="bbox 1885 3144 3488 3216">
     <span class='ocr_line' id='line_1_61' title="bbox 1885 3144 3488 3216; baseline 0.002 -17"><span class='ocrx_word' id='word_1_507' title='bbox 1885 3161 1988 3199; x_wconf 87' lang='lat' dir='ltr'><strong><em>non</em></strong></span> <span class='ocrx_word' id='word_1_508' title='bbox 2017 3153 2127 3199; x_wconf 86' lang='lat' dir='ltr'><strong><em>er&#39;at</em></strong></span> <span class='ocrx_word' id='word_1_509' title='bbox 2154 3146 2242 3216; x_wconf 78' lang='lat' dir='ltr'><strong><em>qui</em></strong></span> <span class='ocrx_word' id='word_1_510' title='bbox 2271 3145 2477 3199; x_wconf 68' lang='lat' dir='ltr'><strong><em>audiret</em></strong></span> <span class='ocrx_word' id='word_1_511' title='bbox 2499 3144 2654 3216; x_wconf 81' lang='lat' dir='ltr'><strong><em>(Isai.</em></strong></span> <span class='ocrx_word' id='word_1_512' title='bbox 2687 3161 2736 3212; x_wconf 84' lang='lat' dir='ltr'><strong><em>L,</em></strong></span> <span class='ocrx_word' id='word_1_513' title='bbox 2776 3146 2850 3216; x_wconf 88' lang='lat'><strong><em>1).</em></strong></span> <span class='ocrx_word' id='word_1_514' title='bbox 2886 3146 2954 3200; x_wconf 88' lang='lat' dir='ltr'><strong><em>Et</em></strong></span> <span class='ocrx_word' id='word_1_515' title='bbox 2986 3147 3110 3216; x_wconf 79' lang='lat' dir='ltr'><strong><em>quia</em></strong></span> <span class='ocrx_word' id='word_1_516' title='bbox 3141 3147 3244 3202; x_wconf 83' lang='lat' dir='ltr'><strong><em>illis</em></strong></span> <span class='ocrx_word' id='word_1_517' title='bbox 3277 3148 3331 3201; x_wconf 88' lang='lat' dir='ltr'><strong><em>in</em></strong></span> <span class='ocrx_word' id='word_1_518' title='bbox 3365 3163 3488 3203; x_wconf 78' lang='lat' dir='ltr'><strong><em>sce-</em></strong></span> 
     </span>
    </p>
   </div>
   <div class='ocr_carea' id='block_1_62' title="bbox 144 3235 3494 3312">
    <p class='ocr_par' dir='ltr' id='par_1_62' title="bbox 144 3235 3494 3312">
     <span class='ocr_line' id='line_1_62' title="bbox 144 3235 3494 3312; baseline 0.001 -21"><span class='ocrx_word' id='word_1_519' title='bbox 144 3238 244 3293; x_wconf 87' lang='lat' dir='ltr'><strong><em>bub</em></strong></span> <span class='ocrx_word' id='word_1_520' title='bbox 263 3239 508 3309; x_wconf 84' lang='lat' dir='ltr'><strong><em>principe</em></strong></span> <span class='ocrx_word' id='word_1_521' title='bbox 529 3239 906 3293; x_wconf 65' lang='lat' dir='ltr'><strong><em>diemoniorum</em></strong></span> <span class='ocrx_word' id='word_1_522' title='bbox 933 3241 1072 3312; x_wconf 81' lang='lat' dir='ltr'><strong><em>ejicit</em></strong></span> <span class='ocrx_word' id='word_1_523' title='bbox 1097 3241 1357 3295; x_wconf 72' lang='lat' dir='ltr'><strong><em>damouia</em></strong></span> <span class='ocrx_word' id='word_1_524' title='bbox 1383 3240 1537 3312; x_wconf 82' lang='lat' dir='ltr'><strong><em>(Luc.</em></strong></span> <span class='ocrx_word' id='word_1_525' title='bbox 1575 3257 1628 3304; x_wconf 60' lang='grc' dir='ltr'><strong><em>κ,</em></strong></span> <span class='ocrx_word' id='word_1_526' title='bbox 1663 3238 1775 3310; x_wconf 75' lang='lat'><strong><em>15).</em></strong></span> <span class='ocrx_word' id='word_1_527' title='bbox 1804 3249 1850 3310; x_wconf 64' lang='grc' dir='ltr'><strong><em>(ζ</em></strong></span> <span class='ocrx_word' id='word_1_528' title='bbox 1886 3237 2492 3307; x_wconf 82' lang='lat' dir='ltr'><strong><em>lerepermanentibus.</em></strong></span> <span class='ocrx_word' id='word_1_529' title='bbox 2524 3253 2596 3292; x_wconf 85' lang='lat' dir='ltr'><strong><em>ne</em></strong></span> <span class='ocrx_word' id='word_1_530' title='bbox 2617 3249 2760 3292; x_wconf 88' lang='lat' dir='ltr'><strong><em>unus</em></strong></span> <span class='ocrx_word' id='word_1_531' title='bbox 2788 3235 3005 3309; x_wconf 73' lang='lat' dir='ltr'><strong><em>quidem</em></strong></span> <span class='ocrx_word' id='word_1_532' title='bbox 3032 3241 3213 3309; x_wconf 74' lang='lat' dir='ltr'><strong><em>justus</em></strong></span> <span class='ocrx_word' id='word_1_533' title='bbox 3241 3242 3494 3296; x_wconf 79' lang='lat' dir='ltr'><strong><em>iuventus</em></strong></span> 
     </span>
    </p>
   </div>
   <div class='ocr_carea' id='block_1_63' title="bbox 143 3332 1783 3404">
    <p class='ocr_par' dir='ltr' id='par_1_63' title="bbox 143 3332 1783 3404">
     <span class='ocr_line' id='line_1_63' title="bbox 143 3332 1783 3404; baseline 0.001 -18"><span class='ocrx_word' id='word_1_534' title='bbox 143 3332 209 3386; x_wconf 84' lang='lat' dir='ltr'><strong><em>Et</em></strong></span> <span class='ocrx_word' id='word_1_535' title='bbox 242 3332 768 3402; x_wconf 60' lang='lat' dir='ltr'><strong><em>transgressionem,</em></strong></span> <span class='ocrx_word' id='word_1_536' title='bbox 802 3349 927 3403; x_wconf 62' lang='grc' dir='ltr'><strong><em>(ιηίὲ</em></strong></span> <span class='ocrx_word' id='word_1_537' title='bbox 952 3335 1347 3404; x_wconf 78' lang='lat' dir='ltr'><strong><em>signiﬁcantius</em></strong></span> <span class='ocrx_word' id='word_1_538' title='bbox 1371 3333 1563 3390; x_wconf 68' lang='lat' dir='ltr'><strong><em>Graece</em></strong></span> <span class='ocrx_word' id='word_1_539' title='bbox 1583 3334 1783 3388; x_wconf 86' lang='lat' dir='ltr'><strong><em>dicitur</em></strong></span> 
     </span>
    </p>
   </div>
   <div class='ocr_carea' id='block_1_64' title="bbox 145 3426 1781 3498">
    <p class='ocr_par' dir='ltr' id='par_1_64' title="bbox 145 3426 1781 3498">
     <span class='ocr_line' id='line_1_64' title="bbox 145 3426 1781 3498; baseline 0 -16"><span class='ocrx_word' id='word_1_540' title='bbox 145 3426 477 3493; x_wconf 73' lang='grc' dir='ltr'><strong><em>ἀπόστασις,</em></strong></span> <span class='ocrx_word' id='word_1_541' title='bbox 495 3442 614 3481; x_wconf 88' lang='lat' dir='ltr'><strong><em>cum</em></strong></span> <span class='ocrx_word' id='word_1_542' title='bbox 635 3427 834 3496; x_wconf 82' lang='lat' dir='ltr'><strong><em>aliquis</em></strong></span> <span class='ocrx_word' id='word_1_543' title='bbox 853 3437 1014 3496; x_wconf 74' lang='lat' dir='ltr'><strong><em>negat</em></strong></span> <span class='ocrx_word' id='word_1_544' title='bbox 1037 3427 1208 3482; x_wconf 88' lang='lat' dir='ltr'><strong><em>Deum</em></strong></span> <span class='ocrx_word' id='word_1_545' title='bbox 1230 3438 1284 3482; x_wconf 91' lang='lat' dir='ltr'><strong><em>et</em></strong></span> <span class='ocrx_word' id='word_1_546' title='bbox 1302 3427 1781 3498; x_wconf 69' lang='lat' dir='ltr'><strong><em>prtevsricationis</em></strong></span> 
     </span>
    </p>
   </div>
   <div class='ocr_carea' id='block_1_65' title="bbox 149 3515 1780 3593">
    <p class='ocr_par' dir='ltr' id='par_1_65' title="bbox 149 3515 1780 3593">
     <span class='ocr_line' id='line_1_65' title="bbox 149 3515 1780 3593; baseline -0.002 -18"><span class='ocrx_word' id='word_1_547' title='bbox 149 3522 428 3593; x_wconf 83' lang='lat' dir='ltr'><strong><em>arguitur.</em></strong></span> <span class='ocrx_word' id='word_1_548' title='bbox 459 3520 832 3591; x_wconf 82' lang='lat' dir='ltr'><strong><em>Concepimus</em></strong></span> <span class='ocrx_word' id='word_1_549' title='bbox 853 3531 908 3577; x_wconf 89' lang='lat' dir='ltr'><strong><em>et</em></strong></span> <span class='ocrx_word' id='word_1_550' title='bbox 938 3521 1106 3576; x_wconf 87' lang='lat' dir='ltr'><strong><em>locuti</em></strong></span> <span class='ocrx_word' id='word_1_551' title='bbox 1138 3520 1593 3576; x_wconf 79' lang='lat' dir='ltr'><strong><em>sumusdeeorde</em></strong></span> <span class='ocrx_word' id='word_1_552' title='bbox 1620 3515 1780 3576; x_wconf 76' lang='lat' dir='ltr'><strong><em>verba</em></strong></span> 
     </span>
    </p>
   </div>
   <div class='ocr_carea' id='block_1_66' title="bbox 147 3612 1782 3684">
    <p class='ocr_par' dir='ltr' id='par_1_66' title="bbox 147 3612 1782 3684">
     <span class='ocr_line' id='line_1_66' title="bbox 147 3612 1782 3684; baseline -0.001 -15"><span class='ocrx_word' id='word_1_553' title='bbox 147 3612 462 3678; x_wconf 85' lang='lat' dir='ltr'><strong><em>mendacii,</em></strong></span> <span class='ocrx_word' id='word_1_554' title='bbox 498 3621 916 3669; x_wconf 80' lang='lat' dir='ltr'><strong><em>contemnentes</em></strong></span> <span class='ocrx_word' id='word_1_555' title='bbox 937 3613 1108 3684; x_wconf 77' lang='lat' dir='ltr'><strong><em>legem</em></strong></span> <span class='ocrx_word' id='word_1_556' title='bbox 1136 3614 1253 3679; x_wconf 88' lang='lat' dir='ltr'><strong><em>Dei,</em></strong></span> <span class='ocrx_word' id='word_1_557' title='bbox 1282 3624 1339 3669; x_wconf 89' lang='lat' dir='ltr'><strong><em>et</em></strong></span> <span class='ocrx_word' id='word_1_558' title='bbox 1358 3623 1656 3683; x_wconf 87' lang='lat' dir='ltr'><strong><em>sequentes</em></strong></span> <span class='ocrx_word' id='word_1_559' title='bbox 1677 3625 1782 3667; x_wconf 75' lang='lat' dir='ltr'><strong><em>tro-</em></strong></span> 
     </span>
    </p>
   </div>
   <div class='ocr_carea' id='block_1_67' title="bbox 148 3707 1778 3785">
    <p class='ocr_par' dir='ltr' id='par_1_67' title="bbox 148 3707 1778 3785">
     <span class='ocr_line' id='line_1_67' title="bbox 148 3707 1778 3785; baseline -0.003 -19"><span class='ocrx_word' id='word_1_560' title='bbox 148 3709 399 3766; x_wconf 79' lang='lat' dir='ltr'><strong><em>ditiones</em></strong></span> <span class='ocrx_word' id='word_1_561' title='bbox 444 3708 723 3763; x_wconf 83' lang='lat' dir='ltr'><strong><em>hominum</em></strong></span> <span class='ocrx_word' id='word_1_562' title='bbox 765 3728 774 3762; x_wconf 90' lang='lat'>:</span> <span class='ocrx_word' id='word_1_563' title='bbox 821 3724 958 3777; x_wconf 89' lang='lat' dir='ltr'><strong><em>quas</em></strong></span> <span class='ocrx_word' id='word_1_564' title='bbox 1018 3709 1095 3764; x_wconf 77' lang='lat' dir='ltr'><strong><em>illi</em></strong></span> <span class='ocrx_word' id='word_1_565' title='bbox 1143 3707 1487 3785; x_wconf 74' lang='grc' dir='ltr'><strong><em>δευτερώσεις</em></strong></span> <span class='ocrx_word' id='word_1_566' title='bbox 1540 3715 1778 3775; x_wconf 81' lang='lat' dir='ltr'><strong><em>vocant,</em></strong></span> 
     </span>
    </p>
   </div>
   <div class='ocr_carea' id='block_1_68' title="bbox 149 3803 1782 3874">
    <p class='ocr_par' dir='ltr' id='par_1_68' title="bbox 149 3803 1782 3874">
     <span class='ocr_line' id='line_1_68' title="bbox 149 3803 1782 3874; baseline -0.001 -15"><span class='ocrx_word' id='word_1_567' title='bbox 149 3815 201 3862; x_wconf 90' lang='lat' dir='ltr'><strong><em>et</em></strong></span> <span class='ocrx_word' id='word_1_568' title='bbox 225 3819 376 3874; x_wconf 84' lang='lat' dir='ltr'><strong><em>quas</em></strong></span> <span class='ocrx_word' id='word_1_569' title='bbox 407 3804 460 3858; x_wconf 86' lang='lat' dir='ltr'><strong><em>in</em></strong></span> <span class='ocrx_word' id='word_1_570' title='bbox 494 3814 680 3858; x_wconf 90' lang='lat' dir='ltr'><strong><em>nostro</em></strong></span> <span class='ocrx_word' id='word_1_571' title='bbox 706 3804 872 3860; x_wconf 88' lang='lat' dir='ltr'><strong><em>corde</em></strong></span> <span class='ocrx_word' id='word_1_572' title='bbox 903 3805 1281 3858; x_wconf 82' lang='lat' dir='ltr'><strong><em>simulavimus</em></strong></span> <span class='ocrx_word' id='word_1_573' title='bbox 1315 3822 1328 3857; x_wconf 91' lang='lat'><strong>:</strong></span> <span class='ocrx_word' id='word_1_574' title='bbox 1360 3803 1432 3858; x_wconf 87' lang='lat' dir='ltr'><strong><em>Et</em></strong></span> <span class='ocrx_word' id='word_1_575' title='bbox 1482 3820 1782 3858; x_wconf 76' lang='lat' dir='ltr'><strong><em>conuersum</em></strong></span> 
     </span>
    </p>
   </div>
   <div class='ocr_carea' id='block_1_69' title="bbox 148 3895 1786 3967">
    <p class='ocr_par' dir='ltr' id='par_1_69' title="bbox 148 3895 1786 3967">
     <span class='ocr_line' id='line_1_69' title="bbox 148 3895 1786 3967; baseline 0.001 -18"><span class='ocrx_word' id='word_1_576' title='bbox 148 3909 223 3950; x_wconf 85' lang='lat' dir='ltr'><strong><em>est</em></strong></span> <span class='ocrx_word' id='word_1_577' title='bbox 258 3907 559 3950; x_wconf 75' lang='lat' dir='ltr'><strong><em>retrorsum</em></strong></span> <span class='ocrx_word' id='word_1_578' title='bbox 590 3896 876 3967; x_wconf 84' lang='lat' dir='ltr'><strong><em>judicium,</em></strong></span> <span class='ocrx_word' id='word_1_579' title='bbox 906 3905 953 3950; x_wconf 87' lang='lat' dir='ltr'><strong><em>et</em></strong></span> <span class='ocrx_word' id='word_1_580' title='bbox 975 3896 1187 3964; x_wconf 81' lang='lat' dir='ltr'><strong><em>justitia</em></strong></span> <span class='ocrx_word' id='word_1_581' title='bbox 1239 3895 1394 3966; x_wconf 85' lang='lat' dir='ltr'><strong><em>longe</em></strong></span> <span class='ocrx_word' id='word_1_582' title='bbox 1439 3897 1598 3950; x_wconf 77' lang='lat' dir='ltr'><strong><em>stetit.</em></strong></span> <span class='ocrx_word' id='word_1_583' title='bbox 1650 3895 1786 3963; x_wconf 68' lang='lat' dir='ltr'><strong><em>Quae</em></strong></span> 
     </span>
    </p>
   </div>
   <div class='ocr_carea' id='block_1_70' title="bbox 151 3987 1786 4059">
    <p class='ocr_par' dir='ltr' id='par_1_70' title="bbox 151 3987 1786 4059">
     <span class='ocr_line' id='line_1_70' title="bbox 151 3987 1786 4059; baseline -0.002 -13"><span class='ocrx_word' id='word_1_584' title='bbox 151 3991 310 4046; x_wconf 88' lang='lat' dir='ltr'><strong><em>enim</em></strong></span> <span class='ocrx_word' id='word_1_585' title='bbox 348 3988 717 4058; x_wconf 70' lang='lat' dir='ltr'><strong><em>parsjustitite</em></strong></span> <span class='ocrx_word' id='word_1_586' title='bbox 748 3998 803 4044; x_wconf 85' lang='lat' dir='ltr'><strong><em>et</em></strong></span> <span class='ocrx_word' id='word_1_587' title='bbox 831 3988 1100 4059; x_wconf 75' lang='lat' dir='ltr'><strong><em>iniquitati</em></strong></span> <span class='ocrx_word' id='word_1_588' title='bbox 1123 3989 1254 4058; x_wconf 81' lang='lat' dir='ltr'><strong><em>‘tqui</em></strong></span> <span class='ocrx_word' id='word_1_589' title='bbox 1287 4005 1594 4044; x_wconf 75' lang='lat' dir='ltr'><strong><em>consensus</em></strong></span> <span class='ocrx_word' id='word_1_590' title='bbox 1625 3987 1786 4044; x_wconf 85' lang='lat' dir='ltr'><strong><em>Chri-</em></strong></span> 
     </span>
    </p>
   </div>
   <div class='ocr_carea' id='block_1_71' title="bbox 150 4079 1784 4150">
    <p class='ocr_par' dir='ltr' id='par_1_71' title="bbox 150 4079 1784 4150">
     <span class='ocr_line' id='line_1_71' title="bbox 150 4079 1784 4150; baseline -0.002 -12"><span class='ocrx_word' id='word_1_591' title='bbox 150 4085 222 4138; x_wconf 87' lang='lat' dir='ltr'><strong><em>sti</em></strong></span> <span class='ocrx_word' id='word_1_592' title='bbox 245 4093 310 4138; x_wconf 88' lang='lat' dir='ltr'><strong><em>et</em></strong></span> <span class='ocrx_word' id='word_1_593' title='bbox 334 4081 553 4135; x_wconf 81' lang='lat' dir='ltr'><strong><em>Belial?</em></strong></span> <span class='ocrx_word' id='word_1_594' title='bbox 583 4081 744 4136; x_wconf 86' lang='lat' dir='ltr'><strong><em>Stetit</em></strong></span> <span class='ocrx_word' id='word_1_595' title='bbox 761 4081 970 4150; x_wconf 78' lang='lat' dir='ltr'><strong><em>jusliliu</em></strong></span> <span class='ocrx_word' id='word_1_596' title='bbox 1003 4081 1055 4134; x_wconf 85' lang='lat' dir='ltr'><strong><em>in</em></strong></span> <span class='ocrx_word' id='word_1_597' title='bbox 1101 4080 1382 4150; x_wconf 72' lang='lat' dir='ltr'><strong><em>gentibus,</em></strong></span> <span class='ocrx_word' id='word_1_598' title='bbox 1411 4089 1471 4136; x_wconf 84' lang='lat' dir='ltr'><strong><em>et</em></strong></span> <span class='ocrx_word' id='word_1_599' title='bbox 1498 4079 1729 4136; x_wconf 85' lang='lat' dir='ltr'><strong><em>recessit</em></strong></span> <span class='ocrx_word' id='word_1_600' title='bbox 1755 4095 1784 4134; x_wconf 88' lang='lat' dir='ltr'><strong><em>a</em></strong></span> 
     </span>
    </p>
   </div>
   <div class='ocr_carea' id='block_1_72' title="bbox 151 4171 1790 4245">
    <p class='ocr_par' dir='ltr' id='par_1_72' title="bbox 151 4171 1790 4245">
     <span class='ocr_line' id='line_1_72' title="bbox 151 4171 1790 4245; baseline -0.007 -10"><span class='ocrx_word' id='word_1_601' title='bbox 151 4177 350 4238; x_wconf 84' lang='lat' dir='ltr'><strong><em>nobis,</em></strong></span> <span class='ocrx_word' id='word_1_602' title='bbox 385 4174 515 4245; x_wconf 83' lang='lat' dir='ltr'><strong><em>quia</em></strong></span> <span class='ocrx_word' id='word_1_603' title='bbox 539 4175 748 4228; x_wconf 87' lang='lat' dir='ltr'><strong><em>corruit</em></strong></span> <span class='ocrx_word' id='word_1_604' title='bbox 778 4175 828 4228; x_wconf 85' lang='lat' dir='ltr'><strong><em>in</em></strong></span> <span class='ocrx_word' id='word_1_605' title='bbox 858 4174 1034 4242; x_wconf 79' lang='lat' dir='ltr'><strong><em>platea</em></strong></span> <span class='ocrx_word' id='word_1_606' title='bbox 1086 4171 1314 4227; x_wconf 84' lang='lat' dir='ltr'><strong><em>veritas.</em></strong></span> <span class='ocrx_word' id='word_1_607' title='bbox 1373 4171 1506 4226; x_wconf 84' lang='lat' dir='ltr'><strong><em>Lata</em></strong></span> <span class='ocrx_word' id='word_1_608' title='bbox 1557 4172 1698 4226; x_wconf 82' lang='lat' dir='ltr'><strong><em>enim</em></strong></span> <span class='ocrx_word' id='word_1_609' title='bbox 1730 4179 1790 4228; x_wconf 83' lang='lat' dir='ltr'><strong><em>et</em></strong></span> 
     </span>
    </p>
   </div>
   <div class='ocr_carea' id='block_1_73' title="bbox 154 4263 1786 4341">
    <p class='ocr_par' dir='ltr' id='par_1_73' title="bbox 154 4263 1786 4341">
     <span class='ocr_line' id='line_1_73' title="bbox 154 4263 1786 4341; baseline -0.004 -17"><span class='ocrx_word' id='word_1_610' title='bbox 154 4271 412 4341; x_wconf 85' lang='lat' dir='ltr'><strong><em>spatiosa</em></strong></span> <span class='ocrx_word' id='word_1_611' title='bbox 444 4267 528 4321; x_wconf 85' lang='lat' dir='ltr'><strong><em>via</em></strong></span> <span class='ocrx_word' id='word_1_612' title='bbox 552 4283 676 4334; x_wconf 71' lang='lat' dir='ltr'><strong><em>qua:</em></strong></span> <span class='ocrx_word' id='word_1_613' title='bbox 714 4266 866 4322; x_wconf 81' lang='lat' dir='ltr'><strong><em>ducit</em></strong></span> <span class='ocrx_word' id='word_1_614' title='bbox 893 4266 959 4320; x_wconf 90' lang='lat' dir='ltr'><strong><em>ad</em></strong></span> <span class='ocrx_word' id='word_1_615' title='bbox 992 4276 1224 4320; x_wconf 84' lang='lat' dir='ltr'><strong><em>mortem</em></strong></span> <span class='ocrx_word' id='word_1_616' title='bbox 1255 4263 1478 4338; x_wconf 72' lang='lat' dir='ltr'><strong><em>(Matth.</em></strong></span> <span class='ocrx_word' id='word_1_617' title='bbox 1503 4263 1598 4332; x_wconf 73' lang='lat' dir='ltr'><strong><em>vn)</em></strong></span> <span class='ocrx_word' id='word_1_618' title='bbox 1623 4280 1637 4315; x_wconf 87' lang='lat'><strong>:</strong></span> <span class='ocrx_word' id='word_1_619' title='bbox 1661 4265 1786 4333; x_wconf 85' lang='lat' dir='ltr'><strong><em>quia</em></strong></span> 
     </span>
    </p>
   </div>
   <div class='ocr_carea' id='block_1_74' title="bbox 158 4359 1788 4435">
    <p class='ocr_par' dir='ltr' id='par_1_74' title="bbox 158 4359 1788 4435">
     <span class='ocr_line' id='line_1_74' title="bbox 158 4359 1788 4435; baseline -0.006 -17"><span class='ocrx_word' id='word_1_620' title='bbox 158 4374 464 4435; x_wconf 81' lang='lat' dir='ltr'><strong><em>angustam</em></strong></span> <span class='ocrx_word' id='word_1_621' title='bbox 487 4360 652 4432; x_wconf 71' lang='lat'><strong><em>710</em></strong></span> <span class='ocrx_word' id='word_1_622' title='bbox 683 4359 848 4425; x_wconf 84' lang='lat' dir='ltr'><strong><em>viam,</em></strong></span> <span class='ocrx_word' id='word_1_623' title='bbox 879 4359 932 4413; x_wconf 89' lang='lat' dir='ltr'><strong><em>in</em></strong></span> <span class='ocrx_word' id='word_1_624' title='bbox 983 4374 1084 4428; x_wconf 85' lang='lat' dir='ltr'><strong><em>qua</em></strong></span> <span class='ocrx_word' id='word_1_625' title='bbox 1139 4359 1341 4412; x_wconf 81' lang='lat' dir='ltr'><strong><em>veritas</em></strong></span> <span class='ocrx_word' id='word_1_626' title='bbox 1389 4364 1788 4421; x_wconf 81' lang='lat' dir='ltr'><strong><em>commoratur,</em></strong></span> 
     </span>
    </p>
   </div>
   <div class='ocr_carea' id='block_1_75' title="bbox 154 4448 1790 4523">
    <p class='ocr_par' dir='ltr' id='par_1_75' title="bbox 154 4448 1790 4523">
     <span class='ocr_line' id='line_1_75' title="bbox 154 4448 1790 4523; baseline -0.006 -11"><span class='ocrx_word' id='word_1_627' title='bbox 154 4457 378 4512; x_wconf 84' lang='lat' dir='ltr'><strong><em>intrare</em></strong></span> <span class='ocrx_word' id='word_1_628' title='bbox 403 4454 679 4508; x_wconf 80' lang='lat' dir='ltr'><strong><em>nolebant.</em></strong></span> <span class='ocrx_word' id='word_1_629' title='bbox 712 4452 776 4506; x_wconf 85' lang='lat' dir='ltr'><strong><em>Et</em></strong></span> <span class='ocrx_word' id='word_1_630' title='bbox 806 4455 946 4523; x_wconf 77' lang='lat' dir='ltr'><strong><em>[acta</em></strong></span> <span class='ocrx_word' id='word_1_631' title='bbox 971 4462 1044 4506; x_wconf 89' lang='lat' dir='ltr'><strong><em>est</em></strong></span> <span class='ocrx_word' id='word_1_632' title='bbox 1070 4451 1258 4505; x_wconf 83' lang='lat' dir='ltr'><strong><em>veritas</em></strong></span> <span class='ocrx_word' id='word_1_633' title='bbox 1282 4451 1336 4504; x_wconf 82' lang='lat' dir='ltr'><strong><em>in</em></strong></span> <span class='ocrx_word' id='word_1_634' title='bbox 1367 4449 1694 4512; x_wconf 79' lang='lat' dir='ltr'><strong><em>oblivionem,</em></strong></span> <span class='ocrx_word' id='word_1_635' title='bbox 1720 4448 1790 4502; x_wconf 82' lang='lat' dir='ltr'><strong><em>de</em></strong></span> 
     </span>
    </p>
   </div>
   <div class='ocr_carea' id='block_1_76' title="bbox 158 4541 1793 4621">
    <p class='ocr_par' dir='ltr' id='par_1_76' title="bbox 158 4541 1793 4621">
     <span class='ocr_line' id='line_1_76' title="bbox 158 4541 1793 4621; baseline -0.006 -16"><span class='ocrx_word' id='word_1_636' title='bbox 158 4566 271 4621; x_wconf 87' lang='lat' dir='ltr'><strong><em>qua</em></strong></span> <span class='ocrx_word' id='word_1_637' title='bbox 305 4547 572 4618; x_wconf 86' lang='lat' dir='ltr'><strong><em>scriptum</em></strong></span> <span class='ocrx_word' id='word_1_638' title='bbox 590 4557 676 4603; x_wconf 78' lang='lat' dir='ltr'><strong><em>est</em></strong></span> <span class='ocrx_word' id='word_1_639' title='bbox 703 4565 713 4600; x_wconf 92' lang='lat'><em>:</em></span> <span class='ocrx_word' id='word_1_640' title='bbox 756 4545 961 4600; x_wconf 87' lang='lat' dir='ltr'><strong><em>Veritas</em></strong></span> <span class='ocrx_word' id='word_1_641' title='bbox 989 4546 1052 4598; x_wconf 75' lang='lat' dir='ltr'><strong><em>de</em></strong></span> <span class='ocrx_word' id='word_1_642' title='bbox 1074 4555 1213 4599; x_wconf 86' lang='lat' dir='ltr'><strong><em>terra</em></strong></span> <span class='ocrx_word' id='word_1_643' title='bbox 1245 4553 1360 4598; x_wconf 88' lang='lat' dir='ltr'><strong><em>orta</em></strong></span> <span class='ocrx_word' id='word_1_644' title='bbox 1381 4553 1482 4605; x_wconf 89' lang='lat' dir='ltr'><strong><em>est,</em></strong></span> <span class='ocrx_word' id='word_1_645' title='bbox 1508 4553 1554 4596; x_wconf 87' lang='lat' dir='ltr'><strong><em>et</em></strong></span> <span class='ocrx_word' id='word_1_646' title='bbox 1589 4541 1793 4606; x_wconf 80' lang='lat' dir='ltr'><strong><em>iustitia</em></strong></span> 
     </span>
    </p>
   </div>
   <div class='ocr_carea' id='block_1_77' title="bbox 1889 3330 3492 3396">
    <p class='ocr_par' dir='ltr' id='par_1_77' title="bbox 1889 3330 3492 3396">
     <span class='ocr_line' id='line_1_77' title="bbox 1889 3330 3492 3396; baseline 0.002 -10"><span class='ocrx_word' id='word_1_647' title='bbox 1889 3340 1973 3386; x_wconf 83' lang='lat' dir='ltr'><strong><em>est</em></strong></span> <span class='ocrx_word' id='word_1_648' title='bbox 2019 3349 2032 3383; x_wconf 85' lang='lat'><strong>:</strong></span> <span class='ocrx_word' id='word_1_649' title='bbox 2075 3330 2172 3386; x_wconf 79' lang='lat' dir='ltr'><strong><em>set!</em></strong></span> <span class='ocrx_word' id='word_1_650' title='bbox 2213 3347 2405 3386; x_wconf 78' lang='lat' dir='ltr'><strong><em>otnnes</em></strong></span> <span class='ocrx_word' id='word_1_651' title='bbox 2445 3331 2876 3396; x_wconf 71' lang='lat' dir='ltr'><strong><em>declinaverunt,</em></strong></span> <span class='ocrx_word' id='word_1_652' title='bbox 2919 3333 3080 3387; x_wconf 78' lang='lat' dir='ltr'><strong><em>simul</em></strong></span> <span class='ocrx_word' id='word_1_653' title='bbox 3122 3334 3340 3389; x_wconf 74' lang='lat' dir='ltr'><strong><em>inutiles</em></strong></span> <span class='ocrx_word' id='word_1_654' title='bbox 3367 3333 3492 3390; x_wconf 70' lang='lat' dir='ltr'><strong><em>iacti</em></strong></span> 
     </span>
    </p>
   </div>
   <div class='ocr_carea' id='block_1_78' title="bbox 1888 3425 3494 3498">
    <p class='ocr_par' dir='ltr' id='par_1_78' title="bbox 1888 3425 3494 3498">
     <span class='ocr_line' id='line_1_78' title="bbox 1888 3425 3494 3498; baseline 0.004 -20"><span class='ocrx_word' id='word_1_655' title='bbox 1888 3435 2032 3485; x_wconf 59' lang='lat' dir='ltr'><strong><em>sunt.</em></strong></span> <span class='ocrx_word' id='word_1_656' title='bbox 2064 3441 2079 3479; x_wconf 90' lang='lat'><strong>:</strong></span> <span class='ocrx_word' id='word_1_657' title='bbox 2122 3433 2178 3479; x_wconf 85' lang='lat' dir='ltr'><strong><em>et</em></strong></span> <span class='ocrx_word' id='word_1_658' title='bbox 2215 3430 2322 3478; x_wconf 81' lang='lat' dir='ltr'><strong><em>nun</em></strong></span> <span class='ocrx_word' id='word_1_659' title='bbox 2369 3435 2453 3479; x_wconf 87' lang='lat' dir='ltr'><strong><em>est</em></strong></span> <span class='ocrx_word' id='word_1_660' title='bbox 2488 3426 2579 3495; x_wconf 86' lang='lat' dir='ltr'><strong><em>qui</em></strong></span> <span class='ocrx_word' id='word_1_661' title='bbox 2613 3425 2769 3480; x_wconf 81' lang='lat' dir='ltr'><strong><em>faciat</em></strong></span> <span class='ocrx_word' id='word_1_662' title='bbox 2803 3426 3028 3492; x_wconf 88' lang='lat' dir='ltr'><strong><em>bonum,</em></strong></span> <span class='ocrx_word' id='word_1_663' title='bbox 3063 3443 3172 3482; x_wconf 86' lang='lat' dir='ltr'><strong><em>non</em></strong></span> <span class='ocrx_word' id='word_1_664' title='bbox 3207 3440 3288 3482; x_wconf 85' lang='lat' dir='ltr'><strong><em>est</em></strong></span> <span class='ocrx_word' id='word_1_665' title='bbox 3324 3429 3494 3498; x_wconf 71' lang='lat' dir='ltr'><strong><em>ttsqtle</em></strong></span> 
     </span>
    </p>
   </div>
   <div class='ocr_carea' id='block_1_79' title="bbox 1889 3515 3495 3590">
    <p class='ocr_par' dir='ltr' id='par_1_79' title="bbox 1889 3515 3495 3590">
     <span class='ocr_line' id='line_1_79' title="bbox 1889 3515 3495 3590; baseline 0.003 -21"><span class='ocrx_word' id='word_1_666' title='bbox 1889 3517 1958 3572; x_wconf 83' lang='lat' dir='ltr'><strong><em>ad</em></strong></span> <span class='ocrx_word' id='word_1_667' title='bbox 1990 3533 2157 3572; x_wconf 89' lang='lat' dir='ltr'><strong><em>unum</em></strong></span> <span class='ocrx_word' id='word_1_668' title='bbox 2191 3515 2367 3587; x_wconf 79' lang='lat' dir='ltr'><strong><em>(Psnl.</em></strong></span> <span class='ocrx_word' id='word_1_669' title='bbox 2404 3518 2513 3588; x_wconf 78' lang='lat'><strong><em>13),</em></strong></span> <span class='ocrx_word' id='word_1_670' title='bbox 2549 3517 2771 3572; x_wconf 85' lang='lat' dir='ltr'><strong><em>brachio</em></strong></span> <span class='ocrx_word' id='word_1_671' title='bbox 2803 3531 2901 3572; x_wconf 84' lang='lat' dir='ltr'><strong><em>suo</em></strong></span> <span class='ocrx_word' id='word_1_672' title='bbox 2930 3527 3094 3590; x_wconf 79' lang='lat' dir='ltr'><strong><em>atque</em></strong></span> <span class='ocrx_word' id='word_1_673' title='bbox 3117 3519 3345 3589; x_wconf 74' lang='lat' dir='ltr'><strong><em>iustitia,</em></strong></span> <span class='ocrx_word' id='word_1_674' title='bbox 3378 3521 3495 3575; x_wconf 80' lang='lat' dir='ltr'><strong><em>sive</em></strong></span> 
     </span>
    </p>
   </div>
   <div class='ocr_carea' id='block_1_80' title="bbox 1891 3608 3498 3680">
    <p class='ocr_par' dir='ltr' id='par_1_80' title="bbox 1891 3608 3498 3680">
     <span class='ocr_line' id='line_1_80' title="bbox 1891 3608 3498 3680; baseline 0.001 -17"><span class='ocrx_word' id='word_1_675' title='bbox 1891 3608 2267 3664; x_wconf 83' lang='lat' dir='ltr'><strong><em>misericordia</em></strong></span> <span class='ocrx_word' id='word_1_676' title='bbox 2311 3608 2653 3664; x_wconf 76' lang='lat' dir='ltr'><strong><em>conﬁrmavit</em></strong></span> <span class='ocrx_word' id='word_1_677' title='bbox 2691 3623 2837 3673; x_wconf 86' lang='lat' dir='ltr'><strong><em>eum,</em></strong></span> <span class='ocrx_word' id='word_1_678' title='bbox 2883 3619 2942 3664; x_wconf 81' lang='lat' dir='ltr'><strong><em>ut</em></strong></span> <span class='ocrx_word' id='word_1_679' title='bbox 2989 3612 3080 3680; x_wconf 82' lang='lat' dir='ltr'><strong><em>qui</em></strong></span> <span class='ocrx_word' id='word_1_680' title='bbox 3123 3611 3396 3666; x_wconf 84' lang='lat' dir='ltr'><strong><em>voluerint</em></strong></span> <span class='ocrx_word' id='word_1_681' title='bbox 3425 3611 3498 3665; x_wconf 86' lang='lat' dir='ltr'><strong><em>ab</em></strong></span> 
     </span>
    </p>
   </div>
   <div class='ocr_carea' id='block_1_81' title="bbox 1891 3701 3497 3768">
    <p class='ocr_par' dir='ltr' id='par_1_81' title="bbox 1891 3701 3497 3768">
     <span class='ocr_line' id='line_1_81' title="bbox 1891 3701 3497 3768; baseline 0 -12"><span class='ocrx_word' id='word_1_682' title='bbox 1891 3717 2079 3757; x_wconf 88' lang='lat' dir='ltr'><strong><em>errore</em></strong></span> <span class='ocrx_word' id='word_1_683' title='bbox 2117 3703 2383 3766; x_wconf 74' lang='lat' dir='ltr'><strong><em>converti,</em></strong></span> <span class='ocrx_word' id='word_1_684' title='bbox 2430 3717 2535 3755; x_wconf 88' lang='lat' dir='ltr'><strong><em>non</em></strong></span> <span class='ocrx_word' id='word_1_685' title='bbox 2578 3716 2677 3756; x_wconf 73' lang='lat' dir='ltr'><strong><em>suo</em></strong></span> <span class='ocrx_word' id='word_1_686' title='bbox 2707 3701 2927 3768; x_wconf 71' lang='lat' dir='ltr'><strong><em>merito,</em></strong></span> <span class='ocrx_word' id='word_1_687' title='bbox 2957 3703 3054 3757; x_wconf 88' lang='lat' dir='ltr'><strong><em>sed</em></strong></span> <span class='ocrx_word' id='word_1_688' title='bbox 3090 3703 3182 3757; x_wconf 86' lang='lat' dir='ltr'><strong><em>Dei</em></strong></span> <span class='ocrx_word' id='word_1_689' title='bbox 3208 3703 3497 3758; x_wconf 82' lang='lat' dir='ltr'><strong><em>clementia</em></strong></span> 
     </span>
    </p>
   </div>
   <div class='ocr_carea' id='block_1_82' title="bbox 1891 3793 3504 3864">
    <p class='ocr_par' dir='ltr' id='par_1_82' title="bbox 1891 3793 3504 3864">
     <span class='ocr_line' id='line_1_82' title="bbox 1891 3793 3504 3864; baseline 0.001 -14"><span class='ocrx_word' id='word_1_690' title='bbox 1891 3801 2310 3851; x_wconf 76' lang='lat' dir='ltr'><strong><em>conset&#39;ventur.</em></strong></span> <span class='ocrx_word' id='word_1_691' title='bbox 2347 3796 2586 3862; x_wconf 83' lang='lat' dir='ltr'><strong><em>Denique</em></strong></span> <span class='ocrx_word' id='word_1_692' title='bbox 2617 3793 2838 3850; x_wconf 86' lang='lat' dir='ltr'><strong><em>indutus</em></strong></span> <span class='ocrx_word' id='word_1_693' title='bbox 2864 3803 2949 3850; x_wconf 87' lang='lat' dir='ltr'><strong><em>est</em></strong></span> <span class='ocrx_word' id='word_1_694' title='bbox 2970 3795 3196 3864; x_wconf 69' lang='lat' dir='ltr'><strong><em>justitia:</em></strong></span> <span class='ocrx_word' id='word_1_695' title='bbox 3228 3795 3417 3861; x_wconf 68' lang='lat' dir='ltr'><strong><em>luri&#39;ca,</em></strong></span> <span class='ocrx_word' id='word_1_696' title='bbox 3448 3799 3504 3851; x_wconf 65' lang='grc' dir='ltr'><strong><em>ει</em></strong></span> 
     </span>
    </p>
   </div>
   <div class='ocr_carea' id='block_1_83' title="bbox 1889 3889 3503 3962">
    <p class='ocr_par' dir='ltr' id='par_1_83' title="bbox 1889 3889 3503 3962">
     <span class='ocr_line' id='line_1_83' title="bbox 1889 3889 3503 3962; baseline -0.001 -16"><span class='ocrx_word' id='word_1_697' title='bbox 1889 3891 2047 3962; x_wconf 70' lang='lat' dir='ltr'><strong><em>galea</em></strong></span> <span class='ocrx_word' id='word_1_698' title='bbox 2092 3891 2307 3956; x_wconf 76' lang='lat' dir='ltr'><strong><em>salutis,</em></strong></span> <span class='ocrx_word' id='word_1_699' title='bbox 2351 3901 2402 3944; x_wconf 89' lang='lat' dir='ltr'><strong><em>et</em></strong></span> <span class='ocrx_word' id='word_1_700' title='bbox 2431 3890 2677 3945; x_wconf 76' lang='lat' dir='ltr'><strong><em>vestibus</em></strong></span> <span class='ocrx_word' id='word_1_701' title='bbox 2709 3889 2952 3957; x_wconf 80' lang='lat' dir='ltr'><strong><em>ultionis,</em></strong></span> <span class='ocrx_word' id='word_1_702' title='bbox 2986 3897 3039 3945; x_wconf 81' lang='lat' dir='ltr'><strong><em>et</em></strong></span> <span class='ocrx_word' id='word_1_703' title='bbox 3067 3891 3168 3945; x_wconf 80' lang='lat' dir='ltr'><strong><em>zeli</em></strong></span> <span class='ocrx_word' id='word_1_704' title='bbox 3203 3891 3367 3960; x_wconf 69' lang='lat' dir='ltr'><strong><em>pallio</em></strong></span> <span class='ocrx_word' id='word_1_705' title='bbox 3393 3890 3503 3945; x_wconf 80' lang='lat' dir='ltr'><strong><em>eir-</em></strong></span> 
     </span>
    </p>
   </div>
   <div class='ocr_carea' id='block_1_84' title="bbox 1892 3981 3510 4054">
    <p class='ocr_par' dir='ltr' id='par_1_84' title="bbox 1892 3981 3510 4054">
     <span class='ocr_line' id='line_1_84' title="bbox 1892 3981 3510 4054; baseline -0.001 -14"><span class='ocrx_word' id='word_1_706' title='bbox 1892 3985 2184 4040; x_wconf 84' lang='lat' dir='ltr'><strong><em>cumdatus</em></strong></span> <span class='ocrx_word' id='word_1_707' title='bbox 2223 4002 2236 4037; x_wconf 88' lang='lat'><strong>:</strong></span> <span class='ocrx_word' id='word_1_708' title='bbox 2284 3985 2475 4054; x_wconf 85' lang='lat' dir='ltr'><strong><em>sicque</em></strong></span> <span class='ocrx_word' id='word_1_709' title='bbox 2502 3991 2748 4038; x_wconf 82' lang='lat' dir='ltr'><strong><em>armatus</em></strong></span> <span class='ocrx_word' id='word_1_710' title='bbox 2778 3984 3048 4052; x_wconf 76' lang='lat' dir='ltr'><strong><em>processit</em></strong></span> <span class='ocrx_word' id='word_1_711' title='bbox 3080 3981 3146 4036; x_wconf 81' lang='lat' dir='ltr'><strong><em>itd</em></strong></span> <span class='ocrx_word' id='word_1_712' title='bbox 3180 3982 3410 4047; x_wconf 71' lang='lat' dir='ltr'><strong><em>bellum,</em></strong></span> <span class='ocrx_word' id='word_1_713' title='bbox 3449 3992 3510 4038; x_wconf 90' lang='lat' dir='ltr'><strong><em>ut</em></strong></span> 
     </span>
    </p>
   </div>
   <div class='ocr_carea' id='block_1_85' title="bbox 1893 4076 3502 4146">
    <p class='ocr_par' dir='ltr' id='par_1_85' title="bbox 1893 4076 3502 4146">
     <span class='ocr_line' id='line_1_85' title="bbox 1893 4076 3502 4146; baseline -0.003 -10"><span class='ocrx_word' id='word_1_714' title='bbox 1893 4077 2148 4136; x_wconf 73' lang='lat' dir='ltr'><strong><em>redderet</em></strong></span> <span class='ocrx_word' id='word_1_715' title='bbox 2189 4080 2438 4133; x_wconf 82' lang='lat' dir='ltr'><strong><em>ultionem</em></strong></span> <span class='ocrx_word' id='word_1_716' title='bbox 2481 4079 2706 4132; x_wconf 83' lang='lat' dir='ltr'><strong><em>inimicis</em></strong></span> <span class='ocrx_word' id='word_1_717' title='bbox 2748 4079 2856 4130; x_wconf 83' lang='lat' dir='ltr'><strong><em>suis</em></strong></span> <span class='ocrx_word' id='word_1_718' title='bbox 2892 4093 2910 4130; x_wconf 92' lang='lat'><strong><em>:</em></strong></span> <span class='ocrx_word' id='word_1_719' title='bbox 2938 4076 3084 4130; x_wconf 82' lang='lat' dir='ltr'><strong><em>haud</em></strong></span> <span class='ocrx_word' id='word_1_720' title='bbox 3116 4076 3340 4130; x_wconf 84' lang='lat' dir='ltr'><strong><em>dubium</em></strong></span> <span class='ocrx_word' id='word_1_721' title='bbox 3373 4076 3502 4146; x_wconf 76' lang='lat' dir='ltr'><strong><em>quin</em></strong></span> 
     </span>
    </p>
   </div>
   <div class='ocr_carea' id='block_1_86' title="bbox 1893 4167 3504 4244">
    <p class='ocr_par' dir='ltr' id='par_1_86' title="bbox 1893 4167 3504 4244">
     <span class='ocr_line' id='line_1_86' title="bbox 1893 4167 3504 4244; baseline -0.003 -16"><span class='ocrx_word' id='word_1_722' title='bbox 1893 4172 2114 4228; x_wconf 70' lang='lat' dir='ltr'><strong><em>Judteos</em></strong></span> <span class='ocrx_word' id='word_1_723' title='bbox 2153 4171 2439 4244; x_wconf 73' lang='lat' dir='ltr'><strong><em>signiticet.</em></strong></span> <span class='ocrx_word' id='word_1_724' title='bbox 2489 4179 2904 4239; x_wconf 77' lang='lat' dir='ltr'><strong><em>perseverantes</em></strong></span> <span class='ocrx_word' id='word_1_725' title='bbox 2942 4171 2999 4223; x_wconf 84' lang='lat' dir='ltr'><strong><em>in</em></strong></span> <span class='ocrx_word' id='word_1_726' title='bbox 3034 4167 3386 4240; x_wconf 78' lang='lat' dir='ltr'><strong><em>bisspltemlls</em></strong></span> <span class='ocrx_word' id='word_1_727' title='bbox 3412 4184 3427 4222; x_wconf 89' lang='lat'><strong>:</strong></span> <span class='ocrx_word' id='word_1_728' title='bbox 3457 4167 3504 4223; x_wconf 80' lang='lat' dir='ltr'><strong><em>et</em></strong></span> 
     </span>
    </p>
   </div>
   <div class='ocr_carea' id='block_1_87' title="bbox 1894 4259 3508 4329">
    <p class='ocr_par' dir='ltr' id='par_1_87' title="bbox 1894 4259 3508 4329">
     <span class='ocr_line' id='line_1_87' title="bbox 1894 4259 3508 4329; baseline -0.002 -11"><span class='ocrx_word' id='word_1_729' title='bbox 1894 4264 2302 4318; x_wconf 70' lang='lat' dir='ltr'><strong><em>vicissitudinem</em></strong></span> <span class='ocrx_word' id='word_1_730' title='bbox 2346 4261 2580 4314; x_wconf 73' lang='lat' dir='ltr'><strong><em>hostibus</em></strong></span> <span class='ocrx_word' id='word_1_731' title='bbox 2625 4261 2766 4327; x_wconf 78' lang='lat' dir='ltr'><strong><em>suis,</em></strong></span> <span class='ocrx_word' id='word_1_732' title='bbox 2819 4259 3038 4329; x_wconf 75' lang='lat' dir='ltr'><strong><em>quando</em></strong></span> <span class='ocrx_word' id='word_1_733' title='bbox 3082 4273 3178 4314; x_wconf 80' lang='lat' dir='ltr'><strong><em>eos</em></strong></span> <span class='ocrx_word' id='word_1_734' title='bbox 3229 4260 3508 4315; x_wconf 75' lang='lat' dir='ltr'><strong><em>Romanus</em></strong></span> 
     </span>
    </p>
   </div>
   <div class='ocr_carea' id='block_1_88' title="bbox 1896 4352 3506 4427">
    <p class='ocr_par' dir='ltr' id='par_1_88' title="bbox 1896 4352 3506 4427">
     <span class='ocr_line' id='line_1_88' title="bbox 1896 4352 3506 4427; baseline -0.002 -11"><span class='ocrx_word' id='word_1_735' title='bbox 1896 4362 2068 4416; x_wconf 77' lang='lat' dir='ltr'><strong><em>cinxit</em></strong></span> <span class='ocrx_word' id='word_1_736' title='bbox 2110 4362 2411 4416; x_wconf 82' lang='lat' dir='ltr'><strong><em>exercitus.</em></strong></span> <span class='ocrx_word' id='word_1_737' title='bbox 2445 4357 2654 4427; x_wconf 83' lang='lat' dir='ltr'><strong><em>Quibus</em></strong></span> <span class='ocrx_word' id='word_1_738' title='bbox 2685 4352 3032 4412; x_wconf 76' lang='lat' dir='ltr'><strong><em>vincentibus</em></strong></span> <span class='ocrx_word' id='word_1_739' title='bbox 3061 4400 3073 4422; x_wconf 90' lang='lat'><strong><em>,</em></strong></span> <span class='ocrx_word' id='word_1_740' title='bbox 3108 4357 3376 4411; x_wconf 81' lang='lat' dir='ltr'><strong><em>Dominus</em></strong></span> <span class='ocrx_word' id='word_1_741' title='bbox 3403 4359 3506 4427; x_wconf 81' lang='lat' dir='ltr'><strong><em>pu-</em></strong></span> 
     </span>
    </p>
   </div>
   <div class='ocr_carea' id='block_1_89' title="bbox 1896 4449 3510 4524">
    <p class='ocr_par' dir='ltr' id='par_1_89' title="bbox 1896 4449 3510 4524">
     <span class='ocr_line' id='line_1_89' title="bbox 1896 4449 3510 4524; baseline -0.002 -17"><span class='ocrx_word' id='word_1_742' title='bbox 1896 4467 2094 4524; x_wconf 74' lang='lat' dir='ltr'><strong><em>gnasse</em></strong></span> <span class='ocrx_word' id='word_1_743' title='bbox 2131 4463 2492 4507; x_wconf 76' lang='lat' dir='ltr'><strong><em>monstratur;</em></strong></span> <span class='ocrx_word' id='word_1_744' title='bbox 2539 4452 2652 4507; x_wconf 76' lang='lat' dir='ltr'><strong><em>Hoc</em></strong></span> <span class='ocrx_word' id='word_1_745' title='bbox 2693 4451 3013 4505; x_wconf 70' lang='lat' dir='ltr'><strong><em>teetimonio</em></strong></span> <span class='ocrx_word' id='word_1_746' title='bbox 3043 4455 3169 4504; x_wconf 78' lang='lat' dir='ltr'><strong><em>usus</em></strong></span> <span class='ocrx_word' id='word_1_747' title='bbox 3198 4458 3281 4506; x_wconf 83' lang='lat' dir='ltr'><strong><em>est</em></strong></span> <span class='ocrx_word' id='word_1_748' title='bbox 3310 4449 3510 4504; x_wconf 81' lang='lat' dir='ltr'><strong><em>Paulus</em></strong></span> 
     </span>
    </p>
   </div>
   <div class='ocr_carea' id='block_1_90' title="bbox 1897 4543 3510 4616">
    <p class='ocr_par' dir='ltr' id='par_1_90' title="bbox 1897 4543 3510 4616">
     <span class='ocr_line' id='line_1_90' title="bbox 1897 4543 3510 4616; baseline -0.003 -13"><span class='ocrx_word' id='word_1_749' title='bbox 1897 4547 2151 4604; x_wconf 82' lang='lat' dir='ltr'><strong><em>scribens</em></strong></span> <span class='ocrx_word' id='word_1_750' title='bbox 2175 4548 2241 4602; x_wconf 87' lang='lat' dir='ltr'><strong><em>ad</em></strong></span> <span class='ocrx_word' id='word_1_751' title='bbox 2271 4545 2537 4616; x_wconf 70' lang='lat' dir='ltr'><strong><em>Ephesios</em></strong></span> <span class='ocrx_word' id='word_1_752' title='bbox 2574 4563 2587 4599; x_wconf 85' lang='lat'><strong>:</strong></span> <span class='ocrx_word' id='word_1_753' title='bbox 2616 4553 2673 4600; x_wconf 76' lang='lat' dir='ltr'><strong><em>et</em></strong></span> <span class='ocrx_word' id='word_1_754' title='bbox 2703 4545 2894 4599; x_wconf 85' lang='lat' dir='ltr'><strong><em>volens</em></strong></span> <span class='ocrx_word' id='word_1_755' title='bbox 2926 4555 3028 4599; x_wconf 84' lang='lat' dir='ltr'><strong><em>nos</em></strong></span> <span class='ocrx_word' id='word_1_756' title='bbox 3055 4543 3206 4599; x_wconf 80' lang='lat' dir='ltr'><strong><em>indui</em></strong></span> <span class='ocrx_word' id='word_1_757' title='bbox 3235 4551 3510 4598; x_wconf 80' lang='lat' dir='ltr'><strong><em>armatura</em></strong></span> 
     </span>
    </p>
   </div>
   <div class='ocr_carea' id='block_1_91' title="bbox 160 4625 3512 4712">
    <p class='ocr_par' dir='ltr' id='par_1_91' title="bbox 160 4625 3512 4712">
     <span class='ocr_line' id='line_1_91' title="bbox 160 4625 3512 4712; baseline -0.002 -19"><span class='ocrx_word' id='word_1_758' title='bbox 160 4645 227 4697; x_wconf 83' lang='lat' dir='ltr'><strong><em>de</em></strong></span> <span class='ocrx_word' id='word_1_759' title='bbox 259 4642 395 4697; x_wconf 75' lang='grc' dir='ltr'><strong><em>σωιο</em></strong></span> <span class='ocrx_word' id='word_1_760' title='bbox 448 4640 708 4712; x_wconf 69' lang='lat' dir='ltr'><strong><em>prospexit</em></strong></span> <span class='ocrx_word' id='word_1_761' title='bbox 743 4637 864 4710; x_wconf 86' lang='lat' dir='ltr'><strong><em>(Ps.</em></strong></span> <span class='ocrx_word' id='word_1_762' title='bbox 923 4653 1141 4698; x_wconf 70' lang='lat' dir='ltr'><strong>Luxw,</strong></span> <span class='ocrx_word' id='word_1_763' title='bbox 1171 4637 1282 4706; x_wconf 73' lang='lat'><strong><em>12).</em></strong></span> <span class='ocrx_word' id='word_1_764' title='bbox 1318 4636 1376 4691; x_wconf 89' lang='lat' dir='ltr'><strong><em>In</em></strong></span> <span class='ocrx_word' id='word_1_765' title='bbox 1407 4651 1514 4706; x_wconf 85' lang='lat' dir='ltr'><strong><em>quo</em></strong></span> <span class='ocrx_word' id='word_1_766' title='bbox 1538 4633 1788 4690; x_wconf 77' lang='lat' dir='ltr'><strong><em>animad—</em></strong></span> <span class='ocrx_word' id='word_1_767' title='bbox 1896 4639 2120 4704; x_wconf 74' lang='lat' dir='ltr'><strong><em>Christi,</em></strong></span> <span class='ocrx_word' id='word_1_768' title='bbox 2149 4641 2257 4708; x_wconf 80' lang='lat' dir='ltr'><strong><em>quo</em></strong></span> <span class='ocrx_word' id='word_1_769' title='bbox 2288 4636 2560 4708; x_wconf 82' lang='lat' dir='ltr'><strong><em>possimus</em></strong></span> <span class='ocrx_word' id='word_1_770' title='bbox 2592 4637 2772 4705; x_wconf 79' lang='lat' dir='ltr'><strong><em>ignitis</em></strong></span> <span class='ocrx_word' id='word_1_771' title='bbox 2800 4627 3002 4690; x_wconf 81' lang='lat' dir='ltr'><strong><em>diaboli</em></strong></span> <span class='ocrx_word' id='word_1_772' title='bbox 3027 4635 3222 4705; x_wconf 64' lang='lat' dir='ltr'><strong><em>iaculis</em></strong></span> <span class='ocrx_word' id='word_1_773' title='bbox 3250 4635 3512 4688; x_wconf 77' lang='lat' dir='ltr'><strong><em>resistere</em></strong></span> 
     </span>
    </p>
   </div>
   <div class='ocr_carea' id='block_1_92' title="bbox 160 4726 1796 4804">
    <p class='ocr_par' dir='ltr' id='par_1_92' title="bbox 160 4726 1796 4804">
     <span class='ocr_line' id='line_1_92' title="bbox 160 4726 1796 4804; baseline -0.005 -15"><span class='ocrx_word' id='word_1_774' title='bbox 160 4732 506 4791; x_wconf 83' lang='lat' dir='ltr'><strong><em>vertendum</em></strong></span> <span class='ocrx_word' id='word_1_775' title='bbox 554 4731 699 4804; x_wconf 78' lang='lat' dir='ltr'><strong><em>quod</em></strong></span> <span class='ocrx_word' id='word_1_776' title='bbox 751 4730 944 4784; x_wconf 85' lang='lat' dir='ltr'><strong><em>crebro</em></strong></span> <span class='ocrx_word' id='word_1_777' title='bbox 994 4729 1203 4784; x_wconf 81' lang='lat' dir='ltr'><strong><em>veritas</em></strong></span> <span class='ocrx_word' id='word_1_778' title='bbox 1249 4728 1534 4783; x_wconf 69' lang='lat' dir='ltr'><strong><em>nominata</em></strong></span> <span class='ocrx_word' id='word_1_779' title='bbox 1581 4726 1674 4793; x_wconf 79' lang='lat' dir='ltr'><strong><em>sit,</em></strong></span> <span class='ocrx_word' id='word_1_780' title='bbox 1733 4737 1796 4782; x_wconf 87' lang='lat' dir='ltr'><strong><em>ut</em></strong></span> 
     </span>
    </p>
   </div>
   <div class='ocr_carea' id='block_1_93' title="bbox 162 4822 1802 4896">
    <p class='ocr_par' dir='ltr' id='par_1_93' title="bbox 162 4822 1802 4896">
     <span class='ocr_line' id='line_1_93' title="bbox 162 4822 1802 4896; baseline -0.004 -13"><span class='ocrx_word' id='word_1_781' title='bbox 162 4829 386 4883; x_wconf 80' lang='lat' dir='ltr'><strong><em>Christi</em></strong></span> <span class='ocrx_word' id='word_1_782' title='bbox 413 4840 642 4896; x_wconf 84' lang='lat' dir='ltr'><strong><em>persona</em></strong></span> <span class='ocrx_word' id='word_1_783' title='bbox 673 4830 1095 4887; x_wconf 83' lang='lat' dir='ltr'><strong><em>monstraretur,</em></strong></span> <span class='ocrx_word' id='word_1_784' title='bbox 1123 4837 1286 4892; x_wconf 83' lang='lat' dir='ltr'><strong><em>quam</em></strong></span> <span class='ocrx_word' id='word_1_785' title='bbox 1333 4822 1673 4886; x_wconf 82' lang='lat' dir='ltr'><strong><em>deserentes,</em></strong></span> <span class='ocrx_word' id='word_1_786' title='bbox 1705 4836 1802 4876; x_wconf 77' lang='lat' dir='ltr'><strong><em>se-</em></strong></span> 
     </span>
    </p>
   </div>
   <div class='ocr_carea' id='block_1_94' title="bbox 163 4914 1798 4986">
    <p class='ocr_par' dir='ltr' id='par_1_94' title="bbox 163 4914 1798 4986">
     <span class='ocr_line' id='line_1_94' title="bbox 163 4914 1798 4986; baseline -0.009 -8"><span class='ocrx_word' id='word_1_787' title='bbox 163 4922 285 4978; x_wconf 83' lang='lat' dir='ltr'><strong><em>cuti</em></strong></span> <span class='ocrx_word' id='word_1_788' title='bbox 313 4929 447 4976; x_wconf 88' lang='lat' dir='ltr'><strong><em>sunt</em></strong></span> <span class='ocrx_word' id='word_1_789' title='bbox 477 4919 842 4974; x_wconf 76' lang='lat' dir='ltr'><strong><em>mendacium.</em></strong></span> <span class='ocrx_word' id='word_1_790' title='bbox 893 4914 962 4969; x_wconf 82' lang='lat' dir='ltr'><strong><em>Et</em></strong></span> <span class='ocrx_word' id='word_1_791' title='bbox 991 4916 1078 4986; x_wconf 77' lang='lat' dir='ltr'><strong><em>qui</em></strong></span> <span class='ocrx_word' id='word_1_792' title='bbox 1107 4916 1312 4968; x_wconf 56' lang='lat' dir='ltr'><strong><em>recessit</em></strong></span> <span class='ocrx_word' id='word_1_793' title='bbox 1337 4931 1369 4968; x_wconf 84' lang='lat' dir='ltr'><strong><em>a</em></strong></span> <span class='ocrx_word' id='word_1_794' title='bbox 1396 4915 1557 4977; x_wconf 85' lang='lat' dir='ltr'><strong><em>malo-,-</em></strong></span> <span class='ocrx_word' id='word_1_795' title='bbox 1601 4916 1798 4986; x_wconf 67' lang='lat' dir='ltr'><strong><em>prendas</em></strong></span> 
     </span>
    </p>
   </div>
   <div class='ocr_carea' id='block_1_95' title="bbox 165 5008 1799 5084">
    <p class='ocr_par' dir='ltr' id='par_1_95' title="bbox 165 5008 1799 5084">
     <span class='ocr_line' id='line_1_95' title="bbox 165 5008 1799 5084; baseline -0.003 -17"><span class='ocrx_word' id='word_1_796' title='bbox 165 5015 374 5084; x_wconf 82' lang='lat' dir='ltr'><strong><em>patuit.</em></strong></span> <span class='ocrx_word' id='word_1_797' title='bbox 403 5012 563 5078; x_wconf 80' lang='lat' dir='ltr'><strong><em>Quod</em></strong></span> <span class='ocrx_word' id='word_1_798' title='bbox 583 5026 907 5080; x_wconf 76' lang='lat' dir='ltr'><strong><em>quamquam</em></strong></span> <span class='ocrx_word' id='word_1_799' title='bbox 941 5009 1193 5062; x_wconf 86' lang='lat' dir='ltr'><strong><em>videatur</em></strong></span> <span class='ocrx_word' id='word_1_800' title='bbox 1215 5008 1527 5073; x_wconf 74' lang='lat' dir='ltr'><strong><em>obscurum,</em></strong></span> <span class='ocrx_word' id='word_1_801' title='bbox 1554 5009 1632 5064; x_wconf 85' lang='lat' dir='ltr'><strong><em>sic</em></strong></span> <span class='ocrx_word' id='word_1_802' title='bbox 1653 5009 1799 5063; x_wconf 87' lang='lat' dir='ltr'><strong><em>edis-</em></strong></span> 
     </span>
    </p>
   </div>
   <div class='ocr_carea' id='block_1_96' title="bbox 169 5101 1802 5178">
    <p class='ocr_par' dir='ltr' id='par_1_96' title="bbox 169 5101 1802 5178">
     <span class='ocr_line' id='line_1_96' title="bbox 169 5101 1802 5178; baseline -0.006 -13"><span class='ocrx_word' id='word_1_803' title='bbox 169 5110 290 5165; x_wconf 86' lang='lat' dir='ltr'><strong><em>seri</em></strong></span> <span class='ocrx_word' id='word_1_804' title='bbox 336 5117 515 5178; x_wconf 81' lang='lat' dir='ltr'><strong><em>potest</em></strong></span> <span class='ocrx_word' id='word_1_805' title='bbox 551 5125 561 5158; x_wconf 87' lang='lat'>:</span> <span class='ocrx_word' id='word_1_806' title='bbox 599 5105 752 5160; x_wconf 82' lang='lat' dir='ltr'><strong><em>nobis</em></strong></span> <span class='ocrx_word' id='word_1_807' title='bbox 804 5103 1149 5158; x_wconf 80' lang='lat' dir='ltr'><strong><em>mendacium</em></strong></span> <span class='ocrx_word' id='word_1_808' title='bbox 1183 5101 1251 5155; x_wconf 88' lang='lat' dir='ltr'><strong><em>de</em></strong></span> <span class='ocrx_word' id='word_1_809' title='bbox 1280 5111 1476 5156; x_wconf 72' lang='lat' dir='ltr'><strong><em>nostra</em></strong></span> <span class='ocrx_word' id='word_1_810' title='bbox 1500 5106 1668 5156; x_wconf 81' lang='lat' dir='ltr'><strong><em>corde</em></strong></span> <span class='ocrx_word' id='word_1_811' title='bbox 1699 5102 1802 5155; x_wconf 85' lang='lat' dir='ltr'><strong><em>lin-</em></strong></span> 
     </span>
    </p>
   </div>
   <div class='ocr_carea' id='block_1_97' title="bbox 166 5195 1802 5278">
    <p class='ocr_par' dir='ltr' id='par_1_97' title="bbox 166 5195 1802 5278">
     <span class='ocr_line' id='line_1_97' title="bbox 166 5195 1802 5278; baseline -0.005 -19"><span class='ocrx_word' id='word_1_812' title='bbox 166 5205 442 5278; x_wconf 76' lang='lat' dir='ltr'><strong><em>gentibus</em></strong></span> <span class='ocrx_word' id='word_1_813' title='bbox 469 5211 528 5256; x_wconf 89' lang='lat' dir='ltr'><strong><em>et</em></strong></span> <span class='ocrx_word' id='word_1_814' title='bbox 552 5199 936 5256; x_wconf 77' lang='lat' dir='ltr'><strong><em>deserentibus</em></strong></span> <span class='ocrx_word' id='word_1_815' title='bbox 988 5199 1160 5267; x_wconf 66' lang='lat' dir='ltr'><strong><em>legem</em></strong></span> <span class='ocrx_word' id='word_1_816' title='bbox 1221 5196 1336 5260; x_wconf 72' lang='lat' dir='ltr'><strong><em>Dei,</em></strong></span> <span class='ocrx_word' id='word_1_817' title='bbox 1379 5195 1585 5265; x_wconf 84' lang='lat' dir='ltr'><strong><em>jnstitia</em></strong></span> <span class='ocrx_word' id='word_1_818' title='bbox 1637 5197 1802 5266; x_wconf 72' lang='lat' dir='ltr'><strong><em>longe</em></strong></span> 
     </span>
    </p>
   </div>
   <div class='ocr_carea' id='block_1_98' title="bbox 170 5289 1804 5363">
    <p class='ocr_par' dir='ltr' id='par_1_98' title="bbox 170 5289 1804 5363">
     <span class='ocr_line' id='line_1_98' title="bbox 170 5289 1804 5363; baseline -0.007 -9"><span class='ocrx_word' id='word_1_819' title='bbox 170 5298 358 5363; x_wconf 81' lang='lat' dir='ltr'><strong><em>stetit,</em></strong></span> <span class='ocrx_word' id='word_1_820' title='bbox 391 5303 450 5350; x_wconf 83' lang='lat' dir='ltr'><strong><em>et</em></strong></span> <span class='ocrx_word' id='word_1_821' title='bbox 472 5296 672 5350; x_wconf 78' lang='lat' dir='ltr'><strong><em>vet-itas</em></strong></span> <span class='ocrx_word' id='word_1_822' title='bbox 700 5293 974 5348; x_wconf 78' lang='lat' dir='ltr'><strong><em>corruitin</em></strong></span> <span class='ocrx_word' id='word_1_823' title='bbox 1001 5291 1217 5360; x_wconf 73' lang='lat' dir='ltr'><strong><em>plateis,</em></strong></span> <span class='ocrx_word' id='word_1_824' title='bbox 1243 5299 1299 5344; x_wconf 83' lang='lat' dir='ltr'><strong><em>et</em></strong></span> <span class='ocrx_word' id='word_1_825' title='bbox 1341 5290 1568 5360; x_wconf 69' lang='lat' dir='ltr'><strong><em>aequitas</em></strong></span> <span class='ocrx_word' id='word_1_826' title='bbox 1597 5289 1668 5342; x_wconf 82' lang='lat' dir='ltr'><strong><em>ad</em></strong></span> <span class='ocrx_word' id='word_1_827' title='bbox 1697 5304 1804 5346; x_wconf 79' lang='lat' dir='ltr'><strong><em>nos</em></strong></span> 
     </span>
    </p>
   </div>
   <div class='ocr_carea' id='block_1_99' title="bbox 168 5381 1796 5459">
    <p class='ocr_par' dir='ltr' id='par_1_99' title="bbox 168 5381 1796 5459">
     <span class='ocr_line' id='line_1_99' title="bbox 168 5381 1796 5459; baseline -0.007 -12"><span class='ocrx_word' id='word_1_828' title='bbox 168 5392 401 5448; x_wconf 82' lang='lat' dir='ltr'><strong><em>intrare</em></strong></span> <span class='ocrx_word' id='word_1_829' title='bbox 429 5405 540 5444; x_wconf 87' lang='lat' dir='ltr'><strong><em>non</em></strong></span> <span class='ocrx_word' id='word_1_830' title='bbox 570 5387 771 5459; x_wconf 85' lang='lat' dir='ltr'><strong><em>potuit,</em></strong></span> <span class='ocrx_word' id='word_1_831' title='bbox 811 5395 864 5440; x_wconf 90' lang='lat' dir='ltr'><strong><em>ct</em></strong></span> <span class='ocrx_word' id='word_1_832' title='bbox 913 5383 1092 5438; x_wconf 72' lang='lat' dir='ltr'><strong><em>Filius.</em></strong></span> <span class='ocrx_word' id='word_1_833' title='bbox 1138 5383 1254 5448; x_wconf 67' lang='lat' dir='ltr'><strong><em>Dei,</em></strong></span> <span class='ocrx_word' id='word_1_834' title='bbox 1307 5383 1396 5449; x_wconf 77' lang='lat' dir='ltr'><strong><em>qui</em></strong></span> <span class='ocrx_word' id='word_1_835' title='bbox 1444 5390 1528 5435; x_wconf 83' lang='lat' dir='ltr'><strong><em>est</em></strong></span> <span class='ocrx_word' id='word_1_836' title='bbox 1575 5381 1796 5446; x_wconf 74' lang='lat' dir='ltr'><strong><em>veritos,</em></strong></span> 
     </span>
    </p>
   </div>
   <div class='ocr_carea' id='block_1_100' title="bbox 170 5475 1800 5544">
    <p class='ocr_par' dir='ltr' id='par_1_100' title="bbox 170 5475 1800 5544">
     <span class='ocr_line' id='line_1_100' title="bbox 170 5475 1800 5544; baseline -0.008 -2"><span class='ocrx_word' id='word_1_837' title='bbox 170 5486 372 5542; x_wconf 79' lang='lat' dir='ltr'><strong><em>factus</em></strong></span> <span class='ocrx_word' id='word_1_838' title='bbox 409 5485 565 5538; x_wconf 87' lang='lat' dir='ltr'><strong><em>estin</em></strong></span> <span class='ocrx_word' id='word_1_839' title='bbox 594 5480 927 5540; x_wconf 83' lang='lat' dir='ltr'><strong><em>oblivionem</em></strong></span> <span class='ocrx_word' id='word_1_840' title='bbox 961 5496 971 5531; x_wconf 91' lang='lat'><strong>:</strong></span> <span class='ocrx_word' id='word_1_841' title='bbox 1003 5479 1054 5531; x_wconf 90' lang='lat' dir='ltr'><strong><em>in</em></strong></span> <span class='ocrx_word' id='word_1_842' title='bbox 1087 5487 1293 5532; x_wconf 85' lang='lat' dir='ltr'><strong><em>tantum</em></strong></span> <span class='ocrx_word' id='word_1_843' title='bbox 1325 5485 1376 5530; x_wconf 87' lang='lat' dir='ltr'><strong><em>ut</em></strong></span> <span class='ocrx_word' id='word_1_844' title='bbox 1411 5475 1737 5544; x_wconf 84' lang='lat' dir='ltr'><strong><em>quicumque</em></strong></span> <span class='ocrx_word' id='word_1_845' title='bbox 1768 5490 1800 5528; x_wconf 84' lang='lat' dir='ltr'><strong><em>a</em></strong></span> 
     </span>
    </p>
   </div>
   <div class='ocr_carea' id='block_1_101' title="bbox 167 5566 1795 5638">
    <p class='ocr_par' dir='ltr' id='par_1_101' title="bbox 167 5566 1795 5638">
     <span class='ocr_line' id='line_1_101' title="bbox 167 5566 1795 5638; baseline -0.012 -2"><span class='ocrx_word' id='word_1_846' title='bbox 167 5576 581 5636; x_wconf 69' lang='lat' dir='ltr'><strong><em>traditionibus</em></strong></span> <span class='ocrx_word' id='word_1_847' title='bbox 637 5572 946 5629; x_wconf 64' lang='lat' dir='ltr'><strong><em>Judtuorttm</em></strong></span> <span class='ocrx_word' id='word_1_848' title='bbox 995 5570 1224 5638; x_wconf 67' lang='lat' dir='ltr'><strong><em>cupierit</em></strong></span> <span class='ocrx_word' id='word_1_849' title='bbox 1278 5566 1558 5633; x_wconf 79' lang='lat' dir='ltr'><strong><em>recedere,-</em></strong></span> <span class='ocrx_word' id='word_1_850' title='bbox 1615 5566 1795 5619; x_wconf 72' lang='lat' dir='ltr'><strong><em>statim</em></strong></span> 
     </span>
    </p>
   </div>
   <div class='ocr_carea' id='block_1_102' title="bbox 169 5662 1800 5743">
    <p class='ocr_par' dir='ltr' id='par_1_102' title="bbox 169 5662 1800 5743">
     <span class='ocr_line' id='line_1_102' title="bbox 169 5662 1800 5743; baseline -0.01 -16"><span class='ocrx_word' id='word_1_851' title='bbox 169 5681 408 5743; x_wconf 82' lang='lat' dir='ltr'><strong><em>pateret</em></strong></span> <span class='ocrx_word' id='word_1_852' title='bbox 449 5669 662 5723; x_wconf 72' lang='lat' dir='ltr'><strong><em>insidiis</em></strong></span> <span class='ocrx_word' id='word_1_853' title='bbox 706 5676 758 5720; x_wconf 86' lang='lat' dir='ltr'><strong><em>et</em></strong></span> <span class='ocrx_word' id='word_1_854' title='bbox 809 5663 1274 5734; x_wconf 83' lang='lat' dir='ltr'><strong><em>perseeutionibus</em></strong></span> <span class='ocrx_word' id='word_1_855' title='bbox 1301 5681 1312 5714; x_wconf 86' lang='lat'><strong>:</strong></span> <span class='ocrx_word' id='word_1_856' title='bbox 1343 5662 1415 5715; x_wconf 88' lang='lat' dir='ltr'><strong><em>ita</em></strong></span> <span class='ocrx_word' id='word_1_857' title='bbox 1446 5669 1502 5714; x_wconf 92' lang='lat' dir='ltr'><strong><em>ut</em></strong></span> <span class='ocrx_word' id='word_1_858' title='bbox 1532 5665 1740 5743; x_wconf 49' lang='lat' dir='ltr'><strong><em>excutit</em></strong></span> <span class='ocrx_word' id='word_1_859' title='bbox 1768 5675 1800 5711; x_wconf 87' lang='lat' dir='ltr'><strong><em>a</em></strong></span> 
     </span>
    </p>
   </div>
   <div class='ocr_carea' id='block_1_103' title="bbox 171 5737 1798 5833">
    <p class='ocr_par' dir='ltr' id='par_1_103' title="bbox 171 5737 1798 5833">
     <span class='ocr_line' id='line_1_103' title="bbox 171 5737 1798 5833; baseline -0.01 -8"><span class='ocrx_word' id='word_1_860' title='bbox 171 5737 503 5830; x_wconf 59' lang='lat' dir='ltr'><strong><em>nativitate,</em></strong></span> <span class='ocrx_word' id='word_1_861' title='bbox 528 5763 619 5833; x_wconf 64' lang='lat' dir='ltr'><strong><em>qui</em></strong></span> <span class='ocrx_word' id='word_1_862' title='bbox 651 5757 838 5816; x_wconf 70' lang='lat' dir='ltr'><strong><em>ocnus</em></strong></span> <span class='ocrx_word' id='word_1_863' title='bbox 871 5753 1168 5828; x_wconf 72' lang='lat' dir='ltr'><strong><em>receperat,</em></strong></span> <span class='ocrx_word' id='word_1_864' title='bbox 1196 5747 1506 5827; x_wconf 73' lang='lat' dir='ltr'><strong><em>exptilérlh&#39;l</em></strong></span> <span class='ocrx_word' id='word_1_865' title='bbox 1534 5737 1602 5810; x_wconf 75' lang='lat' dir='ltr'><strong><em>de</em></strong></span> <span class='ocrx_word' id='word_1_866' title='bbox 1634 5751 1798 5827; x_wconf 67' lang='lat' dir='ltr'><strong><em>s‘s-na-</em></strong></span> 
     </span>
    </p>
   </div>
   <div class='ocr_carea' id='block_1_104' title="bbox 174 5848 1806 5936">
    <p class='ocr_par' dir='ltr' id='par_1_104' title="bbox 174 5848 1806 5936">
     <span class='ocr_line' id='line_1_104' title="bbox 174 5848 1806 5936; baseline -0.011 -17"><span class='ocrx_word' id='word_1_867' title='bbox 174 5861 357 5936; x_wconf 71' lang='lat' dir='ltr'><strong><em>gogis</em></strong></span> <span class='ocrx_word' id='word_1_868' title='bbox 389 5856 566 5930; x_wconf 85' lang='lat' dir='ltr'><strong><em>(Joau.</em></strong></span> <span class='ocrx_word' id='word_1_869' title='bbox 602 5855 699 5925; x_wconf 78' lang='lat' dir='ltr'><strong><em>ix).</em></strong></span> <span class='ocrx_word' id='word_1_870' title='bbox 738 5857 799 5909; x_wconf 75' lang='lat' dir='ltr'><strong><em>Et</em></strong></span> <span class='ocrx_word' id='word_1_871' title='bbox 825 5861 949 5926; x_wconf 80' lang='lat' dir='ltr'><strong><em>post</em></strong></span> <span class='ocrx_word' id='word_1_872' title='bbox 967 5852 1421 5912; x_wconf 77' lang='lat' dir='ltr'><strong><em>resurrectionem</em></strong></span> <span class='ocrx_word' id='word_1_873' title='bbox 1447 5848 1806 5907; x_wconf 78' lang='lat' dir='ltr'><strong><em>DominiSal-</em></strong></span> 
     </span>
    </p>
   </div>
   <div class='ocr_carea' id='block_1_105' title="bbox 1899 4726 3515 4802">
    <p class='ocr_par' dir='ltr' id='par_1_105' title="bbox 1899 4726 3515 4802">
     <span class='ocr_line' id='line_1_105' title="bbox 1899 4726 3515 4802; baseline 0 -18"><span class='ocrx_word' id='word_1_874' title='bbox 1899 4730 2074 4802; x_wconf 81' lang='lat' dir='ltr'><strong><em>(Eph.</em></strong></span> <span class='ocrx_word' id='word_1_875' title='bbox 2120 4734 2227 4798; x_wconf 75' lang='lat' dir='ltr'><strong><em>vr).</em></strong></span> <span class='ocrx_word' id='word_1_876' title='bbox 2272 4727 2537 4798; x_wconf 78' lang='lat' dir='ltr'><strong><em>Quodque</em></strong></span> <span class='ocrx_word' id='word_1_877' title='bbox 2596 4728 2650 4781; x_wconf 89' lang='lat' dir='ltr'><strong><em>in</em></strong></span> <span class='ocrx_word' id='word_1_878' title='bbox 2708 4727 3062 4797; x_wconf 80' lang='lat' dir='ltr'><strong><em>Septuaginta</em></strong></span> <span class='ocrx_word' id='word_1_879' title='bbox 3121 4726 3515 4797; x_wconf 76' lang='lat' dir='ltr'><strong><em>interpretibus</em></strong></span> 
     </span>
    </p>
   </div>
   <div class='ocr_carea' id='block_1_106' title="bbox 1902 4820 3514 4884">
    <p class='ocr_par' dir='ltr' id='par_1_106' title="bbox 1902 4820 3514 4884">
     <span class='ocr_line' id='line_1_106' title="bbox 1902 4820 3514 4884; baseline -0.006 0"><span class='ocrx_word' id='word_1_880' title='bbox 1902 4841 2012 4884; x_wconf 78' lang='lat' dir='ltr'><strong><em>non</em></strong></span> <span class='ocrx_word' id='word_1_881' title='bbox 2053 4826 2285 4881; x_wconf 64' lang='lat' dir='ltr'><strong><em>habetur</em></strong></span> <span class='ocrx_word' id='word_1_882' title='bbox 2315 4843 2327 4878; x_wconf 90' lang='lat'>:</span> <span class='ocrx_word' id='word_1_883' title='bbox 2359 4823 2558 4878; x_wconf 85' lang='lat' dir='ltr'><strong><em>lnsulis</em></strong></span> <span class='ocrx_word' id='word_1_884' title='bbox 2588 4823 2748 4876; x_wconf 79' lang='lat' dir='ltr'><strong><em>vicem</em></strong></span> <span class='ocrx_word' id='word_1_885' title='bbox 2776 4821 2976 4884; x_wconf 78' lang='lat' dir='ltr'><strong><em>reddet,</em></strong></span> <span class='ocrx_word' id='word_1_886' title='bbox 3009 4820 3176 4875; x_wconf 71' lang='lat' dir='ltr'><strong><em>nrbes</em></strong></span> <span class='ocrx_word' id='word_1_887' title='bbox 3208 4821 3410 4876; x_wconf 68' lang='lat' dir='ltr'><strong><em>Jndtese</em></strong></span> <span class='ocrx_word' id='word_1_888' title='bbox 3437 4821 3514 4876; x_wconf 64' lang='lat' dir='ltr'><strong><em>sis</em></strong></span> 
     </span>
    </p>
   </div>
   <div class='ocr_carea' id='block_1_107' title="bbox 1902 4917 3514 5000">
    <p class='ocr_par' dir='ltr' id='par_1_107' title="bbox 1902 4917 3514 5000">
     <span class='ocr_line' id='line_1_107' title="bbox 1902 4917 3514 5000; baseline -0.004 -17"><span class='ocrx_word' id='word_1_889' title='bbox 1902 4930 2144 5000; x_wconf 69' lang='lat' dir='ltr'><strong><em>gnificat,</em></strong></span> <span class='ocrx_word' id='word_1_890' title='bbox 2189 4939 2324 4998; x_wconf 83' lang='lat' dir='ltr'><strong><em>quas</em></strong></span> <span class='ocrx_word' id='word_1_891' title='bbox 2365 4925 2644 4980; x_wconf 81' lang='lat' dir='ltr'><strong><em>Romanus</em></strong></span> <span class='ocrx_word' id='word_1_892' title='bbox 2686 4920 2914 4977; x_wconf 81' lang='lat' dir='ltr'><strong><em>vastavit</em></strong></span> <span class='ocrx_word' id='word_1_893' title='bbox 2957 4919 3254 4976; x_wconf 71' lang='lat' dir='ltr'><strong><em>eterclths.</em></strong></span> <span class='ocrx_word' id='word_1_894' title='bbox 3288 4917 3420 4975; x_wconf 81' lang='lat' dir='ltr'><strong><em>N&#39;ain</em></strong></span> <span class='ocrx_word' id='word_1_895' title='bbox 3455 4931 3514 4977; x_wconf 83' lang='lat' dir='ltr'><strong><em>et</em></strong></span> 
     </span>
    </p>
   </div>
   <div class='ocr_carea' id='block_1_108' title="bbox 1906 5015 3518 5100">
    <p class='ocr_par' dir='ltr' id='par_1_108' title="bbox 1906 5015 3518 5100">
     <span class='ocr_line' id='line_1_108' title="bbox 1906 5015 3518 5100; baseline -0.005 -16"><span class='ocrx_word' id='word_1_896' title='bbox 1906 5041 2068 5099; x_wconf 80' lang='lat' dir='ltr'><strong><em>supra</em></strong></span> <span class='ocrx_word' id='word_1_897' title='bbox 2095 5026 2245 5100; x_wconf 79' lang='lat' dir='ltr'><strong><em>(Ct&#39;tp.</em></strong></span> <span class='ocrx_word' id='word_1_898' title='bbox 2279 5026 2372 5097; x_wconf 79' lang='lat' dir='ltr'><strong><em>xx)</em></strong></span> <span class='ocrx_word' id='word_1_899' title='bbox 2405 5023 2802 5081; x_wconf 76' lang='lat' dir='ltr'><strong><em>habitatoribus</em></strong></span> <span class='ocrx_word' id='word_1_900' title='bbox 2831 5015 3045 5087; x_wconf 64' lang='lat' dir='ltr'><strong><em>insulae,</em></strong></span> <span class='ocrx_word' id='word_1_901' title='bbox 3077 5022 3128 5076; x_wconf 88' lang='lat' dir='ltr'><strong><em>id</em></strong></span> <span class='ocrx_word' id='word_1_902' title='bbox 3159 5031 3262 5089; x_wconf 84' lang='lat' dir='ltr'><strong><em>est,</em></strong></span> <span class='ocrx_word' id='word_1_903' title='bbox 3297 5019 3518 5078; x_wconf 76' lang='lat' dir='ltr'><strong><em>Jerusa-</em></strong></span> 
     </span>
    </p>
   </div>
   <div class='ocr_carea' id='block_1_109' title="bbox 1906 5111 3089 5196">
    <p class='ocr_par' dir='ltr' id='par_1_109' title="bbox 1906 5111 3089 5196">
     <span class='ocr_line' id='line_1_109' title="bbox 1906 5111 3089 5196; baseline -0.006 -13"><span class='ocrx_word' id='word_1_904' title='bbox 1906 5129 2013 5183; x_wconf 79' lang='lat' dir='ltr'><strong><em>lem</em></strong></span> <span class='ocrx_word' id='word_1_905' title='bbox 2047 5127 2310 5181; x_wconf 86' lang='lat' dir='ltr'><strong><em>Dominus</em></strong></span> <span class='ocrx_word' id='word_1_906' title='bbox 2338 5125 2581 5194; x_wconf 83' lang='lat' dir='ltr'><strong><em>loquitur</em></strong></span> <span class='ocrx_word' id='word_1_907' title='bbox 2611 5141 2707 5196; x_wconf 88' lang='lat' dir='ltr'><strong><em>per</em></strong></span> <span class='ocrx_word' id='word_1_908' title='bbox 2736 5111 3089 5190; x_wconf 65' lang='lat' dir='ltr'><strong><em>Pl&#39;OllilClﬂlh.</em></strong></span> 
     </span>
    </p>
   </div>
   <div class='ocr_carea' id='block_1_110' title="bbox 1981 5217 3516 5301">
    <p class='ocr_par' dir='ltr' id='par_1_110' title="bbox 1981 5217 3516 5301">
     <span class='ocr_line' id='line_1_110' title="bbox 1981 5217 3516 5301; baseline -0.003 -17"><span class='ocrx_word' id='word_1_909' title='bbox 1981 5227 2161 5301; x_wconf 66' lang='lat' dir='ltr'><strong><em>(V&#39;et’s.</em></strong></span> <span class='ocrx_word' id='word_1_910' title='bbox 2193 5221 2280 5293; x_wconf 85' lang='lat'><strong><em>19,</em></strong></span> <span class='ocrx_word' id='word_1_911' title='bbox 2311 5221 2430 5297; x_wconf 70' lang='grc' dir='ltr'><strong><em>ΞΟ.)</em></strong></span> <span class='ocrx_word' id='word_1_912' title='bbox 2454 5221 2516 5279; x_wconf 74' lang='lat' dir='ltr'><strong><em>Et</em></strong></span> <span class='ocrx_word' id='word_1_913' title='bbox 2545 5225 2789 5280; x_wconf 82' lang='lat' dir='ltr'><strong><em>timebunt</em></strong></span> <span class='ocrx_word' id='word_1_914' title='bbox 2819 5225 2907 5296; x_wconf 85' lang='lat' dir='ltr'><strong><em>qui</em></strong></span> <span class='ocrx_word' id='word_1_915' title='bbox 2937 5223 2998 5277; x_wconf 87' lang='lat' dir='ltr'><strong><em>ab</em></strong></span> <span class='ocrx_word' id='word_1_916' title='bbox 3031 5217 3306 5278; x_wconf 54' lang='lat' dir='ltr'><strong><em>Octridente</em></strong></span> <span class='ocrx_word' id='word_1_917' title='bbox 3334 5241 3516 5279; x_wconf 74' lang='lat' dir='ltr'><strong><em>nomen</em></strong></span> 
     </span>
    </p>
   </div>
   <div class='ocr_carea' id='block_1_111' title="bbox 1911 5317 3522 5402">
    <p class='ocr_par' dir='ltr' id='par_1_111' title="bbox 1911 5317 3522 5402">
     <span class='ocr_line' id='line_1_111' title="bbox 1911 5317 3522 5402; baseline -0.001 -16"><span class='ocrx_word' id='word_1_918' title='bbox 1911 5331 2141 5399; x_wconf 82' lang='lat' dir='ltr'><strong><em>Domini,</em></strong></span> <span class='ocrx_word' id='word_1_919' title='bbox 2177 5340 2222 5385; x_wconf 90' lang='lat' dir='ltr'><strong><em>et</em></strong></span> <span class='ocrx_word' id='word_1_920' title='bbox 2249 5329 2337 5402; x_wconf 82' lang='lat' dir='ltr'><strong><em>qui</em></strong></span> <span class='ocrx_word' id='word_1_921' title='bbox 2369 5317 2432 5384; x_wconf 83' lang='lat' dir='ltr'><strong><em>ab</em></strong></span> <span class='ocrx_word' id='word_1_922' title='bbox 2463 5339 2579 5384; x_wconf 86' lang='lat' dir='ltr'><strong><em>ortu</em></strong></span> <span class='ocrx_word' id='word_1_923' title='bbox 2605 5331 2748 5397; x_wconf 87' lang='lat' dir='ltr'><strong><em>solis,</em></strong></span> <span class='ocrx_word' id='word_1_924' title='bbox 2779 5327 3001 5401; x_wconf 83' lang='lat' dir='ltr'><strong><em>gloriam</em></strong></span> <span class='ocrx_word' id='word_1_925' title='bbox 3030 5332 3139 5400; x_wconf 85' lang='lat' dir='ltr'><strong><em>ejus</em></strong></span> <span class='ocrx_word' id='word_1_926' title='bbox 3175 5343 3192 5381; x_wconf 90' lang='lat'><em>:</em></span> <span class='ocrx_word' id='word_1_927' title='bbox 3221 5345 3332 5381; x_wconf 85' lang='lat' dir='ltr'><strong><em>cum</em></strong></span> <span class='ocrx_word' id='word_1_928' title='bbox 3368 5344 3522 5384; x_wconf 81' lang='lat' dir='ltr'><strong><em>uene-</em></strong></span> 
     </span>
    </p>
   </div>
   <div class='ocr_carea' id='block_1_112' title="bbox 1907 5426 3519 5504">
    <p class='ocr_par' dir='ltr' id='par_1_112' title="bbox 1907 5426 3519 5504">
     <span class='ocr_line' id='line_1_112' title="bbox 1907 5426 3519 5504; baseline -0.003 -17"><span class='ocrx_word' id='word_1_929' title='bbox 1907 5437 1976 5488; x_wconf 82' lang='lat' dir='ltr'><strong><em>rit</em></strong></span> <span class='ocrx_word' id='word_1_930' title='bbox 2015 5433 2166 5504; x_wconf 86' lang='lat' dir='ltr'><strong><em>quasi</em></strong></span> <span class='ocrx_word' id='word_1_931' title='bbox 2208 5431 2398 5502; x_wconf 78' lang='lat' dir='ltr'><strong><em>ﬂuvius</em></strong></span> <span class='ocrx_word' id='word_1_932' title='bbox 2439 5432 2716 5496; x_wconf 78' lang='lat' dir='ltr'><strong><em>uiolentus,</em></strong></span> <span class='ocrx_word' id='word_1_933' title='bbox 2759 5446 2910 5500; x_wconf 86' lang='lat' dir='ltr'><strong><em>quem</em></strong></span> <span class='ocrx_word' id='word_1_934' title='bbox 2948 5429 3160 5500; x_wconf 71' lang='lat' dir='ltr'><strong><em>Spiritus</em></strong></span> <span class='ocrx_word' id='word_1_935' title='bbox 3193 5426 3400 5482; x_wconf 82' lang='lat' dir='ltr'><strong><em>Domini</em></strong></span> <span class='ocrx_word' id='word_1_936' title='bbox 3430 5445 3519 5482; x_wconf 84' lang='lat' dir='ltr'><strong><em>co-</em></strong></span> 
     </span>
    </p>
   </div>
   <div class='ocr_carea' id='block_1_113' title="bbox 1910 5530 3522 5610">
    <p class='ocr_par' dir='ltr' id='par_1_113' title="bbox 1910 5530 3522 5610">
     <span class='ocr_line' id='line_1_113' title="bbox 1910 5530 3522 5610; baseline -0.004 -20"><span class='ocrx_word' id='word_1_937' title='bbox 1910 5539 1983 5610; x_wconf 84' lang='lat' dir='ltr'><strong><em>git</em></strong></span> <span class='ocrx_word' id='word_1_938' title='bbox 2028 5553 2044 5590; x_wconf 90' lang='lat'><strong><em>:</em></strong></span> <span class='ocrx_word' id='word_1_939' title='bbox 2084 5545 2128 5590; x_wconf 85' lang='lat' dir='ltr'><strong><em>et</em></strong></span> <span class='ocrx_word' id='word_1_940' title='bbox 2173 5535 2359 5590; x_wconf 84' lang='lat' dir='ltr'><strong><em>venerit</em></strong></span> <span class='ocrx_word' id='word_1_941' title='bbox 2405 5533 2535 5588; x_wconf 82' lang='lat' dir='ltr'><strong><em>Sion</em></strong></span> <span class='ocrx_word' id='word_1_942' title='bbox 2565 5535 2880 5599; x_wconf 77' lang='lat' dir='ltr'><strong><em>redemptor,</em></strong></span> <span class='ocrx_word' id='word_1_943' title='bbox 2913 5540 2960 5584; x_wconf 84' lang='lat' dir='ltr'><strong><em>et</em></strong></span> <span class='ocrx_word' id='word_1_944' title='bbox 2990 5532 3064 5584; x_wconf 87' lang='lat' dir='ltr'><strong><em>eis</em></strong></span> <span class='ocrx_word' id='word_1_945' title='bbox 3092 5530 3185 5600; x_wconf 77' lang='lat' dir='ltr'><strong><em>qui</em></strong></span> <span class='ocrx_word' id='word_1_946' title='bbox 3213 5530 3431 5584; x_wconf 79' lang='lat' dir='ltr'><strong><em>redeunt</em></strong></span> <span class='ocrx_word' id='word_1_947' title='bbox 3459 5530 3522 5583; x_wconf 83' lang='lat' dir='ltr'><strong><em>ob</em></strong></span> 
     </span>
    </p>
   </div>
   <div class='ocr_carea' id='block_1_114' title="bbox 1915 5633 3524 5712">
    <p class='ocr_par' dir='ltr' id='par_1_114' title="bbox 1915 5633 3524 5712">
     <span class='ocr_line' id='line_1_114' title="bbox 1915 5633 3524 5712; baseline -0.003 -17"><span class='ocrx_word' id='word_1_948' title='bbox 1915 5641 2189 5712; x_wconf 75' lang='lat' dir='ltr'><strong><em>iniquitate</em></strong></span> <span class='ocrx_word' id='word_1_949' title='bbox 2225 5641 2280 5693; x_wconf 74' lang='lat' dir='ltr'><strong><em>in</em></strong></span> <span class='ocrx_word' id='word_1_950' title='bbox 2319 5637 2501 5703; x_wconf 65' lang='lat' dir='ltr'><strong><em>ladob,</em></strong></span> <span class='ocrx_word' id='word_1_951' title='bbox 2537 5638 2660 5690; x_wconf 77' lang='lat' dir='ltr'><strong><em>dicit</em></strong></span> <span class='ocrx_word' id='word_1_952' title='bbox 2696 5633 2975 5689; x_wconf 78' lang='lat' dir='ltr'><strong><em>Dominus.</em></strong></span> <span class='ocrx_word' id='word_1_953' title='bbox 3017 5635 3133 5688; x_wconf 79' lang='lat' dir='ltr'><strong><em>Hoc</em></strong></span> <span class='ocrx_word' id='word_1_954' title='bbox 3164 5636 3330 5706; x_wconf 60' lang='lat' dir='ltr'><strong><em>mediis</em></strong></span> <span class='ocrx_word' id='word_1_955' title='bbox 3356 5643 3524 5690; x_wconf 83' lang='lat' dir='ltr'><strong><em>meum</em></strong></span> 
     </span>
    </p>
   </div>
   <div class='ocr_carea' id='block_1_115' title="bbox 1918 5723 3523 5810">
    <p class='ocr_par' dir='ltr' id='par_1_115' title="bbox 1918 5723 3523 5810">
     <span class='ocr_line' id='line_1_115' title="bbox 1918 5723 3523 5810; baseline -0.006 -11"><span class='ocrx_word' id='word_1_956' title='bbox 1918 5751 2032 5799; x_wconf 81' lang='lat' dir='ltr'><strong><em>cum</em></strong></span> <span class='ocrx_word' id='word_1_957' title='bbox 2071 5744 2164 5810; x_wconf 84' lang='lat' dir='ltr'><strong><em>eis,</em></strong></span> <span class='ocrx_word' id='word_1_958' title='bbox 2207 5741 2329 5797; x_wconf 84' lang='lat' dir='ltr'><strong><em>dicit</em></strong></span> <span class='ocrx_word' id='word_1_959' title='bbox 2372 5731 2623 5794; x_wconf 83' lang='lat' dir='ltr'><strong><em>Dominus</em></strong></span> <span class='ocrx_word' id='word_1_960' title='bbox 2657 5755 2674 5792; x_wconf 87' lang='lat'><strong><em>:</em></strong></span> <span class='ocrx_word' id='word_1_961' title='bbox 2707 5723 2936 5807; x_wconf 76' lang='lat' dir='ltr'><strong><em>Spiritus</em></strong></span> <span class='ocrx_word' id='word_1_962' title='bbox 2980 5738 3121 5790; x_wconf 78' lang='lat' dir='ltr'><strong><em>meus</em></strong></span> <span class='ocrx_word' id='word_1_963' title='bbox 3150 5737 3242 5806; x_wconf 82' lang='lat' dir='ltr'><strong><em>qui</em></strong></span> <span class='ocrx_word' id='word_1_964' title='bbox 3269 5746 3340 5790; x_wconf 87' lang='lat' dir='ltr'><strong><em>est</em></strong></span> <span class='ocrx_word' id='word_1_965' title='bbox 3370 5739 3424 5790; x_wconf 87' lang='lat' dir='ltr'><strong><em>iu</em></strong></span> <span class='ocrx_word' id='word_1_966' title='bbox 3455 5747 3523 5802; x_wconf 82' lang='lat' dir='ltr'><strong><em>te,</em></strong></span> 
     </span>
    </p>
   </div>
   <div class='ocr_carea' id='block_1_116' title="bbox 1921 5835 3527 5914">
    <p class='ocr_par' dir='ltr' id='par_1_116' title="bbox 1921 5835 3527 5914">
     <span class='ocr_line' id='line_1_116' title="bbox 1921 5835 3527 5914; baseline -0.01 -14"><span class='ocrx_word' id='word_1_967' title='bbox 1921 5855 1968 5902; x_wconf 86' lang='lat' dir='ltr'><strong><em>et</em></strong></span> <span class='ocrx_word' id='word_1_968' title='bbox 1997 5844 2143 5900; x_wconf 52' lang='lat' dir='ltr'><strong><em>rurba</em></strong></span> <span class='ocrx_word' id='word_1_969' title='bbox 2173 5859 2285 5898; x_wconf 76' lang='lat' dir='ltr'><strong><em>mea</em></strong></span> <span class='ocrx_word' id='word_1_970' title='bbox 2308 5857 2424 5914; x_wconf 65' lang='lat' dir='ltr'><strong><em>qua</em></strong></span> <span class='ocrx_word' id='word_1_971' title='bbox 2443 5841 2600 5913; x_wconf 64' lang='lat' dir='ltr'><strong><em>positi</em></strong></span> <span class='ocrx_word' id='word_1_972' title='bbox 2627 5841 2793 5893; x_wconf 78' lang='lat' dir='ltr'><strong><em>inore</em></strong></span> <span class='ocrx_word' id='word_1_973' title='bbox 2821 5845 2930 5902; x_wconf 74' lang='lat' dir='ltr'><strong><em>tuo,</em></strong></span> <span class='ocrx_word' id='word_1_974' title='bbox 2957 5849 3060 5890; x_wconf 75' lang='lat' dir='ltr'><strong><em>non</em></strong></span> <span class='ocrx_word' id='word_1_975' title='bbox 3088 5835 3324 5892; x_wconf 74' lang='lat' dir='ltr'><strong><em>recedem-</em></strong></span> <span class='ocrx_word' id='word_1_976' title='bbox 3351 5835 3418 5890; x_wconf 62' lang='grc' dir='ltr'><strong><em>ἡ</em></strong></span> <span class='ocrx_word' id='word_1_977' title='bbox 3440 5835 3527 5886; x_wconf 74' lang='lat' dir='ltr'><strong><em>ore</em></strong></span> 
     </span>
    </p>
   </div>
  </div>
