3972 6318
1768 250 1860 308 'S.
1903 243 2176 308 EUSEBII
2217 240 2596 303 HIERONYMI
2688 273 2692 276 -
3727 237 3809 297 3N

550 381 660 433 tuo,
701 380 747 425 et
787 371 851 425 de
892 383 981 423 ore
1017 367 1226 422 seminis
1254 375 1283 404 ι
1321 366 1536 422 seminis
1561 366 1659 426 tui,
1692 363 1818 419 dicit
1849 363 2101 418 Dominus
2131 379 2149 415 :
2178 364 2230 423 Α
2261 359 2464 413 Domini
2497 360 2516 430 (
2533 358 2661 414 lsai.
2691 373 2766 428 ιιι,
2798 359 2822 414 1
2854 359 3030 431 seqq.)
3064 357 3220 416 Unde
3243 365 3299 412 et
3325 368 3422 412 nos
3449 352 3674 411 dicimus
3703 371 3714 407 :
3743 355 3809 407 Si-

554 465 751 521 Amodo
795 471 841 515 et
877 477 1036 532 usque
1077 462 1128 513 in
1162 460 1549 532 sempiternunt.
1585 456 1726 513 LXX
1762 475 1776 512 :
1809 455 1877 511 Et
1908 455 2155 510 timrbunt

553 557 642 627 qui
671 555 734 608 ab
763 555 1043 610 Occidente
1085 570 1270 607 nomen
1301 553 1532 620 Domini,
1567 561 1615 606 et
1645 552 1736 622 qui
1767 550 1831 603 ab
1861 559 1976 604 ortu
2002 548 2148 618 solis,

555 665 738 703 nomen
784 648 1056 718 inclytum.
1117 645 1294 701 Veniet
1333 647 1470 702 enim
1494 647 1646 717 quasi
1675 645 1865 716 ﬂuvius
1902 643 2159 697 violentus

549 743 627 795 ira
653 739 882 806 Domini,
907 747 960 805 —j-
993 741 1158 794 veniet
1176 755 1292 793 cum
1311 742 1487 812 furore
1513 743 1552 806 ,‘
1583 749 1630 794 et
1653 739 1816 793 ueniet
1839 739 1904 792 de
1919 737 2050 792 Sion
2066 736 2159 808 qui

549 832 752 888 liberet.
798 829 865 886 Et
892 841 1082 887 avertet
1115 834 1400 904 impietates
1427 849 1457 884 a
1485 831 1672 898 Iacob,
1705 840 1751 884 et
1779 829 1876 884 hoc
1901 831 1997 884 erit
2027 829 2099 883 eis
2125 847 2157 882 a

556 943 635 981 me
663 936 1040 993 testamentum,
1071 926 1198 983 dicit
1224 924 1503 981 Dominus.
1537 925 1771 997 Spiritus
1799 941 1940 980 meus
1969 927 2058 996 qui
2083 934 2154 979 est

553 1023 606 1075 in
648 1032 718 1091 te,
761 1031 809 1076 et
838 1021 988 1078 verba
1018 1039 1131 1077 mea
1164 1037 1278 1089 qua:
1306 1021 1424 1075 dedi
1447 1022 1500 1075 in
1530 1036 1618 1074 ore
1646 1029 1754 1086 tuo,
1791 1037 1890 1074 non
1921 1019 2157 1088 deﬁcient

556 1116 621 1171 de
649 1133 736 1171 ore
764 1125 874 1182 tuo,
901 1125 948 1171 et
979 1131 1043 1170 ea:
1071 1131 1160 1169 ore
1185 1116 1396 1170 seminis
1427 1115 1524 1180 tui,
1551 1117 1624 1170 ait
1662 1113 1914 1168 Dominus
1936 1131 2000 1169 ea:
2021 1129 2158 1168 nunc

556 1218 603 1264 et
629 1210 683 1262 in
711 1216 979 1262 ceternum.
1012 1206 1302 1275 Postquam
1337 1205 1596 1261 Dominus
1627 1205 1797 1260 lorica
1825 1205 2071 1275 iustitia),
2102 1214 2160 1260 et

555 1301 707 1370 galea
739 1299 952 1364 salutis,
981 1307 1038 1354 et
1065 1297 1310 1354 vestibus
1342 1298 1588 1364 ultionis,
1617 1297 1830 1367 zelique
1855 1296 2019 1364 pallio
2044 1295 2158 1350 fue-

557 1392 630 1448 rit
657 1391 875 1448 indutus
901 1391 967 1446 ad
1001 1405 1256 1462 pugnam,
1283 1399 1338 1446 et
1361 1391 1572 1446 venerit
1599 1389 1664 1445 ad
1691 1399 1967 1446 certamen
1997 1399 2158 1460 atque

555 1486 721 1558 712
743 1484 1060 1550 vindictam,
1085 1494 1143 1538 ut
1169 1483 1433 1540 retribuat
1454 1482 1726 1550 hostibus,
1755 1490 1809 1538 et
1838 1481 2029 1537 reddat
2056 1481 2157 1536 ini-

559 1580 718 1636 micts
759 1585 894 1644 suis,
935 1590 990 1635 et
1028 1578 1231 1634 insulas
1256 1594 1470 1643 eorum,
1504 1577 1556 1632 id
1587 1588 1692 1641 est,
1727 1575 1890 1632 urbes
1918 1575 2156 1630 viculos-

557 1690 664 1746 que
705 1673 1005 1736 subvertet.
1051 1683 1180 1728 tunc
1209 1672 1529 1743 alienigena:
1560 1671 1650 1740 qui
1680 1670 1750 1726 de
1777 1669 2073 1726 Occidente
2103 1678 2159 1724 et

2256 464 2468 526 gnatum
2502 462 2576 508 est
2605 469 2762 518 super
2789 470 2881 508 nos
2906 453 3078 508 lumen
3109 453 3276 506 cultus
3309 451 3400 517 tui,
3437 448 3649 502 Domine
3668 445 3812 516 (Psal.

2257 563 2330 612 ιν,
2376 546 2456 617 7).
2505 547 2572 600 Et
2614 546 2665 600 in
2711 544 3022 611 Ezechiele,
3053 545 3298 600 virorum
3330 540 3656 612 gementium
3682 539 3811 611 713

2257 639 2464 693 lrontes
2501 653 2664 703 τιιΑν,
2711 636 2906 693 litterte
2947 637 3252 708 Hebraicte,
3295 650 3412 703 qua:
3451 632 3595 700 apud
3635 647 3720 685 eos
3753 631 3813 685 υι-

2259 731 2386 784 tima
2411 741 2516 794 est,
2547 729 2907 799 impressione
2935 731 3226 800 signantur
3249 725 3466 797 (Ezech.
3492 726 3596 795 ιι).
3629 724 3713 778 Sin
3741 737 3813 778 au-

2259 835 2367 880 tem
2407 825 2549 881 scire
2588 825 2861 889 volumus,
2903 824 3182 896 quomodo
3222 820 3460 892 Spiritus
3500 827 3708 873 sanctus
3732 817 3814 871 Ilu-

2258 917 2379 971 vius
2418 916 2690 972 violentus
2721 916 2812 980 sit,
2870 914 3260 986 Apostolorum
3294 924 3410 968 aeta
3443 911 3753 981 relegamus,
3775 909 3814 964 in

2258 1009 2456 1078 quibus
2496 1008 2758 1079 scriptum
2797 1017 2883 1064 est
2925 1026 2938 1062 :
2987 1007 3116 1063 Cum
3156 1015 3329 1062 autem
3357 1003 3657 1075 congregati
3683 1013 3816 1057 essent

2259 1101 2476 1171 pariter,
2518 1104 2686 1172 factus
2725 1111 2799 1156 est
2828 1101 2997 1156 subito
3035 1101 3098 1154 de
3131 1100 3258 1154 caelo
3284 1114 3442 1153 sonus
3472 1096 3618 1168 quasi
3643 1095 3817 1164 spiritus

2260 1195 2532 1259 violentus,
2571 1203 2620 1248 et
2659 1195 2887 1266 implevit
2925 1194 3216 1248 universam
3251 1191 3460 1245 domum
3493 1189 3580 1242 ubi
3606 1198 3737 1242 erant
3759 1204 3820 1241 sco

2259 1287 2456 1342 dentes.
2494 1288 2962 1360 Apparueruntque
3004 1289 3078 1340 eis
3116 1286 3309 1358 linguis
3346 1283 3594 1353 dispersa:
3624 1281 3740 1335 sicut
3763 1283 3821 1353 ig-

2261 1385 2338 1438 nis
2383 1399 2402 1438 :
2435 1393 2485 1438 et
2505 1385 2635 1438 sedit
2677 1401 2829 1457 super
2869 1381 3103 1455 singulos
3146 1397 3346 1436 eorum.
3395 1377 3692 1449 Repletique
3727 1387 3820 1431 sunt

2261 1493 2434 1531 omnes
2464 1476 2668 1549 Spiritu
2695 1489 2874 1532 sancto
2897 1476 3036 1549 (Act.
3054 1493 3112 1542 ιι,
3140 1474 3197 1542 2,
3228 1474 3307 1543 5).
3341 1472 3600 1541 Sequitur
3629 1488 3642 1524 :
3677 1468 3822 1524 Veniet

2261 1571 2550 1638 redemptor
2595 1569 2724 1625 Sion
2764 1586 2782 1623 :
2818 1580 2866 1623 et
2906 1585 3085 1624 eorum
3125 1567 3213 1637 qui
3250 1567 3467 1620 redeunt
3503 1563 3566 1617 ab
3592 1563 3824 1631 iniquitate

2262 1661 2316 1715 in
2341 1660 2528 1728 Jacob,
2563 1661 2688 1716 dicit
2717 1661 2995 1716 Dominus.
3025 1660 3130 1716 Pro
3159 1674 3268 1729 quo
3293 1658 3648 1728 Septuaginta
3678 1667 3825 1709 trans-

557 1768 778 1825 Oriente
822 1767 1035 1822 venturi
1080 1774 1229 1832 sunt,
1278 1774 1335 1819 ut
1378 1764 1726 1834 requiescunt
1755 1763 1807 1816 in
1839 1762 1958 1816 sinu
1989 1761 2160 1816 Abra-
2189 1749 2238 1811 B
2266 1756 2503 1812 tulerunt
2536 1774 2560 1814 _:
2600 1755 2778 1811 Veniet
2808 1773 2873 1811 ex
2903 1755 3035 1812 Sion
3072 1756 3162 1825 qui
3192 1755 3366 1808 liberet
3401 1768 3419 1808 :
3448 1761 3499 1806 et
3551 1758 3729 1805 avertat
3752 1749 3827 1802 intc

558 1861 682 1917 liam
705 1859 1070 1934 (Matth.vnt),
1090 1859 1158 1913 de
1178 1858 1376 1928 quibus
1396 1868 1448 1913 et
1473 1871 1636 1926 supra
1660 1856 1761 1926 (Ad
1774 1872 1891 1928 cap.
1917 1852 2162 1924 xux,I2)

555 1954 762 2010 dictum
781 1964 862 2007 est
882 1969 894 2004 :
911 1950 1048 2005 Ecce
1059 1950 1219 2004 istide
1231 1948 1614 2021 longeoenient,
1634 1946 1728 2002 alii
1749 1946 1817 2002 de
1841 1946 2162 2011 Occidente,

559 2057 615 2102 et
643 2046 736 2101 alii
761 2044 831 2100 ab
857 2044 1148 2113 Aquilone,
1181 2051 1234 2096 et
1264 2041 1356 2096 alii
1382 2040 1451 2096 de
1483 2050 1628 2095 terra
1660 2039 1974 2101 Persarum.
2006 2039 2165 2094 time-

561 2138 691 2194 bunt
729 2137 1038 2197 Dominum,
1071 2149 1137 2190 eo
1169 2133 1366 2189 timore
1394 2133 1487 2203 qui
1525 2143 1608 2190 est
1641 2131 1852 2188 initium
1885 2129 2167 2201 sapientia:

563 2229 753 2305 (Eccli.
790 2229 863 2300 ι).
899 2228 975 2284 De
1000 2243 1108 2299 quo
1139 2227 1192 2282 in
1225 2225 1410 2282 multis
1437 2227 1572 2281 locis
1601 2225 1850 2296 legimus,
1875 2240 1942 2280 ex
1969 2225 2168 2294 quibus

558 2340 730 2398 pauca
756 2337 1022 2393 ponamus
1051 2341 1065 2378 :
1096 2321 1288 2377 Beatus
1311 2323 1387 2376 vir
1408 2322 1498 2392 qui
1519 2321 1660 2377 timet
1688 2319 1969 2374 Dominum
1991 2316 2166 2391 (Psal.

557 2434 670 2482 cxt,
721 2417 798 2486 1).
847 2417 916 2472 Ει
959 2434 971 2470 :
1021 2414 1146 2470 Non
1187 2424 1262 2468 est
1302 2413 1479 2480 inopia
1520 2413 1814 2466 timentibus
1854 2407 2167 2480 eum(Psal.

559 2528 749 2580 xxxttt,
782 2511 896 2579 10).
925 2510 992 2564 Et
1027 2526 1040 2563 :
1069 2507 1246 2563 Timor
1279 2505 1490 2561 Domini
1520 2504 1800 2573 disciplina
1831 2513 1880 2557 et
1908 2502 2171 2572 sapientia

557 2604 746 2678 (Prov.
773 2619 866 2670 xv,
894 2601 1019 2671 33).
1051 2601 1116 2656 Et
1145 2617 1158 2652 :
1194 2598 1394 2662 Venite,
1427 2596 1550 2666 ﬁlii,
1580 2597 1757 2651 audite
1784 2611 1864 2649 me
1892 2611 1911 2648 :
1937 2595 2173 2649 timorem

559 2695 772 2752 Domini
814 2693 1006 2748 docebo
1049 2708 1136 2746 vos
1177 2689 1350 2759 (Psal.
1401 2705 1599 2756 χχχιιι,
1645 2686 1759 2759 I2).
1811 2689 1877 2742 Et
1925 2704 1938 2740 :
1981 2686 2173 2742 Beatus

561 2791 716 2842 homo
737 2788 824 2853 qui
849 2786 990 2840 timet
1014 2782 1297 2837 Dominum
1325 2781 1816 2854 (Psal.cxxvu,4).
1852 2780 1919 2836 Et
1946 2797 1962 2837 :
1995 2781 2174 2837 Timor

559 2879 772 2935 Domini
796 2877 943 2932 addit
974 2877 1085 2931 dies
1111 2875 1299 2941 (Prov.
1329 2892 1385 2941 Χ,
1416 2875 1532 2945 27).
1560 2873 1718 2942 Quod
1743 2884 1926 2930 autem
1952 2875 2174 2944 repulso

560 2974 752 3041 Israel,
795 2973 1036 3044 gentium
1079 2971 1236 3026 turba
1265 2971 1544 3039 succedat,
1576 2969 1875 3026 Malachias
1908 2969 2172 3041 propheta

563 3069 777 3142 plenius
815 3068 995 3135 docet,
1041 3065 1093 3120 in
1138 3079 1247 3136 quo
1285 3062 1490 3120 dicitur
1531 3063 1596 3118 ad
1640 3064 1862 3121 Jutla'os
1897 3082 1910 3118 :
1943 3061 2070 3118 Non
2099 3073 2174 3117 est

2270 1853 2481 1922 pietates
2522 1870 2554 1906 α
2579 1852 2765 1906 Jacob.
2798 1852 2853 1908 Si
2886 1865 3016 1922 ergo
3041 1849 3110 1905 de
3138 1851 3268 1905 Sion
3300 1848 3511 1914 veniet,
3544 1847 3630 1912 qui
3656 1851 3828 1898 avertat

2270 1945 2578 2015 impietales
2617 1962 2644 1998 a
2685 1944 2889 2010 Iacob,
2937 1945 3041 1998 hoc
3081 1941 3479 2008 intelligimus,
3523 1936 3657 2008 quod
3695 1935 3826 1989 homo

2271 2052 2432 2097 natus
2461 2043 2530 2097 sit
2558 2043 2610 2098 in
2644 2041 2802 2105 Sion,
2836 2050 2894 2098 et
2925 2040 3234 2095 fundaverit
3261 2054 3382 2094 eam
3421 2036 3732 2093 Altissimus.
3755 2034 3826 2102 qui

2270 2137 2467 2193 avertit
2491 2137 2696 2192 scelera
2725 2136 2916 2192 Iacob.
2946 2135 3040 2190 Sin
3070 2144 3250 2190 autem
3281 2133 3450 2187 veniet
3482 2131 3604 2186 Sion
3631 2129 3826 2195 redemp-

2273 2242 2374 2298 tor,
2419 2241 2466 2287 et
2501 2231 2583 2286 Itis
2620 2234 2710 2303 qui
2748 2232 2968 2287 redeunt
3008 2231 3072 2285 ab
3111 2230 3387 2300 iniquitate
3431 2228 3486 2282 in
3522 2224 3694 2287 Iacob,
3728 2221 3828 2274 dicit

2273 2323 2551 2390 Dominus,
2591 2323 2680 2379 hic
2717 2337 2912 2380 sensus
2939 2330 3021 2378 est
3051 2341 3062 2376 :
3092 2320 3288 2376 Veniet
3327 2317 3577 2374 Christus
3607 2315 3684 2385 qui
3713 2313 3830 2369 redi-

2275 2429 2387 2474 met
2415 2417 2548 2475 Sion
2591 2417 2855 2488 sanguine
2889 2431 3010 2471 suo.
3049 2412 3179 2472 Sive
3207 2413 3360 2481 juxta
3393 2411 3693 2466 Ilebraicam
3721 2422 3828 2477 pro-

2274 2511 2582 2582 prietatem,
2607 2508 2698 2578 qui
2725 2508 3044 2580 propinquus
3067 2514 3153 2562 est
3171 2504 3325 2572 Sion,
3353 2513 3416 2561 et
3439 2504 3507 2559 de
3529 2501 3670 2557 Israel
3687 2498 3833 2567 stirpe

2275 2613 2568 2676 generatus
2597 2604 2690 2671 sit,
2729 2604 2833 2659 hoc
2864 2603 3008 2658 enim
3038 2617 3174 2658 cost.
3202 2583 3373 2672 (Bm:
3396 2600 3444 2672 ),
3483 2599 3534 2655 id
3562 2607 3652 2662 est,
3679 2598 3831 2669 ἀγκισ·

2275 2702 2396 2760 τεὺς
2448 2706 2626 2754 sonat.
2665 2699 2740 2752 Ac
2781 2711 2850 2752 ne
2889 2707 3144 2766 putemus
3172 2709 3398 2750 omnem
3448 2691 3634 2748 redimi
3655 2689 3766 2744 Sion
3791 2695 3835 2742 et

2276 2803 2394 2844 eam
2435 2787 2504 2844 de
2543 2786 2846 2843 sceleribus
2884 2786 3143 2855 liberari,
3187 2800 3312 2856 qua:
3355 2783 3577 2840 Domini
3613 2780 3832 2850 sanguine

2275 2890 2501 2941 cruenta
2526 2881 2634 2954 [ΑΙ.
2669 2879 2976 2954 cruentata]
3017 2890 3122 2949 est,
3165 2879 3543 2951 signiﬁcanter
3582 2875 3829 2948 adiunxit:

2279 2979 2358 3032 his
2380 2977 2467 3048 qui
2495 2978 2710 3032 redeunt
2732 2977 2796 3032 ab
2824 2977 3116 3049 iniquitate,
3146 2976 3190 3028 si
3218 2975 3496 3030 voluerint
3520 2987 3672 3044 agere
3697 2968 3831 3038 potni-

2279 3067 2528 3132 tentiam,
2556 3067 2608 3121 in
2632 3067 2831 3136 quibus
2851 3067 3030 3121 oratio
3052 3066 3266 3122 Domini
3290 3067 3632 3132 compleatur
3655 3082 3667 3118 :
3688 3060 3830 3123 Pater,

561 3166 798 3220 voluntas
836 3178 948 3217 mea
981 3162 1036 3216 in
1064 3160 1223 3227 vobis,
1255 3160 1379 3215 dicit
1414 3159 1666 3216 Dominus
1704 3159 2065 3229 Omnipotens.
2098 3156 2160 3212 Et
2189 3143 2235 3205 C
2267 3161 2475 3234 ignosce
2511 3163 2604 3229 eis,
2644 3160 2782 3230 quod
2820 3162 2958 3214 enim
2996 3161 3218 3232 faciunt,
3261 3159 3505 3214 nesciunt
3531 3157 3678 3230 (Luc.
3702 3167 3831 3215 xxut,

560 3258 784 3314 hostiam
825 3272 925 3312 non
966 3255 1244 3326 suscipiam
1271 3255 1337 3309 de
1361 3253 1600 3309 manibus
1628 3253 1810 3309 vestris
1833 3251 2094 3328 (Malach.
2125 3267 2164 3314 ι,

561 3350 653 3420 10,
701 3350 815 3423 Ii).
859 3349 1204 3419 Rursumque
1243 3349 1312 3404 de
1348 3347 1700 3405 multitudine
1731 3348 2010 3402 nationum
2045 3363 2058 3400 :
2093 3345 2168 3399 Ab

557 3453 677 3500 ortu
703 3444 838 3498 enim
861 3443 990 3499 solis
1021 3459 1180 3514 usque
1207 3443 1276 3496 ad
1301 3459 1565 3506 occasum,
1593 3441 1945 3515 glorificatum
1970 3449 2044 3495 est
2075 3455 2170 3494 no-

560 3552 676 3590 men
707 3552 877 3590 meum
903 3536 958 3590 in
978 3535 1241 3606 gentibus.
1273 3534 1444 3599 lluius
1476 3531 1831 3586 beatitudinis
1860 3531 1950 3586 ille
1978 3543 2171 3586 anetor

556 3636 665 3687 est.
695 3629 786 3698 qui
826 3627 1008 3683 veniet
1051 3627 1203 3698 quasi
1240 3626 1432 3695 [iuvius
1463 3625 1741 3686 violentus,
1774 3641 1922 3694 quem
1953 3625 2169 3693 spiritus

559 3718 771 3776 Domini
801 3720 956 3793 cogit.
987 3718 1114 3775 Sive
1145 3728 1202 3772 ut
1231 3717 1428 3788 Aquila
1459 3717 1762 3782 transtulit,
1793 3717 1946 3786 quasi
1974 3715 2167 3784 ﬂumen

553 3822 861 3888 angustum,
879 3812 1099 3880 spiritus
1120 3809 1334 3864 Domini
1359 3809 1687 3878 signaculum
1712 3811 1844 3872 eius.
1868 3807 1975 3862 Aut
1999 3806 2171 3862 Theo-

558 3906 736 3973 dotio,
766 3907 916 3979 quasi
943 3906 1134 3977 ﬂuuius
1160 3919 1488 3978 oppugnatis.
1517 3903 1732 3976 spiritus
1759 3901 1966 3956 Domini
1994 3902 2170 3974 signa.

558 4008 636 4054 tus
658 3998 826 4056 est.ln
859 4013 926 4053 eo
953 4012 1090 4068 ergo
1119 3993 1417 4052 testimonii
1449 3993 1632 4064 hujus,
1650 3995 1794 4063 quod
1826 3993 1968 4049 LXX
1995 4002 2170 4049 trans-

559 4093 824 4158 tulerunt,
868 4091 1017 4162 quasi
1055 4089 1248 4161 ﬂuvius
1300 4085 1578 4153 uiolentus,
1623 4087 1706 4139 ira
1745 4085 1955 4140 Domini
2009 4087 2170 4140 veniet

557 4200 678 4238 cum
721 4187 918 4254 furore,
968 4196 1094 4252 pars
1131 4179 1324 4236 ultima
1366 4179 1419 4233 in
1463 4177 1733 4234 Hebraico
1773 4192 1881 4232 non
1913 4177 2168 4232 habetur.

557 4277 747 4348 Neque
787 4277 933 4330 enim
976 4275 1028 4329 in
1069 4271 1602 4344 repromissionibus
1645 4271 1762 4337 Dei,
1805 4271 1881 4327 ira
1913 4270 2172 4342 furorque

558 4368 851 4441 ponendus
884 4378 968 4423 est
1007 4385 1022 4422 :
1059 4381 1182 4423 cum
1210 4367 1262 4422 in
1293 4366 1511 4424 caeteris
1539 4381 1658 4437 quae
1687 4374 2013 4436 sequuntur,
2045 4365 2174 4422 bea-

561 4463 738 4521 titudo
782 4462 853 4519 sit
895 4462 1223 4520 futurorum.
1263 4469 1320 4516 et
1353 4458 1709 4516 comminatio
1747 4474 2016 4531 pomaque
2046 4475 2173 4530 pec-

2269 3252 2382 3326 54).
2411 3254 2611 3309 Eorum
2641 3253 2810 3326 igitur
2835 3253 2890 3308 in
2919 3252 3052 3308 Sion
3085 3251 3394 3322 redemptio
3424 3261 3511 3307 est
3541 3269 3550 3303 :
3577 3258 3630 3304 ct
3655 3246 3832 3318 propin-

2271 3363 2443 3418 quus,
2485 3347 2576 3417 qui
2621 3363 2746 3404 eum
2790 3345 3132 3416 susceperint
3170 3361 3238 3402 ex
3267 3346 3476 3405 Iacob.
3503 3353 3556 3401 et
3585 3343 3686 3398 illis
3709 3336 3834 3410 polli-

2269 3453 2424 3499 cetur
2463 3443 2653 3498 dicens
2697 3459 2711 3494 :
2756 3440 2877 3496 Hoc
2915 3440 3084 3510 [cadus
3121 3455 3456 3494 meum-cum
3482 3440 3569 3499 eis.
3601 3435 3710 3489 sive
3734 3445 3831 3503 pac-

2270 3547 2378 3592 tum
2399 3577 2415 3602 ,
2462 3548 2522 3594 ut
2557 3551 2753 3592 omnes
2793 3535 2886 3590 alii
2920 3534 3346 3601 transtuli-runt,
3372 3545 3472 3588 aut
3501 3538 3834 3589 testamentum,

2271 3636 2332 3683 ut
2359 3642 2590 3698 posuere
2619 3627 2998 3699 Septuaginta.
3028 3625 3184 3696 Quod
3216 3626 3287 3680 sit
3311 3635 3499 3681 autem
3531 3623 3714 3688 imitus,
3737 3631 3835 3689 pac-

2272 3731 2408 3787 tmn,
2441 3729 2496 3776 et
2522 3727 2934 3780 testamentum.
2964 3734 3200 3790 sequens
3225 3733 3422 3774 versus
3448 3716 3715 3773 ostendit:
3738 3709 3835 3778 δρία

2269 3813 2422 3876 ritus,
2467 3813 2664 3883 inquit,
2710 3828 2852 3866 meus
2888 3813 2975 3878 qui
3013 3821 3085 3866 est
3124 3812 3178 3865 in
3219 3820 3288 3876 te,
3329 3819 3379 3865 et
3424 3811 3576 3866 verba
3605 3816 3836 3874 memque?

2271 3907 2422 3978 posui
2459 3907 2515 3962 in
2556 3923 2644 3961 ore
2685 3917 2793 3973 tuo,
2842 3923 2945 3960 non
2986 3905 3223 3961 recedent
3267 3904 3332 3959 de
3359 3921 3454 3960 ore
3486 3913 3596 3967 tuo.
3627 3911 3671 3956 et
3697 3899 3752 3953 de
3771 3909 3838 3949 ore

2270 4001 2479 4055 seminis
2522 3999 2640 4066 tui,
2681 3997 2867 4052 amodo
2908 4008 2958 4052 et
2987 4013 3149 4066 usque
3186 3997 3238 4050 in
3281 3998 3669 4064 sempiternum.
3708 3983 3830 4058 Quod

2271 4094 2356 4148 vel
2387 4091 2455 4146 ad
2484 4091 2677 4146 Isaiam
2706 4090 2933 4154 dicitur,
2962 4099 3020 4144 ιιι
3047 4089 3177 4145 mihi
3208 4089 3454 4151 videtur,
3488 4088 3572 4142 vel
3599 4085 3664 4140 ad
3688 4079 3834 4139 Domi-

2273 4201 2428 4252 num,
2458 4193 2520 4240 ut
2543 4185 2786 4258 plerique
2809 4183 3104 4238 aestimant.
3131 4181 3298 4254 Igitur
3323 4181 3392 4236 ad
3422 4181 3614 4237 Isaiam
3639 4179 3711 4235 sic
3731 4172 3837 4228 ordo

2273 4280 2621 4335 connectitur
2669 4295 2683 4333 :
2733 4277 2848 4333 Hoc
2890 4285 2974 4333 est
3019 4285 3230 4348 pactum
3278 4275 3564 4348 Evangelii
3591 4271 3835 4342 sempiter-

2275 4387 2428 4437 num,
2477 4379 2537 4426 ut
2575 4369 2802 4441 spiritus
2840 4385 2993 4424 meus
3037 4368 3129 4438 qui
3173 4377 3258 4424 est
3284 4369 3338 4423 in
3369 4377 3448 4436 te,
3483 4375 3540 4423 et
3564 4365 3713 4422 verba
3743 4371 3836 4415 mea

2274 4480 2394 4534 qum
2437 4463 2595 4536 posui
2639 4465 2690 4518 in
2729 4478 2827 4520 ore
2865 4473 2979 4532 tuo,
3028 4478 3128 4534 per
3165 4478 3287 4534 qua:
3318 4470 3553 4518 ventura
3587 4457 3834 4530 pra‘dices,

557 4557 823 4612 cautium.
866 4556 1030 4612 Juxta
1074 4554 1330 4623 Aquilam
1374 4562 1556 4609 autem
1602 4561 1658 4610 et
1699 4553 2164 4620 Theodotionem,
2197 4531 2452 4630 Πάιξ
2478 4571 2584 4612 non
2632 4556 2702 4612 de
2741 4564 2832 4611 tuo
2876 4571 2973 4612 ore
3016 4531 3327 4622 discedant,
3375 4570 3482 4612 nec
3523 4554 3592 4610 de
3633 4551 3830 4607 ﬁliorum

555 4649 783 4721 spiritus
826 4648 1042 4706 Domini
1087 4648 1176 4720 qui
1223 4647 1474 4719 signatus
1519 4648 1572 4702 in
1618 4645 1839 4702 Christo
1883 4656 1989 4714 est,
2035 4646 2168 4702 illud
2271 4661 2488 4706 tuorum
2531 4663 2596 4704 ac
2641 4658 2924 4718 nepotum,
2972 4658 3028 4706 et
3068 4650 3295 4707 seminis
3337 4649 3442 4715 tui,
3482 4659 3542 4704 ut
3582 4644 3743 4701 omnis
3765 4651 3839 4710 per

554 4746 850 4800 contirmat
889 4743 1202 4813 exemplum
1223 4780 1239 4808 ,
1280 4739 1427 4811 quod
1471 4739 1525 4794 in
1569 4740 1780 4794 Joanne
1819 4739 2169 4809 Evangelista
2267 4743 2470 4798 seriem
2501 4743 2786 4813 generatio
2814 4742 3221 4799 demonstretur
3253 4759 3266 4794 :
3295 4739 3439 4812 quod
3467 4739 3676 4795 scilicet
3696 4731 3836 4804 gratia

554 4836 753 4906 legitur
797 4853 812 4891 :
858 4835 1017 4890 Hunc
1061 4835 1198 4890 enim
1247 4833 1388 4888 Deus
1428 4833 1650 4906 signavit
1692 4830 1849 4886 Pater
1873 4830 2057 4905 (Joan.
2091 4847 2165 4900 vi,
2269 4836 2664 4907 Prophetarum
2709 4834 2763 4891 in
2805 4835 2832 4874 δ
2874 4837 3154 4906 Apostolis
3194 4836 3405 4900 veniat,
3451 4843 3509 4890 et
3533 4847 3632 4904 per
3658 4843 3742 4886 eos
3763 4821 3836 4895 qui

550 4927 678 4997 27);
725 4928 796 4983 de
837 4943 946 4998 quo
991 4935 1119 4983 ante
1161 4927 1273 4998 jam
1319 4927 1526 4982 dictum
1570 4934 1648 4980 est
1697 4942 1711 4978 :
1752 4923 1907 4980 Exiet
1933 4926 2077 4998 uirga
2104 4927 2168 4983 de
2269 4931 2339 4987 tle
2372 4931 2539 4987 Israel
2585 4946 2679 5000 per
2707 4931 3001 5002 Apostolos
3032 4930 3292 4987 credituri
3324 4939 3474 4984 sunt.
3504 4926 3655 4994 Quod
3682 4931 3834 4977 autem

550 5021 727 5076 radice
754 5019 921 5086 Iesse,
953 5031 1000 5076 et
1030 5021 1129 5090 ﬂos
1159 5019 1224 5075 de
1253 5020 1428 5074 radice
1451 5020 1564 5090 ejus
1591 5018 1854 5084 ascendet,
1887 5028 1934 5072 et
1961 5020 2164 5089 requie-

2270 5023 2435 5080 infert
2483 5042 2496 5080 :
2545 5025 2746 5079 Amodo
2788 5033 2834 5080 et
2865 5041 3026 5097 usque
3053 5026 3108 5078 in
3132 5023 3527 5094 sempiternum,
3562 5019 3636 5075 illi
3663 5028 3683 5057 ε
3708 5009 3832 5070 lesu-

549 5124 655 5172 scet
695 5129 852 5182 super
891 5129 1010 5169 eum
1049 5113 1278 5184 Spiritus
1309 5111 1544 5181 Domini,
1575 5115 1790 5187 spiritus
1817 5113 2086 5185 sapientia:
2112 5123 2162 5168 et
2273 5118 2462 5175 monio
2500 5119 2759 5190 congruit
2802 5135 2815 5173 :
2861 5118 3055 5174 Caelum
3093 5128 3140 5174 et
3181 5127 3318 5172 terra
3358 5115 3642 5172 transibunt
3671 5128 3688 5166 :
3713 5105 3835 5163 verba

551 5205 844 5265 intellectus
870 5249 884 5273 ,
927 5206 1137 5280 spiritus
1183 5207 1390 5260 consilii
1442 5216 1490 5259 et
1536 5206 1860 5278 fortitudinis
1887 5251 1901 5276 ,
1950 5206 2162 5278 spiritus
2271 5223 2441 5268 autem
2480 5230 2593 5268 mea
2633 5229 2733 5268 non
2775 5212 3104 5284 praeteribunt
3135 5210 3352 5285 (Matth.
3397 5227 3547 5277 xxiv,
3578 5201 3832 5277 35).Iiunc

547 5304 783 5360 scientia:
823 5313 871 5359 et
916 5301 1124 5374 pietatis
1149 5343 1164 5367 ,
1211 5310 1258 5357 et
1295 5299 1514 5372 replevit
1551 5317 1666 5356 eum
1708 5303 1920 5374 spiritus
1963 5303 2162 5358 timoris

639 5481 1018 5538 *Ambrosiani
1045 5479 1211 5538 codd.
1251 5480 1340 5537 hic
1389 5490 1554 5553 atque
1580 5480 1813 5538 inferius
1841 5493 2161 5541 constanter

555 5568 748 5609 vocem
797 5555 1008 5608 seminis
1059 5555 1228 5610 semel
1268 5561 1481 5610 tantum
1537 5553 1761 5620 habent,
1813 5556 1932 5623 ipso
1980 5566 2163 5612 tamen

557 5624 758 5709 librato
777 5625 1406 5709 arch:etyti_o.retiuente.
1434 5625 1731 5709 Vit-torius,
1779 5625 1858 5709 de.
1877 5637 2088 5709 oret-uo
2115 5637 2164 5681 et

557 5693 622 5775 de
642 5709 764 5775 pore
796 5693 1008 5750 seminis
1029 5697 1196 5775 tuilet
1225 5696 1300 5775 de
1324 5712 1409 5775 ore
1436 5698 1644 5751 seminis
1672 5697 1886 5775 seminis
1909 5697 1984 5752 tui
2008 5698 2161 5775 jux_ta

556 5763 907 5832 ﬂebraicum,
936 5775 992 5822 et
1015 5766 1083 5821 ad
1109 5766 1171 5823 S.
1223 5767 1404 5824 Patris
1449 5769 1904 5825 commentarium
1956 5763 2155 5839 reﬁxit,

2269 5306 2454 5363 locum
2494 5305 2785 5378 diligenter
2823 5305 3026 5363 Paulus
3067 5305 3398 5375 edisserens,
3440 5301 3633 5360 scribit
3656 5297 3716 5354 ad
3743 5293 3831 5348 Rn-

2268 5486 2610 5612 cplidlectioni
2641 5497 2697 5546 et
2741 5487 3120 5546 Lovanienses
3169 5489 3556 5547 emendatores
3597 5476 3824 5544 calculum

2273 5574 2300 5611 a
2385 5572 2500 5612 unt.

2273 5572 2500 5615 ιιααιιιιι.

2341 5610 2659 5705 {Restituit
2684 5632 2891 5689 Victor.
2918 5634 2973 5688 in
2999 5633 3271 5705 Apostolos
3297 5633 3488 5697 veniat,
3515 5639 3563 5685 et
3589 5627 3642 5681 in
3661 5638 3736 5678 £08
3753 5610 3824 5686 σαί

2269 5699 2332 5755 de
2358 5698 2546 5767 Israel,
2578 5715 2685 5759 etc.

2345 5784 2367 5813 ο
2395 5773 2569 5832 Antea
2596 5775 2784 5834 deerat
2809 5791 2913 5834 vox
2943 5775 3261 5833 testimonio.
