3972 6330
139 392 362 446 manus,
403 381 550 452 quod
591 401 699 442 non
729 390 800 443 sit
823 391 1106 449 distinctio
1135 396 1311 453 Jud:ei
1338 410 1390 454 et
1421 400 1617 468 Graeci,
1647 405 1745 460 sed

139 469 264 541 ipse
311 473 574 532 Dominus
614 480 882 550 omnium,
922 485 1076 541 dives
1105 488 1158 542 in
1189 491 1442 546 omnibus
1466 494 1559 562 qui
1589 498 1743 550 invo-

137 574 274 618 cant
317 567 470 624 illum
501 570 679 642 (Rom.
725 585 832 640 st);
878 587 933 632 et
972 579 1117 649 quod
1149 597 1257 638 non
1295 586 1374 640 sic
1409 587 1750 647 crediderint

137 668 359 729 gentes,
393 671 452 718 ut
479 662 647 722 Israel
676 669 892 738 penitus
921 671 1239 742 pelleretur.
1272 677 1413 733 Nam
1438 692 1487 735 et
1507 699 1624 754 ego,
1647 685 1744 753 ait,

138 749 410 809 Israelites
435 772 552 811 sum
576 775 644 814 ea:
667 764 864 816 semine
887 763 1175 833 Abraham,
1199 770 1264 825 de
1288 774 1423 828 tribu
1444 749 1741 850 Benjamin;

135 841 266 900 Non
290 848 481 918 repulit
505 848 646 906 Deus
676 853 872 922 plebem
899 872 1050 913 suam
1075 877 1228 931 quam
1251 866 1506 931 praesciuit
1529 841 1595 942 (ll
1619 868 1741 926 Cor.

133 936 304 1010 nu).
342 940 406 996 Et
450 952 572 1012 post
611 947 911 1018 paululum,
945 965 1070 1007 cum
1101 953 1233 1011 Elire
1261 936 1745 1026 posuisset‘exem-

131 1033 310 1104 plum,
341 1041 624 1107 querentis
649 1043 717 1098 ad
746 1043 1039 1102 Dominum
1064 1050 1206 1120 quod
1233 1052 1384 1108 solus
1409 1069 1554 1113 esset
1583 1059 1746 1117 relic-

129 1133 245 1193 tus,
291 1139 346 1184 et
389 1131 665 1188 audientis
707 1137 779 1190 ah
817 1152 884 1193 eo
910 1138 1053 1210 quod
1086 1141 1400 1214 reliquisset
1427 1147 1531 1203 sibi
1558 1149 1743 1207 Domi-

129 1234 241 1276 nus
280 1235 492 1294 septem
541 1227 712 1282 millia
744 1230 1013 1298 virorum,
1047 1235 1136 1303 qui
1168 1251 1275 1290 non
1307 1251 1623 1298 curvassent
1651 1259 1745 1314 ge-

129 1328 240 1370 nua
278 1327 405 1373 ante
444 1319 573 1374 Baal
605 1321 649 1393 (l
692 1320 825 1396 Reg.
872 1327 1007 1396 sis),
1057 1329 1278 1384 intulit:
1309 1332 1402 1388 Sic
1423 1336 1580 1407 igitur
1605 1341 1736 1395 etin

128 1407 231 1461 hoc
257 1417 484 1480 tempore
507 1415 744 1494 reliquit:
761 1420 1044 1474 secundum
1069 1422 1362 1480 electionem
1381 1431 1564 1498 gratite
1581 1433 1738 1488 salute

125 1503 287 1571 facta
325 1515 467 1560 sunt.
514 1505 579 1561 Si
619 1492 794 1562 autem
832 1512 1030 1583 gratia,
1063 1516 1179 1587 jam
1216 1533 1320 1572 non
1357 1536 1423 1574 ea:
1460 1524 1734 1593 aperibus;

123 1591 365 1663 alioquin
404 1599 577 1670 gratia
608 1601 728 1672 jam
768 1617 871 1655 non
911 1613 988 1658 est
1027 1609 1217 1675 gratia.
1263 1609 1408 1677 Quid
1450 1629 1572 1686 ergo
1613 1591 1735 1671 est?

120 1685 268 1757 quod
306 1688 559 1753 querebat
603 1689 788 1759 Israel,
822 1693 919 1749 Itoc
945 1704 1020 1750 est
1049 1711 1352 1758 consecutus
1381 1718 1402 1757 :
1430 1685 1612 1761 electio
1636 1723 1735 1762 au-

111 1786 229 1832 tem
263 1790 541 1836 consecuta
577 1792 653 1838 est
693 1800 713 1839 :
749 1787 921 1840 ceteri
963 1803 1083 1843 vero
1112 1795 1358 1848 επιτοαεὶ
1381 1806 1521 1850 sunt.
1558 1797 1662 1864 Qui
1685 1803 1731 1856 si

122 1885 232 1924 non
273 1875 655 1940 permanserint
695 1877 748 1930 in
777 1877 1169 1948 incredulitate,
1203 1883 1522 1943 inserentur.
1550 1886 1748 1946 Potens

688 273 1345 345 COMMENTARIORUM
1385 285 1452 344 lN
1491 286 1720 348 [SAIAM
1762 293 2184 361 PROPHE'I‘AM
2223 304 2354 363 LIB.
2401 309 2563 368 XVII.
2605 311 2761 374 CAP.
2799 317 2916 376 LX.

3347 297 3459 392 586‘

1774 414 1820 473 Α
1851 419 1926 463 est
1951 414 2108 479 enim,
2141 415 2338 485 inquit,
2371 419 2532 490 Drns,
2564 426 2747 482 iterum
2775 430 3003 490 inserere
3025 435 3147 493 illos
3171 439 3351 509 (Rom.
3375 463 3458 514 χι,

1849 499 1884 555 5
1919 511 1966 555 et
2005 505 2196 577 seqq),
2242 525 2349 565 non
2389 523 2579 570 contra
2623 532 2876 579 naturam
2917 543 2985 583 ex
3015 532 3278 602 oleastro,
3309 539 3453 597 sicut

1845 596 2087 664 gentium
2128 601 2334 659 inserta
2363 616 2446 660 est
2476 611 2797 682 multitudo;
2833 619 2929 675 sed
2957 596 3450 688 secwduutnatu-

1847 700 1963 742 ram
1990 688 2044 744 in
2075 692 2295 763 bonam,
2326 697 2377 752 id
2410 709 2519 766 est,
2547 703 2600 759 in
2631 721 2784 762 suam
2818 712 3042 770 olivam.
3077 715 3138 772 Et
3173 721 3241 775 ad
3263 735 3448 782 extre-

1849 795 1995 836 mum
2039 787 2243 854 posuit,
2289 799 2349 847 ut
2391 795 2459 848 ad
2491 813 2736 864 praesens
2762 805 3058 875 capitulum
3091 818 3405 882 perveniret
3436 836 3454 874 :

1849 873 1991 931 Nolo
2014 880 2151 935 enim
2177 897 2265 938 vos
2292 885 2535 957 ignorare
2558 896 2751 963 fratres
2781 904 3084 970 mysterium
3114 911 3234 971 hoc,
3266 918 3320 963 ut
3347 927 3452 967 non

1843 968 1957 1023 sitis
1983 972 2126 1040 apud
2153 978 2487 1046 vosmetipsos
2510 987 2786 1052 sapientes.
2819 992 2955 1058 Quia
2983 999 3188 1053 caecitas
3217 1017 3282 1056 eo:
3305 1015 3453 1073 parte

1845 1056 2017 1117 Israel
2051 1066 2289 1138 contigit,
2332 1071 2497 1127 donec
2533 1077 2801 1148 plenitudo
2826 1056 3058 1153 qentium
3084 1056 3400 1148 subintrarret
3432 1113 3452 1150 :

1841 1162 1890 1206 et
1927 1153 2003 1207 sic
2042 1158 2212 1213 omnis
2250 1157 2422 1218 Israel
2457 1166 2632 1224 salvus
2670 1171 2837 1241 fieret,
2868 1180 3014 1231 sicut
3040 1182 3296 1249 scriptum
3323 1196 3400 1241 est
3431 1204 3452 1240 .·

1852 1242 2028 1301 Veniet
2055 1264 2120 1304 ex
2149 1251 2285 1308 Sion
2310 1257 2401 1325 qui
2427 1258 2627 1329 liberet,
2658 1273 2707 1316 et
2725 1278 2916 1322 avertet
2941 1279 2966 1305 η
2990 1271 3280 1341 impietate:
3301 1293 3333 1331 a
3353 1279 3454 1333 Ja-

1841 1337 1956 1402 cob,
1985 1347 2033 1393 et
2056 1339 2154 1396 It'oc
2177 1343 2286 1400 illis
2311 1364 2342 1401 a
2364 1363 2448 1405 me
2475 1361 2861 1427 testamentum,
2894 1378 3013 1417 cum
3039 1337 3304 1424 abstulero
3329 1389 3452 1444 pec-

1840 1439 1956 1485 cata
1981 1448 2159 1490 eorum
2184 1437 2364 1508 (Rom.
2398 1459 2476 1510 χι,
2505 1448 2576 1502 25
2595 1458 2644 1503 et
2667 1452 2860 1526 seqq).
2890 1453 3018 1513 [huc
3044 1457 3255 1517 idcirco
3291 1437 3452 1526 latius

1841 1528 2121 1594 prosecuti
2147 1544 2359 1598 Sumus.
2393 1546 2452 1592 ut
2477 1542 2740 1615 quidquid
2773 1555 3266 1618 repromissionum
3294 1569 3349 1616 et
3380 1561 3455 1620 le-

1838 1616 2037 1685 gimus,
2081 1633 2137 1678 et
2177 1624 2379 1684 dicturi
2419 1647 2632 1701 sumus,
2673 1639 2740 1694 ad
2772 1616 2904 1698 Sion
2935 1654 2986 1701 et
3020 1649 3086 1702 ad
3119 1642 3450 1725 Jerusalem,

1763 1743 1812 1805 Β
1839 1727 1944 1766 non
1976 1719 2304 1814 petieraliter
2333 1724 2402 1780 ad
2433 1743 2631 1787 omnes
2658 1733 2902 1804 Judzeos,
2927 1741 3023 1796 sed
3046 1746 3364 1814 specialiter
3382 1751 3450 1808 ad

1836 1817 1933 1860 eos
1959 1803 2068 1862 dici
2119 1809 2499 1884 intelligamus
2517 1863 2532 1886 ,
2560 1822 2654 1893 qui
2691 1830 2745 1882 in
2772 1828 3056 1901 Apostolis
3075 1803 3141 1891 et
3167 1854 3266 1909 per

1857 1898 2211 1971 stoloselecti
2242 1919 2372 1964 sunt
2400 1927 2466 1968 es
2501 1913 2693 1974 Israel.

196 1981 218 2004 '
251 1981 818 2058 UnuslAmbrosian.,
857 2004 1052 2050 avertet
1088 1997 1415 2069 captivitales
1452 2016 1485 2054 a
1520 1999 1682 2058 Iacob
1715 2021 1737 2064 :
1763 2007 1956 2068 Grzuce
1984 2023 2165 2073 tamen
2205 2031 2293 2078 est
2321 2026 2586 2092 ἀσεϐείας.

657 2205 1150 2314 LIBER
1233 2210 1970 2331 DECIMUS
2037 2227 2905 2358 SEPTIMUS.

1659 2399 1916 2420 ᾗ

192 2461 551 2536 715716
567 2462 779 2532 Quanta
808 2465 1069 2538 mysteria
1098 2469 1366 2540 septimus
1397 2479 1523 2542 post
1573 2471 1724 2530 deci-

116 2570 267 2610 mum
298 2572 580 2623 numerus,
611 2558 680 2612 ad
731 2574 894 2630 quem
942 2575 1088 2617 nunc
1140 2563 1608 2632 Explanationum
1666 2568 1724 2623 in

114 2751 270 2810 neat,
296 2743 516 2813 vellem,
533 2743 686 2816 virgo
705 2745 910 2801 Christi
932 2745 1288 2804 Eustochium
1307 2749 1460 2807 brevi
1473 2766 1728 2808 sermone

114 2851 463 2906 percurrere.
501 2837 610 2893 Sed
637 2838 764 2908 quia
793 2855 901 2895 non
932 2855 1152 2910 possum
1181 2841 1363 2898 omnia
1391 2843 1443 2897 in
1475 2844 1729 2940 omnibus
1755 2903 1801 2940 ρ
1830 2853 1934 2924 Qui
1965 2859 2034 2915 de
2057 2877 2164 2919 uno
2196 2882 2424 2926 numero
2444 2873 2512 2928 ad
2544 2837 2942 2940 hebdoma-dein

114 2903 260 2985 locis
285 2928 495 2993 dicere,
542 2903 906 2988 hoc-strictim
933 2903 1236 3004 admoneo,
1269 2935 1414 3005 quod
1459 2937 1725 3007 psalmus,
1755 2903 1802 2969 Ο

113 3021 209 3092 qtti
245 3021 406 3090 hujus
438 3022 650 3078 numeri
677 3023 834 3078 titulo
861 3028 1306 3094 prienolatur,sit
1335 3029 1489 3098 pueri
1511 3029 1728 3086 Domini

112 3112 318 3180 David,
346 3123 403 3167 et
426 3114 692 3171 cecinerit
719 3115 884 3172 verba
915 3114 1151 3185 Cantici,
1182 3119 1237 3174 in
1269 3118 1361 3175 die
1384 3135 1488 3191 qua
1521 3122 1729 3193 eripuit

110 3219 240 3262 etttn
273 3206 536 3262 Dominus
567 3209 637 3264 de
663 3225 827 3264 manu
854 3212 1100 3267 omnium
1130 3213 1476 3271 inimicorum
1503 3233 1726 3274 suorum

110 3310 169 3356 et
199 3299 272 3356 de
288 3317 452 3355 tnanu
471 3301 625 3366 Saul,
647 3312 703 3356 et
722 3302 958 3359 dixerit:
984 3303 1220 3377 Diligam
1243 3317 1311 3370 te,
1339 3305 1584 3376 Domine,
1617 3315 1728 3382 [or-

112 3391 286 3446 titudo
319 3409 450 3458 mea,
479 3402 536 3450 et
563 3395 795 3466 reliqua.
823 3396 963 3453 Puer
985 3407 1167 3453 autem
1224 3399 1444 3456 Dotnini
1474 3401 1569 3458 ille
1617 3413 1721 3473 est,

108 3484 202 3540 cui
235 3484 402 3540 Pater
425 3485 663 3551 loquitur
692 3486 744 3542 in
778 3487 914 3544 Isaia
942 3506 956 3544 :
991 3488 1244 3563 Magnum
1277 3493 1368 3548 tibi
1422 3505 1498 3550 est
1549 3501 1723 3552 vocari

107 3593 336 3647 puerum
365 3595 532 3632 meum
557 3578 714 3648 (lsai.
739 3581 906 3654 xuv).
933 3583 996 3638 Ει
1019 3583 1072 3639 in
1104 3587 1212 3640 alio
1240 3587 1362 3643 loco
1386 3606 1399 3643 :
1434 3587 1572 3645 Ecce
1595 3608 1724 3664 puer

107 3687 259 3726 meus
287 3687 442 3743 quem
461 3674 613 3745 elegi,
633 3683 685 3730 et
702 3674 923 3731 dilectus
939 3693 1082 3734 meus
1103 3681 1156 3734 in
1173 3696 1276 3753 quo
1289 3683 1601 3753 complacuit
1621 3685 1722 3741 sibi

107 3765 223 3839 [χι.
256 3765 408 3839 mihi]
438 3769 614 3822 anima
638 3785 750 3824 mea
773 3769 931 3843 (Isai.
959 3789 1092 3838 χιιι,
1118 3772 1195 3847 2).
1223 3775 1329 3831 Iste
1353 3793 1486 3847 puer
1514 3781 1605 3851 qui
1638 3779 1720 3836 in-

104 3869 471 3926 terpretatur,
507 3863 658 3930 fortis
686 3863 945 3929 manu,in
1001 3863 1091 3920 die
1142 3882 1246 3936 qua
1292 3867 1537 3924 liberavit
1589 3886 1716 3927 eum

103 3949 380 4005 Dominus
409 3950 478 4006 de
509 3967 671 4007 manu
697 3953 830 4008 Saul
849 3971 867 4020 ;
895 3956 988 4025 qui
1015 3955 1068 4011 in
1101 3958 1280 4028 lingua
1305 3973 1514 4026 nostra,
1562 3978 1721 4031 expe-

104 4043 288 4108 titum,
319 4043 405 4098 vel
434 4043 700 4112 infernum
731 4058 909 4115 snnat,
956 4059 1011 4104 et
1068 4049 1137 4103 ab
1179 4052 1435 4108 omnibus
1479 4054 1717 4114 inimicis

101 4131 248 4193 suis.
283 4133 376 4203 qui
401 4132 779 4190 clamaverunt
808 4148 995 4192 contra
1027 4154 1152 4194 eum
1185 4139 1504 4215 :Cruciﬁge,
1549 4149 1718 4202 cruci-

103 4226 214 4296 ﬁge
245 4225 406 4279 talem
436 4223 592 4298 (Luc.
627 4227 804 4297 mu).
829 4229 1046 4299 quando
1073 4231 1140 4286 ad
1167 4231 1384 4289 Patrem
1417 4235 1594 4292 victor
1622 4253 1712 4294 as-

101 4317 300 4374 cendit
331 4315 494 4372 fulvis
522 4318 764 4374 vestibus
779 4320 848 4376 de
873 4321 1064 4388 Busra,
1089 4323 1234 4380 inter
1260 4340 1461 4383 caetera
1520 4332 1716 4386 trium-

102 4410 333 4482 phantis
357 4409 566 4464 locutus
587 4418 673 4466 est
699 4413 861 4467 verba
884 4431 896 4468 :
928 4411 1089 4488 Eripe
1109 4417 1265 4471 mede
1288 4419 1688 4478 contradictioni
1696 4453 1716 4466 -

104 4505 203 4559 bus
232 4500 417 4575 populi
435 4517 456 4558 :
484 4505 762 4561 constitues
793 4523 872 4560 me
899 4508 954 4562 in
975 4519 1128 4576 caput
1169 4514 1418 4584 gentium.
1480 4513 1718 4588 Populus

101 4612 261 4666 quem
288 4613 392 4650 non
414 4599 652 4668 cognovi,
682 4601 884 4654 servivit
905 4601 1034 4655 mihi
1047 4619 1066 4657 :
1088 4605 1143 4658 in
1166 4607 1350 4662 auditu
1373 4610 1516 4665 auris
1540 4610 1717 4666 obedi-

102 4691 174 4743 oit
204 4687 338 4742 mihi
369 4688 488 4760 (Ps.
522 4707 650 4757 xvu,
685 4691 780 4759 ιι,
828 4691 945 4761 45).
999 4695 1342 4769 lim-sumque
1392 4702 1461 4759 de
1513 4707 1714 4774 pupulo

104 4781 458 4838 Iudaeorum:
488 4779 619 4837 Filii
640 4782 798 4839 alieni
817 4787 1020 4840 mentiti
1039 4799 1161 4844 sunt
1189 4791 1318 4846 mihi
1349 4809 1369 4849 :
1397 4795 1497 4864 ﬁlii
1552 4798 1714 4853 alieni

103 4875 542 4941 inveteraverunt,
572 4885 621 4930 et
645 4875 1065 4934 claudicaverunt
1092 4897 1125 4935 a
1152 4885 1351 4939 semitis
1379 4887 1489 4941 suis
1523 4887 1711 4958 (Ibid.,

179 5021 206 5050 ι
237 5010 396 5095 lingit
431 5009 738 5095 Victorius,
771 5013 868 5095 hic
894 5013 1322 5095 psalmus_etiam
1345 5019 1399 5074 in
1433 5021 1717 5095 Samuelis,

105 5100 198 5139 seu
244 5082 447 5152 Regum
487 5081 704 5137 historia
731 5081 1054 5154 continetur;
1084 5087 1152 5141 ad
1179 5105 1341 5156 quam
1368 5081 1718 5151 asserendaui

106 5153 428 5218 lectionem,
469 5170 591 5220 qua:
633 5157 835 5208 nullius
860 5157 1005 5222 iptod
1035 5153 1209 5213 sciam
1235 5175 1338 5215 nis.
1369 5163 1576 5220 codicis
1602 5167 1718 5221 sui-

105 5225 288 5296 l'l'ugio
313 5225 1086 5302 "nihilnil-ttarglltllettlallll'.
1120 5229 1616 5302 Lutlttitttr,iut|ttit.
1648 5237 1720 5294 de

107 5293 308 5366 ρκκῖιιι.
334 5309 445 5351 xm
474 5312 489 5371 ς
521 5293 752 5371 Diligam
780 5311 846 5371 te,
878 5297 1119 5368 Domine,
1149 5293 1402 5371 fuititutlo
1430 5293 1564 5360 mea.
1594 5293 1724 5363 Fal-

107 5381 230 5422 sum
277 5383 410 5420 vero
447 5369 520 5420 sit
559 5369 704 5421 hunc
737 5369 1002 5436 psalmum
1037 5375 1090 5425 in
1121 5369 1339 5429 Dierum
1374 5379 1598 5430 historia
1632 5394 1720 5435 re-

108 5437 307 5508 periri.
337 5437 540 5509 nitippe
562 5451 688 5493 cum
719 5438 772 5494 in
805 5455 868 5494 ea
917 5441 1160 5509 psalmus
1200 5455 1406 5499 tantum
1433 5461 1519 5502 etv
1545 5465 1558 5502 :
1581 5448 1717 5504 Cone

106 5506 328 5577 ﬁtemini
358 5506 588 5586 Domino
606 5548 624 5570 .
654 5520 701 5563 et
729 5506 964 5566 invocate
1007 5529 1193 5569 nomen
1231 5518 1378 5586 ejus,
1407 5516 1722 5577 inveniatur

109 5580 337 5660 Il’aral.
364 5583 459 5644 l6;
477 5581 912 5660 psalmusautent
935 5580 1332 5660 XVIIAltalteal'ttl'
1346 5580 1386 5643 tl
1402 5588 1535 5660 Reg.
1553 5607 1612 5654 tt.
1627 5593 1721 5648 ‘12.

182 5650 213 5688 ιι
256 5651 440 5717 idem,
481 5652 747 5720 reuelabit,
777 5664 834 5709 et
861 5668 1012 5723 mox,
1042 5654 1336 5713 inhabitare
1361 5650 1622 5734 facit'pro
1647 5668 1729 5737 [e-

113 5721 210 5778 cit.

189 5803 213 5832 ο
257 5792 658 5850 Ambrosianus
697 5795 993 5863 recentior.
1040 5796 1250 5857 Octava:
1290 5803 1530 5862 additum
1552 5822 1728 5863 sacra.

522 5886 812 5950 Ρλτιιοι.
862 5887 1103 5954 XXIV.

1829 2479 1958 2550 46);
1989 2487 2192 2558 quibus
2229 2501 2285 2549 et
2314 2495 2464 2554 Elias
2509 2499 2758 2560 dixerat:
2817 2507 3094 2582 Usquequo
3130 2520 3442 2581 claudicatis

1829 2585 2046 2682 utroque
2072 2584 2203 2653 pede
2227 2587 2317 2658 (ill
2351 2589 2481 2662 lleg.
2506 2590 2657 2663 svnt,
2691 2597 2824 2672 ﬁl)?
2858 2603 3102 2678 Denique
3130 2614 3275 2683 quod
3298 2617 3443 2674 difﬂ-

1827 2668 1934 2725 cile
1961 2673 2012 2727 iu
2043 2676 2167 2733 aliis
2194 2683 2487 2752 reperitur,
2514 2688 2601 2744 hic
2624 2692 2864 2760 psalmus
2889 2706 2916 2734 ι
2945 2707 3053 2756 tam
3074 2703 3124 2757 in
3143 2707 3439 2779 Samuelis,

1829 2778 1991 2831 quam
2023 2766 2079 2822 in
2111 2769 2333 2829 Dierum
2358 2775 2586 2837 historia
2633 2787 2947 2845 continetur
2994 2793 3062 2866 (ll
3097 2795 3228 2869 Reg.
3278 2766 3441 2872 xxu):

2974 2901 3071 2956 per
3100 2890 3438 2954 incrementa

1835 2947 2147 3024 proﬁciens,
2177 2961 2329 3014 venit
2355 2962 2420 3016 ad
2466 2966 2788 3026 vicesimum
2844 2989 3096 3034 octavum
3139 2974 3433 3059 psalman

1832 3042 2002 3109 quiet
2029 3043 2147 3114 ipse
2199 3048 2521 3110 inscribitur
2557 3057 2750 3128 David,
2802 3064 2855 3118 in
2901 3042 3435 3138 consummationem

1835 3131 2188 3200 tabernaculi.
2210 3144 2428 3212 quando
2455 3147 2678 3218 Angelis
2709 3153 3013 3224 imperatur
3041 3180 3055 3216 :
3079 3131 3298 3233 A/I'ertei

1831 3224 1968 3279 mino
1995 3227 2094 3292 ﬁlii
2112 3227 2210 3285 Dei
2229 3249 2252 3287 :
2287 3234 2472 3302 θίγω-ιε
2503 3241 2722 3297 Domino
2752 3247 2892 3314 ﬁlios
2917 3224 3160 3311 arietum:
3217 3259 3285 3315 Et
3315 3279 3432 3320 om-

1829 3315 1916 3370 nia
1940 3317 2194 3386 baptismi
2223 3326 2480 3395 salutaris
2506 3341 2561 3387 et
2586 3333 2840 3394 Ecclesiae
2856 3347 3119 3414 mysteria
3133 3355 3434 3411 concinun-

1829 3414 1947 3464 tur:
1990 3408 2100 3494 Voa:
2118 3410 2330 3472 Domini
2354 3436 2513 3487 super
2538 3441 2735 3497 aquas:
2768 3408 2930 3488 Deus-
2955 3441 3241 3511 majestatis
3287 3446 3430 3505 into-

1826 3503 1976 3558 nuit:
2030 3506 2281 3565 Dominus
2337 3531 2493 3587 super
2531 3535 2692 3591 aquas
2730 3527 2944 3594 multas,
2983 3546 3084 3587 vos:
3113 3533 3327 3596 Domini
3373 3543 3429 3599 in

1824 3597 2008 3654 virtute
2034 3599 2156 3668 (Ps.
2184 3620 2371 3672 xxuu,
2409 3612 2496 3679 t):
2533 3611 2600 3668 Et
2627 3624 2752 3683 post
2804 3623 3113 3689 paululum:
3173 3630 3287 3687 Vos:
3321 3597 3431 3691 Do;

1824 3689 1953 3741 mini
1973 3697 2317 3765 prwparantis
2334 3715 2532 3768 cervos,
2563 3713 2612 3758 et
2632 3703 2658 3743 δ
2689 3711 3238 3791 revelavit'condensa,
3269 3734 3321 3780 et
3374 3729 3429 3783 in

1826 3775 2037 3853 Templa
2067 3784 2179 3852 ejus
2201 3804 2377 3844 omnes
2403 3793 2576 3848 dicent
2596 3797 2821 3868 gloriam
2874 3804 3067 3876 (lbtd.,
3098 3812 3154 3882 3,

1821 3885 1929 3942 que
1955 3885 2012 3928 ut
2053 3877 2456 3940 multitudinem
2505 3889 2850 3954 credentium
2883 3877 3311 3980 tletttonslrare't,
3346 3913 3426 3969 in-

1822 3965 1942 4020 tulit
1959 3983 1974 4020 :
1990 3965 2242 4026 Dominus
2263 3974 2818 4042 dilueiuminhabitare
2835 3988 2957 4058 fecit
2975 4009 2996 4047 :
3019 4007 3065 4049 et
3111 3965 3424 4060 sedebit'Do-

1819 4058 1991 4114 minus
2017 4077 2108 4117 rex
2128 4064 2180 4118 in
2207 4077 2472 4126 wternum.
2507 4075 2850 4149 Rursumque
2905 4094 2928 4122 ο
2987 4100 3183 4148 ectaio
3235 4097 3426 4157 addito

1817 4164 2184 4228 sacramento,
2198 4163 2543 4220 tricesimum
2560 4179 2774 4225 sextum
2791 4177 3062 4241 psalmum
3086 4182 3254 4242 cﬂicit
3279 4191 3424 4249 litte—

1816 4255 1993 4300 ratum
2004 4247 2181 4318 ,cujus
2197 4252 2524 4325 principium
2537 4269 2620 4315 est
2638 4278 2652 4314 :
2673 4261 2802 4319 Noli
2814 4270 3049 4327 aemulari
3062 4274 3119 4328 in
3133 4280 3426 4351 malignan-

1822 4335 1978 4402 tibus,
2012 4355 2174 4410 neque
2201 4346 2450 4402 zelaveris
2467 4351 2716 4419 facientes
2737 4357 3086 4430 iniquitatem.
3117 4335 3286 4442 Cujus
3329 4395 3424 4436 ex-

1824 4426 2044 4496 positio,
2071 4447 2178 4486 nun
2201 4435 2566 4510 prtelatiunis,
2588 4445 2684 4499 sed
2717 4426 2930 4520 proprii
2972 4426 3279 4520 voluminis

1818 4517 1892 4574 Et
1919 4535 1988 4576 ne
2027 4524 2193 4577 multa
2241 4543 2383 4584 nunc
2437 4533 2785 4607 repliremns,
2822 4517 3013 4615 usque
3059 4553 3126 4604 ad
3167 4557 3420 4624 quintum

1819 4609 2089 4668 decimum
2123 4631 2412 4674 numerum
2461 4638 2558 4694 per
2602 4642 2896 4699 augmenta
2926 4609 3309 4715 succrescens,
3366 4652 3423 4708 in

1816 4719 1927 4776 quo
1966 4708 2159 4776 psalmi
2205 4711 2472 4782 graduum
2502 4729 2654 4785 sunt,
2679 4734 2736 4776 et
2763 4719 2790 4759 ἀ
2823 4740 2918 4781 vas
2949 4730 3237 4792 electionis
3277 4745 3422 4812 apud

1822 4801 2041 4860 Petrum
2066 4804 2465 4882 llieroso'ymis
2494 4828 2898 4890 commoratur,
2917 4834 2939 4861 ε
2958 4831 3320 4891 centesimum
3341 4840 3426 4896 vi-

1821 4895 2086 4952 cesituum
2123 4898 2293 4956 efﬁcit
2333 4918 2646 4976 numerum,
2687 4913 2779 4982 qui
2835 4917 2998 4987 primi
3038 4919 3096 4978 in
3141 4924 3419 4991 Christum

1823 5039 2070 5086 mentum.

1895 5096 1922 5136 d
1947 5101 2053 5206 ντί
2070 5102 2358 5185 electionis,
2375 5117 2484 5192 etc.
2509 5110 2587 5167 De
2601 5111 2712 5206 bac
2728 5131 2956 5206 nnm_er_o
2974 5125 3193 5206 decimo
3211 5138 3424 5206 quinto.

1823 5179 1884 5267 sit
1900 5179 2203 5267 centesimp
2225 5181 2496 5263 vigesimo
2514 5187 2710 5267 eadem
2734 5179 3425 5267 scrilighatint-

1823 5241 3424 5350 ΣΨθοθΡίῑὲοέὲᾞῗένέῗθἐῗὶξίὶηυηεὶίῖ-τ’ί’ἶῖἓῖῖῗλιῗιῖὲἓέἓ’ὶῗζ

1823 5323 1930 5407 etc.
1966 5315 2138 5407 Porro
2159 5315 2436 5407 blat‘iatius
2469 5339 2661 5382 rootra
2696 5331 2854 5386 [idem

1822 5383 2005 5493 dic‘l'ltll
2026 5397 2203 5471 muta
2217 5406 2532 5476 contextum
2550 5413 2796 5493 διψῇ-ωε
2809 5423 2896 5458 em
2913 5383 3134 5465 stelluia

1823 5471 1894 5493 nn
1948 5471 2152 5493 Iﬂ-ollllln
2177 5476 2229 5493 ιιι
2255 5477 2313 5493 ,Δ
2342 5481 2565 5493 ...ιιι-Μ--
2610 5485 2654 5493 ,Α
2710 5487 2791 5493 HA-
2845 5485 2890 5493 ,Α
3017 5481 3055 5493 ι-

1823 5456 2155 5580 ἱιιθάίοέηιιυδ
2176 5462 2230 5515 itt
2253 5477 2314 5519 te
2341 5468 2567 5522 tnmima
2589 5456 3429 5560 ItallucitiattiuiDiei-53333;:

1876 5542 2097 5580 anmu.

1876 5542 2097 5587 ARTIAN.

1903 5607 1928 5634 ο
1965 5597 2168 5658 Conl‘er
2207 5604 2512 5698 epistolam.
2532 5608 2587 5666 in
2623 5623 2818 5698 nostra
2858 5622 3185 5698 recensione
3209 5629 3300 5698 53,
3336 5638 3432 5694 ubi

1829 5668 1899 5796 (le
1942 5668 2295 5732 numerorum
2337 5681 2539 5748 quinti,
2585 5668 3435 5780 etceutesim‘i't't'ig'esii’ni’

1857 5755 1942 5796 ur.

1857 5755 1942 5798 Ill'.

2756 5925 2835 5991 l9
