3972 6402
1389 61 1947 90 ____________,H

380 112 853 124 ὶρ-ι,

165 347 279 417 δια

717 355 1360 422 εοιιιιΕΝτΑιιιοΒωι
1398 355 1469 421 ΙΝ
1504 356 1741 425 ιεΑιΑιι
1780 359 1784 416 l

1890 355 2204 431 )PHETAM
2232 354 2365 420 LIB.
2408 358 2577 423 xvtt.
2614 358 2770 423 CAP.
2812 359 2925 423 Lx.
2975 359 2999 369 ‘

3365 369 3471 459 rso

167 482 253 529 tus
277 480 363 537 est
402 473 456 537 iu
489 472 761 542 Ecclesia,
792 478 998 537 etveri
1032 479 1177 551 regis
1222 474 1426 539 Christi
1472 475 1597 537 ildei
1625 476 1769 535 oolla
1796 482 1844 545 Α
1875 475 2217 552 Evangetium
2266 476 2483 544 Christi,
2530 478 2622 537 sed
2645 488 2693 535 et
2725 479 2929 539 animas
2966 486 3176 543 nostras
3203 481 3250 553 (l
3288 482 3471 542 Thess.

167 567 489 633 submittant
528 568 710 644 (Rom.
756 570 858 644 vt).
888 571 1041 641 Quod
1083 572 1330 647 quotidie
1378 570 1628 633 videmus
1673 587 1769 629 cx-

168 660 307 732 pleri
337 661 555 734 quando
587 661 914 722 idololatriae
939 679 1127 723 errore
1150 665 1394 733 sublato,
1428 673 1482 723 et
1510 679 1766 739 persecu—

170 753 341 809 tionis
372 754 544 822 rabie,
595 754 663 813 ad
708 754 874 814 tidem
920 770 986 813 ac
1028 757 1486 830 tranquillitatem
1536 755 1765 822 Christi,

168 844 405 905 Romani
433 846 714 921 principes
762 855 1066 907 transeunt.
1102 849 1242 905 Sunt
1280 849 1377 920 qui
1428 848 1543 905 haec
1584 848 1770 905 omnia

168 954 294 1013 quas
336 955 438 1001 nos
483 948 611 1012 post
655 941 891 1013 primum
921 942 1226 1001 Salvatoris
1271 942 1566 1001 adventum
1599 956 1770 1014 usque

167 1032 237 1089 ad
270 1034 807 1095 consummationem
858 1034 1070 1101 mundi,
1111 1043 1169 1093 et
1192 1050 1260 1093 ex
1289 1044 1443 1111 parte
1473 1034 1767 1108 completa,

168 1135 225 1183 et
271 1126 492 1198 penitus
525 1127 790 1198 explenda
844 1142 1236 1199 memoramus,
1296 1126 1477 1185 futuro
1521 1135 1771 1201 tempore

168 1222 579 1295 prtcstolentttt',
624 1224 844 1297 quando
891 1225 1237 1285 subintrante
1270 1224 1610 1297 plenitudine
1641 1239 1773 1297 gen-

168 1316 332 1385 tium,
359 1316 651 1377 salvandus
677 1319 749 1379 sit
778 1318 959 1379 omnis
987 1317 1155 1379 lsrael
1183 1317 1362 1392 (Rom.
1390 1317 1492 1390 XI).
1523 1317 1768 1385 Quorum

170 1424 515 1485 nequaquam
564 1410 839 1473 sententia
885 1410 1229 1484 reprobanda
1294 1420 1422 1479 est,
1472 1409 1774 1467 dummodo

168 1504 536 1576 Spiritualiter
564 1505 683 1567 hcce
713 1505 1061 1578 complenda,
1098 1516 1154 1563 et
1204 1521 1313 1563 non
1342 1503 1633 1561 carnaliter
1675 1516 1775 1561 no-

169 1599 432 1657 verimus.
467 1598 637 1657 Porro
680 1614 881 1659 nomen
928 1599 1223 1661 Jerusalem
1256 1605 1316 1656 et
1344 1597 1596 1671 gentium,
1630 1595 1774 1667 quod

166 1687 264 1746 bic
301 1704 332 1747 a
376 1687 517 1749 LXX
574 1688 819 1762 punitur,
865 1691 922 1753 in
974 1689 1241 1749 tlebraieo
1292 1704 1401 1747 non
1448 1688 1777 1757 habetur,“

167 1780 332 1836 obelo
386 1785 801 1855 prtenotandum
874 1790 1007 1849 est,
1070 1778 1237 1859 720
1294 1780 1582 1839 adversum
1635 1794 1773 1848 eos,

1872 583 1929 636 ιι,
1956 568 2011 635 7,
2042 569 2120 640 δ).
2151 569 2308 638 Quod
2337 581 2522 631 autem
2569 586 2669 642 pro
2699 569 2803 631 hoc
2836 573 2887 629 in
2916 571 3064 633 LXX
3095 572 3317 644 dicitur,
3342 577 3469 647 ﬁlia:

1869 668 1973 716 tute
2001 678 2153 734 super
2180 663 2420 720 humeros
2449 665 2812 735 portabuntur,
2845 664 3158 737 diligentius
3178 670 3469 726 attenden-

1870 751 1999 809 dum
2037 764 2139 813 ρει.
2180 753 2302 811 Filii
2330 754 2476 812 enim
2506 755 2598 828 qui
2627 757 2839 817 robusti
2864 768 3011 826 sunt,
3038 761 3139 834 ipsi
3172 776 3269 833 per
3311 777 3373 819 se
3400 764 3470 820 de

1872 844 2038 919 longe
2067 848 2316 915 veniunt,
2371 858 2425 903 et
2478 849 2543 903 ad
2590 849 2749 906 (idem
2787 850 2999 908 Domini
3047 865 3466 927 congregantur.

1870 936 2028 997 Filia:
2068 949 2250 998 autem
2284 957 2407 1014 quas
2430 942 2821 1002 imbecilliores
2852 955 2998 1013 sunt,
3030 955 3086 1004 et
3126 963 3225 1021 pro
3263 949 3471 1022 fragili-

1870 1039 1981 1089 tate
2004 1034 2165 1113 721
2188 1047 2374 1104 sexus,
2391 1037 2623 1093 necdum
2651 1037 2704 1093 in
2733 1037 2906 1095 virum
2925 1052 3125 1097 venere
3143 1041 3470 1112 perfectum,

1870 1127 2265 1199 Apostolorum
2313 1138 2605 1202 portantur
2640 1131 2907 1200 humeris,
2950 1141 3010 1190 ut
3049 1133 3373 1195 deferantur
3417 1139 3470 1194 in

1873 1220 2025 1295 sinus
2052 1220 2354 1284 Abraham.
2380 1222 2529 1279 Isaac
2559 1232 2614 1279 et
2642 1223 2829 1283 Jacob.

1945 1312 2125 1387 (Vere.
2158 1313 2240 1385 5.)
2272 1313 2421 1371 Tunc
2448 1315 2664 1383 videbis,
2687 1326 2736 1372 et
2773 1316 2987 1389 tif/lues,
3016 1328 3066 1377 et
3105 1320 3400 1391 mirabitur,
3431 1335 3482 1378 et

1874 1406 2187 1464 dilatabitur
2230 1423 2321 1465 car
2354 1418 2499 1465 tuum
2539 1426 2558 1463 :
2592 1410 2804 1482 quando
2844 1427 3090 1468 conversa
3129 1414 3287 1482 fuerit
3321 1415 3390 1468 ad
3433 1425 3482 1471 te

1875 1499 2160 1559 multitudo
2188 1500 2369 1568 maris,
2402 1502 2655 1574 fortitudo
2686 1503 2915 1577 gentium
2936 1505 3129 1560 venerit
3151 1505 3266 1561 tibi.
3302 1506 3478 1563 LXX:

1872 1591 2021 1649 Tunc
2046 1594 2264 1658 uidebis,
2295 1593 2323 1634 δ
2355 1605 2402 1651 et
2425 1596 2647 1662 timebis,
2675 1608 2721 1654 et
2751 1600 2980 1670 stupebis
3005 1600 3162 1656 corde
3188 1617 3208 1657 :
3236 1602 3481 1674 quoniam

1875 1690 2254 1759 transferentur
2282 1687 2405 1745 inte
2444 1689 2639 1746 diuitias
2668 1693 2854 1758 maris,
2882 1702 2932 1748 et
2956 1694 3207 1766 gentium,
3237 1702 3285 1749 et
3315 1711 3484 1764 popu-

1879 1777 2069 1834 lorum.
2100 1778 2235 1835 Cum
2268 1780 2575 1840 elevaveris
2601 1784 2790 1843 oculos
2834 1795 2977 1853 tuos,
3012 1796 3067 1841 et
3096 1786 3240 1843 ﬁlios
3270 1796 3392 1843 tuos
3419 1788 3486 1844 ti-

171 1872 267 1945 qui
322 1883 577 1931 asserunt
641 1874 828 1937 omnia
876 1889 996 1946 qua:
1038 1874 1298 1933 dicuntur
1340 1871 1447 1931 dici
1500 1870 1567 1931 ad
1619 1872 1772 1929 Jeru-
1806 1863 1854 1933 Β
1881 1868 2092 1942 liasque
2119 1874 2469 1945 prospexeris
2504 1873 2590 1929 vel
2624 1890 2723 1945 per
2758 1890 2819 1937 se
2855 1878 3047 1936 venire
3085 1878 3369 1951 velociter,
3398 1880 3486 1937 vel

173 1967 374 2023 salem.

166 2040 175 2045 ἰ
247 2059 436 2133 (Vers.
460 2059 544 2134 4.)
575 2059 712 2117 Lara
738 2061 789 2117 in
818 2061 1038 2119 circuitu
1067 2058 1245 2116 oculos
1275 2067 1391 2114 tuos
1415 2066 1465 2113 et
1490 2055 1604 2114 vide
1626 2073 1644 2111 :
1670 2072 1779 2111 om-

170 2169 269 2209 nes
309 2155 396 2215 isti
424 2157 725 2229 congregati
778 2163 1022 2213 venerunt
1072 2153 1184 2210 tibi.
1227 2150 1358 2209 Filii
1408 2152 1485 2211 tui
1521 2152 1584 2207 de
1629 2152 1778 2225 longe

178 2248 386 2303 uenient
409 2256 457 2301 et
478 2248 606 2321 ﬁlia:
638 2257 740 2303 tuae
764 2256 789 2284 ³
822 2247 875 2302 in
902 2247 1058 2303 latere
1083 2256 1284 2321 sugent.
1314 2243 1460 2303 LXX
1494 2263 1504 2297 :
1557 2244 1695 2303 Lena
1725 2244 1779 2299 in

175 2343 404 2401 circuitu
427 2342 605 2397 oculos
645 2350 760 2403 tuos
787 2357 805 2396 :
837 2351 884 2397 et
923 2341 1036 2395 vide
1064 2356 1238 2399 omnes
1281 2347 1616 2414 congregatos
1641 2339 1779 2410 ﬁlios

175 2447 319 2492 tuos.
360 2433 620 2489 Venerunt
676 2449 849 2489 omnes
885 2432 986 2503 ﬁlii
1016 2431 1092 2486 tui
1117 2431 1181 2486 de
1210 2431 1381 2503 longe,
1430 2439 1478 2484 et
1522 2430 1651 2501 filim
1677 2440 1783 2491 tute

171 2544 337 2603 super
382 2528 622 2585 humeros
674 2526 1038 2601 portabuntur.
1096 2522 1307 2579 Dicitur
1345 2521 1415 2577 ad
1455 2520 1778 2589 Ecclesium,

164 2638 302 2697 qum
327 2621 567 2694 primum
594 2635 691 2695 per
720 2617 1017 2690 Apostolos
1048 2627 1377 2691 congregata
1402 2625 1487 2672 est
1516 2615 1675 2684 Sion,
1714 2615 1784 2673 de

158 2714 379 2789 quibus
410 2723 465 2773 et
496 2713 549 2769 in
583 2713 808 2771 Actibus
834 2710 1224 2785 ApOstolorum
1258 2710 1509 2782 legimus,
1539 2707 1687 2787 quod
1711 2708 1786 2769 de

87 2825 93 2831 ‘
158 2808 443 2865 universo
470 2805 601 2865 urbe
632 2815 902 2863 terrarum
928 2804 1028 2859 viri
1049 2802 1298 2879 religiosi
1321 2801 1522 2857 fuerint
1551 2802 1603 2857 in
1626 2803 1780 2861 Jeru-

157 2898 384 2971 salem,
437 2901 529 2975 qui
580 2898 930 2971 susceperint
978 2911 1290 2954 sermonem
1346 2896 1444 2953 Dei
1490 2908 1547 2952 et
1584 2895 1785 2967 linguis

158 3008 406 3050 suarum
429 2992 846 3065 alienarumque
868 2990 1142 3062 gentium,
1158 2989 1246 3046 vel
1271 2988 1530 3045 audirent
1559 2988 1787 3059 loquen-

154 3096 268 3143 tes
315 3084 480 3153 alios,
510 3084 594 3140 vel
626 3082 729 3159 ipsi
762 3083 1114 3157 loquerentur
1141 3080 1209 3137 ad
1245 3091 1480 3139 caeteros
1525 3077 1665 3155 (Act.
1698 3078 1781 3153 ιι).

152 3180 254 3239 Et
305 3179 632 3255 praecipitur
673 3188 733 3234 ut
780 3179 962 3235 levent
1003 3177 1192 3237 oculos
1239 3190 1370 3232 suos
1414 3176 1469 3232 in
1500 3175 1731 3233 circuitu
1768 3192 1781 3231 :

159 3240 331 3350 quod
385 3281 443 3333 et
483 3240 754 3331 Dominus
790 3269 1050 3343 przecepit
1094 3268 1393 3341 Apostolis,
1426 3265 1615 3325 dicens
1650 3265 1787 3325 :Le-
1810 3240 1856 3311 (ἶ

164 3378 296 3425 vate
323 3364 505 3422 oculos
534 3360 752 3432 vestros,
782 3374 829 3417 et
862 3362 1042 3431 videte,
1070 3362 1196 3434 quia
1206 3363 1325 3435 jam
1342 3360 1475 3417 alba:
1501 3366 1622 3415 sunt
1651 3375 1787 3432 sege-

168 3470 250 3516 tes
287 3458 364 3513 ad
410 3457 699 3512 metendum
746 3452 930 3528 (Joan.
966 3469 1046 3523 tv,
1095 3454 1213 3525 35).
1262 3453 1340 3511 De
1370 3452 1501 3508 Sion
1541 3450 1708 3519 enim,
1733 3457 1788 3511 et

162 3551 536 3623 nequaquam
569 3546 638 3603 de
680 3556 866 3601 nionte
897 3534 1054 3612 Sina,
1092 3544 1406 3617 egredietur
1432 3542 1545 3610 lex,
1585 3552 1640 3598 et
1660 3557 1785 3598 ver-

167 3644 315 3705 bum
340 3637 559 3695 Domini
578 3637 649 3694 de
668 3635 995 3695 Jerusalem.
1016 3633 1451 3706 Praecipiturque
1474 3643 1531 3689 ut
1557 3632 1788 3689 elevatis

169 3737 365 3795 oculis
416 3734 598 3790 videat
632 3746 762 3789 suos
789 3731 932 3787 lilios
961 3738 1344 3801 congregatos,
1377 3730 1467 3801 qui
1513 3726 1582 3784 de
1626 3726 1789 3799 longe

168 3829 440 3897 veniant.
482 3826 582 3883 Cui
626 3826 764 3885 etin
795 3824 907 3879 alio
948 3823 1070 3883 loco
1100 3822 1303 3880 dicitur
1337 3840 1351 3879 :
1396 3818 1577 3879 Gaude
1608 3820 1786 3889 nimis,

168 3923 299 3994 ﬁlia
336 3919 495 3987 Sion,
537 3919 788 3993 praedico,
809 3916 925 3988 ﬁlia
949 3912 1244 3979 Jerusalem
1287 3931 1305 3968 :
1341 3910 1475 3970 Ecce
1499 3928 1595 3988 ego
1620 3914 1787 3991 uenio,

164 4000 220 4077 ἀ
244 4011 508 4077 habitabo
533 4011 587 4069 in
609 4011 777 4081 medio
803 4010 898 4076 uti,
928 4007 1055 4078 dicit
1080 4005 1336 4069 Dominus
1351 4005 1641 4081 (Sopth'
1660 4003 1749 4079 17)
1771 4023 1787 4077 ς

160 4096 259 4179 et,
308 4105 531 4171 Veniant
552 4112 726 4182 gentes
748 4104 925 4178 multa:
950 4104 1019 4158 ad
1045 4096 1331 4159 Dominum
1361 4117 1380 4158 :
1409 4110 1456 4157 et
1481 4111 1634 4161 erunt
1663 4102 1792 4165 mihi

168 4206 232 4273 in
268 4203 559 4277 populum,
605 4208 652 4267 et
687 4215 780 4277 ego
804 4215 897 4270 ero
933 4198 1007 4253 eis
1052 4198 1105 4250 in
1149 4195 1320 4253 Deum
1359 4193 1546 4269 (Zach.
1589 4210 1648 4265 tt,
1674 4196 1787 4268 11).

167 4295 299 4367 Nos
329 4288 517 4357 autem
547 4306 741 4347 sumus
759 4288 860 4349 lilii
882 4291 972 4361 qui
1004 4288 1075 4349 de
1112 4287 1278 4358 longe
1307 4286 1559 4343 venimus
1591 4286 1662 4343 ad
1690 4288 1793 4343 Do-

171 4388 432 4457 minum,
484 4383 752 4459 peregrini
795 4382 1072 4452 quondam
1124 4395 1153 4434 a
1201 4378 1563 4435 Testamento
1612 4379 1706 4437 Dei
1737 4389 1792 4441 et

160 4476 723 4559 ,repromissimtibus
758 4476 900 4550 eius,
934 4490 1090 4549 spem
1129 4491 1237 4531 non
1260 4470 1546 4541 habentes,
1577 4483 1635 4530 el
1665 4472 1793 4530 abs-

170 4590 296 4648 que
327 4571 447 4627 Deo
478 4570 532 4626 in
588 4570 809 4639 mundo.
843 4567 950 4625 Sed
978 4567 1107 4645 quid
1145 4569 1277 4626 dicit
1324 4566 1653 4639 Apostolus?
1686 4565 1793 4625 Vos

170 4669 276 4744 qui
328 4668 491 4723 eratis
538 4663 821 4737 aliquando
871 4661 1045 4736 longe,
1090 4678 1229 4719 nunc
1274 4664 1401 4736 facti
1456 4661 1579 4719 estis
1636 4677 1798 4735 grape

175 4759 422 4835 (Ephes.
468 4773 531 4822 tt,
560 4757 674 4829 15).
707 4755 974 4828 Quodque
1014 4755 1265 4825 sequitur
1299 4771 1318 4810 :
1365 4753 1433 4810 Et
1467 4754 1594 4827 filia:
1620 4754 1799 4813 tutein

164 4856 360 4917 latere
388 4859 593 4924 augent.
619 4850 760 4906 illud
789 4847 1085 4922 signiﬁcat,
1115 4846 1260 4920 quod
1282 4847 1479 4904 animm
1504 4849 1557 4903 in
1582 4845 1801 4909 Christo

174 4946 496 5012 lactentes,
523 4954 574 5001 et
596 4944 650 4999 in
678 4942 1013 5014 baptismate
1034 4944 1413 5014 parvulorum,
1444 4942 1512 4999 de
1530 4941 1729 5014 quibus
1747 4948 1801 4998 et

175 5041 400 5107 Petrus
427 5037 717 5106 apostolus
746 5036 1010 5109 loquitur,
1034 5036 1198 5105 Quasi
1227 5036 1378 5095 modo
1416 5036 1528 5095 nati
1560 5035 1800 5104 parvuli,

178 5129 519 5197 rationabile
544 5139 594 5189 et
621 5129 814 5203 absque
830 5129 953 5187 dolo
978 5129 1062 5187 lae
1082 5129 1368 5184 desiderate
1393 5127 1438 5201 (ι
1468 5126 1586 5185 Pet.
1617 5144 1687 5198 tt,
1714 5128 1799 5199 2),

174 5237 406 5301 ουσιαι
444 5224 545 5281 lae
569 5223 964 5296 apostolorum.
992 5222 1202 5292 Quibus
1239 5220 1486 5285 parvulis
1510 5230 1675 5291 atque
1701 5221 1811 5274 Ise-

172 5317 454 5378 eentibns
492 5316 819 5388 loquebatur
845 5324 901 5370 et
928 5314 1131 5372 Paulus
1154 5332 1168 5371 :
1195 5310 1383 5368 Filioti
1412 5312 1531 5381 mei,
1562 5328 1694 5383 quos
1720 5313 1814 5367 ite-

182 5431 326 5475 rm
350 5411 615 5489 parturio,
643 5412 807 5473 donec
827 5407 1065 5467 Christus
1090 5409 1342 5481 formetur
1375 5409 1433 5465 iu
1457 5408 1597 5464 vobis
1612 5405 1814 5481 (Colat.

1880 1973 2195 2025 sanctorum
2229 1965 2473 2025 humeris
2513 1968 2816 2039 deportari,
2848 1980 2974 2029 tunc
3014 1972 3303 2045 gaudebis,
3338 1985 3394 2030 et
3425 1977 3479 2031 in

1882 2057 2101 2121 modum
2134 2057 2454 2127 ﬂuviorum,
2484 2062 2640 2135 aquis
2670 2062 2864 2121 subitis
2900 2064 3273 2135 inundaberis,
3305 2074 3362 2123 et
3382 2067 3489 2121 mi-

1881 2152 2112 2218 rabitur,
2141 2166 2207 2213 ac
2232 2153 2497 2226 stupebit,
2531 2155 2699 2213 immo
2723 2155 3040 2214 dilatabitur
3067 2173 3165 2226 cor
3189 2167 3365 2226 tuum,
3387 2175 3486 2213 au—

1881 2241 2039 2303 diens
2083 2246 2408 2315 Apostolum
2442 2266 2456 2303 :
2492 2246 2566 2303 0s
2594 2265 2766 2305 meum
2795 2258 2936 2323 patet
2979 2251 3048 2305 ad
3090 2267 3197 2317 vos,
3231 2268 3262 2305 ο
3302 2251 3489 2308 Corin-

1882 2337 1998 2397 thii.
2029 2339 2096 2397 Et
2143 2339 2345 2399 iterum
2377 2359 2391 2396 :
2425 2339 2736 2399 Dilatamini
2778 2353 2827 2398 et
2860 2361 2953 2403 nos
2981 2344 3051 2416 (ll
3089 2343 3212 2400 Cor.
3247 2362 3322 2412 vt,
3360 2346 3486 2416 it);

1882 2445 1952 2487 ne
1979 2432 2225 2502 angustia
2271 2433 2509 2504 pectoris
2542 2450 2651 2493 non
2690 2434 2915 2507 possitis
2962 2436 3167 2492 habere
3215 2436 3485 2508 hospitem

1883 2518 2186 2589 Christum,
2209 2523 2300 2593 qui
2332 2522 2463 2581 dicit
2494 2522 2548 2579 in
2580 2525 2881 2597 Evangelia
2909 2543 2925 2582 :
2956 2525 3070 2599 Ego
3113 2536 3158 2585 et
3210 2527 3367 2584 Pater
3406 2544 3490 2584 ue-

1885 2615 2106 2685 niamus,
2139 2625 2185 2670 et
2216 2617 2541 2673 mansionem
2569 2620 2821 2691 faciemus
2851 2621 2992 2692 apud
3022 2638 3135 2677 eum
3159 2620 3341 2691 (Joan.
3373 2637 3486 2689 xxv,

1882 2703 2001 2779 25).
2033 2705 2189 2773 Quod
2222 2717 2402 2763 autem
2433 2707 2654 2764 additur
2685 2710 2738 2765 in
2772 2708 2939 2783 LXX,
2973 2721 3018 2766 et
3048 2711 3270 2779 timebis,
3303 2712 3354 2766 in
3381 2711 3487 2767 lle-

1886 2794 2073 2852 braicu
2101 2813 2214 2857 non
2259 2798 2514 2855 habetur.
2548 2799 2662 2857 Nisi
2697 2799 2837 2859 forte
2862 2812 2983 2873 post
3004 2803 3185 2873 gaudii
3220 2806 3491 2875 magnitu—

1885 2888 2069 2946 dinem
2101 2890 2437 2951 subintravit
2468 2894 2652 2965 timor,
2695 2910 2765 2952 ne
2796 2904 2951 2951 tanto
2986 2895 3131 2952 bono
3168 2904 3374 2953 careat.
3404 2899 3489 2953 An

1887 3000 1994 3041 non
2022 2994 2106 3042 est
2122 2986 2400 3058 gaudium,
2430 3003 2658 3046 cernere
2688 2988 2932 3052 divitias,
2983 3000 3037 3046 et
3081 2989 3485 3047 multitudinem

1887 3078 2056 3137 maris
2084 3080 2152 3137 ad
2186 3095 2247 3137 se
2292 3081 2578 3149 transferri
2609 3092 2771 3154 atque
2798 3084 3065 3152 converti,
3109 3093 3165 3140 et
3205 3082 3484 3141 fortitudi-

1890 3188 2014 3229 nem
2046 3174 2292 3246 gentium
2323 3174 2514 3233 venire
2543 3174 2667 3239 sibi,
2702 3182 2761 3231 ut
2800 3175 3062 3247 quidquid
3096 3176 3154 3231 in
3194 3177 3398 3233 saeculo
3428 3185 3490 3232 et

1889 3264 2024 3321 orbe
2051 3278 2319 3323 terrarum
2365 3276 2472 3333 est,
2520 3280 2679 3323 suum
2712 3268 2817 3333 sit;
2852 3273 2910 3323 et
2938 3267 3192 3324 roborata
3224 3267 3327 3323 ﬁde
3357 3283 3489 3340 gen-

1890 3360 2026 3416 tium
2059 3359 2247 3416 dicat:
2284 3360 2471 3416 Omnia
2512 3376 2723 3433 possunt
2762 3361 2817 3416 in
2859 3376 2919 3417 eo
2963 3362 3052 3434 qui
3098 3362 3351 3432 confortat
3381 3379 3485 3431 me,

1887 3452 2016 3513 Jesu
2042 3453 2262 3511 Christo
2292 3451 2462 3526 (Phil.
2492 3470 2564 3525 tv,
2603 3452 2733 3526 ιδῃ

1961 3544 2142 3618 (Vers.
2176 3544 2233 3614 6,
2268 3545 2349 3619 7.)
2392 3542 2678 3603 Inundatio
2709 3548 3021 3605 camelorum
3053 3548 3247 3620 aperiet
3271 3559 3339 3614 te,
3365 3549 3488 3605 dro-

1888 3635 2111 3692 medarii
2137 3634 2353 3693 Madion
2377 3649 2422 3695 et
2454 3636 2626 3711 Epha.
2663 3637 2855 3696 Omnes
2883 3642 2947 3697 de
2978 3641 3122 3698 Saba
3150 3643 3368 3709 uenient,
3394 3659 3487 3697 au-

1888 3748 2003 3787 rum
2034 3741 2082 3788 et
2104 3732 2224 3789 tltus
2248 3732 2560 3803 deferentes,
2594 3742 2643 3791 at
2672 3732 2883 3788 laudent
2910 3732 3138 3791 Domino
3167 3737 3489 3790 annuntian-

1891 3833 1987 3879 tes.
2015 3823 2180 3878 Untne
2205 3841 2362 3897 pecus
2383 3823 2553 3881 Cedar
2578 3828 2979 3900 aongregabitur
2995 3828 3090 3882 tibi
3115 3844 3135 3883 :
3161 3829 3347 3883 arietes
3379 3827 3495 3883 Na-

1891 3913 2071 3989 bajotlt
2110 3916 2482 3975 ministrobunt
2527 3917 2620 3973 tibi
2662 3934 2680 3972 :
2727 3916 3008 3985 oﬁerentur
3046 3935 3204 3991 super
3246 3918 3494 3991 placabili

1891 4009 2050 4066 altari
2098 4025 2211 4067 meo
2255 4026 2274 4067 :
2311 4020 2363 4067 et
2401 4010 2614 4067 domum
2662 4012 2945 4084 majestatis
2993 4029 3118 4069 metu
3161 4013 3489 4085 gloriﬁcabo.

1894 4098 2037 4163 LXX
2062 4118 2075 4154 :
2097 4100 2168 4159 Et
2198 4103 2395 4161 venient
2423 4104 2514 4160 tibi
2534 4119 2713 4178 greges
2736 4106 3075 4173 camelorum,
3109 4115 3157 4161 et
3187 4107 3416 4178 operient
3445 4120 3493 4162 te

1893 4193 2073 4250 cameli
2107 4194 2324 4252 Madian
2353 4208 2401 4251 et
2425 4195 2641 4268 Gephar
2669 4195 2779 4270 [AL
2810 4196 2987 4270 Epita]
3011 4217 3025 4254 :
3059 4214 3235 4254 omnes
3264 4200 3328 4254 de
3352 4199 3496 4255 Saba

1890 4290 2111 4359 venient,
2142 4306 2329 4346 aurum
2359 4298 2408 4345 et
2434 4288 2555 4347 thus
2581 4290 2872 4361 defcrentes
2904 4305 2921 4346 .'
2945 4299 2995 4345 et
3017 4291 3251 4348 salutare
3280 4291 3494 4348 Domini

1893 4380 2296 4439 annuntiabunt.
2333 4380 2522 4438 Omnes
2547 4397 2661 4438 oves
2685 4380 2855 4437 Cedar
2892 4384 3344 4456 congregabantur
3372 4386 3491 4455 tibi,

1895 4473 2082 4527 arietes
2111 4471 2370 4528 Nabteotlt
2397 4475 2623 4542 venient,
2653 4484 2700 4529 et
2722 4473 3009 4542 afferentur
3033 4475 3312 4547 placabiles
3339 4492 3497 4547 super

1900 4564 2066 4619 altare
2094 4580 2263 4619 nteum
2294 4580 2312 4619 :
2339 4572 2389 4619 et
2424 4564 2613 4621 domus
2653 4565 2907 4620 orationis
2938 4581 3063 4621 mete
3086 4566 3498 4638 gloriﬁcabitur.

1906 4658 2037 4715 l’ost
2065 4659 2283 4714 divitias
2314 4656 2481 4714 maris
2502 4668 2559 4714 et
2586 4657 2967 4715 fortitudinem
2999 4660 3272 4730 gentium,
3304 4675 3504 4731 greges

1908 4767 2125 4825 quoque
2163 4752 2498 4809 camelorum
2523 4791 2539 4818 ,
2582 4759 2640 4808 et
2681 4751 2977 4809 dromades
3019 4751 3232 4809 Madian
3257 4761 3312 4809 et
3348 4754 3503 4824 Epha

1905 4848 2302 4922 promittuntur
2354 4846 2704 4916 Jerusalem,
2758 4847 2852 4919 qui
2910 4861 3105 4905 omnes
3156 4849 3379 4907 venient
3434 4848 3504 4906 de

1904 4941 2072 5008 Saba,
2106 4950 2390 5013 portantes
2418 4956 2610 4997 aurum
2632 4951 2687 4997 et
2720 4940 2846 4997 thus
2881 4961 2895 4997 :
2925 4950 3000 5009 et,
3031 4943 3176 5013 quod
3208 4944 3292 4998 his
3323 4944 3501 5014 majus

1905 5044 2013 5107 est,
2044 5034 2437 5095 annuntiantes
2481 5034 2698 5092 Domini
2726 5035 2987 5093 salutare.
3039 5036 3327 5095 Universae
3374 5055 3509 5108 quo-

1909 5145 2018 5203 que
2044 5143 2178 5186 oves
2203 5128 2383 5185 Cedar
2405 5130 2892 5199 congregabuntur
2927 5129 3090 5204 722
3129 5131 3411 5201 Ecclesiae,
3454 5142 3513 5188 et

1910 5222 2109 5278 arietes
2138 5220 2406 5291 Nabsjoth
2436 5221 2683 5288 venient,
2716 5221 2832 5279 sive
2865 5232 2922 5279 ut
2954 5225 3006 5280 in
3039 5225 3308 5291 llebt-aico
3338 5227 3511 5299 scrip-

1917 5325 2031 5375 tum
2078 5323 2197 5381 est,
2230 5314 2617 5385 ministrabant,
2666 5324 2717 5370 et
2754 5314 3068 5385 afferentur,
3121 5320 3238 5375 sive
3283 5317 3521 5375 oti‘erent

1921 5409 2173 5468 victimas
2193 5423 2362 5479 super
2387 5411 2567 5465 altare
2594 5408 2835 5476 Domini,
2863 5419 2922 5466 ut
2949 5410 3144 5465 domus
3174 5410 3293 5478 ejus
3322 5410 3526 5481 inclyta

176 5524 283 5577 η,
341 5504 463 5578 ιο).
510 5507 581 5562 Et
630 5505 688 5561 in
741 5505 854 5559 alio
876 5503 1043 5561 loco:
1075 5503 1239 5571 Quasi
1269 5503 1449 5558 nutris
1483 5503 1659 5572 forests
1685 5502 1823 5570 filios
1926 5500 2044 5556 list.
2076 5499 2291 5556 Mulieri
2313 5509 2369 5556 et
2400 5499 2553 5571 pra
2584 5502 2837 5572 regiones
2885 5509 3013 5554 sunt
3059 5509 3208 5555 trans
3240 5498 3523 5571 Arabiam,

179 5615 356 5665 suos,
396 5596 476 5665 sic
504 5596 856 5652 desiderantes
875 5610 962 5651 vos
984 5597 1220 5669 cupimus
1246 5595 1508 5666 impertire
1527 5610 1630 5649 non
1656 5593 1828 5649 solum
1930 5591 2141 5650 fertiles
2169 5592 2506 5651 camelorum
2525 5638 2540 5662 ,
2569 5591 2860 5663 omnisque
2890 5591 3170 5663 provincia
3219 5592 3529 5663 appellatur

270 5747 306 5776 ⁸
352 5724 601 5817 ΡΞΞῖῗΐίὶ
631 5734 839 5817 “cmi:
876 5732 1008 5817 tiu“
1043 5733 1266 5817 ’Ἦλθε
1291 5737 1515 5817 εαθθξτμ
1551 5728 1817 5817 (ἓκνίτίῗηιδ
1925 5727 2808 5817 εθισυθίξ,ίωξίῖέῗῖίῖίίῖτέξ.νθῖδ·
2839 5726 3011 5817 563..
3318 5816 3353 5817 η
3477 5803 3487 5814 .

186 5824 357 5869 sisset.
388 5805 695 5882 Dibliprnrn
717 5797 1029 5882 codicibus,
1047 5814 1102 5859 et
1133 5797 1449 5882 Hieronymi
1474 5797 1647 5882 ipsius
1670 5797 1823 5882 conm-
1999 5797 2037 5839 δ’
2069 5797 2289 5882 Addunt
2325 5802 2487 5870 vulgo
2527 5798 2685 5882 editi,
2716 5809 2762 5852 et
2792 5797 3063 5882 gaudebis,
3090 5798 3443 5882 quodneque
3462 5803 3530 5860 ,ίη

184 5843 1449 5945 ἕξέἵιεΐὲϊῖἰὲ¹⁶ἒιῖἓὶἳὶἑ³¹ἔιῖὀὲιὶι’ἓξὲἑὲῗῖ
1471 5843 1647 5930 ἓέῐῖἱ
1670 5843 1824 5927 ῗϊῗο
1922 5843 2855 5940 ωςσ.’ῑιέ›”εἷῖίὶ,’ἦᾶῖυὲίῶἶιέὲεῗ
2871 5843 3342 5929 satissatis.
