3972 6326
583 299 682 359 391

1821 287 1880 343 S.
1925 280 2193 343 EUSEBll
2231 278 2614 340 IHERONYMI

3724 280 3807 341 599

584 410 749 477 Saba,
782 407 926 463 unde
963 405 1066 461 l‘uit
1092 410 1148 460 et
1191 403 1333 460 Saba
1377 401 1586 472 regina,
1630 413 1753 470 quas
1781 398 1929 454 venit
1959 398 2176 468 sapien-
2204 397 2256 458 Α
2283 396 2550 452 Ecclesia.
2590 395 2664 449 De
2691 390 3071 462 hujuscemodi
3100 391 3292 448 ovibus
3319 389 3563 448 Salvator
3585 390 3805 462 discipulis

585 508 714 558 tiam
742 502 932 558 audire
983 496 1297 555 Salomonis
1328 515 1342 551 :
1375 504 1430 551 ct
1469 496 1583 566 ipsa
1617 493 1873 550 deferens
1906 506 2099 546 aurum
2130 501 2183 546 ct

584 595 732 659 thus,
768 592 997 664 paciﬁcu
1028 593 1140 660 regi
1195 591 1362 645 multa
1410 589 1728 650 det-Ortans,
1762 597 1817 641 et
1847 587 1915 642 ab
1955 602 2023 641 co
2069 600 2184 640 ma-

575 690 694 760 jOra
724 688 1034 757 su~cipiens
1065 684 1159 756 (Ill
1185 685 1314 756 Reg.
1353 686 1435 751 ι).
1468 683 1646 738 Cedar
1676 691 1857 737 autem
1882 681 2029 750 regio
2056 677 2187 734 Sar-

581 797 908 837 racenorum
935 787 1040 846 est,
1070 782 1162 847 qtti
1193 780 1246 833 in
1270 778 1552 848 Scriptura
1584 785 1843 831 vocantur
1871 771 2180 830 lsmaelitaa.

584 871 652 928 Et
680 872 947 941 Nabajorh
988 887 1131 926 unus
1174 879 1262 926 est
1303 869 1540 924 filiorum
1570 868 1794 926 lstuael.
1837 882 1902 921 ex
1949 879 2180 935 quorum

581 966 901 1022 numinibus
946 964 1187 1020 solitudo
1235 964 1575 1032 appellatur,
1605 977 1729 1034 quas
1760 960 1972 1030 frugum
1999 957 2180 1028 inops,

581 1058 739 1126 plena
771 1069 854 1112 est
887 1071 1167 1124 pecorum.
1191 1055 1297 1110 Per
1322 1053 1609 1109 familiaria
1644 1069 1776 1123 ergo
1803 1051 2020 1104 numina
2050 1063 2183 1118 geu-

578 1149 713 1203 tiutn
757 1149 1150 1211 barbararum,
1181 1161 1302 1218 qua:
1334 1146 1528 1202 viciuze
1577 1154 1704 1199 sunt
1750 1141 1969 1205 lsraeli,
2014 1137 2183 1194 tutius

576 1241 764 1297 mundi
791 1242 1084 1295 coilversio
1109 1238 1452 1310 prmdicatur.
1482 1238 1703 1292 Madian
1730 1235 1933 1308 quippe
1978 1233 2033 1288 in
2077 1232 2183 1288 hoc

575 1333 701 1389 loco
757 1333 1148 1401 interpretatur
1203 1332 1472 1400 iniquitas.
1527 1328 1700 1395 Epiro.
1734 1325 2011 1395 resolutus,
2066 1326 2183 1380 sive

577 1424 874 1492 effundens.
907 1423 1069 1491 Saba,
1101 1425 1399 1485 conversio,
1430 1421 1513 1476 vel
1543 1421 1835 1488 captu-itan
1867 1417 2037 1473 Cedur
2061 1463 2075 1486 ,
2109 1427 2183 1471 te-

576 1519 764 1573 nebras.
802 1517 1096 1593 Nabajmh,
1130 1518 1440 1586 prapltetite.
1491 1516 1698 1583 Greges
1741 1514 1905 1584 igitur
1943 1511 2185 1568 camelo.

577 1627 724 1677 rum,
751 1614 1054 1682 iniquitatis
1075 1611 1310 1667 vinculis
1339 1611 1593 1676 resoluti,
1629 1619 1682 1665 ct
1710 1611 1921 1665 autimas
1947 1622 2074 1664 suas
2100 1606 2182 1662 el-

574 1707 868 1765 lttndeutes
899 1710 1030 1776 Deo,
1081 1709 1336 1777 operient
1379 1706 1683 1762 Jerusalem
1732 1704 2076 1773 muneribus,
2125 1711 2182 1758 et

2286 489 2614 560 loquebatur
2639 506 2653 543 :
2681 486 2765 542 Ite
2785 489 2857 541 ad
2881 504 2999 543 ores
3012 487 3238 559 perditas
3257 488 3438 541 domus
3459 486 3619 540 Israel
3638 485 3804 554 (Matth.

2286 601 2342 652 ι,
2371 584 2452 655 5).
2489 583 2554 638 Et
2607 582 2803 639 iterum
2839 599 2852 635 :
2887 581 3020 636 Meae
3066 595 3182 635 oves
3231 596 3393 633 meam
3432 595 3590 634 uocem
3638 580 3808 634 audiunt

2286 676 2467 752 (Joan.
2504 692 2566 745 χ,
2593 676 2669 748 3).
2704 675 2769 730 Et
2792 676 2844 730 in
2878 673 3164 731 Ezechiele
3191 673 3402 744 plenius
3431 691 3445 726 :
3475 671 3598 728 Ecce
3612 689 3691 747 ego
3710 689 3810 742 qua-

2285 785 2399 824 ram
2426 785 2542 824 ores
2569 783 2731 834 meas,
2773 777 2819 820 et
2864 766 3084 821 uisitabo
3111 765 3231 820 illas
3261 781 3279 819 :
3308 767 3436 819 sicut
3464 765 3637 827 qua'rit
3676 773 3810 835 pastor

2284 877 2492 936 gregem
2521 876 2690 915 suum.
2739 857 2870 914 Ha'c
2910 858 3038 913 dicit
3093 857 3345 912 Dominus
3376 873 3396 911 :
3427 855 3671 910 Perditam
3706 873 3812 921 qua-

2284 972 2418 1022 ram,
2451 967 2498 1009 et
2529 963 2791 1010 errantem
2818 953 3084 1018 reducam,
3116 962 3162 1006 et
3197 952 3413 1024 fractam
3443 951 3671 1024 alligabo,
3691 961 3728 1004 et
3756 952 3814 1004 iu-

2285 1049 2493 1120 firmam
2537 1049 2874 1119 confortaba,
2905 1049 3193 1119 fortemque
3220 1046 3537 1112 custodiam,
3569 1055 3612 1100 et
3657 1063 3814 1112 pascam

2285 1159 2372 1198 eas
2401 1159 2516 1196 cum
2540 1142 2747 1214 judicio
2777 1139 2995 1211 (Ezech.
3025 1155 3210 1204 xxxiv,
3248 1139 3335 1208 ll,
3371 1139 3481 1210 η).
3512 1138 3573 1194 Ει
3593 1149 3642 1193 ιιι
3670 1153 3814 1193 110580⁸

2286 1250 2406 1291 mus
2434 1250 2556 1306 quzu
2585 1242 2772 1301 essent
2816 1249 2968 1303 oves,
3003 1233 3159 1304 ponit
3189 1230 3523 1286 manifestius
3552 1248 3566 1286 :
3594 1229 3652 1285 Et
3689 1232 3814 1286 scient

2285 1329 2407 1401 quia
2446 1345 2540 1402 ego
2571 1343 2686 1382 sum
2726 1327 2983 1382 Dominus
3016 1325 3154 1381 Deus
3177 1340 3393 1391 eorum;
3429 1336 3474 1380 et
3520 1326 3598 1379 isti
3638 1327 3813 1394 populus

2284 1438 2430 1476 meus
2461 1421 2648 1477 domus
2679 1419 2874 1491 Israel,
2907 1421 3034 1475 dicit
3067 1419 3320 1476 Dominus
3364 1419 3499 1476 Deus
3526 1439 3538 1475 :
3567 1432 3610 1474 et
3635 1436 3706 1474 uas
3728 1435 3817 1473 om

2283 1531 2430 1584 mete,
2459 1526 2506 1569 et
2535 1531 2650 1569 oves
2679 1515 2851 1587 gregis
2889 1513 2993 1568 mei
3023 1530 3202 1568 omnes
3229 1513 3346 1568 estis
3365 1558 3379 1581 ,
3412 1523 3459 1566 et
3503 1527 3591 1587 ego
3617 1508 3817 1565 Dominus

2288 1607 2425 1664 Deus
2452 1619 2617 1663 vester
2639 1607 2831 1680 (lbid.,
2862 1607 2955 1675 27,
2986 1606 3102 1678 28).
3141 1606 3202 1664 Si
3232 1607 3357 1678 quis
3383 1621 3510 1678 ergo
3539 1607 3585 1660 in
3614 1606 3816 1676 gentibus

2283 1702 2438 1759 dives
2477 1711 2592 1769 est,
2639 1702 2882 1758 salvetur
2911 1711 2969 1757 ut
2998 1702 3266 1769 camelus,
3318 1716 3426 1758 non
3466 1704 3655 1772 absque
3679 1701 3817 1761 tlonis,

579 1818 774 1860 omnes
820 1802 890 1859 de
928 1802 1246 1870 captivitate
1276 1799 1523 1865 venient,
1578 1809 1634 1856 et
1658 1800 2024 1855 conversione
2056 1810 2176 1863 sua,
2211 1787 2260 1850 Β
2287 1806 2448 1868 atque
2478 1796 2811 1864 nmnenbus,
2843 1811 2950 1866 quo
2983 1795 3153 1862 pOssit
3183 1795 3409 1852 verbum
3443 1796 3639 1851 Domini
3669 1794 3820 1865 praedi-

575 1912 768 1952 aurum
822 1894 947 1950 lidei
997 1893 1332 1961 deferentes,
1384 1904 1440 1948 et
1479 1891 1608 1947 thus
1654 1889 1925 1947 sacrilicii.
1987 1888 2052 1944 Et
2083 1904 2182 1957 per

571 1988 692 2044 haec
723 2003 955 2043 munera
1002 2001 1344 2058 nequaquam
1395 1985 1612 2054 prapria
1672 1985 1850 2040 salute
1892 1982 2176 2046 contenti,

577 2081 887 2151 proﬁcient,
924 2087 984 2134 ut
1021 2080 1185 2134 etiam
1211 2077 1430 2135 cst-teris
1458 2077 1760 2147 praedicent
1787 2078 2028 2133 salutare
2057 2075 2176 2132 Dei.

577 2173 744 2230 Dives
772 2173 884 2239 ille,
915 2172 1004 2243 qui
1053 2173 1224 2226 instar
1252 2170 1447 2227 cameli
1492 2169 1748 2241 p0rtabat
1795 2169 1848 2225 iu
1881 2169 2181 2238 Evangelio

577 2265 896 2322 divitiarum
931 2266 1196 2336 pondera,
1229 2274 1287 2322 et
1310 2266 1554 2321 catnelus
1581 2275 1721 2334 erat,
1765 2266 1938 2322 nuluit
1968 2264 2181 2320 Domini

577 2358 768 2414 audire
811 2357 1066 2426 consilia,
1102 2373 1202 2413 nec
1248 2359 1566 2427 exonerari,
1598 2368 1658 2412 ut
1687 2359 1897 2423 ab;ecta
1940 2355 2182 2420 sarcina.

579 2450 682 2505 alis
721 2449 992 2505 Culumst
1047 2451 1256 2506 volaret
1307 2450 1374 2505 ad
1407 2452 1644 2516 coelum;
1681 2461 1968 2520 pr0pterea
2012 2450 2183 2504 tristis

578 2541 735 2596 abiit.
792 2543 858 2596 Et
905 2541 974 2596 de
1007 2543 1166 2596 istius
1189 2540 1332 2596 modi
1363 2545 1580 2597 camelo
1608 2542 1862 2598 Salvator
1898 2543 2180 2613 loquitur:

580 2631 822 2688 Facilius
844 2643 921 2688 est
948 2634 1206 2688 camelum
1229 2651 1321 2704 per
1351 2634 1583 2701 foramen
1607 2651 1732 2688 acus
1755 2635 1998 2702 transire,
2030 2650 2185 2705 quam

576 2726 783 2779 diuitem
822 2727 878 2780 in
909 2742 1070 2795 regna
1094 2727 1340 2782 caelorum
1371 2725 1592 2793 (Matth.
1627 2743 1738 2793 χιι,
1769 2728 1885 2799 24).
1934 2727 2180 2784 Difﬁcul-

576 2828 747 2875 tatem
787 2819 867 2873 rei
911 2819 1218 2887 proposuit,
1243 2835 1351 2874 non
1383 2820 1910 2892 impos~iliilitaletn.
1940 2821 2186 2893 Dunique

576 2917 782 2966 sanctae
813 2911 1094 2966 memoriae
1135 2920 1311 2968 mater
1357 2924 1446 2967 tua
1491 2913 1679 2976 Paula,
1711 2912 1989 2983 fraterque
2032 2914 2187 2970 Pam-

576 3002 850 3072 machius,
890 3019 991 3072 per
1020 3005 1262 3060 tutamen
1308 3020 1461 3071 acus,
1493 3006 1596 3062 hoc
1625 3015 1730 3069 est,
1758 3021 1853 3078 per
1889 3017 2100 3063 arctam
2133 3017 2188 3064 et

577 3105 862 3166 augustam
891 3095 1031 3150 viam
1077 3111 1200 3167 quin
1230 3097 1385 3154 ducit
1425 3097 1493 3153 ad
1524 3099 1711 3167 vitam,
1745 3099 2078 3156 transierunt
2117 3101 2184 3155 ad

2284 1903 2433 1945 care.
2467 1887 2522 1944 Si
2551 1888 2674 1959 quis
2700 1888 3069 1958 simplicitatis
3099 1887 3282 1944 otium
3304 1899 3358 1944 et
3385 1889 3699 1944 auctoritatis
3716 1888 3821 1941 aric-

2285 1991 2422 2048 tum,
2451 1979 2712 2035 ascendat
2747 1980 2830 2034 vel
2857 1979 3120 2036 oﬂ‘cratur
3161 1981 3212 2034 in
3245 1981 3420 2037 altare
3458 1979 3652 2035 Domini
3674 1978 3729 2032 ab
3757 1978 3820 2033 his

2283 2075 2374 2144 qui
2404 2073 2718 2144 przevaleut,
2756 2083 2813 2128 ut
2839 2073 3036 2129 damus
3064 2073 3185 2144 ejus
3207 2072 3561 2144 gloriliCetur.
3591 2070 3721 2142 Quod
3746 2086 3818 2124 au-

2284 2176 2391 2222 tem
2421 2168 2475 2223 in
2518 2169 2789 2226 Hebraico
2827 2172 3096 2240 scriptum
3131 2172 3437 2227 notat-imus
3474 2189 3486 2226 :
3519 2171 3692 2226 Arietes
3727 2166 3818 2222 Na-

2286 2259 2464 2329 bajoth
2519 2263 2893 2318 ministrabant
2920 2265 3033 2334 tibi,
3065 2275 3115 2320 et
3165 2263 3387 2332 oﬂ‘erent
3436 2280 3582 2334 super
3627 2258 3824 2328 placabili

2285 2354 2437 2409 altari
2465 2370 2599 2422 meo,
2633 2356 2854 2428 proprie
2882 2372 3049 2427 super
3073 2357 3158 2412 his
3191 2357 3524 2427 intelligitur.
3547 2357 3626 2422 qui
3644 2354 3699 2409 de
3714 2368 3821 2424 gen-

2288 2447 2430 2503 tibus
2460 2448 2618 2504 electi
2646 2451 2697 2505 in
2730 2451 3120 2520 sacerdotium,
3153 2450 3390 2508 ministri
3420 2465 3535 2506 sunt
3558 2447 3820 2507 Saluatoris.

2284 2537 2340 2593 Si
2364 2539 2488 2610 quis
2508 2550 2686 2596 autem
2711 2541 3092 2600 contentiosus
3111 2555 3216 2608 est,
3233 2555 3292 2600 et
3315 2544 3594 2600 carnaliter
3609 2541 3702 2595 haec
3719 2553 3823 2608 pro-

2287 2631 2453 2689 missa
2495 2636 2804 2698 contendit.
2838 2636 3272 2704 restiondeamus
3301 2638 3351 2694 ei
3383 2655 3397 2692 :
3441 2637 3543 2692 Nos
3573 2634 3698 2691 talem
3719 2648 3821 2686 cou-

2269 2727 2616 2782 ‘suetudinem
2643 2745 2747 2783 non
2779 2729 3054 2798 habemus,
3091 2745 3258 2802 neque
3289 2729 3523 2786 Ecclesia
3550 2727 3637 2784 Dei
3667 2725 3706 2798 (l
3728 2724 3820 2780 Cor.

2289 2833 2380 2886 XI,
2415 2818 2532 2891 ili).
2573 2820 2819 2891 lltudque
2863 2822 3148 2889 dicamus,
3191 2823 3344 2893 quod
3392 2823 3546 2878 etiam
3593 2822 3632 2876 si
3673 2831 3826 2874 carna-

2287 2909 2418 2968 liter
2447 2921 2576 2969 sunt
2607 2915 2874 2983 promissa
2917 2914 3156 2982 Iudaeis,
3201 2924 3387 2973 tanten
3435 2916 3531 2973 sub
3574 2910 3828 2970 conditione

2288 3016 2417 3060 sunt
2442 3008 2734 3075 promissa,
2767 3017 2826 3062 ut
2857 3008 2902 3064 si
2928 3011 3308 3078 suscepissent
3337 3011 3514 3066 lumen
3541 3001 3826 3076 Sttttm.qll“d

2289 3096 2356 3152 ad
2379 3115 2474 3153 eos
2508 3100 2733 3156 missum
2757 3100 2958 3167 fuerat,
2987 3112 3117 3159 tunc
3143 3106 3313 3161 etiam
3367 3104 3464 3160 ista
3504 3110 3822 3172 εεψιετυηιυτς

574 3203 742 3258 regna
767 3193 1052 3256 caelorum,
1081 3191 1248 3246 latam
1276 3192 1420 3248 viam
1449 3207 1573 3248 cum
1603 3192 1837 3249 sarcinis
1878 3193 2191 3263 reiiuquen~
2217 3171 2263 3237 ο
2293 3188 2438 3258 quod
2467 3190 2725 3246 videlicet
2767 3207 2862 3260 per
2901 3192 3234 3249 desiderium
3268 3195 3413 3263 auri,
3442 3202 3497 3251 et
3521 3171 3668 3263 apum
3690 3189 3826 3242 almu-

577 3291 684 3348 tes,
727 3298 848 3352 qua:
895 3282 1048 3339 ducit
1077 3284 1144 3340 ad
1179 3294 1469 3342 tartarum.
1505 3287 1675 3342 lmmo
1714 3286 1971 3357 quidquid
2015 3287 2187 3344 liabe-

580 3373 736 3440 bant,
792 3375 845 3429 in
907 3377 1118 3430 Domini
1159 3377 1302 3433 dona
1351 3387 1660 3445 portarunt,
1720 3379 2014 3450 implentes
2055 3381 2186 3436 illud

2293 3281 2559 3349 dantiam,
2598 3298 2893 3356 rerumque
2914 3287 3243 3354 carnalium,
3277 3303 3505 3358 quirqu
3534 3297 3727 3354 seutptr
3751 3281 3824 3334 ista

2291 3393 2424 3450 gens
2445 3380 2761 3447 capiebatur
2780 3381 3076 3452 illecebris,
3111 3382 3459 3451 susciperent
3483 3381 3546 3436 ad
3572 3395 3626 3436 se
3652 3377 3824 3433 missum

575 3467 720 3536 quod
757 3469 1023 3539 scriptum
1063 3479 1188 3525 est:
1228 3469 1535 3539 Redemptio
1575 3473 1766 3528 anima:
1807 3474 1926 3542 tiri,
1961 3477 2190 3545 propriae
2293 3470 2493 3528 Filium
2523 3473 2688 3547 724
2709 3474 2832 3534 Dei.
2859 3490 3022 3547 quem
3054 3477 3178 3548 quia
3212 3492 3326 3532 non
3357 3482 3709 3546 susceperunt,
3733 3465 3825 3522 uni-

579 3560 774 3614 divitiic
798 3561 985 3630 (l’rou.
1018 3577 1135 3630 snt,
1166 3561 1246 3634 8).
1282 3564 1416 3631 Quae
1447 3566 1593 3619 enirn
1635 3566 1776 3632 apud
1809 3568 2062 3625 homines
2086 3569 2190 3624 iut-

582 3653 896 3722 ρηεςίιιὶΙὶςι,
929 3655 1071 3723 apud
1103 3657 1271 3711 Deum
1303 3658 1583 3727 possibilia
1614 3668 1744 3715 sunt
1786 3661 2006 3734 (Matth.
2041 3663 2184 3736 ιιι).

583 3741 860 3796 Habentes
913 3743 965 3798 in
1033 3747 1352 3802 muneribus
1395 3747 1733 3816 principalia,
1787 3767 2010 3819 aurum,
2061 3763 2086 3791 ⁸
2131 3757 2185 3811 in

587 3847 754 3888 sensu
776 3844 826 3887 et
855 3833 979 3890 thus
1008 3835 1192 3891 odoris
1221 3837 1434 3907 optimi,
1467 3853 1630 3903 atque
1653 3841 1898 3897 dicentes
1927 3861 1941 3897 :
1979 3843 2187 3918 Dirigu-

579 3934 665 3981 tur
691 3927 856 3981 oratio
886 3943 1000 3982 mea
1026 3929 1189 4002 723
1219 3931 1351 3984 sicut
1379 3931 1645 3988 incensum
1676 3935 1729 3987 in
1768 3948 2042 4007 conspectu
2072 3947 2181 3994 tuo.

580 4017 651 4075 Et
675 4036 689 4074 :
720 4017 912 4075 Christi
936 4021 1102 4077 baiius
1126 4024 1257 4077 odor
1284 4040 1462 4079 sumus
1491 4026 1546 4080 in
1578 4027 1718 4081 omni
1739 4028 1854 4083 loco
1881 4028 1950 4098 (ll
1971 4029 2092 4086 Cor.
2119 4048 2180 4103 tt,

584 4113 708 4181 15);
742 4115 1000 4184 exemplo
1029 4116 1245 4172 virtutis
1284 4132 1433 4186 sine,
1465 4120 1713 4186 quotidie
1759 4123 2012 4177 nuntiant
2036 4125 2174 4180 salu-

579 4213 700 4260 tare
733 4207 971 4276 Domini,
1005 4218 1064 4262 ut
1106 4225 1298 4266 omnes
1329 4226 1458 4268 oves
1485 4211 1664 4268 Cedar
1695 4227 2094 4287 congregemur
2126 4219 2180 4273 in

583 4297 855 4365 Ecclesia,
888 4310 938 4355 et
965 4300 1034 4356 de
1062 4303 1265 4357 erroris
1297 4304 1538 4360 tenebris
1565 4305 1634 4360 ad
1664 4305 1840 4363 lucem
1878 4316 2178 4366 transeant.

584 4393 909 4465 Arietesque
938 4393 1362 4465 Prophetarum,
1393 4397 1463 4453 de
1483 4399 1681 4468 quibus
1713 4400 1765 4456 in
1793 4401 2056 4459 vicesimo
2087 4420 2182 4460 oc-

575 4495 704 4542 tavo
723 4485 932 4551 psalmo
953 4488 1168 4543 canitur
1194 4489 1425 4558 :Afferte
1448 4492 1692 4558 Domino,
1718 4496 1822 4565 ﬁlii
1849 4495 1966 4564 Dei,
1995 4497 2180 4567 afferte

2291 3579 2450 3620 versa
2492 3567 2705 3620 sublata
2746 3576 2908 3637 sunt,
2952 3575 3009 3624 et
3051 3568 3487 3639 suscipientibus
3533 3560 3827 3640 spiritualiler

2290 3655 2504 3710 reddita
2537 3656 2853 3714 hmretlitas.

2366 3744 2552 3816 (Vers.
2580 3746 2638 3812 8,
2661 3747 2744 3819 9.)
2780 3748 2885 3817 Qui
2909 3758 3031 3804 sunt
3061 3749 3170 3816 isti,
3198 3751 3290 3820 qui
3313 3761 3371 3807 ut
3403 3752 3558 3806 nubes
3595 3748 3767 3804 volant.
3792 3749 3826 3794 et

2289 3840 2441 3908 quasi
2464 3840 2715 3896 columba
2743 3843 2814 3894 ad
2838 3841 3095 3913 fenestras
3115 3859 3238 3897 suas
3259 3846 3286 3899 ?
3313 3861 3396 3900 me
3428 3844 3557 3898 enim
3591 3840 3828 3896 insularu-

2287 3941 2541 4004 spectant,
2575 3941 2623 3986 et
2652 3949 2806 3988 naves
2837 3935 2999 3989 maris
3030 3935 3083 3988 in
3127 3936 3418 4010 principio,
3448 3947 3504 3992 ut
3531 3936 3755 3989 adducam
3779 3926 3826 3997 ﬁ-

2288 4021 2385 4078 lios
2411 4034 2525 4080 tuos
2547 4025 2612 4079 de
2642 4023 2796 4095 longe
2827 4043 2846 4092 ;
2874 4038 3148 4097 argentum
3184 4045 3366 4084 eorum
3399 4039 3447 4084 et
3493 4042 3667 4083 aurum
3691 4032 3825 4078 eorum

2287 4135 2405 4173 cum
2432 4121 2527 4187 eis,
2556 4122 2752 4175 nomini
2780 4119 2994 4175 Domini
3012 4118 3111 4176 Dei
3137 4122 3233 4190 tui,
3251 4135 3300 4177 et
3324 4122 3523 4178 Sancto
3549 4115 3718 4185 Israel,
3734 4116 3826 4186 quia

2285 4217 2600 4292 gloriﬁcarit
2641 4228 2708 4274 te.
2766 4217 2912 4274 LXX
2945 4237 2960 4274 :
2996 4218 3097 4288 Qui
3135 4229 3257 4274 sunt
3300 4220 3358 4275 Ιιὶ
3387 4223 3476 4288 qui
3515 4230 3566 4274 ut
3597 4216 3734 4272 nubes
3761 4225 3827 4264 ro-

2287 4309 2419 4380 laut,
2454 4325 2503 4367 et
2534 4313 2667 4368 sicut
2697 4313 2950 4368 columba:
2987 4329 3101 4368 cum
3144 4313 3310 4384 pullis
3340 4315 3412 4369 ad
3439 4316 3553 4369 me?
3579 4311 3658 4367 Me
3682 4304 3828 4363 insula

2286 4415 2669 4479 exspectaram,
2701 4414 2750 4461 et
2779 4421 2932 4461 naues
2963 4403 3182 4460 Tharsis
3205 4407 3259 4461 in
3299 4408 3504 4479 primis,
3533 4417 3585 4461 ut
3613 4401 3828 4457 adducant

2285 4496 2424 4564 ﬁlios
2450 4508 2564 4553 tuos
2587 4498 2649 4550 de
2679 4498 2860 4570 longe,
2888 4506 2936 4552 et
2959 4509 3232 4570 argentum
3268 4515 3424 4554 suum
3455 4508 3504 4553 et
3547 4509 3713 4551 aurum
3736 4499 3826 4542 cum

581 4577 808 4634 Domino
844 4579 982 4650 ﬁlios
1023 4583 1241 4637 arietant
1263 4623 1279 4646 .
1330 4584 1553 4639 veniant
1601 4593 1658 4641 et
1700 4585 2019 4654 offerantur,
2065 4590 2182 4646 sive
2208 4565 2262 4628 D
2283 4592 2380 4655 eis,
2413 4601 2625 4664 propter
2652 4606 2838 4646 nomen
2867 4590 3078 4645 Domini
3105 4605 3346 4648 sanctum
3368 4609 3388 4648 :
3419 4603 3468 4648 et
3497 4591 3612 4663 quia
3641 4586 3823 4643 Sattch

573 4671 728 4742 juxta
760 4671 1216 4746 Theudotioncm,
1251 4674 1475 4744 offerant
1496 4676 1524 4716 δ
1547 4693 1602 4732 se
1631 4679 1960 4736 sacriﬁcium
1995 4683 2182 4738 Domi-

579 4779 674 4834 no,
707 4773 764 4822 et
789 4765 1085 4837 placabiles
1107 4767 1300 4824 hostia:
1335 4771 1485 4837 liant,
1516 4779 1575 4826 ut
1611 4769 1812 4828 Christi
1843 4775 2180 4846 gloriﬁcetur

656 4950 682 4978 ιι
725 4940 856 4996 Erat
883 4951 1040 4997 antea
1085 4958 1196 4998 uno
1234 4944 1402 4998 verbo
1431 4947 1698 5003 insensum
1737 4964 1835 5014 pro
1877 4950 2090 5009 duobus
2128 4955 2184 5011 in

574 5027 753 5092 sensu,
783 5014 1626 5094 quemadmodumemendumus
1681 5031 1805 5088 post
1849 5021 2176 5094 Victoriam,

578 5086 738 5146 cujus
764 5085 989 5139 omnino
1041 5085 1344 5142 ratiOuibus
1374 5085 1724 5150 assentimur.
1778 5097 1990 5148 tametsi
2040 5085 2175 5153 mss:

576 5155 712 5230 nulli
767 5159 986 5208 couces
1028 5156 1412 5230 sullragc-ntur.
1446 5161 1753 5230 (Ejusmodi
1809 5175 1993 5218 autem
2049 5180 2181 5223 sunt

573 5225 696 5295 ejus
722 5234 1068 5290 argumenta.
1106 5226 1305 5281 Millies
1441 5225 1803 5305 l‘lterunytnns
1844 5252 2036 5290 aurum
2081 5255 2179 5304 pro

575 5311 768 5363 sensu,
801 5307 851 5374 et
881 5310 1165 5374 argentum
1198 5314 1296 5368 pro
1322 5301 1542 5374 ιιΙιιιιιιίο
1571 5301 1978 5374 interpretatur.
2009 5301 2172 5371 Supr.

578 5383 623 5449 ς’,
661 5383 718 5422 ιιι
746 5385 759 5420 :
798 5366 850 5420 Μ
860 5367 1122 5449 urantulas
1147 5366 1264 5440 qua!
1281 5373 1400 5425 auri
1429 5381 1476 5426 et
1496 5366 1979 5449 urgenti-texuntur
2003 5366 2176 5449 uirgu-

578 5439 666 5502 lis,
701 5455 856 5493 sensu
879 5441 1151 5520 uidelicet,
1172 5452 1218 5495 et
1260 5439 1590 5520 sermonibu;
1629 5444 2042 5520 Scripturarum.
2078 5439 2176 5509 Tle-

575 5525 715 5563 rem.
738 5525 845 5583 _tv_:
879 5509 941 5583 Si
973 5514 1151 5566 monili
1180 5517 1440 5569 orna-veris
1460 5533 1641 5571 aureo.
1675 5518 1730 5571 id
1751 5509 1846 5583 est,
1879 5521 2172 5578 meditatio-

575 5596 696 5662 nem
727 5580 966 5634 habueris
986 5599 1190 5662 scmus,
1215 5594 1259 5662 et
1291 5587 1644 5662 intelligentia:
1663 5580 1972 5662 spiritualis.
1999 5593 2064 5647 Et
2097 5609 2127 5648 ι
2152 5612 2166 5649 :

575 5647 785 5730 lactant
828 5653 1052 5731 grandia
1090 5662 1138 5731 _e_t
1189 5657 1258 5707 ad
1297 5647 1628 5729 decip'eudos
1669 5647 1902 5731 singulos
1944 5679 2071 5731 quos
2105 5647 2171 5718 ue

572 5724 936 5802 quasi-aureis
963 5724 1195 5802 sensibus
1234 5735 1282 5780 et
1306 5724 1511 5802 argenti
1536 5724 1810 5798 splendore
1849 5724 2168 5802 fulgentibus

568 5789 807 5861 eloquiis.
831 5799 934 5845 etc.
971 5793 1167 5849 Ezech.
1197 5789 1437 5854 xxxvu'n
1467 5800 1546 5854 An
1565 5789 1725 5869 'putas
1751 5811 1797 5856 te
1820 5789 2094 5872 argentum
2112 5789 2165 5860 et

2285 4685 2460 4741 Israel
2503 4685 2829 4758 glorificatus
2857 4696 2956 4742 est.
2991 4687 3128 4756 Quin
3165 4687 3431 4743 Dominus
3473 4687 3724 4754 ingressus
3761 4678 3824 4730 es!

2284 4779 2580 4853 [Egyptutn
2613 4793 2781 4852 super
2812 4781 3010 4837 uubetu
3054 4782 3254 4850 levem,
3286 4792 3342 4839 et
3377 4781 3602 4838 nubibus
3627 4771 3822 4845 Prophe-

2281 4975 2492 5026 aurum,
2522 4959 2743 5037 quod_ir_t
2773 4959 2979 5034 eloquio
2999 4977 3258 5037 sensuque
3278 4963 3595 5037 intelligitur
3620 4951 3822 5037 Ερειεείω

2281 5045 2640 5100 possessutum
2662 5034 2690 5086 γ
2717 5033 2848 5087 Dan.
2867 5031 2906 5086 ’ν
2933 5049 2947 5086 :
2975 5033 3136 5088 Aurei
3161 5031 3288 5088 mihi
3312 5031 3565 5089 videntur.
3589 5031 3672 5102 qui
3689 5039 3821 5102 strtti-

2281 5095 2387 5176 lar_i_
2407 5104 2612 5156 ratione
2635 5105 2908 5176 conpositi
2937 5113 3078 5160 sunt.
3117 5104 3384 5176 Argentci,
3413 5109 3500 5175 qui
3537 5095 3705 5176 habent
3733 5095 3820 5176 elo.

2277 5173 2387 5241 quii
2414 5169 2763 5228 venustatem;
2811 5176 3103 5242 Perperatn
3148 5169 3314 5246 igitur
3361 5169 3521 5232 unica
3569 5169 3818 5246 Ιθκφδδίίὲτι

2278 5258 2485 5314 aurum,
2518 5246 2806 5312 incensum,
2841 5254 2887 5298 et
2940 5246 3060 5300 tltus
3088 5245 3265 5300 odoris
3307 5249 3492 5311 optimi
3521 5264 3534 5300 :
3565 5244 3816 5314 qualemn

2279 5312 2367 5366 hit-
2396 5312 2602 5369 faceret
2629 5332 2731 5370 trux
2757 5310 2989 5375 incensi,
3020 5333 3142 5384 qua:
3171 5310 3362 5371 eadem
3399 5327 3481 5373 e-t
3521 5310 3636 5368 cum
3659 5310 3815 5384 thure.

2275 5398 2399 5439 cum
2430 5389 2608 5440 solum
2636 5385 2706 5439 de
2725 5403 2861 5441 anno
2888 5381 3156 5449 titur-cuiue
3187 5397 3469 5450 tractetur,
3503 5387 3569 5440 de
3619 5381 3714 5437 illis
3735 5381 3816 5432 δη-

2278 5455 2398 5511 licet
2429 5457 2628 5518 verbis,
2659 5458 2859 5512 Aurum
2904 5467 2953 5514 et
2995 5458 3115 5512 thus
3140 5458 3461 5528 deferenles?
3507 5458 3646 5528 Dixit
3673 5457 3814 5504 autem

2273 5540 2466 5581 altrtltlt
2495 5543 2782 5591 sensuum,
2813 5529 2953 5584 sicut
2987 5527 3120 5584 infra
3149 5523 3217 5584 ι’.⁷
3243 5544 3345 5584 LXV
3375 5531 3581 5582 νιν-ΜΗ.
3623 5523 3814 5597 frttttten-

2275 5606 2386 5651 tttttt
2420 5614 2708 5662 sensuum,
2743 5601 2870 5656 tlum
2899 5602 2999 5669 ait,
3033 5600 3194 5656 donec
3222 5601 3386 5654 multo
3410 5599 3580 5654 labore
3606 5601 3810 5669 atquetﬂ‘

2273 5670 2477 5742 dustria
2502 5679 2794 5726 mereantur
2822 5671 2892 5725 ad
2917 5664 3229 5742 frumentum
3247 5685 3489 5742 sensuum
3509 5688 3542 5742 ρ
3564 5664 3754 5722 nenirc.

2341 5737 2370 5776 δ
2413 5741 2469 5796 In
2496 5743 2791 5800 recentiori
2816 5737 3184 5801 Am'bwsiauo
3211 5740 3416 5810 absque
3442 5737 3618 5798 addito
3640 5749 3705 5789 se.
