3972 6338
145 341 259 398 595

690 335 1348 397 COMMENTARIORI’M
1386 335 1450 394 IN
1493 335 1726 394 ISAIAM
1766 334 2185 394 PROPBETAM
2215 335 2348 394 LIB.
2390 334 2557 393 XVII.
2598 334 2752 393 CAP.
2794 336 2910 394 LX.

3358 342 3464 400 διιι

150 469 334 517 tarum
367 460 668 525 mandavit,
703 475 770 516 ne
802 460 1051 529 pluerent
1091 474 1258 528 super
1291 457 1458 515 Israel
1491 458 1744 526 imbrem,
1775 461 1832 518 Α
1855 457 2190 513 auxiliantur
2216 458 2294 531 ei,
2325 472 2487 529 quam
2511 471 2658 527 saepe
2687 468 2911 530 propter
2943 459 3332 531 negligentiam
3359 462 3460 520 de-

150 551 224 608 ad
262 569 403 623 quos
442 552 692 624 pervenit
722 553 924 608 veritas
961 551 1083 616 Dei,
1135 553 1366 608 miratur
1408 551 1655 608 Ecclesia
1686 550 1755 608 de

152 643 602 702 Circntncisionis
625 645 856 717 primum
881 646 1080 718 populo
1099 657 1447 718 Congregata,
1483 647 1666 700 volare
1686 643 1753 699 ad

149 754 218 794 se
255 739 502 808 gentium
536 738 750 794 turbant
786 747 901 794 toto
925 740 1060 795 orbe
1090 749 1382 796 terrarum.
1425 738 1758 806 Etassnmp-

152 833 224 890 tis
246 835 350 890 alis
376 834 615 898 Spiritus
641 835 814 890 sancti
835 876 850 898 ,
879 835 1147 906 festinare,
1183 833 1334 903 juxta
1367 830 1753 904 Symmachum

147 939 209 986 et
235 928 694 993 'l‘beodoﬁoncm.
727 929 799 984 ad
843 933 1095 999 fenestras
1123 941 1287 990 suas;
1312 929 1461 991 juxta
1501 924 1754 996 Aquilam

149 1023 224 1078 ad
256 1031 553 1078 cataractas
575 1039 720 1089 suas,
751 1032 812 1077 ut
844 1020 1222 1092 ingrediantur
1253 1018 1573 1075 Ecclesiam.
1623 1017 1756 1074 Sive

152 1113 413 1170 doctores
443 1129 564 1170 cum
593 1113 900 1184 discipulis,
935 1112 988 1168 id
1019 1123 1125 1176 est,
1163 1110 1445 1165 columbas
1481 1126 1603 1164 cum
1637 1109 1754 1179 pul-

153 1206 226 1263 lis
247 1209 363 1262 suis
392 1208 584 1263 volare
608 1207 674 1261 ad
702 1207 1004 1263 Ecclesiam
1031 1203 1100 1261 de
1130 1205 1321 1259 insulis
1342 1203 1612 1274 gentium,
1633 1218 1754 1273 qua:

148 1299 306 1370 jnma
331 1297 584 1353 vaticinia
607 1296 1006 1363 Prophetarum
1023 1294 1420 1366 exspectabunt
1439 1294 1750 1348 Dominum.

149 1389 333 1446 Naves
377 1405 598 1462 quoque
637 1405 865 1446 'rusnsts
890 1389 1172 1461 (πνέω),
1212 1387 1266 1442 id
1311 1396 1416 1453 est,
1450 1385 1638 1450 maris,
1685 1385 1754 1443 de

150 1482 354 1554 quibus
385 1483 438 1536 in
485 1483 696 1538 visione
737 1481 864 1554 Tyri
907 1482 1123 1553 plenius
1165 1480 1434 1549 diximus,
1481 1479 1754 1535 adducent

152 1575 303 1632 ﬁlios
348 1575 608 1632 Ecclesia:
636 1576 689 1632 in
721 1577 990 1646 principio
1030 1574 1179 1643 ﬁdei,
1208 1590 1402 1629 aurum
1438 1583 1757 1645 argentum-

146 1683 263 1739 que
293 1675 598 1738 portantes.
628 1667 794 1724 Corde
819 1668 957 1722 enim
983 1667 1208 1721 creditur
1238 1668 1307 1720 ad
1328 1666 1633 1737 justitiam;
1665 1682 1755 1721 ore

148 1771 326 1816 autem
358 1761 613 1832 confessio
642 1761 701 1829 ﬁt
725 1760 795 1814 ad
817 1760 1038 1816 salutem
1069 1760 1248 1836 (Rom.
1281 1776 1335 1825 κ,
1372 1759 1483 1830 10).
1540 1760 1612 1815 De
1642 1773 1754 1831 quo

1855 551 2013 618 serit,
2062 551 2147 606 vel
2202 561 2614 620 persecuturum
2651 555 2886 622 percutit
2933 554 3106 624 virga.
3136 564 3191 608 ut
3242 570 3462 612 rursum

1858 654 2084 714 pr0pter
2109 644 2194 699 sui
2219 645 2651 700 misericordiam
2683 646 2893 717 diligat.
2924 645 3020 702 Vel
3050 657 3202 704 certe
3235 649 3338 704 huc
3375 650 3462 705 di-

1855 739 2114 804 cendum,
2147 737 2292 808 quod
2339 736 2596 792 afﬂictam
2638 739 2912 808 quondam
2938 752 2987 794 et
3020 740 3323 809 captivitati
3355 751 3464 796 tra-
3553 755 3561 765 ·

1857 828 2026 884 ditant
2061 828 2114 882 in
2149 829 2349 898 pepnlo
2392 827 2731 892 Judaeorum,
2790 829 2845 885 in
2894 832 3184 887 vocatione
3209 833 3459 902 gentium

1857 923 2177 978 reconciliet
2227 922 2361 992 sibi,
2416 922 2488 977 ita
2534 934 2590 978 ut
2631 937 2806 996 porta!
2849 925 2969 995 cjus
3011 941 3230 997 semper
3259 939 3463 992 apertte

1855 1017 1987 1086 sint,
2020 1027 2075 1072 et
2102 1032 2204 1072 nec
2232 1015 2325 1072 die
2355 1030 2458 1072 nec.
2487 1025 2649 1071 nocte
2676 1017 3026 1086 claudantur,
3059 1030 3115 1073 et
3148 1019 3346 1073 salvari
3371 1034 3465 1074 tu-

1859 1101 2355 1182 pientibusjugiter
2385 1121 2630 1180 pateant,
2662 1112 2712 1166 id
2741 1125 2849 1180 est,
2881 1123 2938 1167 ut
2963 1112 3015 1168 ei
3047 1113 3099 1166 in
3141 1114 3372 1184 gaudio,
3401 1123 3460 1170 et

1860 1207 1914 1261 in
1949 1206 2304 1262 tribulatione
2329 1206 2639 1263 volentibus
2661 1207 2914 1275 credere,
2949 1207 3204 1262 introitus
3233 1223 3340 1262 non
3365 1224 3462 1265 ne-

1856 1313 2036 1372 getur.
2078 1301 2141 1355 Et
2190 1299 2455 1355 inferatur
2495 1301 2562 1354 ad
2607 1315 2727 1356 eam
2775 1300 3062 1369 fortitudo,
3104 1301 3224 1356 sive
3256 1301 3464 1356 divitia:

1856 1392 2128 1464 gentium;
2159 1403 2212 1448 et
2243 1407 2402 1459 rcges
2427 1407 2616 1448 earum
2664 1393 3003 1457 ministrent,
3030 1391 3147 1448 sive
3186 1393 3466 1449 adducan-

1859 1495 1946 1539 tur
1970 1486 2022 1540 ei
2051 1485 2204 1556 quasi
2234 1485 2454 1556 captivi.
2487 1484 2641 1552 Quod
2680 1494 2808 1542 tunc
2841 1487 3117 1558 intelliges
3141 1530 3154 1554 ,
3203 1502 3330 1542 cum
3377 1487 3461 1542 vi-

1857 1578 2006 1634 deris
2035 1580 2522 1649 eloquentissimos
2562 1579 2758 1635 adduci
2815 1581 2881 1635 ad
2922 1580 3086 1634 fidem
3123 1579 3368 1642 Christi;
3402 1592 3458 1636 et

1857 1671 2081 1726 Stultam
2110 1669 2230 1726 lieri
2255 1671 2582 1739 sapientiam
2621 1673 2979 1741 sapientium,
3008 1685 3072 1725 ac
3108 1671 3459 1740 prudentiam

1858 1761 2205 1832 prudentium
2251 1762 2533 1834 rep.obari
2563 1761 2609 1836 (l
2656 1764 2776 1818 t'lar.
2809 1764 2847 1835 ι)
2880 1781 2894 1818 :
2924 1775 2979 1816 ut
3005 1761 3211 1818 fatuum
3250 1764 3345 1818 Dei
3374 1779 3464 1818 sa-

147 1868 292 1908 auro
322 1862 382 1908 et
404 1863 630 1924 argento
655 1855 708 1908 in
740 1856 1078 1924 semgcsimo
1106 1853 1340 1920 septimo
1376 1854 1589 1922 psalmo
1619 1851 1752 1907 θοι-ἰ·
1785 1854 1829 1916 Β
1855 1857 2092 1929 pientius
2133 1857 2206 1912 sit
2237 1857 2570 1912 hominibus.
2601 1856 2834 1912 Gentem
2863 1864 3045 1911 autem
3092 1865 3148 1911 et
3186 1871 3344 1928 reges
3365 1871 3456 1912 ea-

144 1957 311 2019 ptum
334 1958 419 2002 est
446 1965 461 2003 :
496 1944 687 2002 Penno:
713 1946 965 2002 columba:
994 1945 1362 2020 deargentataz,
1391 1956 1436 1999 et
1466 1947 1752 2015 posteriora

148 2041 272 2112 ejus
300 2039 353 2092 in
385 2039 592 2110 fulgore
611 2039 732 2093 auri
765 2036 938 2108 (Psal.
966 2055 1092 2105 us,
1121 2039 1232 2108 14).
1260 2039 1752 2108 Etseptuagesimo

143 2135 331 2205 primo
365 2135 576 2204 psalmo
606 2149 619 2188 :
651 2131 813 2205 Reges
833 2131 1060 2188 Tharsis
1088 2147 1132 2188 et
1163 2133 1352 2188 insula:
1381 2149 1596 2188 munera
1624 2131 1754 2198 oﬂ’e-

140 2240 286 2296 rent,
312 2237 362 2282 et
390 2244 530 2297 reges
560 2227 789 2282 Arabum
819 2238 868 2283 et
906 2225 1049 2284 Saba
1094 2226 1233 2281 dona
1273 2227 1525 2281 adducent
1573 2225 1751 2298 (Psal.

135 2335 306 2384 Lsst,
341 2319 457 2391 10).
484 2321 617 2386 Qua:
635 2319 1152 2376 onmiadefernntur
1181 2319 1386 2376 nomini
1416 2319 1634 2375 Domini
1659 2319 1753 2376 Dei

131 2423 206 2469 et
236 2412 441 2469 Sutcto
467 2413 654 2482 Israel,
685 2413 778 2483 qui
801 2411 1120 2482 gloriﬁcavit
1155 2427 1302 2468 eum.

223 2504 412 2578 (Vers.
451 2505 518 2561 10
549 2506 733 2577 seqq.)
765 2503 833 2558 Et
865 2504 1199 2573 wdiﬁcabunt
1239 2505 1338 2576 ﬁlii
1366 2507 1752 2577 peregrinorum

134 2616 332 2656 muros
364 2611 507 2662 tuos,
529 2593 583 2653 et
611 2615 753 2669 reges
774 2615 949 2653 eorum
979 2596 1345 2652 ministrabant
1379 2597 1492 2652 tibi.
1529 2597 1592 2652 In
1613 2598 1755 2652 indi-

131 2693 400 2769 gnatione
429 2694 563 2747 enim
606 2707 719 2745 mea
765 2692 995 2762 percussi
1043 2702 1110 2759 te,
1139 2702 1183 2745 et
1231 2691 1285 2744 in
1338 2691 1757 2744 reconciliatione

131 2803 263 2842 mea
293 2787 538 2841 misertus
565 2802 680 2840 sum
708 2785 785 2839 tui
815 2801 832 2839 :
863 2797 910 2838 et
937 2785 1234 2856 aperientur
1272 2794 1439 2854 porta:
1475 2795 1577 2837 tute
1611 2784 1758 2856 jngi-

134 2892 244 2949 ter,
276 2881 363 2936 die
391 2897 454 2934 ac
482 2891 630 2936 nocte
666 2897 768 2935 non
811 2881 1122 2935 claudentur
1153 2896 1172 2934 :
1199 2889 1252 2933 ut
1300 2877 1554 2947 aﬁ'eratur
1594 2878 1663 2932 ad
1709 2889 1757 2932 te

134 2977 417 3048 fortitudo
447 2975 700 3050 gentium,
733 2983 781 3028 et
819 2991 962 3046 reges
1001 2988 1178 3027 earum
1207 2972 1559 3026 adducantur.
1593 2970 1756 3044 725

135 3069 289 3126 Gens
318 3070 462 3124 enim
489 3081 539 3124 et
567 3086 799 3141 regnum.
833 3067 974 3138 quod
997 3084 1102 3121 non
1123 3068 1352 3122 servierit
1388 3066 1498 3133 tibi,
1532 3067 1711 3131 νει-,ιω
1733 3082 1752 3120 ;

1859 1963 2002 2016 ῐιιιιι,
2024 1949 2116 2020 qui
2148 1949 2362 2005 servire
2389 1949 2650 2004 Ecclesia:
2673 1949 2951 2004 noluerint
2970 1949 3166 2004 bonam
3195 1963 3246 2005 et
3274 1951 3463 2006 utilem

1855 2044 2202 2110 Servitutem,
2239 2053 2296 2096 ut
2328 2043 2380 2098 in
2412 2041 2787 2114 Apostolicam
2813 2041 2840 2080 δ
2867 2041 3201 2099 transferant
3228 2043 3463 2114 dignita-

1857 2143 1990 2201 tem,
2017 2135 2182 2209 726
2211 2135 2462 2207 peribunt
2490 2151 2556 2190 ea
2589 2135 2918 2206 perditione,
2951 2151 3074 2206 quae
3117 2135 3299 2205 impiis
3325 2151 3465 2206 przr-

1857 2241 2043 2298 parata
2072 2241 2179 2296 est,
2215 2237 2272 2283 et
2301 2227 2562 2299 quidquid
2615 2229 2667 2281 in
2721 2229 2802 2282 eis
2835 2228 3022 2292 fuerit,
3073 2229 3354 2299 redigetur
3408 2228 3462 2282 in

1855 2323 2230 2387 solitudinem,
2267 2323 2357 2392 qui
2395 2322 2596 2376 habere
2630 2321 2919 2378 noluerunt
2963 2321 3232 2391 hospitem
3267 2321 3456 2377 Deutn.

1934 2414 2116 2486 (Vers.
2145 2417 2232 2482 l5,
2267 2413 2380 2487 ts.)
2411 2414 2591 2469 Gloria
2623 2413 2808 2469 Libani
2836 2414 2906 2468 ad
2935 2421 2984 2468 te
3015 2414 3222 2479 venit,
3245 2414 3384 2470 abies
3415 2425 3464 2469 et

1858 2510 2024 2565 buxus
2054 2520 2102 2564 et
2133 2511 2285 2579 pinus
2312 2508 2469 2564 simul
2498 2509 2568 2563 ad
2604 2509 2898 2564 ornandum
2940 2507 3111 2563 locum
3161 2509 3464 2574 sancti/ica-

1860 2605 2016 2659 tionis
2063 2619 2226 2668 meae;
2271 2613 2320 2658 et
2364 2602 2536 2657 locum
2563 2603 2749 2668 pedum
2778 2618 3009 2657 meorum
3030 2601 3358 2676 gloriﬁcabo.
3393 2600 3462 2655 Et

1857 2699 2058 2756 venient
2083 2698 2152 2753 ad
2175 2707 2224 2752 te
2247 2697 2390 2752 curvi
2424 2695 2525 2767 ﬁlii
2553 2713 2766 2760 eorum,
2799 2697 2890 2766 qui
2943 2695 3346 2750 humiliaverunt
3385 2704 3465 2761 te,

1857 2803 1909 2848 et
1933 2793 2224 2847 adorabunt
2245 2790 2463 2864 vestigia
2494 2789 2684 2859 pedum
2713 2798 2927 2843 tuorum
2954 2804 3129 2843 omnes
3147 2830 3160 2848 .
3187 2789 3274 2856 qui
3297 2787 3471 2841 detra-

1859 2883 2048 2939 hebant
2075 2883 2197 2944 tibi.
2245 2893 2294 2936 et
2339 2884 2592 2937 vocabunt
2644 2891 2692 2937 te
2712 2884 2970 2936 civitatem
3025 2877 3280 2946 Domini,
3335 2879 3466 2936 Sion

1861 2975 2045 3032 Sancti
2067 2974 2259 3030 Israel.
2294 2972 2438 3028 LXX
2471 2971 2692 3028 :Gloria
2717 2972 2905 3028 Libani
2925 2973 2995 3028 ad
3009 2985 3058 3026 te
3095 2973 3260 3027 veniet
3288 2973 3342 3025 in
3367 2989 3464 3044 cy-

1861 3070 2066 3140 parisso
2095 3079 2142 3121 et
2170 3068 2326 3137 pina.
2375 3074 2424 3118 et
2470 3065 2624 3118 cedro
2661 3065 2819 3118 simul
2859 3077 2915 3119 ut
2945 3064 3267 3136 gloriﬁcetur
3312 3063 3461 3119 locus

136 3174 186 3218 et
219 3171 406 3236 gentes
433 3161 712 3216 solitudine
737 3159 1096 3215 vastabantur.
1123 3157 1266 3214 LXX
1293 3177 1307 3215 :
1335 3157 1404 3212 Et
1421 3158 1754 3227 wdiﬁcabunt
1855 3170 2062 3217 sanctus
2116 3176 2259 3214 meus
2276 3201 2292 3225 ,
2318 3154 2440 3233 -',-|-'-
2490 3166 2537 3211 et
2590 3157 2759 3212 locum
2789 3159 2982 3227 pedum
3010 3174 3242 3213 meorum
3262 3158 3465 3229 gloriﬁ-

135 3255 464 3328 alienigéna:
500 3270 676 3308 muros
701 3262 838 3322 tuos,
876 3261 923 3306 et
964 3269 1106 3323 reges
1135 3267 1313 3306 eorum
1335 3251 1594 3307 ,assistent
1640 3251 1752 3306 tibi.
1783 3248 1828 3313 C
1861 3257 1989 3312 cubo
2021 3260 2061 3322 χ
2093 3253 2164 3308 Et
2195 3256 2341 3309 ibunt
2371 3253 2441 3309 ad
2472 3262 2520 3308 te
2551 3252 2785 3307 timentes
2813 3252 2911 3320 ﬁlii
2938 3268 3116 3306 eorum
3153 3253 3244 3320 qui
3272 3261 3321 3306 ιε
3367 3251 3468 3305 Im.

141 3347 393 3418 PrOpter
413 3347 546 3400 iram
573 3347 708 3400 enim
731 3362 898 3400 meam
921 3346 1151 3412 percussi
1183 3355 1250 3414 te,
1285 3355 1332 3398 et
1364 3355 1573 3416 propter
1603 3345 1757 3398 mise-

142 3440 445 3498 ricordiam
476 3440 637 3495 dilexi
665 3452 733 3496 te.
768 3440 833 3495 Et
857 3441 1154 3508 aperientur
1178 3449 1337 3509 portu:
1375 3449 1478 3494 tua:
1507 3454 1707 3511 semper
1739 3456 1756 3493 .°

137 3535 233 3589 die
263 3549 332 3588 ac
353 3542 504 3587 nocte
524 3549 625 3587 non
644 3533 973 3602 claudentur,
1000 3543 1056 3586 ut
1077 3532 1410 3586 introducunt
1431 3530 1501 3584 ad
1528 3543 1574 3584 te
1603 3530 1758 3600 forti-

139 3629 394 3682 tudinem
425 3627 674 3697 gentium,
703 3637 749 3681 et
775 3642 920 3697 reges
945 3641 1123 3680 earum
1151 3625 1242 3696 qui
1293 3623 1588 3679 adducendi
1616 3633 1756 3679 sunt.

145 3719 352 3777 Gentes
379 3722 516 3774 enim
542 3728 590 3772 et
617 3736 758 3791 reges
777 3721 867 3791 qui
888 3735 992 3773 non
1020 3718 1286 3774 servierint
1317 3717 1438 3786 tibi,
1475 3717 1712 3787 peribunt
1743 3733 1763 3772 :

143 3825 334 3889 gentes
366 3814 649 3870 solitudine
676 3814 1068 3869 desolabuntur.
1101 3813 1250 3869 Inter
1279 3823 1476 3869 cwtera
1509 3813 1707 3885 quibus
1735 3821 1762 3850 ει

146 3910 370 3964 ditatur
403 3907 666 3970 Ecclesia.
699 3918 752 3963 et
790 3910 922 3963 urbs
951 3907 1254 3963 Salvatoris
1278 3907 1599 3973 exsmtitur,
1630 3907 1765 3963 alie—

149 4003 387 4073 nigenae
415 4014 634 4070 quoque
674 4008 730 4056 et
763 3999 856 4055 lilii
895 4001 1309 4070 peregrinorum
1340 3999 1615 4054 :editicant
1647 4015 1763 4054 titti-

148 4111 254 4153 ros
285 4097 449 4163 ejus.
484 4109 552 4148 ne
587 4093 760 4150 ho~tis
794 4092 961 4164 poSsit
994 4092 1226 4157 intrare,
1264 4107 1364 4148 nec
1400 4091 1577 4146 locum
1613 4093 1763 4147 inve-

149 4191 287 4247 nire
322 4186 570 4260 pPrﬁdia.
621 4187 960 4258 Alienigena:
1011 4194 1190 4240 autem
1221 4195 1278 4240 et
1321 4186 1598 4255 peregrini
1644 4199 1769 4255 pro-

153 4285 288 4356 prie
319 4280 632 4351 significant
658 4280 918 4348 populum
950 4279 1258 4344 nationum,
1284 4277 1373 4344 qui
1403 4293 1533 4332 vere
1557 4289 1773 4332 essun-

157 4389 369 4435 xeruut
404 4374 706 4430 Ecclesium
727 4373 931 4430 Cbri~ti
963 4391 977 4428 :
1012 4374 1281 4428 intantum
1311 4381 1370 4427 ut
1398 4388 1553 4443 reges
1580 4387 1771 4427 eorum

154 4485 215 4531 et
248 4471 542 4544 principes
572 4468 912 4528 ministrent.
948 4468 1062 4522 sive
1091 4467 1354 4521 assistant
1385 4468 1459 4519 ei.
1490 4464 1647 4533 Quod
1679 4463 1774 4519 vel

156 4566 480 4624 earnaliter
519 4565 806 4634 accipitur,
839 4560 925 4615 vel
955 4560 1334 4630 spiritualiler.
1368 4557 1423 4614 Si
1455 4556 1772 4625 carnaliter,

1863 3350 2193 3408 miliaverunt
2212 3389 2229 3414 ,
2277 3352 2331 3414 -j-
2361 3361 2406 3402 et
2457 3348 2793 3401 irritaverant
2819 3356 2866 3400 te
2895 3349 2935 3413 ,‘
2959 3354 3007 3399 et
3035 3346 3331 3401 adorabunt
3361 3361 3473 3400 ves-

1861 3445 1989 3520 ligio
2021 3444 2207 3511 pedum
2239 3452 2447 3496 tuorum
2469 3457 2646 3495 omnes
2659 3441 2747 3508 qui
2773 3441 3110 3494 irritaverant
3133 3449 3215 3505 te;
3245 3448 3292 3492 et
3315 3454 3467 3492 vocuo

1865 3538 1999 3594 beris
2023 3537 2204 3590 civitas
2227 3533 2439 3589 Domini
2465 3533 2622 3593 Sion.
2650 3531 2835 3587 Sancti
2860 3528 3051 3587 Israel.
3078 3531 3239 3585 Multa
3271 3531 3472 3586 desunt

1866 3632 1920 3686 in
1962 3629 2353 3699 Septuaginta,
2385 3641 2506 3696 quae
2535 3640 2602 3680 ex
2643 3624 2873 3680 Hebraeo
2905 3623 3008 3678 sub
3049 3623 3337 3678 asteriscis
3361 3638 3462 3691 po-

1865 3722 1980 3792 sui,
2013 3731 2069 3777 et
2099 3719 2244 3791 quod
2275 3718 2634 3786 addidetunt,
2677 3717 2840 3771 olielo
2867 3718 3188 3786 praenotavi.
3232 3714 3472 3770 Libanus

1868 3831 2030 3872 mons
2083 3813 2359 3870 Phoenicis
2399 3824 2519 3880 est,
2560 3809 2796 3866 excelsis
2841 3809 3134 3863 arboribus
3181 3809 3429 3864 consitus
3458 3852 3471 3875 ,

1867 3926 2006 3983 quas
2035 3910 2328 3966 Psalmista
2354 3905 2674 3962 describens
2702 3905 2779 3960 ait
2815 3921 2828 3957 :
2878 3901 3002 3956 Vidi
3026 3901 3246 3967 impium
3287 3915 3476 3961 super-

1871 4004 2174 4064 exaltatum,
2195 4013 2241 4056 et
2263 4003 2514 4056 eleuatum
2539 3997 2690 4058 quasi
2714 3996 2895 4051 cedros
2922 3993 3108 4048 Libani
3129 3993 3248 4065 (Ps.
3280 4008 3468 4061 xxx",

1870 4098 1989 4167 35).
2025 4098 2083 4152 Et
2110 4096 2164 4151 in
2190 4095 2298 4150 alio
2327 4095 2444 4149 loco
2471 4113 2485 4149 :
2510 4091 2752 4148 Conteret
2798 4089 3048 4144 Dominus
3083 4086 3262 4141 cedros
3288 4085 3476 4140 Liboni

1873 4190 1995 4265 (Ps.
2032 4205 2217 4255 ιιι-ιιι,
2252 4189 2330 4252 5).
2365 4186 2638 4250 Multaque
2672 4183 2776 4237 alia
2803 4196 2926 4252 quae
2957 4179 3140 4234 studio
3180 4176 3476 4234 brevitatis

1873 4297 2163 4356 praetereo.
2194 4280 2274 4335 De
2312 4281 2412 4334 hoc
2453 4277 2732 4346 quondam
2765 4274 2954 4329 Hiram
2995 4288 3091 4328 rex
3123 4273 3291 4344 Tyri,
3317 4270 3483 4328 Salo-

1876 4375 2024 4430 moni
2060 4374 2266 4440 Joppen
2299 4371 2438 4440 ligna
2470 4368 2758 4434 mittebat,
2800 4366 2866 4420 ad
2897 4363 3274 4419 aedificandum
3308 4363 3481 4420 Tem-

1878 4467 2028 4538 plum
2061 4464 2154 4519 Dei
2181 4461 2269 4523 t’lll
2296 4461 2424 4534 Reg.
2456 4460 2538 4532 v).
2575 4461 2650 4515 De
2674 4475 2786 4530 quo
2806 4460 2977 4513 etiam
3008 4471 3152 4514 nunc
3198 4457 3482 4518 Scriptura

1879 4559 2181 4632 promittit,
2211 4556 2449 4611 abietem
2486 4562 2540 4608 et
2588 4553 2789 4606 buxum
2824 4560 2880 4605 et
2917 4551 3100 4621 pinttnt
3127 4595 3141 4618 ,
3183 4549 3301 4605 sive
3327 4551 3482 4618 juxta

157 4662 428 4718 vide-mus
457 4656 704 4712 Ca-sares
741 4655 1016 4710 ltomanos
1061 4651 1268 4707 Christi
1304 4653 1438 4724 jngo
1471 4651 1614 4707 colla
1642 4650 1769 4704 sub-
1802 4647 1858 4710 D
1882 4650 2239 4721 Septuaginta
2258 4693 2272 4716 ,
2301 4647 2642 4717 ty:ll‘tl‘lSSllttl
2673 4652 2729 4699 et
2756 4644 2938 4712 pinum
2968 4688 2982 4710 ,
3011 4649 3068 4697 et
3087 4642 3317 4696 cedrum
3341 4686 3355 4709 ,
3385 4650 3484 4696 aut

163 4759 433 4822 mittere,
467 4761 522 4807 et
553 4750 826 4806 mdilicate
851 4746 1118 4802 ecclesias
1149 4746 1402 4817 expensis
1436 4745 1696 4815 publicis,
1721 4753 1777 4798 et

162 4851 448 4906 adversus
476 4843 892 4914 persecutiones
921 4837 1163 4909 gentium
1207 4849 1373 4908 atque
1402 4837 1627 4893 insidias
1666 4836 1777 4892 has-

165 4950 478 5000 rcticorutn
525 4938 727 5007 Legum
759 4935 899 4990 scita
955 4931 1218 5002 pendere.
1273 4931 1330 4985 Si
1380 4931 1776 4998 spiritualiter,

165 5040 518 5110 quit-umque
550 5032 603 5086 in
643 5032 727 5089 eis
754 5027 1124 5091 continentia,
1178 5025 1489 5094 elomtentia
1513 5067 1528 5090 ,
1578 5025 1781 5080 sancti-

167 5141 314 5191 tate.
353 5127 631 5200 principes
656 5135 799 5186 sunt,
829 5135 884 5179 et
915 5123 1109 5177 animae
1136 5120 1366 5190 imperio
1390 5119 1572 5174 carnis
1597 5120 1786 5187 subju-

168 5237 311 5299 gant
338 5224 685 5287 servitutem,
717 5218 821 5288 ipsi
850 5215 1256 5278 administrant,
1304 5222 1359 5268 et
1387 5215 1675 5279 assistunt,
1703 5212 1789 5267 vel

254 5351 282 5377 λ
329 5336 452 5393 Alia
507 5333 710 5398 lcetio,
759 5331 942 5401 quibus
970 5328 1264 5398 aediﬁcatur
1297 5326 1572 5394 Ecclesia,
1620 5328 1793 5397 magis

175 5412 440 5467 Victoria
472 5405 696 5476 placuit,
747 5403 890 5476 quod
933 5402 1414 5476 ntagisLeongruat
1460 5401 1641 5453 verbis
1671 5415 1793 5466 qua:

174 5470 595 5550 interpretatur
611 5499 622 5527 ι
645 5474 710 5528 Et
723 5470 1055 5550 aediﬁcabant
1080 5470 1181 5550 ﬁlii
1204 5473 1537 5543 peregrinoru
1547 5487 1593 5550 nt
1609 5486 1797 5550 nim-os

177 5567 313 5611 tuos
345 5543 370 5607 Ξ
403 5558 692 5620 ρτοιιιθτιιιι
741 5543 884 5616 quad
930 5545 1097 5598 ditari
1151 5554 1442 5612 antequam
1495 5543 1798 5596 aediﬁcetur

177 5629 328 5684 urbs
355 5630 567 5684 tit-quit.

302 5667 314 5676 .
395 5643 422 5669 θ’
554 5659 567 5672 ο

264 5637 887 5758 Ψιλιὲιτιξαιιειενπιιιυν
912 5685 1251 5758 com-iuniori
1280 5684 1623 5758 SPIISIL‘l‘gil.

270 5779 298 5808 ο
338 5767 444 5820 Pro
469 5752 738 5818 Tltaassur
751 5757 894 5825 apud
925 5755 1176 5826 Aquilam
1198 5771 1418 5826 quoque
1431 5752 1682 5811 Thadaar
1708 5754 1801 5826 alii

207 5844 396 5912 egunt
414 5875 429 5900 ,
459 5843 630 5903 utque
655 5829 870 5887 videtur
893 5825 1098 5886 rectius
1125 5871 1139 5895 ,
1163 5825 1350 5898 sicque
1378 5827 1522 5898 apud
1551 5825 1805 5883 Theodo-

1877 4749 2029 4819 juxta
2059 4743 2343 4815 Aquilam,
2376 4739 2628 4802 abietem,
2662 4737 3003 4800 thaaduor,et
3039 4747 3060 4776 ο
3092 4737 3373 4803 lltaassur;
3399 4735 3492 4792 vel

1878 4842 2032 4914 juxta
2059 4836 2491 4896 Theodotionetn
2513 4876 2528 4899 ,
2573 4832 2758 4899 Brais,
2794 4831 2838 4886 Τ
2838 4831 3038 4886 hadaar
3059 4872 3074 4892 ,
3121 4840 3171 4886 et
3197 4830 3488 4900 Tlteassur,

1886 4935 2046 4991 simul
2081 4946 2206 4988 esse
2239 4927 2528 4986 czedendas
2552 4973 2565 4995 ,
2599 4939 2656 4982 ut
2713 4925 3020 4982 aedificetur
3064 4925 3327 4996 templum
3359 4925 3496 4983 Sion

1887 5025 1957 5101 (ll
1986 5023 2176 5080 Paral.
2197 5021 2280 5096 tt).
2304 5021 2460 5089 Quod
2485 5021 2532 5076 si
2557 5021 2630 5076 ita
2662 5031 2747 5075 est
2773 5065 2788 5089 ,
2816 5018 2903 5075 ubi
2943 5017 3050 5073 erit
3079 5034 3242 5074 aurea
3274 5029 3330 5074 et
3354 5035 3502 5084 gem-

1888 5129 2032 5174 mata
2063 5116 2361 5174 Jerusalem
2380 5114 2406 5167 ἲ
2422 5114 2512 5168 ubi
2537 5128 2673 5167 uxor
2693 5111 2869 5184 Agat?
2886 5109 2975 5164 ubi
3004 5125 3178 5181 ponte
3200 5111 3493 5168 duodecim

1892 5227 2229 5284 gemmarum
2274 5211 2541 5263 varietate
2588 5205 2904 5262 distinctae?
2949 5203 3062 5260 Nisi
3118 5204 3259 5261 forte
3307 5219 3502 5260 muros

1898 5327 2126 5389 tionem,
2158 5323 2427 5380 Thoassur
2449 5341 2548 5393 pro
2577 5323 2862 5379 Tlteassnr.
2895 5320 3112 5376 Nontini
3142 5332 3324 5393 autent
3349 5319 3505 5393 Brais

1900 5398 2157 5454 mendum
2186 5398 2368 5452 inesse
2409 5390 2785 5466 suspicamur,
2830 5395 3236 5466 legendumque
3258 5390 3444 5466 Bruttii
3463 5406 3507 5466 _:

1899 5485 2027 5524 nam
2067 5483 2258 5542 vocent
2305 5477 2452 5528 ιιι-ιι
2485 5461 2521 5535 ,⁷
2556 5467 2722 5542 βραθύ
2752 5461 2928 5518 reddit
2962 5461 3329 5542 Synﬂuachus
3375 5461 3502 5542 lani.

1899 5557 1951 5594 «τ.
1987 5556 2052 5595 Lv
2079 5580 2096 5606 ,
2137 5540 2242 5606 15,
2287 5550 2342 5594 et
2389 5532 2495 5593 ms.
2537 5532 2606 5591 a'ti
2640 5541 2827 5605 tquiss.
2885 5532 3025 5602 apud
3051 5533 3364 5606 Montl'auc.
3415 5532 3508 5587 hic

1901 5610 2064 5667 habet
2082 5603 2263 5678 'Brati,
2293 5624 2549 5680 quaevox
2584 5603 2931 5680 ilii'veterunt
2976 5603 3273 5680 editionum
3301 5649 3314 5672 ,
3345 5619 3508 5680 quam

1902 5684 2146 5811 ineptiam
2179 5673 2339 5738 Vocat
2388 5678 2734 5735 Martianzeus
2759 5719 2773 5743 ,
2815 5673 3026 5731 scilicet
3056 5673 3213 5729 Prati
3259 5678 3511 5748 prosime

1902 5769 1995 5811 acc
2071 5763 2131 5808 tt.

1899 5763 2131 5811 accedit.
