3972 6366
175 344 308 402 »897
737 336 1387 398 COMMENTARIORUM
1425 332 1494 395 ιιι
1529 328 1766 397 BHM
1803 331 1818 394 l

1927 325 2226 396 iPﬂE‘l‘AM
2269 336 2396 394 un.
2439 333 2607 394 xvu.
2647 335 2803 395 CAP.
2844 336 2983 397 LXI.
3399 321 3504 398 59's

186 466 365 510 suam.
384 454 505 510 Non
526 454 726 509 occidet
752 455 982 509 ιλιι-αςοί
999 465 1140 521 tuus,
1159 460 1212 507 et
1227 454 1354 508 intra
1375 463 1466 507 tua
1485 465 1595 507 που
1605 454 1801 509 minue-
1836 461 1878 518 Α
1907 452 2075 508 Credo
2097 453 2269 508 ridere
2285 453 2422 507 bona
2447 445 2660 508 Domini
2680 455 2730 509 in
2749 463 2886 510 terra
2913 437 3187 509 viventium
3208 441 3326 529 (Ps.
3351 461 3501 524 'xxvt,

193 549 447 617 tur,quia
463 545 719 602 Dominus
733 546 900 601 critici
919 545 1086 599 lucem
1103 544 1492 614 sempiternum,
1507 553 1557 598 et
1572 544 1798 614 compte
1900 547 2012 618 is),
2027 564 2149 604 cum
2177 559 2401 620 genuen
2424 544 2778 616 plantationis
2799 546 3016 603 Domini
3031 539 3121 611 sit.
3149 555 3204 604 et
3227 559 3364 619 opus
3391 565 3506 604 ma-

193 641 401 696 buutur
425 642 536 696 dies
561 641 736 695 luctus
755 640 852 694 tui.
885 638 1028 695 LXX
1052 656 1069 693 :
1103 639 1168 694 Et
1188 654 1294 693 non
1320 640 1420 693 erit
1443 639 1538 692 tibi
1559 640 1637 692 sot
1657 641 1799 692 ultra
1899 653 2067 697 unum
2091 642 2214 712 ejus
2246 639 2310 695 ad
2335 639 2758 712 glbrilicandnm
2793 643 2985 697 Deum.
3007 641 3201 697 Omnis
3223 641 3389 709 enim,
3424 641 3508 697 in-

195 735 258 789 in
291 734 456 789 lucent
485 733 617 799 diei,
658 747 824 804 neque
859 717 1002 787 ortus
1037 733 1180 787 tum
1213 734 1386 786 lumen
1436 729 1675 797 pra’bebt't
1703 732 1799 785 tibi
1901 735 2322 806 quit,plantatio
2352 747 2632 805 quamnon
2657 735 2916 806 plantavit
2946 733 3108 791 Pater
3127 745 3278 791 mens
3304 735 3504 792 coales-

196 838 389 894 nocte;
413 827 506 882 sed
531 829 630 880 erit
656 827 747 881 tibi
773 825 1030 880 Dominus
1059 825 1154 880 tua;
1189 835 1407 891 eterna,
1431 835 1478 879 st
1507 822 1650 878 Deus
1685 822 1801 894 glo-
1899 829 1993 895 tis,
2024 826 2390 884 eradicabitur
2411 825 2627 900 (Matth.
2654 828 2770 901 xv).
2791 829 3097 900 Sivejuxta
3123 827 3500 900 Septuaginta,

196 922 286 975 ria
323 931 438 976 tua.
481 920 607 976 Non
645 922 786 975 enim
827 920 1028 974 occidet
1060 919 1139 974 sol
1184 919 1298 985 tibi,
1332 927 1380 972 et
1410 919 1537 972 tuna
1571 917 1666 972 tibi
1693 933 1796 972 non
1904 921 2139 992 populus
2163 922 2484 978 custodiens
2513 923 2912 992 plantationem
2944 919 3067 990 Dei,
3113 925 3169 979 et
3189 937 3351 994 opera
3391 937 3508 977 ma-

198 1014 427 1084 deﬁciet.
478 1012 695 1083 Eritque
725 1012 982 1067 Dominus
1008 1013 1103 1067 tua:
1129 1013 1464 1084 sempiterna.
1497 1023 1548 1066 et
1575 1009 1801 1080 compltt-
1901 1031 2066 1071 nuum
2094 1015 2333 1081 Domini,
2359 1018 2410 1072 in
2435 1017 2604 1089 gloria
2621 1015 2930 1074 servabitur
2942 1015 3242 1073 Creatoris.
3266 1017 3340 1072 De
3361 1011 3504 1072 bona

189 1105 395 1180 buntur
421 1106 532 1160 dies
549 1107 719 1160 luctus
746 1107 844 1160 tui.
870 1105 948 1160 Es
971 1105 1333 1176 boccapitulo
1350 1105 1598 1176 cogimur
1618 1106 1801 1159 oninla
1903 1108 2247 1181 plantatioue
2277 1125 2374 1181 per
2405 1107 2704 1166 Jeremiam
2741 1111 2979 1182 loquitur
3003 1107 3176 1166 Deus:
3209 1103 3324 1182 Ego
3353 1112 3506 1180 ptan-

199 1216 327 1271 qure
350 1199 496 1255 dicta
521 1210 652 1255 sunt
672 1209 730 1255 et
754 1200 1009 1266 dicenda,
1043 1201 1111 1254 ad
1135 1200 1388 1255 ultimum
1421 1200 1633 1255 referre
1662 1208 1804 1254 tem-
1903 1203 2006 1256 tari
2039 1211 2085 1256 te
2110 1202 2312 1257 vineam
2337 1201 2548 1271 bonam,
2583 1211 2745 1256 totam
2776 1219 2972 1269 veram,
3006 1217 3127 1274 qua;
3162 1201 3216 1257 in
3247 1201 3379 1256 Isaia
3413 1219 3507 1271 ap-

184 1357 188 1360 _
203 1309 341 1364 pus:
387 1294 607 1364 quando
649 1294 794 1350 cmlo
829 1293 1550 1364 terraquetranseuntibus,
1582 1295 1716 1350 solis
1739 1305 1803 1351 ac
1903 1296 2144 1367 pellatur
2192 1297 2341 1351 vinea
2384 1296 2544 1353 Sorec
2571 1295 2710 1370 (lsa.
2742 1295 2821 1367 ν).
2852 1291 2921 1351 Ει
2953 1297 3081 1366 quia
3122 1291 3326 1350 Paulus
3374 1308 3508 1350 con-

201 1389 352 1446 luna:
381 1388 622 1443 cessabit
643 1388 909 1443 ofﬁcium.
937 1388 1004 1443 Et
1031 1388 1144 1444 erit
1165 1388 1430 1442 Dominus
1462 1389 1578 1458 ipse
1616 1389 1802 1444 lumen
1905 1391 2131 1447 scientia
2167 1391 2434 1447 virtutum
2470 1391 2744 1462 loquentis
2772 1392 2824 1446 in
2860 1406 2920 1446 se
2947 1385 3387 1449 Christi,dicere
3417 1399 3515 1458 po-

201 1491 560 1554 perpetuum,
594 1493 650 1536 ut
675 1497 799 1554 quas
826 1491 853 1518 α
895 1483 1176 1554 χιλιασταί
1221 1481 1519 1537 carnali-ter
1547 1490 1806 1537 asserunt
1901 1494 2074 1541 terat:
2099 1483 2396 1540 Imitatores
2421 1487 2518 1541 mei
2541 1489 2723 1551 estote,
2750 1485 2880 1540 sicut
2903 1493 2951 1539 ct
2977 1501 3069 1556 ego
3095 1479 3291 1538 Christi
3319 1475 3364 1554 (Ι
3382 1479 3502 1538 Cor.

203 1592 332 1632 esse
367 1574 719 1646 complenda,
745 1589 846 1630 nos
877 1574 1237 1646 spiritualiter
1255 1573 1434 1630 futura
1457 1586 1579 1631 esse
1606 1576 1803 1631 credas
1906 1591 1981 1642 ιιι,
2016 1577 2095 1648 i),
2129 1579 2250 1634 ideo
2274 1566 2340 1634 ad
2363 1577 2679 1634 Corinthios
2703 1575 3069 1649 loquebatur:
3102 1574 3222 1649 Ego
3250 1575 3504 1647 plantavi,

204 1683 354 1736 mus,
389 1670 442 1724 in
475 1669 738 1740 qualitate
788 1667 1245 1738 promissionum,
1288 1680 1395 1723 non
1448 1668 1510 1722 in
1553 1675 1805 1739 tempore
1908 1673 2097 1744 Apollo
2135 1673 2380 1746 rigavit,
2425 1672 2683 1729 Dominus
2745 1681 2918 1728 autem
2957 1672 3328 1725 incrementum
3366 1663 3509 1724 dedit

163 1764 603 1834 sdiscrepantes.
654 1763 867 1832 Quibus
917 1763 1162 1818 breviter
1209 1762 1660 1832 respondendum
1699 1767 1804 1830 est,
1903 1767 1950 1840 (l
1981 1765 2101 1823 Cor.
2135 1779 2216 1829 nt,
2265 1766 2345 1834 6).
2381 1765 2616 1822 Plantati
2663 1765 2809 1821 enim
2854 1766 2906 1820 in
2948 1763 3116 1821 domo
3161 1761 3408 1832 Domini,
3456 1759 3511 1818 in

205 1857 357 1927 quod
385 1855 413 1894 δ
444 1857 487 1911 si
515 1855 1012 1927 pseudoprophetis
1043 1866 1093 1910 et
1127 1856 1503 1925 peccatoribus
1545 1857 1624 1909 sol
1653 1853 1803 1910 occi-
1837 1849 1885 1920 Β
1913 1859 2066 1915 atriis
2097 1860 2214 1930 ejus
2238 1857 2589 1916 efﬂorescent
2627 1855 2746 1930 (Ps.
2777 1858 2909 1927 xei).
2939 1856 3094 1912 Tunc
3132 1854 3222 1928 qui
3255 1855 3513 1925 parvulus

189 1948 290 2016 dit
315 1947 564 2016 meridie,
598 1959 651 2004 et
677 1961 710 2003 e
733 1948 1010 2003 contrario
1034 1947 1348 2004 timentibus
1380 1948 1669 2002 Dominum
1699 1947 1813 2002 ori-

1927 1953 2035 2021 'uit,
2064 1955 2167 2010 erit
2215 1957 2270 2010 in
2302 1954 2496 2018 millia,
2531 1955 2763 2009 audiens
2795 1969 2823 2006 a
2851 1951 3117 2008 Domino:
3147 1948 3276 2005 Esto
3319 1945 3516 2004 habens

209 2053 302 2098 tur
332 2043 411 2097 sol
441 2040 699 2111 iustitia:
725 2056 899 2112 quare
929 2056 1038 2096 non
1071 2055 1290 2112 semper
1322 2041 1562 2108 SanCliS.
1595 2040 1690 2095 ille
1716 2041 1809 2111 qui
1912 2059 2217 2122 potestatem
2247 2063 2408 2118 super
2435 2049 2660 2119 quinque
2676 2046 2952 2102 veldecem
2967 2045 3198 2099 civitates
3223 2037 3376 2115 (Luc.
3397 2059 3513 2110 stat,

208 2132 378 2188 dicit:
410 2131 526 2206 Ego
554 2149 668 2188 sum
700 2133 794 2188 tua:
819 2135 1000 2187 mundi
1030 2130 1213 2199 (locu.
1245 2145 1362 2197 vnt,
1391 2133 1504 2203 1‘2),
1547 2131 1811 2203 quilucet
1913 2141 1999 2207 Π,
2034 2140 2162 2210 ‘19);
2219 2142 2294 2196 ita
2334 2149 2396 2195 ut
2446 2140 2753 2212 appelletur
2796 2139 3082 2215 χιλίαρχος
3127 2135 3193 2192 Ει
3241 2132 3336 2207 qui
3385 2151 3511 2192 cum

197 2230 271 2300 in
305 2228 568 2292 tenebris,
603 2237 660 2283 et
691 2228 933 2284 tenebrc
971 2243 1094 2282 eum
1135 2244 1245 2283 non
1275 2227 1812 2300 comprehenderunt
1909 2232 2175 2303 Apostolo
2205 2234 2453 2288 dixerat:
2496 2225 2633 2286 Mihi
2664 2233 2879 2286 minimo
2927 2232 3158 2288 omnium
3206 2233 3510 2283 sanctorum

211 2320 392 2394 (lacn.
421 2321 463 2392 t)
491 2322 513 2375 ‘i
543 2321 648 2376 Per
699 2322 836 2376 diem
875 2321 1068 2393 quippe
1086 2321 1290 2375 solum
1331 2329 1445 2376 uret
1479 2337 1593 2390 nos,
1645 2331 1809 2391 neque
1910 2326 2033 2381 data
2053 2335 2126 2380 est
2163 2327 2332 2399 gratia
2359 2327 2467 2381 haec
2498 2323 2716 2398 (Ephes.
2747 2341 2828 2390 ut,
2857 2323 2941 2394 8),
2984 2325 3240 2395 princeps
3269 2323 3374 2378 erit
3397 2339 3509 2378 ma-

207 2414 336 2467 luna
365 2429 458 2485 per
491 2422 697 2467 noctem
741 2411 918 2485 (Psal.
947 2421 1075 2481 cxx,
1103 2416 1187 2482 6).
1219 2412 1354 2480 Quis
1403 2414 1670 2468 habemus
1702 2411 1809 2467 Do-

210 2509 418 2563 minum
443 2508 621 2563 lucem
654 2519 997 2580 perpetuam,
1029 2519 1083 2565 et
1103 2509 1224 2564 dies
1245 2508 1424 2564 luctus
1454 2510 1629 2564 nostri
1659 2521 1806 2563 com-

213 2601 539 2671 plebantur,
571 2617 910 2672 nequaquam
943 2602 1323 2674 plangentibus
1353 2605 1405 2658 in
1443 2603 1807 2658 sumet-sione

207 2693 538 2763 Jerusalem,
572 2695 668 2750 sed
701 2695 1011 2753 Iaztantibus
1035 2712 1102 2752 ex
1128 2697 1487 2753 instructinne
1520 2695 1801 2754 Ecclesiae.

202 2787 360 2866 Beati
393 2787 596 2858 quippe
630 2789 899 2860 lugentes,
928 2791 1186 2861 quoidam
1212 2790 1319 2860 ipsi
1345 2791 1802 2847 consolabuntur.

209 2879 357 2953 Beati
390 2879 610 2946 ﬂentes,
636 2883 891 2952 quoniam
923 2883 1023 2953 ipsi
1054 2882 1328 2938 ridebunt.
1362 2883 1514 2938 Booti
1545 2884 1638 2954 qui
1672 2893 1803 2940 "esu-

211 2971 358 3025 rinnt
389 2981 445 3026 et
474 2973 661 3029 sitiunt
688 2974 976 3045 iustitiam,
997 2977 1258 3045 quoniam
1283 2976 1385 3046 ipsi
1415 2977 1808 3032 saturabuntur

194 3061 432 3135 (Matth.
453 3063 526 3133 ν).
561 3065 629 3122 Ut
657 3079 946 3138 postquam
973 3069 1137 3140 730
1167 3069 1381 3123 Domini
1409 3065 1611 3123 fuerint
1639 3083 1807 3125 carne

210 3161 463 3225 saturati,
496 3171 752 3217 eructant
775 3171 1088 3218 sermonem
1111 3164 1349 3231 Domini,
1378 3172 1434 3218 et
1459 3163 1646 3219 dicant
1674 3177 1806 3236 ope-

214 3269 268 3307 ra
299 3267 401 3307 sua
427 3255 539 3324 regi
573 3253 692 3326 (Ps.
727 3258 898 3325 κων).

286 3330 472 3414 (Vera.
501 3346 592 3412 2|,
638 3347 756 3416 22.)
790 3347 1025 3421 Populus
1055 3358 1230 3402 autem
1275 3360 1391 3404 tuus
1441 3363 1619 3404 omnes
1653 3351 1811 3422 justi,

212 3442 266 3516 in
302 3449 604 3513 perpetuum
632 3440 1011 3497 htereditabunt
1041 3451 1255 3506 terram,
1297 3455 1502 3514 germen
1533 3442 1818 3514 plantatio-

204 3535 297 3613 Σνήει
325 3551 490 3589 ntere:
545 3551 678 3607 Opus
724 3552 911 3590 manus
943 3551 1070 3590 mere
1096 3536 1166 3589 ad
1193 3535 1618 3606 gloriﬁcand'um.
1656 3535 1817 3590 Mini-

217 3643 336 3680 mus
366 3628 464 3681 erit
508 3629 562 3681 in
595 3628 757 3694 mille,
789 3637 838 3681 et
871 3630 1121 3697 paruulus
1151 3630 1204 3682 in
1235 3638 1435 3700 gentem
1458 3630 1812 3698 fortissimam.

216 3722 333 3792 Ego
381 3719 640 3775 Dominus
693 3723 747 3776 in
793 3731 1024 3789 tempore
1051 3726 1168 3796 ejus
1201 3723 1369 3777 subito
1403 3724 1595 3794 [ariam
1652 3723 1813 3777 istud.

214 3815 396 3872 LXX:
439 3814 675 3887 Populus
706 3827 829 3869 tuus
868 3833 1044 3870 omnes
1069 3819 1204 3889 justi
1243 3829 1444 3889 semper
1481 3817 1818 3889 possidebunt

212 3921 412 3965 terram
433 3908 764 3964 :custodiens
792 3908 1193 3978 plantationem,
1221 3923 1379 3979 opera
1419 3923 1664 3962 manuum
1699 3925 1821 3962 sua-

211 4020 336 4058 rum
366 4004 420 4055 in
445 4000 686 4072 gloriam.
723 4001 824 4070 Qui
845 4017 1036 4069 parvus
1060 4011 1156 4068 est,
1189 4003 1283 4053 erit
1303 4001 1360 4054 in
1388 4001 1638 4067 millibus,
1659 4011 1706 4055 et
1733 4003 1821 4072 qui

217 4099 495 4157 minimus,
519 4097 572 4149 in
603 4104 804 4170 gentem
839 4110 1101 4166 magnam.
1134 4093 1245 4164 Ego
1262 4093 1519 4147 Dominus
1547 4096 1600 4148 in
1626 4105 1821 4165 tempo-

213 4211 273 4247 re
306 4189 632 4261 congregabo
663 4206 774 4244 eos.
807 4188 1004 4245 Finitis
1025 4187 1225 4243 diebus
1253 4187 1434 4243 luctus
1464 4199 1625 4258 atque
1669 4202 1820 4242 com-

217 4285 410 4356 pletis,
444 4283 662 4354 quando
705 4283 923 4338 tristitia
967 4289 1210 4336 vertetur
1247 4281 1298 4334 in
1330 4280 1613 4350 gaudium,
1649 4293 1822 4349 popu-

217 4380 307 4433 lus
330 4378 465 4433 Sion
496 4379 603 4430 erit
649 4374 832 4430 onntis
874 4375 1082 4446 justus,
1128 4390 1238 4430 non
1271 4374 1340 4428 ad
1388 4373 1553 4427 breve
1586 4379 1820 4441 tempus,

216 4474 319 4527 sed
353 4471 408 4526 in
445 4478 770 4540 perpetuum
798 4511 811 4530 ,
856 4477 912 4523 et
959 4469 1086 4532 quis
1113 4467 1296 4537 justus
1328 4467 1432 4532 est,
1471 4475 1672 4520 terram
1722 4465 1824 4518 mi-

223 4565 360 4618 tium
408 4561 740 4632 possidebit.
795 4560 905 4616 Nec
947 4559 1254 4616 mirandum
1306 4559 1353 4613 si
1403 4559 1469 4612 ad
1511 4555 1823 4626 ret‘ipienda

1900 2423 2028 2492 gnte
2058 2421 2235 2492 gentis
2274 2421 2328 2475 ln
2372 2419 2721 2482 coelestibus,
2756 2417 2975 2489 quando
3019 2427 3272 2487 tempore
3312 2418 3518 2473 consti-

1906 2523 2026 2572 tuto
2055 2517 2265 2571 miserit
2292 2516 2557 2570 Dominus
2587 2511 2827 2585 Angelos
2853 2514 3004 2576 suos,
3049 2519 3107 2566 et
3136 2526 3508 2583 congregave-

1909 2609 2019 2665 rint
2045 2609 2112 2664 ad
2143 2623 2266 2664 eum
2311 2621 2508 2664 omnes
2535 2601 2792 2673 Smctos,
2823 2623 2850 2658 ιι
2881 2601 3205 2660 summitate
3254 2603 3379 2660 curii
3422 2618 3512 2660 ns-

1908 2717 2014 2773 que
2037 2699 2101 2758 ad
2147 2717 2422 2757 summum
2451 2700 2569 2771 ejus
2597 2693 2818 2770 (Matth.
2847 2697 3025 2768 xxiv):
3078 2709 3187 2751 non
3233 2696 3411 2752 solum
3440 2685 3511 2754 de

1905 2791 2100 2863 israel,
2143 2793 2236 2850 sed
2277 2805 2331 2850 et
2351 2789 2513 2865 731
2538 2791 2606 2848 de
2636 2791 2877 2863 gentium
2905 2789 3127 2861 populo,
3150 2805 3314 2861 quem
3338 2791 3509 2861 signi-

1905 2889 2077 2944 ilrans
2112 2888 2469 2959 loquebatur:
2499 2885 2566 2939 Et
2597 2883 2733 2939 alias
2782 2899 2900 2940 oves
2925 2881 3089 2938 habeo
3117 2899 3235 2954 qua:
3261 2898 3364 2937 non
3393 2894 3513 2939 sunt

1911 2981 1974 3036 de
2000 2997 2153 3053 grege
2185 2983 2303 3049 isto,
2353 2990 2401 3034 et
2452 2980 2573 3032 illas
2612 2987 2809 3050 Oportet
2856 2993 2937 3030 me
2970 2992 3305 3049 congregare,
3337 2982 3390 3028 ut
3420 2973 3510 3044 ﬁat
3574 3015 3582 3022 .

1911 3093 2042 3130 unus
2064 3089 2210 3148 grex,
2257 3085 2304 3129 et
2337 3090 2468 3129 unus
2500 3079 2676 3144 pastor
2705 3069 2886 3144 (Joan.
2923 3089 2977 3140 κ,
3011 3069 3127 3142 16).
3183 3069 3297 3124 Hoc
3328 3079 3512 3125 autem

1911 3171 2094 3227 subito
2125 3169 2309 3233 faciet,
2355 3174 2414 3222 ut
2452 3167 2668 3237 quando
2711 3165 2893 3220 omnia
2947 3165 3151 3220 fuerint
3198 3164 3518 3235 desperata,

1843 3247 1887 3314 Ο
1922 3271 2049 3320 tunc
2076 3264 2129 3319 in
2159 3272 2372 3333 genitem
2395 3259 2752 3315 fortissimam
2778 3268 3208 3330 congregantur.
3234 3258 3366 3326 Quae
3388 3255 3519 3312 licet

1915 3373 1986 3413 ex
2017 3365 2174 3427 parte
2206 3355 2258 3409 in
2288 3352 2535 3408 Ecclesia
2567 3349 2815 3421 quotidie
2848 3349 3130 3403 videamus
3159 3347 3395 3419 expleri,
3439 3359 3518 3401 ta-

1917 3463 2039 3504 men
2065 3447 2118 3503 in
2152 3444 2339 3501 mundi
2376 3443 2854 3500 consummatione
2906 3440 3122 3511 plenius
3161 3437 3516 3510 complebun-

1916 3547 2028 3608 tur,
2058 3550 2113 3596 et
2143 3537 2196 3594 in
2228 3536 2473 3593 secundo
2501 3529 2809 3591 Salvatoris
2833 3532 3092 3587 adventu.
3501 3608 3506 3614 '

1991 3631 2165 3706 (Ca'p.
2194 3629 2398 3687 LXl.--
2425 3624 2582 3686 Vers.
2616 3623 2638 3682 i
2666 3623 2865 3698 seqq.)
2903 3625 3135 3696 Spiritus
3159 3619 3374 3678 Domini
3416 3619 3514 3677 Dei

1916 3726 2100 3799 [Vulg.
2120 3723 2276 3780 abest
2306 3717 2426 3794 Det]
2455 3735 2611 3791 super
2641 3736 2743 3786 me,
2804 3735 2861 3773 eo
2893 3717 3031 3788 quod
3052 3713 3258 3771 unxrrit
3296 3732 3375 3769 nte
3404 3707 3516 3768 Do-

1921 3825 2124 3875 minus:
2151 3817 2220 3872 ad
2243 3815 2664 3872 annuntiandnm
2695 3813 2978 3868 mansuetis
3021 3809 3159 3865 misit
3189 3826 3291 3877 me,
3331 3817 3386 3863 ut
3413 3826 3519 3863 mc-

1921 3914 2070 3968 derer
2103 3912 2347 3967 contritos
2375 3905 2562 3982 [Vulg
2593 3903 2859 3977 contritis]
2891 3905 3067 3966 corde,
3099 3912 3146 3956 et
3177 3901 3519 3974 praedicarem

1922 4006 2132 4077 captivis
2165 4001 2575 4073 indulgentiam,
2628 4009 2674 4053 et
2716 3997 2910 4052 clausis
2941 3995 3260 4065 apertionem
3289 4005 3379 4048 :et
3421 4011 3520 4047 an-

1924 4101 2213 4153 nuntiarem
2244 4094 2424 4169 [γυις.
2455 4089 2812 4166 prwdicare‘nt]
2841 4104 3032 4143 annum
3065 4083 3374 4155 placabilem
3405 4077 3516 4137 Do-

1925 4193 2064 4247 mino
2088 4235 2100 4256 ,
2126 4203 2173 4244 et
2202 4192 2338 4243 diem
2371 4188 2583 4242 ultionis
2617 4184 2725 4238 Deo
2755 4191 2933 4236 nostro
2961 4191 3056 4235 :ut
3085 4179 3382 4234 consolarer
3409 4183 3520 4231 om-

1925 4301 2015 4339 nes
2043 4282 2296 4356 lugentes.
2334 4271 2402 4336 Ut
2447 4291 2687 4352 ponerem
2718 4275 3007 4349 lugentibus
3055 4272 3219 4329 Sion:
3262 4283 3309 4326 et
3342 4273 3521 4325 darent

1925 4379 1999 4431 eis
2033 4391 2278 4430 coronam
2308 4391 2401 4446 pro
2440 4376 2647 4428 cinere:
2680 4371 2850 4425 oleum
2876 4368 3055 4442 gaudii
3080 4385 3174 4441 pro
3203 4368 3366 4436 luctu,
3400 4361 3520 4438 pal-

1926 4467 2051 4523 lium
2082 4469 2248 4522 laudis
2280 4481 2371 4538 pro
2400 4467 2587 4538 spiritu
2609 4463 2858 4518 mter-oris.
2889 4459 3033 4517 LXX
3066 4480 3080 4516 :
3117 4459 3346 4534 Spiritus
3396 4457 3509 4513 Do-

1929 4562 2057 4615 mini
2076 4577 2230 4633 super
2275 4577 2370 4626 me,
2422 4570 2628 4632 propter
2653 4558 2792 4627 quod
2824 4557 2974 4611 unxit
3013 4573 3090 4610 me
3119 4572 3137 4609 :
3169 4555 3524 4626 euangelizarc

223 4653 612 4728 promissionis
646 4653 809 4718 bona,
862 4661 1062 4706 terram
1095 4660 1501 4710 mansuetorum
1531 4660 1712 4705 teneat
1741 4659 1826 4704 ala
1855 4627 1906 4700 Ῐδ
1931 4652 2242 4725 pauperibus
2271 4650 2409 4705 misit
2445 4666 2554 4714 me,
2600 4663 2787 4703 sanare
2813 4648 3060 4704 contritas
3099 4644 3297 4700 corde:
3329 4645 3518 4714 praedi-

220 4746 331 4826 quc
370 4753 696 4821 viventium,
731 4768 901 4824 quam
950 4752 1222 4820 Pmpbeta
1271 4751 1532 4821 suspirat,
1590 4747 1821 4804 dicens:

225 5003 234 5005 μ
303 4975 330 5002 ⁸
359 4964 471 5020 Pro
501 4963 769 5020 γιλιαστάἱ
794 4960 849 5015 in
875 4958 1223 5014 Ambrosiau.
1249 4954 1428 5010 Judcci
1451 4954 1729 5010 scribitur.

223 5088 248 5100 _
305 5037 332 5075 δ
378 5026 542 5104 Quod
583 5035 628 5089 si
680 5029 1160 5101 pseudoprophetis.
1213 5027 1365 5104 lintre
1425 5028 1602 5080 locum
1662 5026 1828 5104 variis

234 5096 419 5165 modis
456 5096 808 5169 depravatum
841 5096 1086 5171 reperies
1125 5097 1264 5169 apud
1300 5097 1593 5171 Erasmqu
1611 5107 1666 5152 et
1715 5096 1826 5171 Ms-

236 5181 491 5237 riattum:
526 5168 785 5231 Erasmus
813 5168 957 5228 eniin
1003 5168 1224 5225 sensum
1258 5168 1480 5236 impium
1513 5169 1726 5222 videtur
1753 5170 1834 5222 in-

232 5255 465 5312 ducere,
493 5261 614 5302 cum
649 5247 811 5312 legat,
845 5243 1044 5310 Quibus
1068 5243 1280 5295 breviter
1295 5239 1711 5310 respondendum
1735 5249 1830 5308 est,

241 5323 384 5392 quod
413 5316 1034 5392 pseudoprophet_is,_etc.
1061 5314 1236 5392 Quare
1264 5313 1368 5392 non
1404 5321 1603 5392 semper
1633 5318 1843 5392 sanctus

238 5382 326 5449 ille
348 5382 439 5458 qui
466 5382 625 5456 dicit,
651 5382 759 5443 etc.
797 5382 1708 5458 Marianoslectionisdifficultate
1735 5395 1832 5458 suo

240 5453 465 5536 paratus
518 5453 753 5532 quatuor
789 5461 951 5512 verba
1002 5456 1140 5536 tollit
1181 5472 1210 5510 e
1239 5455 1526 5536 mpdionttt
1558 5454 1728 5536 posis-it
1759 5453 1830 5535 Ιαξτ

239 5519 370 5607 iure
409 5545 512 5590 suo
538 5519 740 5607 sensu.
792 5539 993 5598 semper
1031 5527 1195 5582 oritur
1231 5519 1308 5580 sol
1333 5519 1576 5596 justitim,
1626 5521 1713 5575 itte
1752 5521 1841 5594 qui

242 5605 390 5675 dicit,
419 5616 529 5660 etc.
551 5605 821 5660 Manum.

315 5665 390 5719 —'
414 5676 560 5732 Idem
597 5671 970 5735 Ambrosiam,
995 5670 1131 5742 quod
1163 5665 1625 5742 pseudoprophetis
1647 5675 1694 5718 et
1719 5681 1844 5742 pec-

247 5745 509 5805 catoribus
538 5749 738 5818 semper
762 5737 1057 5818 soloccidit
1087 5740 1320 5818 meridie.
1357 5737 1422 5792 Et
1451 5737 1476 5790 ἐξ
1498 5740 1756 5790 contrario
1778 5737 1845 5790 ti-

254 5823 501 5878 mentibus
545 5811 711 5871 Deum
757 5815 918 5869 oritur
971 5816 1051 5869 sol
1090 5811 1385 5884 justitiam:
1429 5825 1590 5884 quare
1644 5824 1843 5878 semper

254 5896 465 5962 sanctis,
495 5900 601 5947 etc.
631 5890 893 5943 Erasmus
925 5885 1026 5941 hoc
1049 5878 1157 5941 uno
1188 5881 1415 5950 abludit,
1445 5878 1587 5953 quod
1609 5887 1844 5934 eumne-

1931 4763 2048 4803 care
2075 4748 2287 4820 captivis
2314 4745 2665 4801 remissionem
2695 4743 2909 4798 etcwcis
2939 4752 2991 4796 ut
3020 4739 3223 4795 videant
3257 4757 3275 4794 :
3307 4739 3329 4779 ε
3351 4755 3532 4794 vocare

1927 4953 2090 5026 gandi
2120 4956 2381 5024 particula
2400 4955 2560 5028 legit,
2578 4972 2738 5028 quare
2765 4970 2865 5028 non
2889 4969 3109 5028 semper,
3130 4962 3238 5011 etc.
3255 4953 3532 5028 Victorini

1931 5024 2129 5095 scutpcr
2151 5028 2317 5081 oritur
2335 5025 2413 5080 sol
2431 5024 2653 5097 justilitr
2670 5026 2759 5097 ille
2778 5027 2866 5097 qui
2890 5024 3200 5097 dicit,_etc..
3221 5027 3308 5094 qui
3342 5037 3525 5085 tamen

1931 5093 2055 5164 ope,
2090 5108 2148 5152 ιιι
2184 5100 2278 5162 sit,
2313 5093 2556 5152 Brixiani
2587 5093 2800 5153 codicis
2827 5093 3082 5165 oxpungit
3125 5093 3361 5161 quatuor
3408 5097 3528 5154 inec

1933 5172 2119 5234 verba,
2151 5185 2311 5241 quare
2336 5185 2438 5222 non
2467 5185 2666 5237 semper
2683 5170 2878 5222 sanctis
2904 5172 2921 5231 t
2931 5177 3061 5222 tunc
3075 5167 3366 5241 ᾃδαικιαε),
3395 5168 3531 5239 legit

1937 5257 2064 5312 vero
2093 5239 2298 5312 sumne
2321 5242 2380 5312 si
2411 5256 2445 5311 p
2465 5241 2673 5296 urticula
2706 5241 3029 5312 soloecidat.
3071 5239 3525 5312 Rectiusmulto,

1938 5309 2461 5381 nullaque'imlucta
2509 5314 2806 5366 mutatione
2849 5309 2900 5365 iu
2949 5320 3132 5365 nostra
3181 5311 3422 5381 editione
3450 5312 3530 5366 sic

1943 5384 2045 5436 dici
2103 5376 2413 5448 intelligitn,
2462 5383 2562 5436 sub
2611 5381 2982 5451 interrogandi
3037 5393 3182 5441 nota.
3233 5376 3403 5445 Quare
3426 5398 3524 5434 non

1943 5457 2184 5509 continuo
2217 5455 2427 5523 Sanctis
2455 5456 2656 5508 oriatur
2683 5454 2760 5506 sol
2786 5455 2871 5506 ξιιμ
2889 5453 3131 5523 justititte,
3165 5455 3271 5523 etc.

2017 5537 2038 5563 ο
2073 5525 2236 5579 Addit
2279 5521 2554 5580 Vit-torius
2591 5525 2846 5578 dimittere
2883 5521 3081 5588 Iraclos
3115 5523 3169 5575 in
3217 5521 3526 5585 libertatem,

1943 5609 2050 5649 non
2081 5609 2147 5648 ex
2171 5593 2360 5653 Grmco
2398 5591 2614 5666 quidem
2643 5591 2831 5666 qodice
2881 5589 3135 5666 LXX,__in
3167 5607 3283 5666 quo
3303 5591 3527 5666 minimo

1941 5679 2004 5721 ea
2035 5669 2199 5721 verba
2231 5676 2378 5733 sunt,
2417 5658 2516 5721 sed
2566 5681 2631 5720 ex
2661 5658 2802 5719 Luca
2833 5663 3164 5732 evangelista
3189 5658 3284 5732 qui
3320 5676 3375 5717 ιιι
3410 5663 3530 5733 fue-

1943 5738 2126 5794 riutiu
2155 5738 2298 5794 LXX
2315 5731 2450 5795 citat
2477 5739 2569 5792 illa
2589 5749 2708 5804 cap.
2735 5749 2806 5797 tv,
2834 5731 3078 5804 ipsoque,
3110 5742 3173 5789 ut
3195 5731 3369 5798 retur,
3405 5731 3534 5789 llic:

1945 5825 2175 5880 ronynto
2206 5810 2289 5865 hic
2314 5809 2367 5866 in
2401 5807 2827 5887 Commentario,
3159 5811 3162 5814 ’
