3972 6378
1274 76 1655 89 Α-ρ--α--Ιιικ-ῌιι-ι
1710 80 1757 87 η·-

192 359 302 417 601

732 358 1386 418 COMMENTARIORUM
1427 360 1491 417 ΙΝ
1532 360 1768 420 ISAIAM
1806 363 2230 426 PROPIIBTAM
2274 369 2407 428 LIB.
2452 372 2616 431 ιινιι.
2659 373 2814 432 CAP.
2858 374 2999 436 LXI.

3395 382 3501 441 602

190 485 252 535 ut
279 474 646 548 possint'cum
680 477 947 546 Apostolo
974 476 1162 536 dicere
1196 496 1210 534 :
1243 478 1337 535 llei
1362 480 1666 551 aediﬁcatio,
1697 479 1792 538 Dei
1818 486 1871 548 Α
1896 501 2016 558 qua:
2043 488 2096 545 itt
2122 490 2257 546 vitio
2285 500 2391 557 est,
2423 494 2510 549 cui
2553 492 2697 551 Deus
2726 498 2955 563 resistit,
2987 507 3043 553 ut
3079 498 3379 558 humilibus
3406 502 3501 560 det

188 571 523 642 agricultura
551 586 730 626 sumus
756 569 800 643 (1
823 568 945 628 Cor.
974 586 1066 639 ttt,
1109 570 1188 646 9).
1219 572 1464 642 Denique
1491 573 1715 631 Scribas
1741 586 1796 632 et

190 662 533 730 Pltarisieos,
565 662 827 721 vinitores
847 675 903 721 et
931 666 1199 737 agricolas
1227 667 1569 732 Iudaeorum,
1601 668 1795 725 Salva-

193 765 293 813 tor
316 758 639 830 interrogat,
669 759 798 831 quid
833 758 994 815 faciat
1023 760 1353 817 vinitoribus
1387 764 1542 818 malis
1567 774 1621 820 et
1646 764 1792 836 agri-

190 849 372 906 colis?
398 848 617 919 lllisqtte
649 851 1115 921 respondentibus
1149 871 1162 908 :
1198 852 1370 909 Malos
1413 855 1546 910 male
1585 857 1789 925 perdet,

187 953 241 997 et
272 943 473 997 vineam
500 942 646 999 dabit
674 944 794 999 aliis
822 944 1070 1018 agricolis
1100 945 1320 1018 (Matth.
1348 963 1437 1003 χιιι
1459 990 1474 1013 ,
1501 947 1620 1019 41),
1654 949 1795 1004 intu—

186 1032 257 1091 lit
291 1055 304 1090 :
357 1036 693 1103 Auferetura
741 1037 882 1092 vobis
925 1055 1140 1110 regnum
1170 1039 1287 1109 Dei,
1331 1050 1381 1096 et
1424 1040 1629 1096 dabitur
1655 1044 1795 1115 genti

190 1128 411 1201 facienti
432 1132 631 1199 [ructus
656 1130 768 1201 ejus
790 1129 956 1196 (Ibid.
979 1174 996 1199 ,
1035 1131 1154 1204 45).
1184 1137 1317 1200 Quae
1344 1149 1433 1189 res
1466 1136 1792 1205 interpreta-

192 1223 350 1279 tione
381 1238 489 1278 non
544 1222 774 1295 indiget.
811 1225 1021 1293 Quotus
1061 1226 1207 1280 enim
1245 1228 1480 1299 quisque
1524 1230 1797 1286 Ecclesia-

191 1330 318 1371 runt
368 1316 624 1385 princeps
649 1326 735 1372 est
760 1315 830 1372 de
855 1314 1082 1383 Iudaeis,
1113 1330 1167 1373 et
1200 1334 1307 1373 non
1349 1319 1415 1374 de
1443 1321 1792 1391 alienigenis,

191 1416 362 1478 atque
384 1417 733 1464 externarum
761 1410 1004 1478 gentium
1032 1411 1382 1466 hominibus?
1408 1417 1497 1481 qui
1523 1424 1652 1470 ante
1676 1415 1794 1469 ido-

187 1499 264 1557 lis
289 1503 610 1563 servientes.
646 1512 703 1559 et
728 1502 895 1558 alieni
929 1519 958 1558 a
1005 1512 1332 1560 testamento
1374 1505 1490 1572 Dei,
1535 1523 1600 1562 ac
1629 1523 1793 1579 pere-

190 1595 336 1667 grini
365 1611 397 1651 a
438 1596 893 1663 promissionibus
927 1597 1101 1665 illius,
1147 1612 1299 1667 spent
1335 1615 1442 1654 nou
1492 1600 1787 1671 habt-tiles;

190 1700 245 1745 et
276 1690 401 1744 sine
426 1687 541 1746 Deo
586 1690 639 1744 in
671 1689 896 1758 saeculo,
932 1706 1074 1746 nunc
1121 1701 1368 1762 przcsuot
1417 1693 1703 1766 Ecclesiis,
1737 1706 1794 1752 et

188 1780 338 1838 dura
358 1782 523 1837 rerda
546 1780 860 1854 gentilium,
881 1786 1145 1854 priusque
1170 1783 1459 1849 indomita,
1486 1786 1550 1839 ad
1583 1785 1793 1842 fructus

1897 586 2160 656 gratiam;
2189 588 2286 645 sed
2312 605 2374 645 ea
2407 605 2528 661 qua:
2555 607 2652 662 pro
2685 597 2926 658 potentia
2957 605 3011 649 et
3040 598 3211 667 gloria
3234 600 3501 665 accipitur

1901 678 2107 752 (Iacob.
2139 680 2232 753 tv).
2270 682 2423 739 Uttdc
2447 696 2501 739 et
2534 685 2704 756 Moysi
2719 698 2946 743 cornuta
2962 688 3135 745 facies
3158 689 3497 762 erat(E:cod.

1899 776 2115 845 sum),
2145 776 2234 845 qui
2260 776 2446 833 dicere
2479 790 2694 847 poterat
2726 799 2740 835 :
2790 780 2859 836 In
2899 793 2947 839 te
2996 785 3235 840 inimicos
3285 796 3493 843 nostros

1899 882 2061 922 cornu
2108 863 2468 926 ventilabimus
2497 871 2616 942 (Ps.
2673 890 2830 941 XLIII,
2864 876 2942 947 ο).
2986 877 3050 932 Ει
3095 895 3193 947 pro
3240 881 3493 949 superbia

1896 961 2120 1033 glotim,
2150 964 2541 1034 interpretatus
2579 980 2659 1022 est
2703 970 2933 1040 Aquila,
2973 975 3056 1027 καὶ
3098 974 3147 1027 iv
3176 971 3293 1049 δόξῃ
3330 976 3493 1030 αὐτῶν

1896 1055 2138 1135 πορφύρᾳ
2188 1056 2506 1125 ἐνδύσω-θαι,
2536 1060 2586 1115 id
2629 1073 2714 1116 est
2738 1103 2755 1127 ,
2804 1080 3037 1136 purpura
3074 1068 3395 1133 vestiemmi;
3435 1076 3492 1121 ut

1898 1150 2114 1221 insigne
2164 1153 2293 1223 regii
2347 1153 2566 1209 deceris
2615 1154 2954 1211 ostenderet.
2986 1156 3252 1227 Quodque
3305 1160 3494 1226 sequi-

1900 1254 1988 1298 tur
2021 1260 2036 1297 :
2062 1241 2171 1297 Pro
2198 1246 2498 1316 ronfusione
2526 1247 2746 1315 duplici,
2778 1259 2827 1302 et
2859 1263 2955 1317 pro
2986 1248 3171 1304 rubore
3207 1249 3494 1304 laudabunt

1896 1347 2092 1411 partem
2116 1355 2265 1393 suam
2291 1381 2307 1406 ,
2336 1342 2482 1410 quod
2512 1341 2564 1395 in
2598 1341 2952 1412 Septuaginta
2998 1358 3104 1398 ιιοιι
3138 1343 3384 1407 habetur,
3417 1345 3498 1399 sic

1899 1432 2030 1487 tttilti
2075 1434 2476 1502 explananduut
2522 1434 2756 1490 videtur.
2790 1434 2898 1491 Pro
2926 1452 2994 1491 eo
3030 1436 3172 1506 quod
3223 1436 3493 1507 duplicent

1900 1525 2187 1581 habebatis
2212 1528 2614 1596 confusionem,
2651 1540 2759 1584 tatu
2804 1545 2968 1602 super
3021 1533 3222 1601 papqu
3262 1531 3496 1588 Judaeu-

1899 1634 2042 1681 runt,
2073 1618 2166 1690 qui
2192 1634 2222 1673 a
2257 1619 2366 1673 Deo
2392 1634 2716 1687 recesserat,
2755 1637 2917 1693 quam
2949 1639 3115 1694 super
3141 1625 3491 1693 nationibus,

1896 1724 2019 1781 qua:
2049 1709 2210 1766 idolis
2256 1711 2584 1779 serviebant,
2628 1716 2892 1771 videbitis
2944 1731 3042 1771 eos
3087 1732 3388 1772 c0uversos
3425 1716 3494 1772 ad

1900 1804 2148 1861 timorem
2180 1806 2294 1869 Dei,
2324 1806 2551 1863 laudare
2590 1820 2796 1880 partem
2843 1826 3021 1864 suam.
3068 1810 3220 1866 Haud
3264 1810 3493 1868 dubium

190 1872 454 1971 Ῑετθίξάοε
476 1887 661 1971 “in”?
694 1874 819 1930 “dei
849 1875 1138 1939 Numam;
1176 1884 1235 1932 ιη
1255 1886 1556 1934 ⁵¹²¹¹¹⁰¹¹¹θ¹η
1583 1877 1786 1934 docui'
1826 1892 1869 1952 Β
1898 1899 2028 1967 quitt
2085 1899 2405 1965 Dominum,
2461 1900 2529 1955 de
2580 1872 2686 1971 quo
2735 1902 3064 1971 loquebatur
3112 1912 3169 1958 et
3218 1914 3490 1960 sanctus:

192 1984 281 2028 tta:
326 1968 580 2036 Domini,
632 1967 899 2026 bonorum
948 1984 1177 2040 operum
1230 1971 1481 2027 ubertate
1531 1972 1793 2043 multipli-

189 2072 341 2118 cent.

262 2153 446 2228 (\‘ers.
474 2154 530 2218 6,
566 2154 648 2226 7.)
692 2153 798 2211 Vos
828 2165 1002 2210 autem
1027 2156 1318 2211 sacerdotes
1348 2155 1559 2211 Domini
1590 2158 1795 2212 vocabi-

189 2249 354 2315 mini,
390 2250 616 2305 ministri
648 2250 746 2305 Dei
776 2253 959 2313 nostri.
1013 2253 1215 2307 dicetur
1261 2252 1399 2309 vobis
1432 2270 1451 2307 :
1498 2251 1791 2309 Fortitudi-

184 2360 306 2401 nem
331 2346 559 2415 gentium
598 2346 892 2413 comedetis,
951 2350 1002 2400 in
1043 2348 1211 2420 gloria
1253 2363 1427 2402 earum
1470 2348 1790 2421 superbietis.

185 2435 302 2493 Pro
329 2440 635 2509 confusione
655 2452 821 2494 vestra
850 2438 1048 2511 duplici
1074 2450 1121 2495 et
1148 2440 1333 2495 rubore
1360 2440 1648 2495 laudabunt
1672 2457 1795 2510 par-

185 2540 291 2587 tem
316 2548 469 2586 suam
499 2548 518 2589 .'
561 2541 771 2605 propter
795 2533 895 2587 ltoc
932 2535 985 2588 in
1027 2545 1164 2589 terra
1188 2552 1283 2589 sua
1311 2534 1539 2607 duplicia
1563 2535 1797 2608 posside-

179 2624 334 2695 bunt,
362 2622 548 2680 ltetizia
563 2627 877 2692 sempiterna
900 2628 995 2681 erit
1017 2628 1115 2695 eis,
1149 2630 1273 2701 quia
1302 2645 1397 2700 ego
1424 2629 1681 2684 Dominus
1701 2631 1787 2683 rdi-

175 2722 351 2794 ligc’ns
372 2722 657 2794 judicium,
688 2733 737 2777 et
766 2722 885 2778 odio
911 2723 1104 2778 habens
1145 2725 1385 2793 rapinam
1416 2725 1471 2780 in
1506 2723 1794 2779 Itaulocau-

172 2824 287 2870 sto.
316 2812 465 2869 LXX
500 2831 514 2867 :
552 2813 658 2870 Vas
695 2824 867 2869 autem
894 2817 1193 2871 sacerdotes
1224 2815 1434 2870 Domini
1460 2817 1791 2883 uocabimini,

175 2909 415 2965 ministri
467 2906 563 2963 Dei
600 2917 627 2947 ι
657 2910 843 2965 nostri.
871 2907 1259 2965 Fortitudinem
1288 2910 1519 2981 gentium
1558 2909 1793 2964 comede-

176 3005 267 3071 tis,
308 3014 359 3058 et
387 3005 442 3058 in
478 3006 684 3060 diuitias
709 3022 885 3060 earum
915 3007 1061 3061 eritis
1087 3006 1439 3061 admirabiles.
1475 3006 1566 3061 Sic
1604 3018 1793 3059 terram

172 3100 413 3155 secundo
441 3099 797 3168 possidebunt,
826 3109 874 3156 et
899 3103 1152 3171 gaudium
1177 3101 1547 3169 sempiternum
1575 3100 1674 3155 erit
1703 3118 1796 3155 su-

174 3208 269 3264 per
291 3199 457 3259 caput
483 3207 682 3246 eorum.
713 3190 823 3263 Ego
850 3193 987 3247 enim
1013 3209 1130 3247 sum
1170 3192 1443 3253 Dominus,
1488 3193 1577 3263 qui
1627 3193 1792 3261 diligo

1898 1991 2037 2048 Pars
2064 2010 2176 2048 mea
2204 1994 2455 2051 Dominus
2481 1994 2600 2066 (Ps.
2636 2012 2818 2062 Lsttt,
2844 1996 2964 2067 26).
2995 1996 3106 2052 lloe
3127 2009 3305 2053 autem
3331 2011 3492 2053 nemo

1898 2097 2073 2155 potest
2101 2087 2303 2153 dicere,
2335 2090 2435 2143 nisi
2461 2091 2553 2159 qui
2580 2090 2741 2143 aliam
2772 2103 2981 2159 partem
3014 2104 3119 2147 llOtl
3146 2091 3330 2145 habet.
3355 2089 3493 2157 Quia

1896 2168 2067 2251 igitur,
2087 2196 2182 2236 vos
2208 2197 2380 2249 super
2417 2183 2497 2237 cis
2528 2183 2800 2255 duplicem
2833 2183 3093 2239 ltabitisti~
3118 2183 3490 2239 confusionem

1895 2285 1949 2328 et
1976 2275 2231 2329 ruborem
2264 2278 2466 2345 peccati
2500 2291 2711 2343 e0runt,
2745 2292 2911 2347 super
2946 2292 3055 2346 quo
3087 2276 3190 2348 ipsi
3230 2292 3337 2332 non
3366 2292 3496 2332 eru-

1896 2366 2211 2431 bcsi-ebaut,
2265 2378 2552 2437 propterea
2583 2369 2636 2423 itt
2669 2380 2814 2424 terra
2846 2385 2966 2433 sua,
3009 2371 3059 2425 id
3105 2380 3209 2431 est.
3261 2370 3314 2424 itt
3349 2379 3492 2425 terra

1897 2461 2108 2513 mitium
2138 2471 2301 2530 atque
2319 2460 2635 2526 viventium,
2664 2462 2899 2531 duplicia
2932 2462 3290 2531 possidebunt
3320 2481 3335 2516 :
3365 2476 3491 2515 cum

1895 2562 1949 2606 et
1999 2553 2360 2621 prie-cutibus
2402 2555 2765 2623 crediderint,
2818 2566 2875 2612 et
2926 2555 3145 2611 tuturis.
3208 2554 3279 2611 Et
3326 2554 3496 2610 liabe-

1897 2644 2033 2698 bunt
2062 2643 2303 2698 Iustitiam
2338 2652 2753 2715 sempiternam.
2787 2647 2894 2702 Pro
2917 2662 3026 2717 quo
3054 2651 3105 2703 in
3138 2638 3492 2717 Septuaginta

1895 2738 2114 2808 legitur,
2160 2739 2237 2792 sic
2266 2747 2454 2793 terram
2486 2741 2710 2794 secundo
2751 2742 3102 2811 possidebunt.
3138 2742 3205 2797 Et
3234 2741 3489 2814 gaudium

1896 2833 2288 2902 sempiternum
2318 2832 2419 2888 erit
2449 2849 2617 2903 super
2638 2846 2799 2905 eaput
2838 2851 3055 2905 eorum,
3090 2846 3147 2889 tit
3175 2840 3265 2905 qui
3303 2852 3493 2907 po~seo

1895 2927 2091 2983 derant
2117 2939 2313 2984 terram
2345 2929 2397 2984 in
2427 2929 2627 2985 ludam
2654 2931 3050 3002 angustissimis
3070 2931 3235 3004 736
3270 2932 3491 2997 liuibus,

1897 3031 2084 3089 postea
2118 3026 2427 3076 universum
2475 3024 2663 3078 orbem
2710 3025 3049 3095 possideant.
3083 3024 3160 3079 De
3199 3042 3300 3092 qua
3348 3035 3491 3079 terra

1893 3114 2053 3170 Pater
2081 3114 2318 3185 loquitur
2349 3115 2622 3171 Salvatori
2658 3136 2669 3171 :
2709 3116 2931 3172 Postulo
2962 3135 2993 3171 a
3024 3134 3123 3183 me,
3154 3128 3202 3172 et
3234 3118 3370 3173 dabo
3400 3120 3495 3174 tibi

1893 3219 2066 3280 gentes
2086 3206 2438 3263 [nereditatem
2467 3217 2626 3276 luant,
2663 3218 2709 3264 et
2739 3212 3113 3282 possessionem
3144 3225 3282 3266 tuam
3318 3214 3492 3268 termi-

161 3285 441 3357 Ϊαηῖείαυι
471 3301 490 3339 -'
519 3296 565 3339 ει
606 3286 693 3340 οάί
722 3287 941 3355 "dim"!8
983 3302 1047 3342 επ
1085 3288 1373 3357 δηῑιιηῑιαιιν·
1408 3283 1789 3340 έΕ⁸¹ί¹ί⁰δίίι¹θ⁵
1819 3295 1867 3360 C
1897 3321 1989 3358 nos
2014 3314 2163 3357 terra:
2191 3303 2312 3374 (Ps.
2344 3320 2413 3366 tt,
2455 3303 2533 3374 5).
2567 3303 2680 3358 Hoc
2708 3313 2889 3358 autent
2921 3306 3172 3374 prtcstitit
3202 3307 3489 3373 Dotttittus,

172 3381 405 3437 urbium
429 3382 772 3438 desertarum
790 3392 845 3439 et
875 3391 1122 3453 pastores
1140 3398 1390 3453 gregum,
1413 3381 1504 3450 qui
1536 3382 1635 3448 ipsi
1662 3390 1791 3436 sunt

168 3489 435 3534 aratores
458 3486 516 3533 ct
540 3478 825 3546 vinitores,
856 3481 957 3534 ltoc
986 3490 1088 3546 est,
1121 3480 1218 3534 lilii
1243 3478 1682 3548 peregrinorum,
1709 3478 1790 3547 ip-

175 3573 219 3629 si
254 3586 489 3643 quoque
518 3582 645 3628 sunt
675 3573 995 3630 sacerdotes
1032 3572 1154 3638 Dei,
1197 3573 1265 3630 ad
1323 3589 1461 3643 quos
1512 3572 1785 3639 Propheta

168 3679 323 3722 nunc
352 3663 495 3721 dicit
525 3683 539 3720 :
575 3663 675 3720 Vos
693 3675 865 3720 autem
886 3665 1197 3722 vocabimini
1223 3667 1522 3722 sacerdates
1553 3666 1781 3734 Domini,

168 3771 215 3817 et
241 3760 483 3815 ministri
523 3757 621 3815 Dei
656 3762 839 3826 nostri,
895 3761 1095 3817 dicetur
1137 3764 1278 3817 vobis
1303 3780 1322 3817 :
1363 3762 1503 3817 haud
1560 3762 1785 3817 dubium

166 3856 305 3927 quin
339 3855 714 3911 Ecele~iarttm
762 3857 1041 3926 principes
1082 3858 1376 3929 signiﬁcet.
1404 3858 1502 3913 Vel
1532 3869 1684 3914 certe
1716 3858 1787 3914 de

166 3946 463 4020 Aposuilis
495 3945 909 4020 intelligendum
937 3960 1043 4015 est,
1092 3961 1147 4006 ut
1182 3952 1256 4006 sit
1301 3951 1476 4007 ordo:
1511 3952 1648 4007 Cum
1681 3967 1787 4006 ρω-

165 4041 460 4108 tltetttarii,
488 4043 650 4119 735
693 4055 962 4113 pastores,
1013 4057 1260 4101 aratores
1299 4057 1353 4102 et
1398 4048 1668 4102 vinitores
1718 4047 1786 4102 de

165 4137 435 4209 gentibus
478 4138 682 4194 fuerint
714 4138 978 4195 Eeclesiis
1009 4140 1309 4210 praepositi,
1343 4155 1442 4192 vos
1482 4140 1550 4194 de
1590 4139 1785 4209 quibus

164 4233 385 4290 dictum
413 4241 498 4288 cst
533 4249 547 4286 :
584 4232 840 4304 Reliquus
863 4235 1020 4289 salva:
1048 4234 1167 4302 ﬁent
1199 4234 1379 4296 (Rom.
1420 4249 1495 4296 ut,
1525 4234 1639 4291 27L
1675 4234 1739 4287 Et
1770 4251 1783 4287 :

165 4323 300 4379 Nisi
332 4323 591 4378 Dominus
618 4326 833 4380 sabaotlt
864 4326 1156 4395 reliquisset
1200 4326 1347 4380 nobis
1388 4341 1583 4388 semen,
1636 4327 1785 4397 quasi

167 4416 417 4474 Sodoma
438 4432 680 4480 essemus.
708 4428 756 4473 et
782 4420 979 4475 similes
1000 4418 1305 4474 Gomorrlue
1325 4403 1600 4490 fuissemus
1622 4418 1783 4485 (lsai.

166 4528 240 4573 tv.
277 4512 364 4577 9),
396 4513 723 4568 vocabimitti
751 4514 1089 4579 sacerdotes,
1124 4522 1180 4569 et
1224 4513 1460 4569 ministri
1505 4513 1619 4567 Dei.
1652 4528 1788 4583 qua-

164 4605 246 4662 les
276 4614 448 4661 erant
485 4614 544 4661 et
583 4606 679 4660 lilii
717 4605 916 4661 David.
946 4606 1026 4661 De
1051 4606 1249 4676 quibus
1297 4605 1581 4673 Scriptura
1612 4604 1783 4659 dicit:

1892 3397 1982 3467 qtti
2013 3396 2187 3465 diligit
2212 3394 2405 3462 judicti
2432 3395 2742 3462 veritatem,
2789 3406 2841 3449 et
2879 3396 3006 3451 odio
3039 3397 3200 3453 liabet
3248 3402 3494 3468 rapinam

1892 3490 1946 3545 itt
1979 3489 2319 3545 holocau~to.
2355 3489 2462 3543 Pro
2502 3503 2610 3558 quo
2660 3490 3015 3557 Septuaginta
3069 3492 3488 3559 transtulerunt,

1890 3583 2129 3653 rapinam
2171 3582 2235 3636 de
2274 3581 2548 3653 iniquitate
2576 3597 2596 3635 :
2635 3583 2788 3651 quasi
2818 3581 3009 3651 aliqua
3041 3583 3111 3636 sit
3152 3582 3338 3647 rapina
3369 3598 3492 3654 quae

1892 3693 2000 3731 non
2027 3692 2096 3732 ex
2127 3676 2413 3745 iniquitate
2453 3677 2740 3729 consistat.
2804 3675 2946 3745 Ergo
2977 3675 3118 3742 quod
3172 3676 3326 3742 dicit,
3389 3676 3492 3730 ltoe

1890 3778 1974 3824 est
2016 3786 2030 3822 :
2080 3769 2251 3839 Magis
2310 3768 2452 3823 Deus
2514 3768 2784 3837 jttstnrum
2840 3767 3018 3837 diligit
3070 3780 3488 3837 paupertatem,

1890 3876 2052 3933 quam
2084 3861 2311 3916 divitunt
2345 3874 2594 3925 munera,
2629 3876 2749 3930 quze
2786 3860 2854 3916 de
2902 3861 3106 3928 rapinis
3149 3870 3273 3915 sunt
3302 3871 3356 3914 et
3388 3861 3494 3915 itii-

1888 3954 2112 4025 quitate.

1964 4048 2141 4122 (Vers.
2170 4048 2226 4117 8,
2254 4047 2334 4120 9.)
2371 4048 2437 4102 Et
2468 4048 2600 4102 dabo
2617 4064 2748 4117 opus
2768 4064 2946 4102 eorunt
2973 4048 3026 4101 in
3052 4047 3287 4108 veritate.
3313 4057 3360 4100 et
3388 4050 3484 4115 fa:-

1890 4140 1990 4193 dus
2020 4152 2324 4212 perpetuam
2354 4139 2537 4208 feriam
2576 4140 2668 4194 eis.
2704 4138 2771 4192 Et
2794 4140 2987 4191 scietur
3015 4136 3198 4208 [Vulg.
3224 4135 3406 4208 scient]
3434 4137 3487 4191 in

1891 4235 2124 4302 gentibus
2152 4247 2322 4287 semen
2343 4247 2546 4296 eorum,
2577 4241 2625 4285 et
2657 4245 2863 4301 germen
2894 4245 3070 4283 eorum
3100 4229 3153 4282 in
3182 4229 3353 4282 medio
3396 4246 3487 4294 po-

1890 4325 2150 4396 pulorum.
2188 4322 2376 4378 Omnes
2400 4326 2489 4392 qui
2515 4323 2730 4376 viderint
2752 4338 2856 4389 eos,
2889 4331 3195 4395 cognoscent
3226 4338 3333 4387 eos,
3366 4321 3487 4391 quia

1889 4419 1975 4471 isti
1999 4428 2121 4471 sunt
2148 4433 2342 4483 semen,
2368 4420 2450 4472 cui
2473 4417 2729 4471 benedixit
2752 4415 3020 4471 Dominus.
3055 4413 3229 4470 LXX:
3267 4413 3332 4468 Et
3350 4413 3485 4468 dabo

1891 4509 2119 4564 laborem
2147 4525 2324 4563 eorum
2344 4510 2529 4580 justis,
2555 4518 2602 4563 et
2631 4518 2987 4563 testamentum
3015 4517 3265 4561 attentum
3296 4521 3483 4577 ponam

1890 4617 2004 4655 cum
2029 4601 2125 4655 eis.
2160 4598 2225 4653 Et
2245 4602 2437 4655 scietur
2455 4604 2507 4653 in
2533 4600 2764 4670 gentibus
2784 4616 2954 4655 semen
2985 4615 3184 4666 eorum,
3210 4609 3256 4652 et
3282 4608 3488 4669 nepotes

166 4696 305 4753 Filii
335 4707 512 4752 autem
539 4695 710 4753 David
747 4708 893 4755 erant
919 4699 1212 4753 sacerdotes
1243 4698 1338 4754 Dei
1385 4699 1451 4765 (ll
1484 4697 1613 4768 Reg.
1657 4712 1778 4763 rttt,
1812 4687 1859 4747 Ι)
1885 4708 2061 4747 eorum
2088 4693 2142 4745 in
2175 4692 2345 4746 medio
2369 4693 2698 4765 populorum.
2728 4690 2909 4745 Omnis
2930 4691 3017 4761 qui
3044 4689 3225 4745 viderit
3257 4706 3363 4755 eos,
3398 4705 3481 4744 eo-

168 4793 284 4862 18).
321 4791 420 4848 l~ti
452 4791 828 4849 fortitudinem
860 4792 1105 4859 gentium
1137 4792 1448 4850 comedent.
1480 4801 1535 4847 et
1562 4794 1614 4845 in
1642 4791 1783 4845 divi-

166 4886 255 4940 tiis
288 4900 490 4942 earum
516 4884 869 4942 admirabiles
900 4893 1082 4940 erunt.
1129 4883 1343 4940 Corona
1375 4885 1522 4940 enim
1564 4894 1778 4954 patrum

165 4981 351 5053 gloria
396 4978 724 5044 liberorum,
771 4988 828 5036 et
879 4978 1158 5049 prolectus
1202 4979 1426 5049 populi,
1480 4978 1653 5047 epulae
1697 4993 1784 5032 sa-

166 5073 460 5131 cerdotum
480 5071 667 5145 (Prae.
703 5076 855 5143 xvtt).
893 5075 968 5129 De
998 5074 1304 5129 istiusmodi
1338 5071 1545 5126 divitiis
1578 5072 1781 5127 Paulus

166 5164 456 5221 scribebat
500 5164 570 5219 ad
612 5165 929 5221 Corinthios
962 5182 976 5220 :
1015 5163 1229 5220 Gratias
1263 5180 1362 5235 ago
1393 5162 1503 5218 Deo
1534 5181 1646 5219 meo
1690 5180 1780 5236 per

167 5256 356 5315 Iesum
390 5257 680 5325 Christum,
715 5260 964 5330 quoniam
988 5260 1045 5313 in
1077 5257 1313 5313 omnibus
1341 5256 1524 5310 divites
1545 5258 1672 5326 facti
1701 5273 1782 5310 es-

170 5353 234 5407 tis
259 5353 318 5407 in
342 5368 427 5417 eo,
453 5352 510 5405 in
549 5353 690 5406 omni
715 5351 887 5419 verba,
927 5360 975 5406 et
1003 5353 1058 5406 in
1088 5353 1230 5407 omni
1253 5352 1490 5417 scientia,
1526 5352 1654 5405 sicut
1684 5362 1783 5405 tes-

166 5444 447 5499 timonium
480 5443 672 5498 Citrtsti
699 5445 1059 5514 conﬁrmatum
1093 5455 1165 5499 est
1193 5445 1246 5499 in
1275 5444 1438 5513 vobis,
1470 5454 1526 5499 ut
1554 5444 1605 5497 in
1632 5444 1781 5499 nullo

168 5532 455 5605 indigentis
485 5535 541 5589 in
576 5536 686 5591 ulla
711 5536 886 5608 gratia
914 5538 930 5600 (
942 5536 984 5591 11
1013 5534 1135 5593 Cor.
1164 5552 1216 5603 ι,
1253 5534 1288 5590 4
1317 5539 1503 5608 seqq.).
1539 5536 1782 5591 Fortitu-

170 5624 244 5679 do
269 5635 457 5683 autem
478 5630 722 5699 gentium
753 5628 1067 5697 triumphus
1105 5642 1190 5687 est
1220 5630 1517 5703 Martyrum
1551 5648 1566 5685 :
1599 5642 1649 5685 et
1682 5646 1781 5687 nos

171 5715 229 5773 in
261 5733 458 5776 eorum
508 5721 684 5792 gloria
729 5721 950 5793 superbi
1000 5737 1215 5791 sumus,
1259 5738 1366 5779 non
1413 5738 1477 5779 ea
1522 5723 1780 5795 superbia

1888 4797 2094 4859 gnoscet
2120 4786 2261 4851 illos,
2292 4789 2414 4857 quia
2437 4788 2525 4842 isti
2547 4797 2668 4840 sunt
2695 4803 2867 4842 semen
2913 4786 3238 4840 benedictum
3279 4801 3311 4840 a
3348 4783 3475 4840 Deo.

1891 4885 2031 4940 Deus
2060 4884 2151 4953 qui
2180 4885 2356 4954 diligit
2384 4883 2649 4954 iustitiam
2681 4893 2843 4953 atque
2869 4882 3154 4950 judicium,
3192 4892 3246 4936 et
3289 4880 3480 4936 detes-

1889 4988 2030 5033 tatur
2072 4978 2383 5032 ltolocattsta
2414 4978 2649 5032 violenta
2682 4976 2964 5046 (quidquid
2995 4977 3141 5031 enim
3178 4976 3247 5030 de
3278 4974 3485 5042 rapinis

1887 5083 1993 5141 est,
2025 5072 2176 5142 quasi
2210 5072 2518 5127 mercedem
2558 5070 2725 5126 scorti
2766 5079 3004 5140 reputat,
3032 5079 3086 5124 et
3119 5070 3355 5139 pretium
3391 5083 3485 5122 ca-

1889 5164 2021 5237 nis,}
2053 5163 2161 5237 [Αι.
2192 5162 2396 5237 οςινιιίμ]
2432 5169 2549 5235 ipse
2586 5179 2777 5219 eorum
2808 5163 2899 5234 qui
2942 5164 3188 5219 secundo
3218 5162 3483 5233 possede-

1890 5260 1999 5314 rittt
2025 5266 2247 5317 terram.
2273 5268 2327 5313 et
2355 5274 2492 5327 quos
2520 5257 2719 5326 duplici
2750 5257 2934 5313 laetitia
2973 5265 3253 5312 coronam
3272 5299 3287 5320 ,
3333 5255 3482 5309 labo—

1891 5368 2003 5407 rem
2025 5352 2174 5406 dabit
2200 5349 2384 5422 justis,
2417 5353 2533 5406 sive
2552 5362 2607 5404 ut
2634 5352 2829 5407 melius
2853 5352 3079 5406 lialtetor
3108 5351 3160 5402 in
3188 5347 3477 5411 Hi-ltraico,

1886 5445 1940 5498 in
1969 5445 2178 5499 veritate
2205 5460 2225 5499 :
2248 5454 2302 5498 ttt
2335 5459 2673 5512 nequaquam
2704 5446 2848 5497 sicut
2877 5445 2927 5495 in
2951 5440 3094 5510 Lege
3123 5441 3311 5492 umbra
3340 5438 3484 5492 veri-

1890 5541 2015 5593 tatis
2039 5581 2053 5604 ,
2092 5538 2187 5593 sed
2223 5540 2335 5609 ipsa
2364 5538 2437 5592 sit
2465 5542 2689 5593 veritas.
2731 5537 2796 5590 Et
2830 5547 3045 5604 paetum
3090 5534 3246 5589 feriet
3276 5533 3482 5599 sempi-

1889 5640 2124 5697 ternum,
2155 5645 2264 5684 non
2295 5631 2455 5696 quale
2479 5629 2645 5697 Moysi
2694 5628 2940 5692 dederat,
2989 5624 3134 5695 quod
3184 5627 3482 5696 praeteriit;

1887 5722 1984 5781 sed
2024 5733 2239 5795 pactum
2288 5722 2594 5795 Evangelii,
2629 5721 2700 5779 de
2740 5733 2848 5791 quo
2901 5720 3139 5790 loquitur
3188 5717 3479 5775 Christus:
3562 5758 3563 5761 η

248 5929 278 5959 ⁸
318 5920 507 5997 Neque
531 5912 586 5984 in
616 5926 982 5987 Ambrosiam
1011 5910 1115 5988 nis.
1148 5944 1329 6001 neque
1361 5930 1413 5987 in
1445 5930 1639 5987 Grmco
1669 5922 1963 5999 exemplari
1995 5923 2216 5984 additur
2242 5922 2544 5998 pronomen
2581 5921 2764 5984 noitri.
