3972 6338
526 300 635 357 603

1754 300 1813 357 s.
1855 292 2130 360 suscita
2164 286 2555 360 arenosum

3730 258 3839 356 oin

530 418 726 473 (Italum
755 428 804 473 et
830 430 966 473 terra
999 417 1382 487 pertransibunt
1412 452 1430 484 ,
1478 418 1630 473 verba
1655 426 1830 472 autern
1873 430 1988 472 mea
2019 433 2123 473 nou
2154 412 2202 479 Α
2231 406 2353 474 loco
2381 436 2393 473 :
2428 418 2691 491 Quotquot
2718 435 2838 494 ergo
2869 415 3103 494 perfecti,
3135 418 3230 474 hoc
3263 420 3533 493 sapiamus
3569 410 3831 491 (Philipp.

533 513 865 582 prateribuut
921 509 1139 578 (blattis.
1184 527 1334 579 ms,
1372 510 1486 582 35).
1538 512 1609 567 Et
1651 522 1781 567 tunc
1826 511 2035 567 scietur
2074 511 2129 567 in

530 605 781 675 gentibus
813 619 998 661 semen
1026 605 1428 677 Apostolicnm,
1450 617 1506 663 et
1529 622 1719 663 omnes
1740 608 1941 664 futuras
1966 618 2133 679 gene-

534 697 776 754 rationes
802 700 1100 768 suscipient
1127 712 1429 757 sementem
1458 702 1723 758 doctrina!
1755 703 1851 758 Dei
1888 722 1898 756 :
1927 718 2132 772 nequa-

536 807 698 861 quam
732 792 864 849 illud
885 793 1159 865 dicentes,
1189 797 1242 851 in
1267 813 1379 867 quo
1403 798 1636 868 populus
1664 799 1819 865 prius
1845 798 2136 854 circumci.

534 885 707 941 sionis
736 887 955 942 ambat
982 887 1212 944 dicens:
1264 890 1405 956 Quid
1433 890 1568 945 enim
1601 890 1772 957 aliud,
1818 890 1920 945 nisi
1960 904 2132 945 semul

539 980 726 1049 quierit
760 989 784 1017 ⁸
817 979 956 1036 Dens
978 981 1005 1036 ?
1026 981 1220 1038 Omnis
1248 983 1340 1053 qui
1369 983 1566 1039 viderit
1599 994 1720 1050 eos,
1756 983 1928 1054 prima
1959 978 2137 1038 fronte

542 1081 859 1141 cognoscet,
883 1074 1008 1143 quia
1036 1088 1226 1130 semen
1258 1076 1330 1129 sit
1358 1075 1449 1130 cui
1481 1075 1825 1131 benedixarit
1849 1074 2133 1131 Dominus.

2232 525 2321 579 ιη,
2347 512 2464 583 15).
2489 512 2765 583 Incipiens
2792 522 2975 568 autem
3000 519 3119 568 erat
3152 514 3569 583 comparatione
3602 510 3839 582 plenitu-

2232 604 2396 673 diuis,
2426 603 2645 677 quando
2674 620 2739 661 ex
2774 620 3009 671 persona
3052 604 3429 677 incipientium
3459 604 3837 685 loquebatur:

2233 696 2364 754 Cum
2404 714 2563 754 essem
2595 700 2866 771 parvulus,
2914 700 3045 753 sicut
3088 700 3334 769 parvulus
3374 696 3661 768 loquebar,
3714 696 3839 749 sicut

2234 793 2479 865 parvulus
2513 790 2796 863 capiebam,
2832 790 2965 846 sicut
3015 791 3262 860 parvulus
3301 788 3593 865 cegitabam
3643 787 3687 860 (I
3724 785 3840 843 Cor.

2238 898 2370 952 xm,
2405 884 2519 955 il).
2572 886 2635 940 Et
2676 886 2874 940 iterum
2903 904 2916 940 ε
2950 882 3033 940 Ea:
3060 892 3207 957 parte
3242 884 3496 948 videmus,
3527 890 3579 938 et
3603 899 3668 937 ea:
3685 876 3844 955 738

2236 989 2382 1049 parte
2412 978 2785 1050 cognoscimus,
2838 980 3000 1033 donec
3045 978 3216 1032 ueniat
3257 977 3395 1048 quod
3443 980 3733 1049 perfectum
3778 984 3844 1029 est

2237 1069 2402 1143 (Ibid.
2425 1116 2439 1140 ,
2468 1071 2546 1142 9).
2576 1069 2644 1126 Et
2669 1070 2791 1127 ideo
2821 1082 3041 1138 sponsa:
3066 1071 3404 1127 assimilatur
3436 1067 3681 1134 ornatui,
3729 1082 3842 1137 qua:

2240 1175 2463 1221 ornatur
2508 1164 2712 1222 mundo
2743 1164 3016 1232 muliebri,
3052 1164 3172 1222 sive
3215 1175 3274 1221 ut
3322 1164 3509 1220 caeteri
3546 1160 3843 1218 transtule-

2242 1266 2393 1325 runt,
2444 1260 2601 1328 vasis,
2632 1259 2721 1316 vel
2775 1259 3056 1315 monilibus
3106 1261 3239 1315 suis.
3289 1257 3560 1330 Ponitqne
3618 1254 3847 1311 alterius

2243 1354 2665 1424 comparationis
2691 1350 2966 1423 exempla,
2999 1367 3233 1426 quorum
3264 1353 3419 1421 prius
3450 1348 3519 1407 ad
3564 1362 3845 1423 sponsum,

2245 1458 2479 1518 sequens
2521 1444 2759 1503 refertur
2808 1444 2873 1501 ad
2922 1459 3205 1516 sponsam.
3238 1443 3391 1501 Sicut
3444 1452 3591 1499 terra
3646 1441 3851 1512 profert

2244 1552 2464 1611 germen
2492 1554 2673 1607 suum,
2697 1546 2753 1596 et
2773 1534 3087 1597 ccclestibus
3108 1540 3307 1614 pluviis
3333 1538 3595 1610 irrigatur
3623 1556 3638 1592 :
3668 1548 3717 1593 et
3747 1536 3849 1592 sie-

2250 1642 2308 1688 ut
2329 1634 2520 1689 hortus
2545 1648 2733 1690 semen
2764 1646 2921 1689 suum
2960 1634 3255 1704 germinat,
3300 1633 3390 1704 qui
3429 1624 3665 1686 fontium
3695 1640 3852 1699 atque

629 1722 813 1797 (Vers.
850 1727 938 1793 ill,
986 1725 1101 1797 ll.)
1128 1725 1373 1783 Gaudeas
1419 1729 1654 1802 gaudebo
1700 1729 1755 1783 in
1805 1727 2050 1793 Domino,
2098 1737 2146 1783 et
2250 1725 2533 1783 ﬂuviorum
2575 1741 2743 1798 aquas
2783 1722 3059 1783 desiderat
3107 1746 3118 1782 :
3161 1727 3241 1783 sic
3286 1772 3300 1795 ,
3344 1725 3548 1795 inquit,
3592 1722 3853 1778 Dominus

548 1818 829 1873 exsultauit
864 1818 1050 1890 [Vulg
1081 1820 1386 1895 exsultabit]
1413 1824 1592 1878 anima
1619 1834 1731 1878 mea
1757 1824 1813 1877 in
1844 1821 1958 1878 Deo
1985 1838 2098 1877 meo
2131 1839 2148 1877 :
2184 1807 2225 1867 Β
2256 1820 2585 1892 geminabit
2606 1820 2871 1894 justitiam
2906 1832 3071 1891 atque
3108 1819 3357 1876 laetitiam
3411 1832 3602 1874 coram
3650 1816 3853 1873 eunetis

554 1913 677 1982 quia
706 1913 873 1968 induit
901 1913 1061 1986 737
1089 1930 1166 1969 me
1196 1917 1502 1971 vestimentis
1539 1918 1725 1972 salutis
1753 1930 1803 1974 et
1837 1914 2155 1974 indumentis
2257 1914 2508 1986 gentibus
2542 1932 2556 1970 :
2596 1928 2939 1986 nequaquam
2970 1928 3156 1970 coram
3193 1908 3379 1978 lsrael,
3417 1922 3475 1967 ut
3504 1911 3852 1982 supercilium

548 2003 771 2074 justitia:
798 2003 1137 2059 circumdedit
1165 2022 1263 2075 me,
1293 2009 1441 2076 quasi
1464 2025 1712 2079 sponsum
1741 2009 2045 2064 decoratum
2068 2026 2157 2064 co-
2259 2007 2497 2063 decutiat
2534 2005 2843 2063 Iudaeorum
2876 2024 2891 2073 ;
2924 2006 3021 2063 sed
3065 2007 3279 2063 cunctis
3327 2004 3604 2078 gentibus,
3632 2018 3755 2075 quae
3802 2001 3851 2058 in

560 2107 712 2159 rana,
745 2102 794 2148 et
822 2096 972 2165 quasi
1003 2112 1246 2165 sponsam
1269 2109 1505 2154 ornatam
1530 2098 1807 2155 monilibus
1833 2103 1963 2156 suis.
2006 2101 2158 2157 Sicut
2260 2100 2503 2156 Ecclesia
2546 2106 2972 2171 congregantur.

538 1165 673 1231 Quis
703 1168 850 1221 enim
878 1183 944 1223 es
974 1168 1168 1224 ordine
1197 1169 1344 1230 vim.
1376 1168 1819 1232 mansuetudine,
1848 1169 2137 1223 continen-

542 1259 641 1328 tia,
676 1261 1064 1331 hospitalitate,
1093 1264 1412 1335 eunetisqne
1442 1264 1729 1319 virtutibus
1769 1278 1880 1319 non
1926 1262 2142 1319 intem-

545 1360 632 1421 gat
664 1355 922 1422 populum
951 1355 1083 1410 Dei?
1117 1355 1325 1427 thnis
1355 1372 1510 1412 tione
1529 1356 1807 1412 contrario
1833 1356 2142 1412 detestetur

547 1452 801 1505 cruentas
826 1444 1046 1501 lsraclis
1080 1462 1297 1513 manus,
1328 1452 1617 1504 adversum
1646 1462 1785 1519 quos
1810 1450 2144 1519 imprecatus

554 1537 841 1607 Propheta,
902 1539 1136 1595 dicens:
1180 1539 1392 1612 Imple,
1448 1538 1688 1605 Domine,
1752 1542 1914 1613 facies
1966 1554 2144 1596 eorum

554 1629 836 1703 ignominia
870 1632 990 1705 (Ps.
1034 1650 1215 1690 Luxu
1235 1677 1247 1697 ,
1275 1635 1390 1705 l7).

564 2185 700 2237 enim
726 2194 864 2240 terra
900 2192 1100 2259 profert
1125 2206 1333 2262 germen
1361 2208 1533 2260 suum,
1551 2203 1597 2245 et
1617 2193 1753 2247 sicut
1778 2192 1963 2248 hortus
1987 2211 2159 2249 senum

563 2294 714 2332 suum
742 2282 995 2351 germinat
1018 2298 1037 2337 :
1058 2283 1133 2338 sic
1159 2283 1411 2341 Dominus
1432 2285 1573 2342 Deus
1586 2289 1888 2361 germinabit
1900 2289 2161 2360 justitiam

562 2380 613 2425 et
638 2372 844 2427 laudem
862 2377 1309 2432 coramunioersis
1335 2379 1593 2451 gentibus.
1628 2378 1772 2434 LXX
1797 2398 1809 2433 :
1830 2378 2043 2434 Gaudio
2067 2378 2159 2434 lar-

566 2466 814 2521 tabuntur
838 2468 893 2521 in
927 2468 1174 2537 Domino,
1207 2473 1430 2527 exsultet
1459 2474 1637 2528 animo
1680 2490 1794 2527 mea
1824 2474 1879 2526 in
1915 2473 2160 2528 Domino.

567 2555 753 2612 Induit
782 2561 920 2614 enim
951 2577 1032 2615 me
1058 2564 1361 2619 uestimento
1382 2565 1592 2630 salutis,
1623 2575 1671 2619 et
1709 2567 1935 2619 tunicam
1967 2565 2165 2620 lwtitiar

562 2651 904 2706 circumdedit
931 2655 1078 2708 nsi/ti.
1101 2655 1250 2709 Sicut
1276 2672 1526 2718 sponsum
1547 2659 1725 2716 mitra.
1757 2666 1807 2710 et
1835 2658 1971 2712 sicut
2006 2672 2165 2724 spon-

567 2755 677 2794 sam
705 2743 905 2795 ornavit
931 2742 1125 2796 mundo
1149 2745 1404 2805 muliebri.
1428 2756 1477 2801 et
1510 2748 1639 2801 sicut
1658 2756 1851 2801 terrens
1868 2746 2163 2815 eferenteut

571 2833 755 2902 ﬂorem
781 2850 951 2904 suum,
979 2844 1028 2889 et
1080 2837 1212 2890 sicut
1264 2838 1441 2892 hortus
1470 2839 1667 2894 seruitia
1722 2857 1819 2896 sua
1862 2842 2118 2912 germinat
2145 2858 2164 2896 :

570 2929 645 2983 sic
680 2928 930 2985 Dentium
960 2927 1100 2985 Deus
1125 2935 1322 3004 profert
1350 2934 1615 3007 justitiam
1638 2945 1686 2988 et
1715 2934 1922 2989 laudem
1951 2936 2005 2990 in
2043 2952 2167 2989 con-

570 3031 751 3092 specta
787 3026 1014 3078 omnium
1053 3027 1302 3095 gentium.
1358 3028 1691 3100 Principium
1736 3030 1965 3102 capituli
2009 3030 2166 3101 juxta
2268 3031 2399 3085 sicut
2430 3030 2600 3085 lumen
2631 3030 2840 3099 justitia
2877 3030 3011 3101 ejus,
3049 3038 3097 3082 et
3131 3028 3360 3082 salutare
3402 3025 3551 3080 illius
3576 3025 3708 3079 sicut
3734 3023 3852 3077 km-

577 3114 740 3182 LXX,
774 3116 864 3187 qui
891 3116 1148 3174 dixerunt
1179 3135 1192 3172 :
1235 3117 1442 3174 Gaudio
1485 3121 1792 3177 (tutabantur
1826 3123 1882 3177 in
1912 3119 2164 3191 Domine,
2205 3190 2236 3196 _
2268 3140 2362 3196 pas
2386 3125 2585 3179 ardeat.
2608 3122 2927 3178 Etvidebunt
2954 3130 3125 3194 gentes
3148 3120 3593 3195 justitiumtuam,
3620 3126 3668 3171 et
3692 3128 3852 3170 omnes

574 3206 666 3263 ﬁni
720 3212 1023 3280 superioris
1069 3213 1295 3283 capituli
1345 3216 1653 3285 copulatur.
1704 3215 1864 3272 Juxta
1911 3190 2169 3272 Hebraeos
2191 3190 2239 3253 (ἶ
2271 3190 2416 3289 reges
2445 3213 2664 3288 gloriam
2683 3223 2846 3281 tuam,
2893 3224 2942 3270 et
2956 3190 3169 3268 vvocabi't
3199 3222 3247 3267 te
3272 3220 3458 3267 nomen
3488 3226 3697 3273 nouum,
3724 3206 3851 3278 quod

576 3318 709 3358 veru
737 3306 963 3361 alterius
987 3307 1189 3377 capitis
1206 3308 1491 3364 exordium
1523 3319 1633 3375 est,
1658 3310 1712 3364 in
1738 3326 1848 3381 quo
1873 3309 2171 3366 introduci—
2266 3328 2328 3366 os
2360 3311 2567 3365 Domini
2597 3308 2899 3364 nominabit.
2937 3306 3005 3361 Et
3040 3308 3144 3361 eris
3182 3320 3379 3361 corona
3408 3304 3615 3358 decoris
3632 3302 3685 3356 in
3708 3310 3854 3353 manu

574 3407 666 3452 tur
728 3398 972 3455 Ecclesia
1016 3441 1031 3465 ,
1070 3398 1274 3455 Christi
1352 3400 1686 3473 respondere
1758 3403 2112 3458 sertnonibus
2154 3421 2165 3455 :
2275 3402 2505 3471 Domini,
2545 3411 2595 3457 et
2631 3401 2875 3456 diadema
2912 3400 3060 3473 regni
3106 3401 3159 3455 in
3197 3414 3357 3452 manu
3386 3393 3482 3451 Dei
3519 3396 3615 3452 tui.
3648 3395 3855 3449 Dixerat

580 3490 825 3546 Gaudeas
845 3492 1081 3565 gaudebo
1107 3494 1162 3547 in
1191 3492 1430 3559 Domino,
1456 3504 1503 3547 et
1532 3493 1816 3550 exsultabit
1845 3496 2021 3549 animo
2058 3511 2172 3550 mea

577 3583 631 3636 in
663 3581 773 3637 Deo
813 3601 947 3638 meo.
990 3585 1335 3656 Nequaquam
1378 3587 1431 3641 in
1474 3587 1727 3655 patribus
1754 3628 1772 3651 ,
1815 3588 1960 3644 sicut
1996 3586 2171 3644 Juda-i

577 3675 977 3744 gloriabantur,
1019 3678 1267 3732 dicentes
1300 3697 1310 3732 :
1348 3678 1534 3733 Semen
1574 3678 1835 3734 Abraham
1868 3696 2076 3745 suntm,
2123 3691 2172 3735 et

583 3766 777 3819 nemini
818 3782 1059 3837 umquam
1100 3769 1399 3825 seruiuimus
1426 3769 1607 3842 (Joan.
1638 3787 1754 3837 vni,
1803 3768 1941 3843 33);
1989 3771 2086 3826 sed
2119 3773 2173 3827 in

584 3858 717 3923 Deo,
757 3858 1035 3927 Scriptura
1063 3860 1317 3917 dicente:
1367 3861 1720 3917 Multitudinis
1759 3873 1929 3918 autem
1957 3864 2172 3919 creden-

2331 2194 2487 2266 (Cap.
2519 2188 2683 2249 LXII.
2712 2223 2782 2235 —
2825 2190 2981 2248 Vers.
3025 2192 3051 2246 1
3077 2188 3261 2262 seqq.)
3318 2186 3545 2263 Propter
3593 2184 3723 2245 Sion
3758 2202 3853 2242 non

2263 2288 2458 2352 tacebo,
2501 2295 2548 2341 et
2589 2295 2800 2357 propter
2854 2282 3150 2341 Jerusalem
3188 2300 3290 2337 non
3330 2283 3594 2355 quiescam
3634 2326 3649 2349 ,
3693 2281 3852 2335 donec

2262 2379 2551 2450 egrediatur
2590 2389 2647 2434 ut
2683 2378 2933 2451 splendor
2968 2379 3146 2451 justus
3178 2380 3315 2451 ejus,
3342 2386 3391 2430 et
3417 2376 3644 2430 saltator
3668 2377 3779 2444 ejus
3803 2382 3853 2427 ut

2263 2470 2462 2541 lampas
2492 2469 2829 2526 accendatur.
2853 2469 3178 2525 Etoidebunt
3210 2478 3388 2543 gentes
3404 2471 3608 2540 justum
3622 2476 3784 2526 tuam.
3808 2474 3855 2519 et

2265 2565 2437 2619 cuncti
2463 2578 2610 2636 reges
2654 2565 2912 2636 inclytum
2941 2573 3110 2629 tuum,
3157 2569 3208 2616 et
3252 2561 3524 2615 vocabitur
3555 2556 3642 2625 tibi
3668 2572 3853 2611 nomen

2265 2670 2472 2721 novum,
2488 2657 2628 2728 quod
2649 2671 2704 2711 os
2723 2655 2932 2710 Domini
2946 2654 2975 2694 δ
2998 2653 3305 2709 nominavit.
3323 2650 3392 2708 Et
3405 2650 3699 2725 eris[Vulg.
3719 2648 3852 2722 Erit]

2264 2765 2458 2805 corona
2484 2749 2664 2820 gloria:
2690 2751 2743 2804 in
2786 2762 2944 2804 manu
2978 2747 3211 2813 Domini,
3252 2754 3301 2802 et
3340 2746 3591 2802 diadema
3626 2743 3775 2819 regni
3800 2744 3852 2797 in

2266 2862 2423 2898 mann
2474 2842 2691 2898 Deitui.
2730 2842 2918 2899 LXX:
2970 2840 3191 2915 Propter
3238 2840 3370 2896 Sion
3412 2856 3514 2894 non
3560 2839 3770 2903 tacebo,
3809 2848 3853 2891 et

2266 2946 2475 3008 propter
2499 2932 2792 2991 Jerusalem
2842 2949 2949 2988 non
2974 2935 3268 3004 relinquam
3311 2944 3331 2986 :
3359 2931 3527 2987 donec
3566 2928 3851 3001 egrediatur

2276 3493 2538 3550 Dominus
2582 3505 2750 3564 atque
2770 3491 3046 3557 Salvator,
3072 3491 3307 3563 Spiritus
3338 3487 3556 3544 Domini
3581 3501 3729 3558 super
3754 3500 3853 3548 me.

2274 3597 2485 3657 propter
2512 3585 2653 3659 quod
2688 3587 2839 3641 unxit
2879 3602 2961 3641 nte
3006 3584 3161 3657 (Luc.
3194 3598 3271 3653 tr,
3298 3586 3414 3653 18),
3446 3596 3623 3652 usque
3649 3580 3852 3635 adcum

2273 3679 2450 3734 locum
2500 3678 2591 3733 ubi
2645 3678 2907 3748 scriptum
2935 3687 3020 3733 est
3069 3695 3083 3730 :
3132 3676 3327 3732 Omnes
3358 3674 3450 3747 qui
3486 3673 3704 3729 uiderint
3734 3686 3849 3735 eos,

2275 3783 2600 3843 cognoscent,
2628 3773 2749 3843 quia
2776 3772 2863 3826 isti
2890 3783 3009 3827 sunt
3030 3786 3201 3827 men
3229 3770 3314 3824 cui
3335 3768 3601 3824 benediaa‘t
3623 3765 3853 3821 Densius

2275 3866 2433 3934 (lsai.
2459 3881 2553 3920 ut
2583 3910 2597 3934 ,
2630 3865 2706 3937 t).
2748 3865 2881 3922 Post
2909 3878 3071 3936 quam
3100 3861 3614 3934 rcpromissionem,
3646 3868 3853 3928 respou-

583 3953 714 4007 tium
736 3963 844 4007 erat
869 3969 957 4008 cor
982 3971 1141 4009 unum
1162 3966 1210 4008 et
1232 3957 1408 4010 anima
1426 3973 1530 4011 una
1551 3956 1694 4029 (Act.
1714 3972 1789 4021 tv,
1813 3958 1928 4029 δί).
1954 3957 2178 4013 Reddit-

583 4061 690 4116 que
725 4062 919 4102 causas
942 4047 1144 4104 laetitiae
1179 4065 1192 4101 :
1225 4048 1362 4115 Quia
1397 4051 1565 4105 induit
1589 4067 1670 4105 me
1697 4052 1995 4106 uestimento
2031 4052 2177 4107 salu-

582 4140 669 4204 tis,
697 4149 747 4194 et
775 4140 1073 4196 indumento
1095 4183 1109 4205 ,
1145 4142 1263 4197 sive
1300 4144 1477 4198 tunica
1503 4144 1730 4217 justitite
1755 4154 1908 4215 atque
1946 4145 2173 4213 lectitic,

586 4247 712 4302 qua:
755 4232 1019 4289 Hebraice
1060 4234 1261 4290 dicitur
1313 4250 1443 4291 usu.
1498 4218 1709 4308 (bim),
1766 4242 1967 4292 ornavit
2024 4249 2181 4309 atque

584 4324 941 4380 circumdedit.
972 4328 1246 4396 Quotquot
1275 4328 1426 4384 enim
1458 4328 1511 4383 in
1543 4327 1763 4385 Chrism
1790 4329 2053 4398 haptizati
2083 4347 2178 4386 su-

588 4433 733 4482 mus,
771 4418 1053 4476 induimur
1084 4419 1324 4482 Christo.
1353 4431 1406 4478 et
1437 4422 1701 4480 habemus
1733 4424 1975 4480 tunicam
2019 4424 2181 4495 justi-

588 4510 710 4566 tite:
739 4511 832 4580 qui
874 4512 1047 4568 iactus
1092 4524 1174 4571 est
1224 4514 1383 4571 nobis
1411 4516 1695 4582 sanctitas,
1726 4517 1966 4586 iustitia,
2010 4526 2068 4572 et
2096 4532 2183 4573 ro-

588 4606 831 4677 demptio
858 4606 1060 4676 (Colat.
1091 4608 1152 4680 t).
1195 4608 1460 4681 Ponitque
1496 4610 1914 4667 similitudinem
1944 4610 2179 4667 duorum

586 4703 640 4756 in
672 4701 919 4758 Ecclesia
950 4702 1252 4779 agminum,
1304 4704 1668 4773 perfecton
1713 4714 1880 4777 atque
1917 4706 2184 4778 incipien-

590 4794 722 4848 tinm
754 4794 798 4863 (Ι
818 4794 940 4852 Cor.
972 4797 1038 4866 t).
1072 4796 1356 4852 Perfectos
1386 4798 1571 4867 sponsi
1617 4808 1901 4868 comparat
1941 4799 2181 4870 pulchri-

585 4888 795 4951 tudini;
843 4889 1166 4960 incipientes
1196 4904 1417 4962 sponste
1456 4891 1726 4945 assimilat
1767 4893 2010 4948 ornatui.
2049 4892 2181 4949 Per-

583 4977 758 5034 fectus
786 4992 902 5035 erat
936 4982 1161 5050 Paulus,
1201 4985 1293 5054 qui
1323 4984 1480 5055 quasi
1509 4997 1744 5056 sponsus
1768 4982 2058 5040 decoratus
2087 4999 2182 5043 co-

590 5084 722 5127 r0na
752 5080 915 5142 atque
942 5076 1313 5143 coronandus,
1346 5078 1482 5142 sive,
1526 5087 1584 5133 ut
1627 5077 1822 5149 Aquila
1853 5078 2173 5149 transtulit,

586 5166 937 5243 ἱερατιυμίνος
985 5170 1259 5242 στεφάνῳ,
1299 5169 1444 5237 quod
1494 5171 1550 5226 in
1586 5172 1769 5241 lingua
1815 5179 2001 5226 nostra
2046 5170 2181 5225 dici-

582 5269 690 5325 tur,
722 5258 978 5315 sacerdoti
1006 5271 1220 5330 portans
1249 5277 1518 5328 coronam,
1553 5264 1830 5331 loquentis
1860 5264 1914 5318 in
1940 5275 2001 5319 se
2021 5263 2179 5320 Chri-

581 5354 654 5408 sti
702 5355 1031 5411 auctoritate
1080 5353 1354 5411 dicehat:
1406 5354 1677 5412 Certamen
1725 5358 1912 5412 bonum
1948 5358 2176 5424 certari,

582 5466 789 5505 cursum
816 5452 1172 5505 consummaui
1191 5488 1206 5517 ,
1240 5449 1398 5521 ﬁdem
1435 5451 1632 5506 seruaui
1657 5467 1677 5507 :
1704 5450 1770 5506 de
1798 5463 1981 5508 cetera
2026 5468 2177 5523 repo-

577 5546 678 5601 sita
702 5554 775 5602 est
805 5546 932 5601 mihi
957 5563 1152 5603 corona
1178 5547 1404 5617 justitia:
1428 5546 1498 5620 (ll
1522 5545 1657 5605 Tim.
1682 5563 1756 5615 tr,
1785 5548 1863 5621 7).
1894 5548 1963 5603 Et
1986 5548 2040 5602 in
2067 5548 2177 5604 alio

648 5690 673 5718 ⁸
717 5684 863 5739 Idem
893 5682 1240 5739 Ambrosian.
1263 5726 1276 5749 ,
1311 5680 1519 5749 dicens,
1557 5679 1699 5748 Quid
1723 5681 1861 5737 enim
1896 5678 2044 5734 aliud
2071 5680 2172 5736 nisi

578 5768 746 5807 semen
774 5753 907 5808 Dei?

662 5822 688 5867 δ
723 5823 952 5883 Videtur
980 5841 1045 5881 ex
1091 5838 1248 5880 sacro
1277 5832 1422 5882 testu
1464 5823 1840 5897 reponendum
1865 5825 2169 5909 nominabit,

2274 3960 2355 4014 dit
2383 3958 2628 4014 Ecclesia
2664 3978 2678 4017 :
2711 3958 2961 4014 Gaudeas
3001 3954 3236 4028 gaudebo
3265 3955 3320 4008 in
3365 3953 3615 4017 Domino,
3662 3966 3771 4021 qua:
3802 3947 3850 4002 ia

2279 4053 2443 4108 tertio
2479 4051 2744 4123 graduum
2810 4052 3047 4122 psalmo,
3091 4056 3158 4104 es
3197 4061 3435 4118 persona
3476 4046 3660 4117 populi
3695 4042 3851 4114 punio

2280 4145 2467 4213 tentis,
2493 4144 2612 4199 ltetn
2642 4143 2884 4199 cantavit
2915 4161 2929 4196 :
2976 4141 3209 4196 Latatus
3234 4155 3349 4195 um
3388 4138 3447 4193 iu
3478 4136 3564 4192 his
3600 4133 3850 4208 guardian

2279 4247 2398 4292 sunt
2435 4236 2591 4304 milii,
2631 4237 2685 4291 in
2723 4234 2937 4290 domum
2964 4231 3178 4288 Domini
3218 4232 3409 4287 “unus
3447 4228 3570 4302 (Ps.
3601 4242 3739 4291 cast,
3770 4225 3847 4292 υς

2281 4342 2425 4386 nunc
2453 4329 2728 4399 propheta-
2754 4325 3116 4383 introducitur
3132 4338 3364 4395 persona
3390 4321 3663 4378 dicentis:
3692 4318 3848 4387 Prop-

2280 4433 2359 4480 ter
2387 4423 2519 4481 Sion
2569 4439 2672 4477 non
2693 4423 2869 4477 tacebo
2888 4459 2905 4487 ,
2939 4429 2987 4475 et
3015 4428 3225 4492 propter
3252 4415 3548 4473 Jerusalem
3581 4430 3677 4468 non
3700 4412 3851 4485 quieo

2283 4533 2418 4573 cam.
2464 4515 2683 4583 Diebus,
2713 4512 2914 4584 inquit,
2965 4526 3031 4568 ac
3061 4510 3313 4567 noctibus
3333 4520 3428 4564 ora
3456 4522 3567 4564 non
3597 4505 3848 4567 claudam,

2286 4625 2388 4667 nec
2410 4625 2528 4665 mea
2575 4620 2832 4679 umquam
2873 4606 3124 4663 retiecbit
3164 4603 3373 4669 oratio;
3402 4602 3503 4658 sed
3533 4599 3727 4657 tamdiu
3752 4596 3852 4652 cla-

2284 4704 2466 4771 mabo,
2494 4710 2551 4758 et
2575 4701 2825 4774 precibus
2850 4701 3074 4772 jungam
3113 4714 3329 4771 preces,
3358 4697 3541 4754 donec
3571 4695 3743 4751 veniat
3767 4689 3848 4761 qui

2284 4796 2584 4869 promissus
2620 4806 2705 4853 est
2739 4837 2754 4864 ,
2800 4804 2858 4852 et
2894 4794 3192 4866 splendore
3226 4806 3330 4849 suo
3388 4802 3647 4848 cunctam
3680 4788 3848 4845 orbem

2282 4888 2570 4947 illuminet.
2619 4890 2752 4959 Quis
2779 4890 2851 4946 sit
2895 4889 3003 4945 iste
3030 4900 3194 4960 quem
3234 4887 3452 4957 quaerit,
3484 4901 3649 4957 quem
3686 4881 3850 4939 venire
3908 4926 3915 4929 .

2281 4984 2594 5051 desiderat,
2643 4984 2797 5056 ponit
2841 4981 3224 5040 manifestius:
3261 4981 3433 5037 Donec
3478 4980 3767 5049 egrediatur
3798 4981 3847 5026 at

2282 5079 2530 5151 splendor
2582 5083 2764 5152 justus
2801 5082 2956 5152 ejus,
3019 5088 3065 5132 et
3100 5079 3330 5133 sulcator
3401 5077 3518 5147 ejus
3580 5083 3634 5128 ut
3674 5073 3847 5142 iam

2280 5173 2616 5228 accendatur.
2636 5173 2802 5245 739
2819 5171 2948 5229 Sive
2969 5172 3122 5242 juxta
3155 5168 3295 5225 LXX
3320 5186 3336 5223 :
3368 5166 3550 5222 Donec
3566 5175 3707 5223 cacat
3730 5159 3843 5219 sint

2278 5268 2375 5323 luo:
2393 5269 2600 5342 justitia
2633 5269 2769 5338 ejus,
2820 5276 2863 5321 et
2890 5267 3120 5321 saltuum
3142 5263 3289 5319 illius
3317 5263 3453 5319 sicut
3497 5263 3696 5331 (arripe:
3726 5268 3747 5297 ο
3768 5269 3838 5307 σε

2279 5363 2418 5415 deat.
2447 5361 2578 5430 Qum
2608 5361 2824 5417 dicebat
2848 5360 2903 5415 in
2938 5358 3267 5430 Evangelia:
3298 5357 3409 5431 ligo
3432 5372 3553 5412 sum
3576 5355 3668 5410 tua:
3690 5343 3841 5405 aut“

2278 5453 2463 5528 (Ioan.
2497 5464 2611 5524 εἰη,
2642 5453 2734 5527 η)
2775 5472 2788 5508 ι
2831 5468 2953 5524 quae
2973 5460 3101 5508 eum
3138 5453 3193 5506 in
3224 5450 3356 5505 Sion
3391 5454 3451 5504 et
3488 5449 3543 5503 in
3568 5439 3837 5502 Jerusalem

2279 5548 2443 5604 fuerit
2463 5562 2718 5615 accensa,
2745 5554 3088 5617 nequaquam
3117 5543 3171 5600 in
3189 5542 3305 5599 sola
3327 5539 3632 5613 splendebit
3660 5532 3834 5593 ludii.

2277 5681 2422 5752 quod
2455 5678 2662 5739 Victor.
2690 5679 2933 5751 praefert.

2358 5764 2380 5792 ο
2412 5746 2786 5827 Ambrosiam,
2830 5752 3027 5831 lampas
3052 5750 3365 5806 accendatur
3393 5755 3439 5804 et
3459 5746 3653 5802 ardeat.
