3972 6330
168 348 281 413 obs

685 345 1338 407 COMMENTARIORUM
1381 341 1447 400 IN
1489 338 1726 400 ISAIAM
1768 328 2193 395 l‘liOPHETAM
2234 335 2364 393 LIB.
2407 334 2575 392 XVII.
2616 330 2771 390 CAP.
2814 327 2974 387 LXII.

3376 314 3487 384 606

172 476 278 533 sed
308 472 521 533 dicetur
551 472 617 528 ad
654 478 773 527 eam
802 489 812 524 :
849 464 1057 524 Lumen
1093 458 1237 537 quod
1262 466 1316 519 in
1348 470 1400 519 te
1425 456 1508 519 est
1531 507 1544 531 ,
1579 468 1774 516 aeceuc

1904 495 1933 534 ιι
1979 477 2132 545 Sion,
2169 486 2223 533 et
2254 484 2460 531 terram
2507 474 2676 542 ipsius
2706 462 3059 525 liabitabiltm
3103 466 3314 534 iecerit,
3362 479 3483 535 qua!

168 574 305 622 sum
335 570 452 632 est;
476 559 618 635 quod
650 572 932 633 egressum
966 565 1051 613 est
1076 560 1142 611 es
1172 554 1355 622 Patre,
1387 550 1443 609 in
1475 551 1583 608 tuis
1612 549 1778 619 erepit

175 660 383 715 ardere
396 656 687 723 intibus,“
700 664 890 709 omnes
903 659 1090 720 gentes
1105 639 1775 718 illuminabit(Matth.vi).

176 750 254 808 Et
274 752 441 808 cuncti
468 760 614 823 reges
642 746 882 802 videbunt
917 741 1173 815 inclytum
1218 749 1384 805 tuum,
1418 753 1452 794 o
1477 734 1779 794 Jerusalem

173 850 234 903 et
262 842 398 904 Sion
430 862 445 900 :
474 842 569 916 qui
596 843 663 898 de
693 844 781 897 tua
828 840 1002 910 stirpe
1032 846 1328 909 generatus
1366 841 1479 903 est,
1506 831 1599 904 qui
1640 830 1694 885 in
1727 841 1780 887 te

162 934 729 1009 exaltatuspatibulo,
763 946 955 989 omnes
982 930 1147 987 traxit
1173 928 1240 985 ad
1267 943 1327 984 se
1359 943 1373 982 :
1408 927 1479 983 ita
1511 934 1570 981 ut
1590 933 1781 996 gentes

170 1031 402 1089 videant
441 1029 705 1103 iustitiam
738 1026 856 1099 ejus
877 1073 891 1097 ,
925 1038 1029 1097 qua
1063 1032 1382 1080 cunctorum
1415 1021 1646 1076 Creator
1680 1017 1781 1073 mi-

171 1134 363 1182 sertus
392 1134 477 1181 est
496 1122 748 1193 gentibus
777 1136 792 1174 :
823 1128 879 1175 et
902 1131 1060 1188 reges
1083 1115 1314 1188 gloriam
1347 1112 1513 1181 illius,
1534 1126 1637 1183 qua
1669 1110 1784 1179 glo-

171 1218 429 1275 rilicatus
456 1217 512 1273 In
542 1228 707 1272 cruce
735 1220 820 1271 est
841 1257 855 1281 ,
889 1222 945 1269 et
1000 1210 1180 1267 omnia
1224 1224 1322 1264 suo
1352 1206 1583 1274 imperio
1613 1218 1782 1273 regna

173 1311 435 1383 subjecit.
474 1310 718 1381 Denique
766 1316 1111 1377 nequaquam
1164 1302 1446 1358 vocabitur
1475 1297 1779 1356 Jerusalem

170 1408 238 1461 et
267 1402 429 1472 Sion,
462 1402 559 1459 sed
589 1414 790 1458 nomen
821 1412 1021 1455 novum
1059 1397 1311 1467 accipiet,
1346 1390 1490 1465 quod
1519 1391 1568 1448 ei
1602 1389 1784 1446 Domi-

171 1512 283 1555 nus
315 1494 659 1572 imposuerit,
703 1494 892 1551 dicens
929 1491 996 1549 ad
1047 1490 1356 1564 apostolum
1388 1489 1608 1544 Petrum
1654 1501 1669 1539 :
1704 1476 1783 1540 Tu

174 1610 231 1675 es
266 1588 479 1660 Petrus,
512 1604 560 1649 et
589 1604 745 1663 super
774 1589 909 1644 hanc
951 1597 1153 1653 petram
1181 1582 1452 1656 wdiﬁcabo
1499 1578 1783 1636 Ecclesium

174 1704 368 1757 meam,
398 1698 444 1745 et
470 1697 633 1762 portae
659 1684 816 1756 inferi
847 1699 949 1740 non
997 1680 1345 1754 prtcvalebunt
1395 1679 1643 1732 adversus
1670 1684 1782 1730 eam

174 1778 399 1855 (Matth.
423 1798 535 1850 xw,
570 1780 684 1853 18).
714 1778 870 1851 Quod
900 1772 1226 1833 vocabulum
1252 1782 1282 1828 a
1313 1773 1538 1828 nomine
1569 1768 1783 1824 Domini

1884 572 2036 642 prius
2063 564 2290 626 Jttdaico
2318 560 2497 623 fuerat
2525 580 2714 621 errore
2745 562 2989 619 deserta.
3020 561 3149 617 Sive
3174 558 3278 614 hoc
3304 560 3481 642 ipsum

1880 638 2188 719 referamus
2236 656 2304 716 ad
2352 656 2678 725 Ecclesiam,
2735 670 2858 729 quas
2911 667 3168 727 possessa
3214 651 3368 723 prius
3413 638 3483 706 ab

1878 748 2065 821 idolis,
2089 750 2310 809 deserta
2344 752 2521 808 luerat
2546 767 2575 806 a
2610 750 2744 806 Deo.

1955 846 2137 921 (Vers.
2166 836 2246 916 5.)
2306 842 2576 899 Habitabit
2616 844 2755 896 enim
2775 840 2984 915 juvenis
3034 855 3150 893 cum
3188 837 3411 912 rirgine,
3439 843 3487 891 et

1882 940 2191 996 habitabant
2230 938 2283 993 in
2315 946 2363 993 te
2399 937 2500 1005 ﬁlii
2535 937 2629 991 tui.
2672 934 2744 991 Et
2786 933 3030 1009 gaudebit
3069 948 3295 1002 sponsus
3329 946 3489 1004 super

1882 1052 2097 1106 sponsa,
2130 1030 2374 1110 gaudebit
2396 1049 2555 1104 super
2586 1041 2634 1086 te
2676 1029 2816 1085 Deus
2842 1038 2985 1084 tuus.
3032 1022 3177 1083 LXX
3208 1046 3220 1081 :
3258 1024 3325 1080 Et
3356 1024 3488 1080 sicut

1881 1126 2123 1184 habitans
2157 1125 2366 1201 juvenis
2396 1141 2515 1179 cum
2543 1124 2758 1195 uirgine,
2811 1122 2884 1176 sic
2921 1118 3224 1175 habitabant
3253 1116 3355 1187 ﬁlii
3388 1114 3485 1170 tui.

1885 1216 1952 1275 Et
2020 1219 2117 1274 erit
2173 1220 2433 1291 quomodo
2501 1217 2712 1274 lwtatur
2766 1230 2987 1286 sponsus
3043 1226 3199 1281 super
3243 1220 3433 1279 spansa
3468 1249 3486 1277 ,

1884 1314 1956 1370 sic
1979 1313 2242 1370 laetabitur
2267 1326 2425 1384 super
2454 1320 2503 1365 te
2536 1304 2811 1364 Dominus.
2842 1305 2987 1361 Dicit
3016 1313 3072 1359 et
3133 1298 3428 1374 Apostolus
3471 1315 3487 1355 :

1893 1404 2007 1460 Viri
2040 1448 2054 1472 ,
2107 1400 2313 1477 diligite
2367 1420 2559 1458 uxores
2612 1409 2808 1456 uestras
2850 1441 2864 1464 ,
2945 1396 3077 1452 sicut
3130 1403 3179 1450 et
3250 1390 3488 1449 Christus

1888 1494 2176 1553 Ecclesium
2247 1494 2484 1570 (Ephes.
2527 1510 2580 1562 v,
2620 1492 2693 1550 25
2720 1488 2764 1561 ).
2806 1488 3055 1560 Cumque
3100 1487 3155 1542 in
3207 1484 3315 1541 alio
3367 1478 3492 1541 loco

1888 1595 2168 1665 posuisset
2215 1592 2527 1660 exemplum
2580 1606 2592 1641 :
2652 1586 2873 1658 Pr0pter
2924 1583 3023 1638 hac
3052 1580 3305 1650 relinquet
3337 1577 3491 1633 homo

1885 1696 2085 1759 patrem
2113 1695 2160 1739 et
2182 1690 2425 1749 matrem,
2456 1691 2504 1737 et
2542 1676 2831 1735 adhwrebit
2874 1676 3027 1731 uxori
3079 1688 3205 1737 suat,
3264 1682 3311 1726 ct
3342 1678 3492 1725 erunt

1887 1780 1990 1835 duo
2031 1780 2084 1834 in
2135 1794 2290 1833 carne
2311 1794 2435 1838 una,
2487 1772 2713 1838 intulit,
2767 1770 3166 1827 Sacramentum
3224 1767 3319 1819 ho‘c
3380 1779 3493 1817 ma-

174 1852 472 1945 derlvavit,
505 1883 564 1930 ut
592 1872 808 1929 dicatur
847 1868 1214 1927 Dominicum.
1266 1866 1336 1922 Et
1368 1863 1601 1935 populus
1631 1862 1783 1917 illius

1895 1890 2044 1949 quum
2070 1882 2143 1927 est
2173 1889 2191 1928 :
2247 1887 2341 1946 ego
2371 1874 2543 1924 autem
2579 1864 2694 1920 dico
2727 1864 2778 1919 in
2819 1861 3029 1917 Christo
3068 1866 3117 1913 et
3159 1859 3213 1911 in
3256 1852 3492 1910 Ecclesia

175 1978 524 2046 nequaquam
583 1968 755 2026 veteri
800 1965 1028 2023 nomine
1080 1960 1390 2033 appelletur
1443 1958 1636 2027 I~rael,
1687 1955 1783 2011 sed

178 2080 348 2136 novo,
375 2063 428 2121 id
467 2072 572 2131 est,
605 2060 958 2119 chrisuauus.
992 2050 1217 2128 Eritque
1259 2052 1414 2122 quasi
1451 2064 1654 2108 corona
1687 2048 1784 2105 dc-

180 2158 335 2215 coris
364 2155 419 2210 in
458 2166 619 2209 manu
651 2150 892 2219 Domini,
942 2160 998 2205 et
1035 2148 1188 2218 quasi
1235 2144 1489 2202 diadema
1538 2142 1695 2213 regni
1730 2139 1785 2196 in

179 2262 349 2306 manu
374 2242 471 2304 Dei
495 2246 601 2315 sttl,
618 2242 838 2318 quando
861 2257 978 2299 eam
1003 2239 1353 2296 coronaverit
1376 2232 1534 2292 turba
1555 2234 1788 2289 creden-

181 2347 341 2405 tium,
369 2342 425 2399 et
454 2340 703 2397 diadema
727 2337 965 2408 imperii,
989 2332 1135 2407 quod
1158 2326 1423 2405 Martyres
1450 2342 1785 2400 gemmarum

183 2452 406 2492 suarum
440 2435 701 2490 varietate
730 2422 1104 2495 distinxerint,
1147 2427 1310 2483 fuerit
1333 2427 1385 2481 in
1415 2440 1574 2479 manu
1605 2423 1701 2479 Dei
1732 2431 1790 2477 ttt

186 2530 357 2586 lilium
398 2538 554 2585 situm
604 2538 793 2584 eorum
826 2532 1053 2581 coronet
1084 2519 1353 2578 victoriis.
1385 2516 1543 2575 Unde
1568 2526 1622 2573 et
1651 2530 1785 2586 apo-

186 2624 363 2680 stolus
391 2612 592 2679 Paulus
622 2618 949 2692 loquebatur
968 2616 1034 2675 ad
1064 2618 1296 2675 Sanctos
1317 2633 1329 2670 :
1350 2615 1612 2670 Gaudium
1635 2621 1683 2668 et
1703 2629 1793 2667 co-

187 2733 315 2772 rana
346 2733 481 2771 mea.

261 2804 449 2881 (γεῖς.
504 2794 587 2878 Α.)
616 2796 740 2861 Non
782 2804 1042 2859 vocaberis
1070 2802 1209 2858 ultra
1247 2799 1516 2867 derelicta,
1566 2808 1615 2853 et
1657 2809 1793 2854 terra

187 2911 274 2956 tua
329 2910 435 2955 non
490 2898 753 2953 secabitur
800 2897 1025 2970 amplius
1050 2895 1285 2949 desolata
1329 2911 1346 2948 :
1393 2893 1484 2947 sed
1532 2891 1794 2946 vocaberis

191 2993 427 3050 t'oluntas
466 3006 578 3048 mea
614 2986 668 3047 in
704 3010 786 3061 ea,
822 2999 869 3046 et
910 2996 1046 3045 terra
1088 3000 1174 3045 tua
1213 2989 1461 3055 habitata,
1503 2988 1625 3059 quia
1657 2998 1794 3040 com-

189 3089 387 3159 placuit
430 3078 658 3141 Domino
715 3086 767 3141 in
815 3090 862 3140 te
916 3098 934 3139 :
972 3094 1018 3138 et
1075 3091 1215 3137 terra
1264 3090 1353 3135 tua
1396 3077 1789 3132 itthnbitabitur.

190 3178 337 3237 LXX
381 3198 395 3235 :
442 3177 504 3234 Et
558 3192 881 3248 nequaquam
939 3177 1078 3229 ultra
1116 3171 1379 3228 vocaberis
1417 3165 1685 3236 derelicta,
1745 3179 1792 3223 et

1890 1964 2112 2040 (Ephes.
2144 1981 2198 2029 v,
2226 1958 2319 2030 Si,
2354 1958 2471 2033 32).
2498 1960 2555 2017 Si
2588 1975 2717 2030 ergo
2750 1965 2972 2027 propter
2989 1951 3315 2008 brevitatem
3348 1957 3491 2004 tem-

1889 2039 2035 2130 poris
2069 2099 2084 2124 ,
2126 2048 2271 2129 quod
2314 2056 2366 2109 itt
2410 2064 2564 2109 arcto
2602 2063 2687 2107 est
2712 2050 2849 2115 ,vsic
2906 2046 3109 2103 debent
3148 2041 3246 2099 viri
3286 2039 3491 2096 habere

1890 2169 2091 2209 uxores
2120 2167 2269 2221 suas,
2295 2148 2448 2220 quasi
2475 2163 2579 2202 non
2610 2144 2850 2201 habeant
2878 2161 2888 2195 :
2914 2147 3120 2213 quanto
3143 2135 3318 2206 magis
3348 2132 3494 2188 inter

1888 2264 2149 2319 sponsum
2190 2255 2243 2301 et
2292 2257 2550 2314 SponSam
2592 2240 2698 2296 erit
2747 2244 2931 2292 sancta
2979 2226 3343 2301 coniunctio?
3380 2226 3495 2283 Iste

1888 2352 1971 2396 est
1992 2354 2225 2412 Sponsus
2244 2338 2312 2391 de
2334 2350 2442 2408 quo
2460 2335 2513 2388 in
2538 2326 2985 2388 duodevicesimo
3007 2324 3218 2394 psalmo
3236 2320 3452 2376 canitur
3475 2334 3488 2371 :

1892 2428 1960 2490 Et
2000 2435 2111 2499 ipse
2142 2443 2405 2504 tamquam
2432 2443 2658 2500 sponsus
2697 2421 2983 2495 procedens
3009 2418 3072 2473 de
3113 2415 3344 2472 thalamo
3385 2425 3481 2466 suo

1892 2524 2013 2600 (Ps.
2046 2543 2195 2589 xvut,
2227 2503 2307 2596 67).
2327 2522 2397 2578 Et
2423 2520 2740 2591 istaSpunsa
2773 2528 2892 2587 quas
2906 2511 3154 2569 crebrius
3184 2508 3238 2562 in
3267 2503 3497 2562 Cantico

1891 2598 2151 2676 scribitur
2202 2614 2577 2679 Canticorum,
2635 2628 2755 2682 qua:
2810 2624 2916 2663 non
2959 2598 3126 2660 habet
3166 2614 3351 2672 rugam
3393 2610 3495 2653 nec

1896 2714 2166 2769 maculam
2197 2710 2376 2781 (Cant.
2405 2706 2503 2781 tv).
2533 2705 2708 2776 Quam
2756 2700 2958 2759 Paulus
2988 2694 3266 2754 desiderat
3294 2690 3496 2748 ot'I'crre

1893 2807 1987 2863 uni
2027 2807 2145 2862 viro
2173 2803 2442 2873 virginem
2476 2810 2703 2866 castam,
2739 2792 2902 2870 74],
2936 2800 2995 2848 ut
3022 2786 3091 2846 sit
3119 2796 3306 2844 sancta
3356 2799 3496 2841 cor-

1898 2915 2030 2971 pore
2058 2908 2110 2953 et
2131 2897 2320 2971 spiritu
2346 2894 2389 2967 (Ι
2414 2894 2537 2952 Cor.
2563 2890 2647 2965 ιι).
2685 2890 2756 2946 De
2784 2904 2887 2961 qua
2916 2897 2969 2944 et
2994 2882 3094 2942 sub
3119 2881 3339 2938 nomine
3368 2876 3497 2934 cita-

1896 2970 2117 3055 rissimi,
2136 2970 2585 3061 quadragesimus
2607 2994 2835 3056 quartus
2866 2978 3108 3050 psalmus
3130 2973 3272 3032 eattit
3295 2970 3498 3027 :Astitit

1897 3084 2075 3155 regina
2103 3100 2133 3134 a
2172 3081 2363 3137 dextris
2403 3080 2504 3133 tuis
2550 3079 2603 3132 in
2635 3076 2818 3131 uestitu
2858 3072 3133 3134 deaurato,
3173 3065 3497 3124 circumdata

1898 3178 2148 3231 varietate
2179 3172 2356 3243 (Vera.
2395 3172 2508 3237 10).
2553 3169 2706 3227 Sicut
2746 3169 2911 3239 igitur
2938 3178 3177 3238 sponsus
3210 3160 3409 3234 gaudet
3440 3159 3496 3214 in

162 3276 329 3329 ‘tcrra
357 3282 452 3328 tua
480 3286 581 3327 non
601 3269 863 3326 vocabitur
885 3266 1060 3323 adhuc
1103 3264 1327 3321 deserta.
1366 3260 1643 3319 Vocaberis
1660 3262 1795 3315 enim
1822 3247 1865 3309 C
1901 3285 2118 3342 sponsa,
2144 3267 2472 3337 iuvenisque
2500 3281 2620 3320 cum
2654 3261 2885 3333 virgine,
2916 3260 2967 3314 in
2998 3258 3201 3330 quibus
3231 3250 3502 3323 esemplis

190 3364 431 3420 voluntas
449 3376 580 3428 mea,
598 3372 646 3418 et
667 3371 802 3417 terra
825 3366 914 3414 tua
937 3356 1185 3413 habitata.
1204 3355 1314 3411 Pro
1334 3353 1463 3411 Sion
1494 3360 1549 3407 ct
1571 3352 1795 3408 Jerusa-

186 3459 297 3515 lem
340 3455 625 3513 vocaberis
666 3454 950 3519 Ecclesia,
994 3462 1049 3509 et
1091 3449 1435 3507 Dutninicum
1473 3465 1486 3499 :
1531 3464 1628 3517 pro
1702 3445 1796 3501 Ju-

185 3553 323 3609 tltris
353 3550 774 3622 appellabuntur
797 3534 1115 3604 Christiani.
1154 3540 1263 3599 Nec
1293 3541 1395 3597 hoc
1422 3542 1530 3595 eris
1556 3534 1796 3594 vocabu-

186 3648 367 3703 lorum
398 3646 505 3699 line
526 3650 819 3707 contenta;
849 3640 944 3697 sed
960 3655 1079 3707 qua:
1109 3639 1262 3708 prius
1288 3634 1572 3691 vocabaris
1594 3632 1791 3698 relicta,

186 3734 334 3810 quod
368 3734 635 3793 llebraicc
662 3733 864 3790 dicitur
886 3744 1053 3789 AZUBA
1076 3726 1306 3804 (anni),
1332 3726 1617 3782 vocaberis
1666 3734 1793 3780 Bri:-

185 3846 331 3889 εινιιλ
372 3825 695 3904 (nn-932m,
737 3826 882 3899 quod
911 3826 1303 3893 interpretatur
1330 3821 1569 3876 voluntas
1597 3832 1708 3871 mea
1739 3816 1795 3871 in

186 3942 268 3991 ea;
298 3932 357 3979 et
380 3930 524 3979 terra
552 3934 639 3977 tua
672 3930 793 3991 quae
824 3919 977 3992 prius
1000 3917 1298 3972 vocabatur
1318 3908 1791 3983 seniculum).

187 4017 431 4071 desolata
485 4016 602 4069 sive
633 4013 857 4079 deserta,
896 4019 1086 4081 postea
1132 4005 1420 4062 vocabitur
1453 4002 1621 4077 740
1654 4018 1793 4057 sum

189 4092 437 4179 (alam),
480 4103 624 4177 quod
672 4104 870 4176 Aquila
917 4103 1310 4171 interpretatus
1361 4107 1443 4153 est
1492 4098 1791 4169 ἐσχημένη;

182 4198 558 4275 Symmachus
587 4207 635 4255 et
669 4193 981 4254 Tlteodotio
1014 4193 1402 4265 συνωκισμένη;
1435 4188 1795 4257 Septuaginta

184 4296 483 4367 οἰκουμένη,
516 4304 637 4364 quae
688 4290 897 4355 omnia,
948 4286 1253 4351 habitatum,
1299 4295 1679 4356 possessamque
1723 4277 1798 4333 sl-

182 4386 473 4459 gniticant.
514 4384 629 4442 Hoc
672 4392 755 4440 est
801 4391 984 4437 autem
1040 4377 1322 4435 Ilebraicze
1359 4370 1793 4438 consuetudinis,

182 4488 242 4535 ut
267 4494 333 4534 ex
363 4488 563 4535 eventu
587 4477 751 4533 rebus
776 4464 1041 4530 vocabula
1064 4482 1283 4540 semper
1310 4464 1623 4535 imponant:
1656 4461 1797 4519 sicut

1896 3371 2083 3419 sancta
2112 3361 2431 3430 coniunctio
2459 3369 2543 3414 e‘l
2575 3376 2585 3411 :
2616 3355 2697 3412 sic
2722 3354 2987 3409 Dominus
3019 3346 3294 3405 laetabitur
3323 3348 3377 3401 in
3402 3360 3491 3413 ea,

1895 3455 2048 3526 cujus
2073 3453 2290 3508 nomina
2332 3450 2535 3506 fuerint
2562 3451 2867 3503 immutata.

1966 3540 2157 3619 (Vers.
2186 3540 2240 3611 6,
2272 3542 2362 3615 7.)
2402 3542 2577 3615 Super
2623 3556 2797 3595 muros
2844 3549 2982 3603 tuos,
3010 3532 3327 3599 Jerusalem,
3364 3542 3492 3585 con-

1894 3637 2037 3693 stitui
2064 3636 2301 3692 custodes
2331 3652 2348 3689 :
2374 3643 2482 3689 tota
2506 3634 2591 3689 die
2622 3643 2667 3686 et
2701 3638 2805 3685 tota
2832 3639 2981 3683 nocte
3006 3638 3252 3700 perpetuo
3274 3640 3376 3679 non
3410 3634 3495 3676 ta-

1895 3732 2075 3785 cebunt
2117 3746 2135 3784 :
2170 3729 2258 3794 aui
2288 3720 2683 3781 reminiscimini
2715 3716 2950 3800 Domini,
2989 3738 3053 3775 ne
3083 3717 3327 3777 taceatis,
3356 3726 3402 3769 et
3433 3729 3497 3768 ne

1896 3822 2025 3875 detis
2056 3819 2318 3875 silentium
2343 3818 2411 3883 ei,
2440 3817 2603 3870 donec
2635 3814 2861 3869 stabiliat
2894 3822 2941 3867 et
2972 3811 3133 3864 donec
3152 3813 3310 3881 ponat
3332 3803 3497 3859 Jeru-

1896 3912 2054 3966 salem
2081 3906 2290 3965 laudem
2317 3909 2371 3963 in
2400 3920 2556 3963 terra.
2602 3900 2747 3961 LXX
2795 3921 2809 3958 :
2850 3898 2913 3957 Et
2954 3918 3107 3974 super
3151 3912 3325 3953 muros
3355 3908 3494 3967 tuos,

1894 4002 2208 4067 Jerusalem,
2236 4001 2476 4057 constitui
2507 3996 2777 4062 custodes,
2803 4006 2909 4051 tota
2928 3995 3012 4049 die
3029 4000 3077 4048 et
3100 4000 3208 4045 tota
3235 3999 3382 4043 nocte
3406 3989 3497 4060 qui

1897 4111 2178 4166 numquam
2208 4098 2464 4158 tacebunt,
2497 4092 2823 4147 recordantes
2842 4085 3055 4140 Domini
3087 4100 3105 4138 :
3132 4100 3232 4137 non
3259 4091 3330 4137 est
3361 4081 3497 4135 enim

1896 4189 2048 4243 vestri
2076 4187 2261 4241 similis
2281 4185 2326 4240 si
2354 4182 2657 4246 correxerit,
2681 4191 2730 4237 et
2751 4180 2910 4251 faciet
2934 4175 3225 4233 Jerusalem
3247 4173 3495 4247 gaudium

1896 4297 2053 4352 super
2097 4286 2307 4335 terram.
2357 4270 2633 4345 PrOpIteta
2674 4273 2890 4328 dixerat
2921 4287 2940 4325 :
2975 4264 3197 4342 Propter
3226 4262 3357 4324 Sion
3394 4279 3500 4320 non

1899 4374 2092 4437 tacebo,
2121 4380 2166 4426 et
2196 4374 2406 4442 propter
2435 4366 2727 4423 Jerusalem
2760 4378 2863 4419 non
2889 4364 3174 4435 quiescam,
3214 4368 3269 4415 et
3300 4366 3500 4413 caetera

1900 4473 2071 4534 usque
2100 4461 2167 4518 ad
2194 4472 2318 4518 eum
2351 4461 2550 4529 locum,
2580 4460 2672 4516 ubi
2718 4470 2865 4514 nunc
2900 4454 3202 4526 capitulum
3237 4451 3498 4507 termina-

182 4574 406 4641 Abram,
432 4572 523 4644 qui
568 4568 719 4641 prius
748 4566 1061 4632 dicebatur,
1096 4573 1242 4635 pater
1277 4561 1508 4618 excelsus
1540 4578 1551 4611 :
1580 4556 1796 4627 quando
1827 4628 1870 4644 Ἀ
1900 4568 2015 4614 tum
2065 4563 2150 4612 est
2179 4573 2191 4611 :
2228 4552 2486 4610 Gaudebit
2532 4566 2757 4623 sponsus
2797 4564 2953 4620 super
2984 4562 3176 4616 sponsa
3209 4561 3227 4599 :
3254 4541 3500 4617 gaudebit

183 4664 400 4723 audivit
440 4628 923 4734 repromissionem
962 4678 976 4715 :
1024 4628 1105 4713 Et.
1134 4658 1189 4711 in
1233 4656 1427 4710 semine
1467 4662 1554 4707 tuo
1587 4649 1795 4706 benedi—
1826 4628 1875 4691 ι)
1900 4665 2056 4721 super
2083 4658 2130 4705 te
2160 4646 2303 4704 Deus
2324 4658 2461 4702 tuus.
2485 4642 2665 4717 Seque
2694 4640 3024 4717 promiserat
3062 4639 3254 4696 diebus
3280 4651 3343 4692 ac
3366 4649 3498 4691 noc-

183 4768 369 4813 centar
391 4769 568 4811 omnes
592 4762 767 4829 gentes
790 4748 1003 4826 (Cenes.
1019 4765 1114 4815 xu,
1135 4746 1192 4820 5)
1215 4744 1524 4818 appellatus
1550 4752 1633 4801 est
1647 4752 1794 4814 pater

184 4846 473 4904 multarum
497 4845 746 4921 gentium,
781 4844 835 4900 id
867 4851 973 4909 est,
1003 4838 1283 4895 Abraham.
1319 4839 1389 4895 Et
1412 4837 1642 4892 Domino
1672 4832 1794 4890 Sal-

176 4940 362 4997 vatori
393 4942 560 5010 supra
593 4952 789 4994 nomen
820 4934 1121 5008 imponitur
1158 4946 1172 4988 :
1205 4930 1319 4987 Cito
1352 4929 1523 5002 spolia
1558 4928 1789 4995 detrahe,

186 5032 430 5088 υειυιῦιθν
473 5029 713 5104 ρητάαη
740 5027 896 5105 (Isai.
934 5040 1054 5094 vni,
1093 5023 1166 5097 I).
1202 5021 1324 5078 Filii
1368 5036 1588 5092 quoque
1617 5021 1796 5077 Zebe-

186 5121 317 5189 diei,
351 5136 588 5192 quorum
628 5136 771 5178 unus
797 5134 990 5176 vocem
1029 5115 1262 5173 tonitrui
1296 5114 1552 5170 emittere
1582 5120 1798 5184 poterat

178 5214 386 5288 (Marc.
419 5215 519 5288 tu)
558 5233 572 5271 :
620 5212 686 5269 In
727 5212 987 5287 principio
1018 5218 1129 5268 erat
1187 5206 1432 5273 Verbum,
1472 5212 1520 5259 et
1563 5202 1790 5258 Verbum

189 5322 299 5365 erat
329 5308 473 5383 apud
500 5306 700 5373 Deum,
758 5314 807 5361 et
837 5300 979 5359 Deus
1007 5311 1119 5358 erat
1152 5299 1374 5356 Verbum
1410 5296 1589 5368 (Joan.
1626 5311 1672 5363 ι,
1708 5294 1788 5367 1),

188 5398 453 5474 appellati
484 5413 607 5457 sunt
642 5412 929 5456 assensu
982 5396 1116 5469 (bri
1148 5393 1290 5464 νει),
1332 5390 1475 5462 quod
1519 5390 1792 5457 interpre-

190 5498 379 5561 tatur,
438 5490 536 5561 θειῆ
589 5491 825 5549 tonitrui.
867 5487 1024 5559 Quod
1080 5497 1261 5540 autent
1312 5483 1555 5552 sequitur
1600 5495 1613 5534 :
1656 5479 1793 5546 Quin

193 5586 512 5653 complacuit
534 5582 758 5641 Domino
782 5583 837 5638 in
869 5593 936 5649 te,
969 5589 1013 5636 et
1041 5588 1178 5637 terra
1222 5588 1310 5633 tua
1336 5574 1727 5641 inhabitabitur,
1761 5590 1793 5629 a

186 5670 548 5751 Septuaginta
575 5677 1006 5750 praetermissum
1048 5680 1166 5741 est,
1210 5680 1515 5741 causasque
1562 5667 1797 5725 reddidit

194 5790 363 5845 quare
385 5775 691 5846 appellatur
720 5787 873 5829 EPESI
939 5768 1124 5844 (tamn)
1152 5811 1167 5836 ,
1197 5776 1254 5824 et
1289 5780 1458 5838 quare
1488 5764 1798 5836 appellatur

195 5884 328 5957 tuas
369 5853 608 5945 (cibum),
672 5867 929 5955 quoniam
972 5862 1369 5955 complacuerit
1397 5861 1501 5948 sibi
1531 5859 1797 5937 Dominus

1900 4745 2041 4801 tibus
2070 4753 2390 4814 rogaturum
2415 4784 2428 4807 .
2456 4751 2516 4797 ut
2544 4736 2801 4797 SalVator
2830 4746 2883 4794 et
2912 4736 3103 4793 Justus
3135 4734 3224 4805 qtti
3257 4726 3496 4804 promis-

1899 4852 1992 4895 sus
2024 4837 2220 4903 fuerat,
2257 4834 2566 4898 adveniret,
2602 4838 2657 4888 et
2688 4833 2865 4888 instar
2910 4827 3183 4897 lampadis
3221 4834 3394 4881 tomm
3434 4820 3502 4878 il-

1898 4932 2163 4988 lustraret
2185 4929 2399 4984 0rbetn.
2425 4924 2559 4983 Post
2582 4940 2704 4998 quae
2733 4920 3103 4979 introducitur
3134 4932 3371 4992 persona
3401 4914 3501 4972 Dei

1898 5024 2173 5095 loquentis
2189 5022 2257 5078 ad
2279 5021 2610 5088 Jerusalem,
2642 5017 2692 5075 id
2724 5029 2826 5085 est,
2862 5014 3164 5073 Ecclesiatn
3195 5012 3499 5086 primitivu-

1902 5132 2044 5187 rum,
2069 5126 2126 5175 et
2149 5132 2268 5173 eam
2298 5124 2420 5185 qua:
2444 5117 2498 5171 in
2527 5112 2806 5187 Apostolis
2828 5128 2891 5168 ac
2916 5126 3012 5183 per
3035 5107 3328 5182 Apostolus
3359 5106 3496 5162 tedi-

1899 5212 2057 5269 iicata
2083 5222 2166 5267 est
2200 5226 2215 5267 :
2247 5211 2419 5284 Super
2446 5224 2624 5265 muros
2658 5218 2774 5263 tuos
2804 5205 3046 5262 constitui
3072 5204 3327 5263 custodes,
3361 5212 3501 5269 quos

1894 5305 1979 5360 vel
2008 5304 2270 5373 Angelos,
2302 5302 2385 5358 vel
2417 5300 2737 5373 Apostolus,
2767 5306 2822 5355 et
2853 5312 3046 5354 omnes
3070 5294 3348 5366 principes
3378 5291 3499 5358 ejus

1894 5402 2057 5466 atque
2093 5396 2349 5450 doctores
2377 5394 2629 5465 accipere
2668 5402 2980 5463 possumus.
3029 5384 3132 5454 Qui
3182 5378 3498 5437 custodiunt

1899 5496 2084 5543 muros
2110 5484 2396 5549 Ecclesiae,
2422 5501 2494 5562 n_e
2517 5484 2860 5539 adversarius
2890 5484 3078 5535 noster
3101 5474 3374 5538 diabolus,
3402 5472 3497 5543 qui

1897 5579 2050 5650 quasi
2074 5579 2158 5633 ten
2189 5582 2409 5649 rugiens
2439 5577 2653 5645 circuit,
2687 5576 2744 5630 et
2785 5571 2983 5645 quaerit
3016 5564 3291 5641 quomodo
3325 5564 3500 5637 possit

1892 5673 2103 5728 Intrare
2131 5671 2186 5746 (ι
2222 5671 2366 5727 Petr.
2402 5680 2435 5728 v
2458 5670 2501 5745 ),
2532 5668 2880 5726 occasionem
2924 5664 3157 5735 accipiat
3183 5654 3249 5717 ad
3278 5672 3498 5735 gregem

1900 5765 2115 5821 Domini
2154 5765 2573 5822 devastandum.
2605 5764 2706 5835 Qui
2737 5761 2992 5820 custodes
3029 5772 3132 5817 nec
3172 5757 3367 5815 diebus
3399 5756 3498 5812 de-

1901 5857 2032 5949 bent
2063 5866 2162 5917 nec
2194 5856 2447 5938 noctibus
2481 5866 2689 5933 tacere,
2719 5868 2821 5933 nec
2858 5855 2912 5916 lu
2954 5853 3115 5933 laetis,
3149 5864 3251 5912 nec
3281 5853 3334 5908 in
3367 5849 3493 5919 tris-
3587 5897 3601 5909 .
