3972 6326
531 279 640 337 607

1781 278 1840 334 S.
1883 277 2156 338 EUSEBII
2194 277 2583 337 lllERONYMl
3685 288 3760 349 608

529 395 718 463 tibus;
765 393 858 452 sed
902 383 1118 464 semper
1158 392 1372 448 Domini
1423 392 1773 450 clementiam
1820 395 2125 468 deprecari,
2157 402 2210 464 Α
2233 414 2334 469 quo
2360 399 2630 466 laboraui,
2662 399 2909 456 ostendit
2936 399 3180 457 laborem
3218 411 3375 458 antea
3407 401 3704 474 Jttdteorttin,
3726 418 3764 464 et

533 502 592 546 ut
640 506 768 561 grex
828 489 973 544 illius
1021 499 1076 544 et
1119 488 1260 545 muri
1308 487 1612 545 Jerusalem
1662 489 2045 546 cusmdiaiitur
2077 500 2135 546 et

531 583 809 638 vallentur
837 581 955 650 ejus
981 583 1208 636 auxilio.
1245 581 1400 640 Unde
1428 593 1483 638 et
1517 583 1583 638 ad
1621 586 1844 641 eosdem
1875 585 2134 642 custodes

530 682 695 741 atque
723 674 985 730 doctores
1017 692 1201 731 sermo
1231 676 1488 749 dirigitur
1513 696 1526 731 :
1550 678 1595 733 0
1624 694 1720 733 vos
1747 681 1837 750 qui
1879 681 2136 735 recorda-

535 765 668 821 mini
694 765 934 832 Domini,
967 767 1196 838 ejusque
1229 770 1578 825 clctneutiam
1618 770 1707 826 die
1734 787 1798 826 ac
1826 783 1988 827 nocte
2015 789 2136 842 pre-

532 860 688 915 cibus
719 860 975 932 l'atigati‘,
1008 872 1202 918 Cavete
1233 879 1299 920 ue
1334 880 1589 936 umquam
1630 865 1686 920 itt
1717 880 1814 921 ore
1845 876 2026 921 vestro
2057 867 2132 922 si-

532 953 642 1009 leat
677 954 878 1010 oratio.
925 955 1008 1009 Ne
1045 957 1178 1011 detis
1220 957 1481 1013 silentium
1531 961 1600 1024 ei,
1651 961 1996 1031 subauditur,
2034 963 2137 1016 Do-

534 1049 714 1115 mino;
757 1048 852 1103 sed
901 1066 1117 1123 semper
1149 1053 1363 1107 molesti
1395 1055 1547 1120 sitis,
1570 1065 1901 1123 Opportune,
1933 1056 2138 1126 impor-

535 1151 690 1212 tune,
721 1154 774 1198 et
807 1143 1093 1200 imitemini
1128 1146 1613 1213 interpellatricem
1658 1149 1778 1203 duri
1806 1149 2029 1220 judicis.
2078 1150 2136 1208 Si

527 1236 678 1292 enim
733 1237 827 1293 ille
871 1238 1071 1292 mentis
1121 1241 1378 1294 ferociam
1619 1242 1837 1296 assidua
1871 1251 1897 1278 ⁸
1939 1243 2138 1312 impre-

534 1329 750 1385 catione
779 1329 1056 1401 dep:»suit,
1092 1343 1294 1401 quanio
1323 1332 1496 1400 magis
1528 1331 1688 1389 Pater
1713 1333 1956 1389 em’estis
1996 1333 2138 1388 bona

540 1422 690 1480 dabit
731 1425 1041 1494 petentibus
1080 1443 1139 1481 se
1162 1429 1184 1481 ?
1211 1425 1438 1482 Tamdiu
1469 1438 1649 1484 autem
1683 1445 1875 1497 rogare
1903 1430 2136 1495 debetis,

542 1515 719 1572 donec
759 1515 1087 1583 Jet‘uSaIeut,
1135 1537 1256 1588 qua.-
1305 1519 1358 1574 iit
1414 1519 1620 1576 Jtidaeis
1671 1523 1926 1584 concidit.
1981 1533 2036 1578 et
2084 1524 2138 1579 iit

542 1611 851 1679 exemplum
884 1621 968 1666 est
992 1625 1154 1683 alque
1179 1614 1549 1683 maledictum,
1583 1613 1637 1669 in
1669 1618 1836 1669 tullus
1859 1615 2007 1670 orliis
2033 1625 2143 1672 ter-

543 1719 730 1761 rarum
761 1705 922 1761 laude
951 1715 1227 1762 νει-861111⁸.
1252 1707 1530 1778 Mirot'que
1555 1709 1683 1779 quid
1710 1710 1977 1765 i'oltietint
2007 1711 2142 1782 Sep-

2239 491 2418 546 omnia
2452 506 2616 561 opera
2656 506 2847 547 eorum
2893 508 2920 546 a
2969 492 3315 550 daitnOnibus
3357 493 3523 551 fuisse
3549 511 3762 564 pascua.

2237 583 2454 654 quando
2484 586 2626 642 inter
2665 587 2829 642 Deum
2863 596 2921 644 et
2946 588 3087 643 idola
3119 588 3482 653 ﬂuctuabant.
3506 593 3694 662 quando
3714 595 3768 650 eis

2237 675 2450 731 dicebat
2481 676 2626 732 Elius
2661 695 2675 732 :
2711 676 2984 748 Usquequo
3010 681 3319 735 claudicatis
3345 691 3556 753 utroque
3587 685 3768 756 pedeisi

2241 767 2494 823 Dominus
2539 779 2612 823 est
2671 769 2832 840 Deus,
2870 773 3146 842 sequimini
3196 773 3382 839 illuml
3405 774 3474 832 lll
3503 775 3622 849 Reg.
3649 792 3770 843 “Ill.

2239 861 2370 931 21).
2406 861 2475 916 Et
2499 862 2646 930 juxta
2679 865 2916 936 typicam
2971 863 3274 933 historiam,
3323 884 3444 938 qua:
3479 869 3529 924 iu
3575 869 3774 926 Judicntn

2242 953 2382 1008 libro
2406 966 2674 1021 narratur,
2700 956 2995 1013 Veniebant
3021 957 3347 1028 Madiauita',
3364 971 3418 1015 et
3443 975 3605 1030 IlSqtle
3625 964 3681 1017 ad
3705 961 3777 1018 Ga-

2241 1063 2358 1101 zam
2391 1049 2598 1102 fructus
2628 1048 2748 1117 ejus
2776 1048 3154 1121 devasmbaut,
3187 1053 3259 1107 ita
3284 1061 3344 1106 ut
3369 1052 3524 1108 cibus
3553 1055 3776 1110 hominum

2243 1138 2296 1193 in
2322 1153 2476 1194 escas
2499 1138 2781 1195 hrutoruin
2811 1145 3168 1198 animantium
3191 1155 3491 1200 verteretur
3509 1145 3686 1218 (Judtc.
3708 1147 3778 1213 rt).

2245 1228 2358 1285 lloc
2405 1240 2489 1285 est
2538 1240 2718 1286 autem
2757 1233 3018 1300 triticum,
3073 1244 3130 1290 et
3175 1234 3280 1290 hoc
3319 1237 3522 1300 viuum,
3552 1239 3676 1307 quod
3703 1254 3781 1292 non

2243 1325 2532 1380 eoiuedent
2567 1327 2670 1381 nisi
2712 1327 2994 1382 laudantes
3039 1327 3327 1384 Dominum
3355 1373 3370 1396 ,
3404 1339 3459 1386 et
3485 1346 3583 1387 nou
3619 1331 3782 1403 DlDt‘lll,

2248 1417 2349 1470 nisi
2401 1417 2452 1471 iu
2512 1419 2668 1474 atriis
2696 1421 2901 1476 Sanctis
2920 1423 3062 1491 ejus,
3092 1421 3160 1474 de
3188 1437 3296 1492 quo
3327 1421 3586 1478 Daminus
3617 1425 3663 1477 iii
3692 1440 3788 1493 pas-

2245 1514 2400 1566 sione
2429 1511 2645 1566 dicebat
2686 1530 2698 1565 :
2733 1514 2895 1568 Amen
2923 1531 3071 1568 amen
3100 1514 3217 1568 dico
3255 1515 3416 1582 vobis,
3451 1533 3549 1571 non
3577 1517 3722 1571 bibam
3743 1518 3789 1570 de

2245 1605 2501 1680 g'enimine
2521 1608 2638 1661 vitis
2659 1605 2842 1682 hujus,
2867 1610 3028 1663 donec
3052 1608 3188 1663 illud
3210 1609 3380 1664 bibam
3404 1627 3586 1665 novum
3603 1612 3649 1664 ia
3667 1625 3788 1680 regno

2250 1698 2428 1756 Patris
2459 1699 2784 1772 mei(Marc.
2823 1717 2932 1772 xiv,
2966 1703 3097 1772 '25).
3128 1704 3263 1774 Quae
3285 1721 3356 1760 ex
3383 1715 3534 1777 parte
3559 1706 3792 1774 cntuplen-

546 1799 785 1866 tuagiuta
808 1838 824 1865 ,
861 1816 956 1867 pro
987 1815 1053 1854 eo
1083 1801 1225 1870 quod
1270 1801 1502 1857 habetur
1531 1802 1584 1858 in
1627 1802 1876 1867 llebrteo,
1918 1820 1982 1858 ne
2016 1803 2142 1857 detis

2257 1801 2336 1848 iur
2389 1794 2440 1848 iu
2495 1793 2770 1860 Ecclesia,
2809 1794 3030 1864 quando
3072 1795 3205 1851 dicit
3249 1795 3513 1852 Dominus
3560 1797 3793 1869 dist'ipulis

543 1888 805 1943 silentium
835 1890 904 1956 ei,
933 1891 1096 1946 donec
1115 1893 1345 1946 stabiliat
1372 1905 1418 1946 et
1440 1905 1597 1962 ponat
1624 1891 1913 1948 Jerusalem
1940 1897 2148 1950 laudent

546 1980 601 2032 in
630 1989 790 2046 terra,
824 1981 1030 2049 dicere,
1065 1981 1223 2052 t-ujus
1255 1997 1451 2036 senSIis
1504 1984 1554 2038 in
1608 1987 1984 2055 superioribus
2039 2003 2147 2041 non

549 2074 828 2127 Cohaeret:
859 2072 978 2127 Non
1025 2083 1095 2128 est
1137 2076 1271 2128 enim
1305 2076 1446 2130 vobis
1475 2077 1684 2140 similis,
1724 2079 1768 2132 si
1819 2081 2076 2151 corrigat,
2103 2089 2150 2133 et

549 2167 710 2236 faciat
732 2166 1025 2222 Jerusalem
1045 2167 1297 2240 gaudium
1317 2186 1475 2239 super
1501 2181 1710 2226 (errant.
1737 2170 1852 2227 Nisi
1878 2172 2021 2228 forte
2047 2176 2150 2228 hoc

543 2261 738 2315 aitillci
795 2261 1018 2331 eloquio
1063 2273 1413 2332 coaptemus,
1445 2276 1499 2320 itt
1533 2265 1750 2321 dicatur
1788 2267 1855 2320 ad
1894 2267 2152 2323 custodes

549 2349 834 2420 Ecclesiae,
871 2354 1081 2409 uullttm
1121 2369 1310 2410 eorum
1348 2356 1586 2411 similem
1620 2359 1736 2413 lore
1766 2360 1855 2428 qui
1887 2359 2150 2426 prtedica-

549 2443 697 2499 tione
741 2461 837 2500 sua
886 2447 1138 2517 fecerint,
1172 2459 1228 2504 ut
1259 2451 1592 2521 corrigatur,
1622 2461 1678 2528 et
1714 2453 1808 2508 liat
1849 2451 2149 2510 Jerusalem

551 2538 804 2608 gaudium
837 2543 1022 2595 omnis
1048 2551 1228 2596 terrm.

627 2629 820 2702 (Vers.
858 2633 914 2695 8,
955 2634 1045 2701 9.)
1075 2632 1283 2688 Juravit
1317 2633 1571 2689 Dominus
1625 2637 1680 2690 in
1725 2637 1934 2691 dextera
1965 2653 2062 2690 sua
2106 2650 2152 2692 et

552 2723 762 2775 brachio
793 2724 1119 2792 fortitudinis
1139 2741 1264 2780 stite.
1297 2725 1359 2781 Si
1380 2728 1567 2782 dedero
1594 2729 1821 2782 triticum
1846 2742 1987 2784 tuum
2015 2733 2153 2786 ultra

553 2815 722 2870 cibum
771 2817 992 2872 inimicis
1032 2820 1135 2872 tuis
1178 2835 1196 2873 :
1232 2830 1277 2873 et
1305 2821 1350 2874 si
1380 2820 1595 2876 biberint
1637 2823 1739 2892 [illi
1784 2825 1942 2878 alieni
1977 2828 2152 2880 vinum

555 2918 723 2974 tuum,
763 2910 816 2963 in
861 2927 962 2980 quo
1013 2913 1262 2967 laborasti
1293 2930 1311 2968 :
1347 2915 1470 2986 quia
1503 2916 1590 2982 qui
1641 2931 1952 2988 congregant
1995 2919 2149 2984 illud,

555 3005 845 3073 comedent,
877 3014 926 3060 et
955 3006 1244 3062 laudabunt
1276 3008 1557 3064 Dominum
1591 3029 1610 3065 :
1638 3023 1686 3065 et
1715 3015 1804 3082 qui
1831 3024 2154 3082 comportant

553 3096 714 3163 illud,
749 3097 917 3153 bibent
950 3100 1000 3152 in
1027 3102 1172 3154 atriis
1197 3106 1385 3157 sanctis
1419 3105 1562 3158 nteis.
1600 3103 1740 3158 LXX
1768 3122 1780 3157 ι
1808 3103 2016 3160 Iuravit
2051 3105 2157 3160 Do-

2250 1886 2630 1950 SttiszBibite,
2683 1887 2847 1943 amici
2905 1889 3042 1954 uici,
3096 1898 3153 1944 et
3202 1889 3569 1954 iuehriamiui,
3619 1893 3789 1953 IratreS,

2250 1979 2393 2049 quod
2431 1979 2617 2034 vinum
2658 1980 2898 2036 la'tilicat
2935 1995 3032 2037 cor
3074 1980 3314 2037 hominis
3341 1980 3478 2052 (Ps.
3507 1980 3646 2053 cui).
3678 1983 3732 2036 Et
3753 1981 3794 2035 in

2253 2071 2409 2142 plena
2440 2072 2561 2128 loce
2589 2084 2754 2141 atque
2785 2073 3015 2128 meridie
3041 2073 3242 2128 Libitur
3279 2092 3306 2128 a
3340 2073 3547 2144 Just-ph
3577 2091 3686 2128 cum
3714 2074 3798 2128 lia-

2253 2165 2424 2219 tribus
2448 2166 2560 2220 suis
2583 2164 2747 2238 (Gen.
2767 2183 2816 2221 iv
2839 2167 2880 2229 ).
2904 2168 2966 2223 lit
2987 2167 3349 2232 enuiplebitur
3378 2168 3604 2238 plenius.
3621 2167 3798 2236 quando

2253 2256 2611 2332 inebriabitur
2643 2270 2786 2315 terra
2815 2259 3282 2316 benedictionibus
3311 2260 3549 2315 Domini.
3579 2259 3798 2314 Triticum

2253 2369 2470 2424 quoque
2501 2353 2568 2409 de
2591 2369 2700 2424 quo
2735 2355 2888 2422 panis
2915 2353 3159 2410 cmleslis
3188 2354 3454 2420 efﬁcitur,
3485 2353 3606 2408 illud
3633 2362 3722 2412 est.
3747 2352 3802 2408 de

2253 2465 2363 2520 quo
2394 2449 2632 2518 loquitur
2663 2447 2926 2503 Domitius
2949 2467 2963 2502 :
2993 2446 3127 2503 Caro
3153 2465 3262 2502 mea
3284 2463 3407 2502 itere
3427 2457 3501 2502 est
3523 2447 3660 2502 cibus.
3686 2445 3804 2499 Rur-

2255 2556 2485 2612 sumque
2528 2541 2598 2596 de
2644 2542 2815 2597 vino:
2853 2539 2919 2596 Et
2968 2543 3180 2613 sanguis
3218 2557 3361 2596 meus
3418 2558 3529 2597 vere
3579 2550 3639 2596 est
3676 2548 3803 2611 potus

2257 2633 2445 2706 (Joan.
2480 2634 2588 2706 η’).

2329 2730 2347 2799 (
2374 2727 2530 2783 Vers.
2565 2727 2792 2800 10-12.)
2823 2727 3063 2782 Transite
3083 2770 3098 2794 ,
3123 2727 3344 2783 transite
3376 2745 3467 2798 per
3495 2737 3677 2800 portas,
3695 2738 3804 2794 pra-

2257 2831 2437 2890 parale
2465 2821 2598 2874 viam
2629 2821 2843 2889 populo,
2875 2821 3092 2890 planum
3137 2820 3296 2890 facite
3327 2821 3449 2888 iter,
3482 2833 3527 2875 et
3562 2821 3713 2890 eligite
3745 2815 3807 2870 lti-

2257 2917 2425 2988 pides,
2457 2915 2646 2971 elevate
2674 2917 2879 2988 signum
2916 2917 2984 2969 at!
3025 2916 3268 2987 populos.
3308 2914 3446 2971 Ecce
3476 2912 3710 2970 Dominus
3736 2928 3808 2966 ait-

2259 3009 2424 3063 ditum
2467 3011 2584 3080 fecit
2613 3011 2666 3064 in
2697 3011 2934 3065 extremis
2971 3019 3118 3064 terrte
3153 3026 3171 3065 :
3198 3011 3360 3064 dicite
3389 3011 3517 3081 ﬁlia
3542 3008 3682 3073 Sion,
3709 3003 3810 3059 Ecce

2263 3099 2508 3156 Salvator
2548 3111 2666 3156 tuus
2702 3101 2835 3156 venit
2867 3117 2885 3155 :
2912 3117 3026 3155 ecce
3056 3117 3246 3156 merces
3275 3103 3393 3166 eius
3421 3115 3628 3167 rumeo,
3655 3107 3694 3153 et
3712 3110 3812 3166 opus

559 3190 728 3244 minus
755 3206 843 3260 per
870 3193 1131 3245 dexteram
1165 3210 1335 3258 suam,
1364 3203 1412 3248 et
1453 3212 1544 3264 per
1567 3195 1926 3265 fortitudinem
1956 3197 2153 3252 brachii
2182 3181 2228 3244 C
2259 3196 2372 3266 ejus
2413 3209 2586 3247 coram
2614 3193 2730 3248 illo.
2763 3193 2828 3247 Et
2859 3191 3112 3247 t-ocubunt
3140 3208 3226 3248 eos
3263 3195 3493 3264 populus
3522 3201 3729 3256 sanctus,
3755 3205 3820 3240 rt-

561 3286 665 3350 sui,
699 3285 742 3338 si
771 3286 904 3340 ultra
929 3286 1117 3340 dedero
1143 3289 1369 3342 triticum
1401 3306 1568 3344 meum
1600 3303 1656 3344 ut
1684 3291 1751 3345 sit
1780 3292 1832 3345 in
1859 3291 2028 3346 cibum
2056 3293 2159 3347 ini-

560 3379 706 3432 micis
734 3381 854 3442 tuis.
880 3379 994 3433 etsi
1024 3381 1164 3435 ultra
1195 3384 1408 3436 biberint
1432 3384 1528 3452 ﬁlii
1558 3383 1718 3438 alieni
1743 3386 1917 3439 vinum
1937 3395 2082 3440 tuum
2107 3386 2160 3440 in

557 3492 660 3547 quo
687 3475 934 3530 laborasti
965 3492 983 3530 :
1009 3479 1098 3530 sed
1137 3478 1226 3546 qui
1267 3480 1718 3550 congregaverint,
1765 3482 2032 3536 comedent
2072 3500 2161 3547 ea,

561 3577 608 3621 et
641 3568 928 3622 laudabunt
965 3567 1278 3635 Dominum;
1319 3583 1364 3624 et
1392 3572 1479 3640 qui
1513 3576 1953 3645 congregaverint,
1986 3575 2158 3628 bibent

561 3673 619 3710 ea
650 3659 702 3709 in
734 3661 882 3712 atriis
909 3661 1101 3712 sanctis
1124 3663 1268 3715 meis.
1301 3661 1660 3732 Omnipotens
1691 3664 1856 3732 Deus,
1888 3667 1978 3735 qui
2009 3666 2162 3721 dixe-

566 3761 646 3804 rat
672 3751 738 3804 ad
775 3752 1099 3818 Ecclesiain,
1135 3751 1304 3825 Super
1328 3772 1501 3810 muros
1543 3768 1658 3812 tuos
1698 3759 1946 3812 constitui
1989 3769 2162 3814 custo-

568 3840 682 3908 des,
703 3841 790 3912 qui
817 3853 1063 3914 perpetuo
1087 3861 1190 3899 non
1215 3848 1472 3914 tacebunt,
1496 3851 1800 3920 qttilzusiiue
1825 3851 2157 3921 praeripiam,

570 3944 628 3989 tit
682 3953 972 4003 ttuiupiaui
1025 3954 1186 3994 orare
1241 3939 1530 4008 desistant,
1589 3944 1690 3998 ιιίεί
1753 3945 2164 4013 impetraverint

563 4026 706 4097 quod
747 4039 1062 4098 precantur.
1099 4047 1240 4086 nunc
1275 4031 1427 4101 jurat
1455 4050 1552 4104 per
1579 4034 1865 4090 deXIeraui
1905 4053 2059 4092 suam
2109 4051 2164 4094 et

569 4120 850 4176 brat-hiatu
885 4124 1221 4179 fortitudinis
1253 4141 1386 4181 suae.
1417 4127 1494 4184 De
1525 4145 1632 4199 quo
1669 4129 1866 4185 crebro
1901 4132 2156 4197 diximus,

567 4213 711 4278 quod
741 4216 811 4268 sit
845 4214 1104 4270 Domitius
1145 4230 1332 4273 noster
1367 4231 1530 4288 atque
1569 4221 1843 4288 Salvator,
1875 4225 1964 4294 qui
2011 4227 2162 4294 juxta

573 4308 912 4374 Apostoluui,
949 4309 1042 4362 Dei
1075 4310 1245 4365 virtus
1272 4323 1355 4366 est
1378 4313 1584 4384 Deique
1627 4315 1896 4386 sapientia
1942 4316 2005 4388 (Ι
2037 4317 2160 4373 Cor.

565 4401 645 4467 i).
681 4398 834 4454 Jurat
871 4415 1051 4457 autent
1093 4405 1238 4474 quod
1282 4406 1520 4464 triticum
1556 4417 1611 4464 et
1643 4411 1826 4466 vinum
1855 4409 2160 4470 Jerusalem

569 4509 908 4564 tit-quaquam
942 4496 1100 4551 cedat
1132 4498 1183 4552 iit
1219 4499 1456 4556 IIOSIium
1486 4503 1672 4570 cibos,
1708 4520 1808 4560 nec
1839 4505 2162 4578 alienigena!

2263 3289 2498 3356 demptus
2534 3285 2732 3358 [Vulg.
2758 3285 3038 3360 redempti]
3067 3305 3098 3340 a
3131 3284 3378 3342 Domino.
3414 3286 3490 3342 Tu
3517 3297 3674 3342 autem
3697 3297 3818 3337 roce-

2261 3381 2398 3435 beris
2428 3381 2646 3450 qutesita
2675 3381 2873 3444 civitas,
2905 3389 2953 3434 et
2990 3396 3092 3434 non
3120 3380 3393 3434 derelicta.
3443 3379 3580 3435 LXX
3616 3395 3629 3432 :
3657 3376 3726 3431 Ite
3749 3390 3818 3443 per

2264 3481 2439 3544 portas
2469 3489 2629 3538 meas,
2658 3481 2704 3525 et
2731 3473 2864 3526 viam
2896 3473 3050 3543 facile
3083 3471 3275 3542 populo
3305 3489 3420 3526 meo
3455 3488 3473 3528 :
3503 3481 3548 3527 et
3574 3472 3749 3540 lapides
3771 3466 3819 3518 de

2262 3568 2344 3621 ria
2368 3567 2622 3638 projicite.
2655 3567 2841 3620 Levate
2868 3565 3072 3638 signum
3098 3572 3149 3618 in
3178 3575 3360 3636 gentes
3395 3582 3415 3620 :
3447 3582 3563 3620 ecce
3589 3564 3709 3618 enim
3734 3556 3820 3612 Do-

2263 3660 2432 3713 minus
2463 3660 2577 3729 [θεῖε
2604 3659 2838 3712 auditum
2878 3672 3038 3727 usque
3065 3657 3134 3712 ad
3164 3665 3460 3712 extremum
3490 3668 3656 3712 teme.
3688 3653 3821 3706 Dicite

2264 3751 2388 3820 filia:
2411 3752 2539 3806 Sion
2569 3768 2587 3806 :
2613 3751 2742 3804 Ecce
2768 3750 3010 3807 Salvator
3031 3760 3149 3804 tuus
3173 3751 3331 3812 venit,
3357 3749 3556 3805 habens
3583 3746 3822 3803 mercedem

2264 3861 2412 3899 suam
2438 3859 2640 3912 secum,
2671 3855 2720 3899 et
2751 3861 2880 3915 opus
2915 3861 3064 3898 suunt
3093 3855 3212 3896 ante
3247 3843 3442 3914 facient
3471 3857 3657 3898 suam:
3685 3852 3725 3895 et
3752 3853 3824 3891 ro-

2265 3937 2400 3989 cabit
2429 3952 2544 3990 eum
2571 3937 2822 4006 papulum
2864 3945 3133 4002 sanctum,
3169 3937 3499 4006 redemptum
3539 3953 3572 3988 a
3616 3931 3822 3987 Domino.

2263 4026 2346 4082 Tu
2374 4043 2544 4082 autem
2573 4030 2830 4084 vocaberis
2866 4032 3112 4098 requisita
3157 4029 3361 4094 civitas,
3384 4039 3435 4083 et
3468 4045 3571 4084 non
3593 4026 3825 4083 derelicta.

2266 4122 2532 4191 Praecepit
2579 4122 2895 4178 custodibus
2941 4137 3222 4178 murorum
3265 4121 3612 4193 Jerusalem,
3661 4119 3828 4192 quibus

2266 4229 2392 4274 ante
2411 4227 2746 4288 pra-ceperat
2765 4234 2830 4273 ue
2851 4227 3116 4287 tacerent,
3152 4232 3218 4272 tie
3247 4216 3552 4289 aliquando
3578 4231 3726 4272 orare
3751 4211 3831 4268 dc-

2267 4313 2542 4380 sistereut,
2590 4321 2649 4366 ut
2701 4321 2981 4366 transeant
3037 4325 3133 4378 per
3189 4319 3375 4375 portas
3427 4309 3742 4373 Jerusalem,
3790 4313 3833 4358 et

2264 4403 2432 4477 7M
2451 4420 2591 4459 viam
2615 4402 2818 4458 faciant
2843 4402 3062 4472 populo.
3080 4401 3238 4470 Quod
3261 4402 3568 4472 seutijudiei
3597 4400 3650 4456 in
3672 4399 3836 4453 ultimo

2267 4511 2534 4565 tempore,
2567 4498 2788 4567 qume
2814 4507 2936 4565 post
2963 4497 3355 4568 plenitudinem
3389 4495 3633 4567 gentium
3657 4492 3837 4548 salvan-

569 4588 758 4645 lahore
787 4590 934 4646 illius
966 4597 1345 4663 perimantur;
1388 4595 1482 4651 sed
1525 4597 1856 4669 quicumque
1897 4600 1949 4654 iu
1986 4573 2159 4672 lacry-
2195 4573 2246 4634 D
2271 4595 2374 4650 dus
2402 4604 2488 4648 est
2512 4591 2700 4653 Israel.
2740 4601 2796 4645 et
2839 4591 2906 4644 ad
2958 4591 3246 4645 Dominum
3289 4589 3592 4654 rediturus,
3624 4587 3834 4643 futurum

572 4683 676 4737 niis
705 4685 1122 4752 semiuaverint,
1157 4689 1208 4742 itt
1236 4691 1438 4761 gaudio
1466 4702 1693 4759 metant,
1723 4704 1776 4748 et
1804 4696 1893 4760 qui
1929 4712 2170 4752 inessue-

570 4779 702 4845 rint,
739 4779 1076 4852 abjet-tisque
1109 4784 1312 4852 paleis,
1349 4802 1540 4854 purum
1574 4787 1906 4845 frumentum
1949 4793 2001 4846 in
2043 4795 2170 4848 hor-

573 4886 667 4925 rea
703 4877 1177 4946 coiigregnverint,
1212 4877 1314 4948 ipsi
1342 4880 1629 4936 cotticdaut
1664 4882 1879 4938 labores
1909 4900 2165 4941 manuum

569 4978 813 5026 suarum.
839 4976 893 5020 et
921 4968 1210 5025 Domiuutn
1237 4984 1438 5029 :i-terna
1467 4974 1624 5030 laude
1651 4977 1964 5046 sustollant,
1996 4989 2051 5034 et
2079 4981 2161 5035 bi-

572 5053 702 5110 bant
736 5057 915 5111 vinuut
952 5059 1005 5115 in
1047 5064 1202 5117 atriis
1243 5069 1451 5122 sant-tis
1476 5069 1616 5139 ejus.
1652 5069 1807 5139 Quod
1846 5072 1929 5126 vel
1969 5073 2164 5129 multas

571 5146 713 5215 apud
749 5147 959 5204 Patrem
989 5151 1699 5224 intelligimusmansiones,
1731 5164 1776 5219 si
1801 5163 1870 5220 de
1903 5167 2082 5220 fututa
2110 5167 2161 5222 in

573 5258 741 5305 regno
790 5243 1057 5299 caelorum
1107 5248 1407 5318 arripimus
1465 5251 1822 5321 beatitudine,
1871 5259 1953 5313 vel
2011 5268 2166 5314 certe

575 5333 737 5408 743
771 5337 1039 5393 ΙσιὍΙοςίειε
1065 5340 1115 5394 in
1143 5349 1256 5396 toto
1284 5343 1416 5398 orhe
1447 5344 1670 5407 divisas.
1707 5348 1758 5403 in
1789 5350 1986 5420 quibus
2017 5351 2166 5420 plau-

569 5431 693 5490 tati,
719 5438 902 5494 pmtea
926 5431 976 5484 in
1002 5430 1167 5486 domo
1195 5431 1408 5490 Domini
1434 5435 1771 5494 οισι-εὶιίηιιιδ.
1806 5442 2039 5507 Quando
2069 5459 2163 5498 au-

569 5529 677 5576 tem
712 5523 844 5578 dicit
873 5542 886 5578 :
916 5524 1255 5596 Nequaquam
1295 5533 1431 5585 ultra
1463 5532 1596 5587 dabo
1633 5534 1861 5589 triticum
1892 5546 2040 5590 tuum
2065 5537 2167 5590 ini-

571 5613 716 5668 micis
743 5615 843 5669 tuis
874 5632 893 5670 :
920 5625 968 5671 et
995 5618 1168 5673 uinum
1213 5631 1357 5675 tuum
1392 5624 1695 5697 alienigenae
1739 5643 1842 5681 non
1876 5627 2067 5696 bibent,
2108 5627 2163 5680 in

2271 4701 2394 4740 esse
2423 4681 2783 4740 contendunt.
2815 4682 2920 4738 Alii
2953 4698 3082 4738 vero
3129 4684 3181 4738 in
3236 4695 3409 4752 regno
3460 4681 3718 4739 ccelorum
3759 4689 3837 4728 ex-

2273 4777 2530 4850 plendum
2565 4787 2775 4846 putant,
2807 4776 3024 4848 quando
3065 4785 3170 4832 erit
3215 4791 3343 4830 vera
3376 4776 3591 4842 laetitia,
3618 4785 3670 4830 et
3697 4782 3838 4825 ιιιιυς·

2271 4877 2504 4946 quisque
2544 4872 2771 4942 recipiet
2807 4872 3107 4928 secundum
3156 4871 3412 4927 meritum
3466 4887 3646 4934 suum.
3671 4881 3730 4923 ac
3755 4877 3838 4919 ite-

2273 4985 2544 5041 quaquant
2575 4968 2860 5023 Dominum
2887 4968 2942 5022 in
2965 4965 3274 5021 humilitate
3295 4965 3655 5034 conspiciant,
3684 4958 3768 5016 sed
3794 4956 3839 5012 in

2275 5062 2458 5118 habitu
2487 5062 2726 5116 sentiant
2757 5059 3087 5130 judicatttis,
3118 5056 3334 5128 quando
3361 5057 3548 5112 veniet
3573 5068 3732 5123 super
3757 5064 3842 5149 titt-

2273 5156 2370 5212 bes
2408 5171 2532 5210 cum
2566 5154 2898 5220 Angelorum
2937 5150 3316 5213 multitudine,
3349 5157 3410 5202 ut
3439 5147 3635 5202 reddat
3659 5147 3842 5197 unicui-

2272 5263 2377 5319 que
2427 5248 2723 5302 secundum
2773 5257 2910 5314 opus
2961 5258 3142 5297 suum.
3181 5239 3290 5296 Nos
3337 5249 3525 5295 autem
3570 5232 3838 5292 secundum

2273 5349 2508 5411 coeptam
2553 5337 2988 5408 explanationem
3031 5347 3320 5405 possumus
3352 5334 3471 5387 haec
3512 5340 3568 5385 et
3606 5329 3657 5384 in
3689 5325 3840 5397 ptimo

2274 5434 2510 5489 adventu
2540 5433 2868 5501 intelligere,
2904 5438 2961 5483 ttt
2984 5427 3234 5482 dicamus
3263 5424 3486 5492 principi
3511 5418 3770 5492 Apostolis
3795 5422 3839 5468 cl

2271 5527 2605 5600 Apostnlicis
2635 5525 2787 5592 viris,
2838 5531 2898 5578 ut
2943 5519 3315 5590 ingrediantur
3342 5526 3398 5572 et
3439 5520 3718 5572 transeant
3758 5518 3840 5600 pet

2275 5633 2461 5697 portas
2484 5621 2684 5695 quibus
2710 5619 2957 5676 inleruus
2993 5631 3100 5672 nou
3133 5613 3424 5688 praevalet,
3465 5621 3522 5666 ct
3556 5605 3728 5666 omnia
3755 5599 3839 5658 tol-

642 5785 668 5825 ‘
707 5793 853 5852 ldem
895 5798 1267 5866 Ambrosiam,
1315 5803 1529 5860 assidua
1563 5807 1977 5876 interpellatione
2007 5805 2266 5880 deposuit.

3914 2078 3921 2348 Χ
