3972 6374
153 357 266 418 609

657 359 1308 421 COMMENTARIORUM
1349 362 1414 420 ΙΝ
1455 357 1692 421 lSAlAM
1733 359 2156 430 ΡΒΟΡΙΙΕΤΑΜ
2198 365 2324 426 LIB.
2371 369 2533 428 XVII.
2575 371 2734 430 CAP.
2779 373 2964 434 LXIII.

3365 386 3470 441 610

150 474 277 530 lant
305 472 694 546 impedimenta
727 477 795 532 de
829 479 937 542 via,
971 489 1029 535 nt
1054 481 1258 544 abs-ine
1287 482 1472 552 aliquo
1509 481 1770 537 seandalo
1799 488 1847 548 Α
1877 485 2022 536 enim
2069 486 2340 540 sententia
2377 487 2737 554 plurimorum
2770 489 2886 563 est)
2920 493 3188 563 explenda
3237 510 3470 554 conten-

150 569 402 640 ponulus
455 567 753 624 Ecclesiatn
807 572 1109 630 δειινειιιιιίς
1166 575 1419 630 introeat.
1483 573 1638 631 Unde
1711 585 1767 630 et

150 659 406 716 Joannes
444 661 713 717 clamabat
757 663 811 717 in
841 681 1048 720 eremo.
1086 665 1198 738 Ego
1226 683 1342 722 sum
1370 684 1466 722 vox
1489 670 1764 722 clamantis

152 751 211 804 in
242 753 467 816 deserto.
507 755 642 808 sicut
676 752 848 811 Isaias
891 758 1024 812 dixit
1054 775 1073 814 .'
1104 757 1296 815 Parate
1341 763 1473 815 viam
1526 759 1758 829 Domini,

151 853 330 899 rect-is
357 845 515 916 facite
545 847 754 902 semitas
783 850 896 921 ejus
929 868 947 904 :
972 849 1147 906 omnis
1185 852 1337 907 vallis
1369 852 1686 922 itnplt‘bitur,
1719 864 1766 908 et

153 939 330 991 omnis
374 954 522 993 mons
566 949 614 993 et
658 942 810 995 collis
867 943 1229 998 Itumiliabitur
1262 943 1457 1017 (Joan.
1482 963 1524 1013 ι,
1557 946 1661 1012 ‘23;
1695 947 1765 1001 ad

152 1028 294 1086 Isai.
334 1047 421 1100 ιι,
441 1033 497 1096 3.
526 1034 609 1102 4).
641 1036 886 1106 Aliisque
909 1038 1094 1094 verbis
1123 1054 1267 1094 nunc
1299 1040 1439 1094 idem
1469 1057 1664 1096 sensus
1685 1042 1768 1096 di-

155 1128 324 1188 citur.
362 1127 540 1200 Elegit
566 1130 774 1201 lapides
813 1137 896 1185 vir
945 1131 1037 1189 Ect
1059 1134 1390 1201 lesiastit'ns,
1420 1138 1510 1206 qui
1544 1151 1766 1191 onmem

152 1222 373 1279 emollit
400 1223 471 1278 de
496 1225 844 1280 credentium
889 1227 1057 1284 corde
1103 1228 1379 1284 duritiam.
1434 1230 1510 1285 De
1565 1228 1768 1300 quibus

155 1313 304 1370 idem
341 1314 580 1385 Baptista
613 1317 831 1374 dicebat
863 1335 876 1373 :
910 1318 1103 1375 Potens
1145 1331 1219 1376 est
1249 1319 1388 1375 Deus
1414 1322 1477 1375 de
1503 1319 1768 1394 lapidibus

155 1408 274 1462 istis
305 1409 561 1463 suscitare
590 1408 730 1479 filios
758 1410 984 1465 Abralue
1028 1410 1247 1483 (Matth.
1271 1429 1348 1481 ιιι,
1382 1413 1460 1484 9).
1489 1412 1582 1468 \‘el
1608 1412 1761 1484 juxta

152 1502 538 1574 Septuaginta,
583 1505 799 1576 projicit
826 1505 894 1560 de
931 1505 1016 1560 via
1054 1505 1266 1576 lapides
1313 1506 1404 1577 qui
1447 1505 1700 1562 inﬁdeles
1737 1522 1766 1560 a

155 1597 517 1652 credentibus
556 1607 794 1667 separat.
832 1597 989 1667 Quod
1024 1614 1092 1653 ne
1124 1606 1378 1669 putarent
1412 1598 1584 1654 Judaei
1615 1599 1682 1652 de
1711 1613 1772 1653 se

155 1688 294 1752 dici.
313 1689 560 1761 jungitur
588 1707 607 1745 .'
633 1689 820 1745 Levate
847 1693 1055 1763 signum
1093 1691 1148 1745 in
1181 1703 1379 1765 gentes,
1405 1701 1460 1748 et
1489 1691 1554 1746 ad
1599 1705 1771 1762 papu-

157 1782 244 1838 los
273 1783 559 1838 nationum
580 1826 595 1849 ,
629 1791 688 1838 ut
717 1799 1054 1854 nequaquam
1089 1784 1250 1838 unius
1278 1793 1439 1840 terra:
1469 1782 1672 1838 ludam:
1703 1783 1772 1838 ad

1868 577 2024 636 dunt.
2059 580 2166 635 Νος
2198 591 2380 637 autem
2416 584 2541 652 quia
2575 594 2629 639 et
2661 601 2826 656 Supra
2873 589 2925 641 in
2962 589 3066 643 hoc
3098 591 3290 646 eodem
3324 596 3472 661 capio

1869 673 1981 726 tulo
2008 673 2040 725 Ιι
2060 674 2274 742 gituus:
2302 673 2538 742 Spiritus
2566 672 2778 730 Domini
2797 695 2953 748 super
2976 697 3074 748 me,
3100 691 3305 754 propter
3330 684 3471 753 quod

1868 764 2018 817 unxit
2046 780 2143 832 me,
2177 766 2492 819 annuntiare
2520 767 2836 837 pauperibus
2866 771 3008 825 misit
3039 789 3151 826 me:
3191 776 3333 844 quod
3365 774 3469 830 Do-

1869 856 2052 909 minus
2070 865 2232 924 atque
2253 857 2527 925 Salvator,
2555 862 2696 914 lcetu
2719 860 2874 916 Isaia:
2896 864 3194 931 Volumine,
3222 867 3273 920 in
3298 868 3475 938 Syna-

1868 962 2004 1018 goga
2039 946 2357 1004 Jttdworum
2396 967 2564 1019 super
2593 967 2654 1007 se
2683 956 2956 1021 espletum
2990 971 3111 1010 esse
3151 959 3474 1014 tuonsttatit

1869 1041 2090 1097 dicens:
2130 1040 2306 1096 Hodie
2329 1043 2586 1108 completa
2625 1055 2700 1099 est
2731 1045 2844 1100 htec
2874 1048 3146 1118 Scriptura
3177 1052 3228 1105 in
3259 1053 3474 1108 auribus

1869 1137 2050 1188 vestris
2078 1133 2235 1204 (Luc.
2262 1152 2334 1205 tv,
2357 1136 2451 1208 2|)
2475 1153 2490 1202 ;
2515 1147 2570 1192 et
2599 1154 2742 1194 nunc
2773 1140 2841 1193 de
2859 1143 3050 1197 eodem
3080 1143 3301 1208 dititur,
3327 1146 3472 1216 quod

1870 1235 1991 1295 post
2027 1229 2338 1294 paSsiOIIt'III
2368 1232 2434 1282 ad
2468 1228 2685 1285 Patrem
2719 1241 2984 1287 cruentus
3014 1238 3351 1301 ascenderit,
3385 1254 3480 1295 ne-

1869 1317 2126 1371 Cessitate
2143 1319 2549 1389 eontpelliuutr.
2571 1322 2756 1375 omnia
2779 1338 2900 1393 quze
2916 1322 3194 1394 dicuntur,
3220 1327 3271 1379 itt
3299 1344 3477 1397 primo

1869 1407 2123 1478 accipere
2140 1410 2446 1465 Salvatoris
2464 1411 2930 1484 adveutn.Neqm-.
2960 1431 3104 1470 enim
3129 1418 3243 1471 lieri
3275 1428 3477 1491 potest,

1871 1500 2016 1568 quod
2051 1502 2300 1572 plerique
2330 1515 2645 1559 nostrorum
2677 1505 2860 1562 facere
2884 1508 3156 1576 nituntur,
3186 1519 3243 1566 ut
3271 1514 3481 1569 varien-

1873 1600 1962 1648 tur
1994 1605 2261 1664 tempore,
2294 1611 2420 1666 qua:
2462 1598 2722 1667 Operibus
2763 1604 3015 1670 c0pu|ata
3045 1613 3206 1667 sunt;
3254 1622 3352 1660 nec
3382 1621 3482 1662 ne-

1873 1703 2066 1759 gamus
2093 1689 2311 1745 sudoris
2340 1706 2463 1747 esse
2494 1694 2740 1761 maximi,
2771 1695 2889 1751 lta-c
2911 1697 3094 1751 omnia
3125 1697 3226 1753 sibi
3251 1700 3481 1768 cunjun-

1875 1795 2025 1851 gere,
2058 1792 2109 1836 et
2137 1786 2216 1837 sic
2237 1785 2598 1853 spiritualiter
2625 1788 2899 1856 explenda
2926 1790 2976 1843 in
3007 1795 3486 1850 Ctilt>UlIllltali0l|e

156 1878 397 1933 salutem
433 1888 799 1944 provocentur
827 1876 1114 1947 angustiae,
1158 1876 1252 1932 sed
1294 1875 1539 1932 auditum
1587 1877 1680 1932 fiat
1719 1876 1772 1931 in
1806 1889 1852 1950 Β
1882 1885 2211 1943 monstrare,
2257 1885 2315 1932 ut
2347 1879 2398 1932 in
2445 1877 2667 1934 Lbristu
2696 1894 2746 1935 et
2789 1881 2942 1951 juxta
2983 1899 3202 1939 carnem
3233 1897 3284 1938 rt
3328 1887 3484 1956 juxta

158 1970 427 2026 extremis
461 1979 648 2035 terrte,
683 1979 741 2025 ut
785 1969 1093 2040 passionem
1121 1968 1363 2024 omnium
1392 1968 1670 2025 Creatoris
1697 1978 1774 2024 ιο-

162 2073 248 2118 tus
280 2061 519 2118 mundus
548 2062 825 2118 exaudiat.
858 2061 1046 2130 Dicite,
1083 2063 1280 2133 inquit,
1308 2064 1437 2134 filia
1458 2063 1612 2120 Sion.
1639 2064 1772 2132 Qua:

160 2155 246 2210 vel
292 2154 424 2210 ideo
454 2154 759 2226 appellatur
785 2155 890 2210 lilia
917 2155 1050 2211 Sion
1071 2197 1088 2220 ,
1115 2157 1247 2225 quia
1274 2156 1512 2227 primum
1541 2165 1658 2212 orta
1690 2163 1776 2212 est

159 2261 231 2304 ex
259 2246 496 2312 ludatis,
528 2247 598 2304 de
623 2265 727 2318 qua
748 2248 885 2304 dicit
904 2249 956 2303 in
980 2247 1213 2305 Cantco
1229 2246 1580 2304 Canticorum
1606 2265 1620 2302 :
1645 2245 1774 2302 Filii

162 2342 349 2398 matris
398 2358 524 2397 mea:
566 2353 925 2415 pugnaverunt
953 2342 1229 2398 adversum
1257 2359 1335 2396 me
1367 2342 1553 2416 (Cant.
1578 2360 1616 2414 t,
1663 2343 1697 2400 5
1716 2342 1770 2415 )f;

157 2439 250 2495 vel
281 2451 434 2496 certe
462 2451 747 2513 propterea
791 2441 925 2507 lilia.
966 2443 1091 2512 quia
1121 2458 1150 2498 a
1183 2444 1294 2498 Deo
1328 2443 1638 2514 adoptionis
1679 2460 1776 2495 nu-

158 2549 291 2590 men
323 2535 556 2601 accepit.
590 2533 869 2603 Quotquot
896 2537 1041 2592 enim
1065 2547 1428 2607 susceperunt
1449 2553 1597 2605 eum,
1624 2536 1776 2593 dedit

158 2632 245 2688 eis
274 2640 601 2700 potestatem
632 2641 691 2688 nt
717 2631 812 2686 ﬁlii
846 2633 940 2688 Dei
975 2634 1167 2688 tierunt
1187 2644 1201 2697 (
1224 2631 1383 2688 Joan.
1414 2634 1487 2705 t).
1523 2635 1662 2700 Quid
1689 2641 1775 2688 est

159 2736 353 2780 autem
394 2726 539 2792 quod
567 2725 830 2795 jubentur
871 2726 1114 2797 magistri
1145 2735 1307 2796 atque
1353 2728 1608 2782 doctores
1643 2727 1774 2784 Sion

160 2817 299 2873 lilia:
329 2817 617 2874 nuntiare?
652 2817 785 2874 Ecce
815 2819 1060 2874 Salvator
1090 2828 1210 2872 tuus
1238 2820 1394 2886 venit,
1428 2823 1522 2890 qtti
1569 2821 1625 2875 in
1666 2821 1775 2875 Hc-

161 2910 366 2966 braico
394 2912 592 2966 dicitur
612 2910 790 2966 Iesus.
819 2911 976 2968 Unde
1005 2922 1062 2966 et
1086 2912 1305 2968 Gabriel
1329 2913 1394 2967 ad
1421 2911 1624 2983 .losepli
1659 2931 1672 2967 :
1707 2910 1776 2967 Et

157 3001 402 3066 vacabis.
433 3001 633 3071 inquit,
670 3020 854 3058 nomen
893 3005 1004 3075 ejus
1031 3001 1214 3058 Iesum
1233 3046 1248 3066 .
1277 3005 1386 3078 ipse
1411 3005 1547 3058 enitn
1576 3003 1779 3060 salvum

159 3097 328 3169 faciet
348 3097 607 3169 portatum
633 3113 786 3150 suum
814 3113 847 3150 a
876 3116 910 3171 p
927 3099 1102 3152 ‘ccatis
1124 3115 1302 3153 eorum
1332 3103 1348 3165 (
1371 3097 1559 3154 Matth.
1583 3114 1622 3160 ι,
1645 3099 1708 3154 21
1732 3097 1774 3168 ).

157 3190 269 3258 Qui
297 3188 572 3254 Salvator.
594 3189 937 3246 credentium
955 3190 1126 3260 judes
1151 3200 1238 3247 est
1264 3189 1532 3256 omnium,
1567 3199 1625 3245 ut
1653 3189 1779 3243 red-

1875 1967 2155 2036 spiritum,
2183 1971 2292 2040 jam
2322 1974 2593 2042 completa
2625 1974 2940 2031 doceamus.
2970 1979 3105 2044 Quia
3139 1978 3304 2049 igitur
3334 1981 3485 2037 venit

1876 2059 2001 2116 lilia:
2051 2060 2182 2116 Sion
2236 2063 2509 2132 Salvator,
2556 2065 2713 2135 cujus
2763 2082 2973 2124 merces
3002 2085 3128 2124 eum
3169 2087 3237 2125 eo
3287 2080 3394 2132 est.
3427 2080 3484 2128 et

1875 2166 2016 2220 Opus
2042 2152 2190 2207 illius
2207 2170 2396 2208 coram
2416 2154 2539 2220 illo;
2570 2167 2624 2210 et
2645 2171 2899 2228 egressus
2919 2161 3197 2229 estjustus
3221 2175 3272 2216 tn
3299 2164 3485 2232 splen-

1875 2243 1999 2310 dor,
2033 2257 2085 2299 et
2116 2244 2369 2302 Salvator
2395 2262 2661 2303 accensus
2696 2260 2783 2305 est
2811 2261 2866 2304 ut
2897 2252 3129 2323 lampas,
3158 2257 3488 2327 gaVisusqne

1875 2351 2112 2409 Sponsus
2141 2355 2308 2411 super
2335 2356 2535 2411 sponsa
2567 2358 2663 2398 sua
2694 2345 2962 2412 Ecclesia,
2997 2348 3163 2400 immo
3191 2350 3490 2406 exsultavit

1875 2446 2041 2502 super
2071 2451 2190 2488 eam
2241 2436 2380 2490 Dens
2410 2451 2564 2502 suus.
2598 2441 2690 2508 qui
2725 2442 2839 2509 ipse
2870 2439 3034 2513 746
3061 2451 3116 2496 et
3153 2459 3389 2513 sponsus
3431 2455 3488 2502 ct

1878 2524 2140 2581 Dominus
2181 2537 2268 2581 est
2301 2545 2315 2580 :
2348 2543 2642 2599 propterea
2696 2535 2999 2588 secundum
3047 2540 3483 2608 assumptionem

1877 2617 2080 2682 carnis,
2110 2630 2160 2674 et
2206 2619 2517 2689 passionem
2556 2623 2736 2678 erucis
2778 2625 2980 2681 dieitur
3010 2630 3077 2682 ad
3112 2646 3272 2684 eum:
3311 2629 3377 2686 Ut
3408 2632 3489 2685 in-

1877 2712 2110 2779 tingatur
2134 2729 2225 2784 pes
2255 2725 2375 2767 tuus
2404 2715 2456 2768 in
2482 2717 2733 2787 sanguine
2763 2716 2886 2790 (Ps.
2924 2733 3095 2788 LXVII,
3126 2722 3245 2791 Ἡ).
3284 2726 3344 2777 bl
3382 2725 3486 2780 sub

1876 2800 2030 2858 Julia:
2059 2806 2322 2860 vocabulo
2351 2806 2402 2860 in
2436 2805 2638 2862 Genesi
2670 2810 3047 2880 prophetatur,
3094 2813 3260 2884 Juda,
3296 2826 3343 2870 te
3372 2820 3492 2870 lau-

1879 2895 2075 2952 dabunt
2106 2899 2295 2966 fratres
2323 2901 2442 2956 tui:
2476 2900 2669 2957 Manus
2713 2913 2818 2958 tua:
2851 2906 2903 2958 in
2933 2907 3214 2961 cervicibus
3253 2908 3492 2963 inimico-

1880 3007 1994 3044 rum
2034 2999 2264 3055 tucrum.
2305 2991 2478 3064 (Gen.
2531 3010 2678 3064 xm,
2714 2999 2746 3050 8
2776 3008 2825 3051 et
2870 3015 2990 3071 seqq
3036 2999 3081 3072 ),
3119 3001 3409 3056 adorabunt
3442 3010 3491 3057 te

1880 3085 1974 3154 ﬁlii
2005 3088 2168 3158 patris
2198 3087 2294 3142 tui.
2327 3088 2547 3143 Catulus
2589 3089 2754 3144 leonis
2794 3088 2960 3161 Inda,
3009 3093 3080 3147 ad
3126 3100 3379 3165 prtedam,
3408 3095 3491 3168 ﬁli

1882 3179 1974 3248 mi,
2005 3180 2302 3250 ascendisti,
2350 3183 2674 3254 requiescens
2711 3187 3001 3240 accubuisti
3033 3201 3086 3240 ut
3118 3190 3216 3256 leo,
3251 3205 3298 3245 et
3340 3191 3495 3263 quasi

157 3281 264 3338 dat
293 3281 591 3353 unicuique
612 3281 916 3337 secundum
945 3298 1112 3350 opera
1151 3299 1248 3337 sua
1281 3301 1295 3338 :
1323 3283 1486 3354 justis
1519 3284 1776 3353 pratmia;

1885 3273 2049 3326 letvna
2069 3289 2088 3327 :
2119 3273 2232 3336 quis
2282 3274 2553 3328 suscitabit
2579 3292 2695 3330 eum
2719 3276 2874 3350 (Cen.
2909 3295 3055 3344 xux,
3080 3283 3133 3345 8.
3172 3281 3269 3353 9)?
3301 3286 3363 3338 Et
3388 3285 3490 3341 itc-

154 3374 556 3448 peccatot'ibus
595 3386 803 3430 :eterna
841 3376 1111 3446 supplicia
1144 3375 1370 3440 (Matth.
1408 3383 1558 3441 xvt).
1594 3376 1655 3431 Et
1686 3393 1777 3432 vo-

158 3468 328 3532 cabit,
359 3467 556 3538 inquit,
580 3484 664 3522 eos
688 3468 804 3538 ipse
833 3467 1096 3524 Dominus
1308 3478 1470 3539 atque
1500 3468 1774 3525 SaIVttlor.

157 3561 298 3618 Sive
319 3559 477 3630 juxta
508 3558 856 3625 llebraicutn,
878 3559 1128 3614 vocabunt
1160 3577 1246 3614 tos
1281 3559 1526 3628 Apostuli
1556 3571 1611 3617 et
1637 3565 1780 3633 Apo-

157 3654 355 3712 stulici
390 3653 516 3722 viri,
548 3653 799 3727 populum
846 3664 1086 3709 sanctum
1133 3665 1180 3709 et
1227 3655 1551 3728 redempt-um
1589 3673 1623 3711 a
1675 3655 1782 3710 Do-

157 3752 339 3817 mino,
371 3749 465 3818 qui
500 3749 764 3816 redempti
788 3757 918 3804 sunt
937 3747 1143 3805 Chrissi
1173 3751 1458 3821 sanguine.
1498 3750 1616 3820 Ipsa
1648 3766 1783 3822 quo.

158 3858 278 3914 quo
335 3839 528 3894 civitas
579 3854 924 3912 nequaquam
976 3841 1341 3912 appellabitur
1384 3843 1666 3913 derelicta,
1729 3854 1787 3900 ut

157 3935 329 4009 prius
372 3945 562 3988 vocata
595 3933 799 4001 fuerat.
833 3935 916 3989 Vel
953 3935 1005 3989 in
1047 3933 1273 4005 Judaeis,
1300 3946 1520 4007 promer
1549 3947 1576 3976 ἰ
1609 3953 1782 4007 nego-

157 4027 505 4087 tiationem?
528 4028 609 4080 vel
637 4027 689 4081 iu
712 4027 990 4094 gentibus,
1026 4038 1247 4098 propter
1274 4028 1658 4096 idololatriatn.
1686 4029 1784 4085 sed

155 4120 446 4184 requisita.
477 4130 538 4175 ut
561 4119 828 4176 llebraice
850 4121 1054 4176 dicitur
1076 4137 1246 4177 nausa
1270 4121 1493 4193 (nm
1515 4121 1534 4192 )
1558 4139 1574 4188 ;
1605 4132 1664 4179 ιιι
1688 4139 1786 4193 pro

155 4215 486 4288 augmentis
518 4225 576 4272 et
604 4217 871 4272 varietate
900 4215 1186 4280 virtutum,
1213 4230 1359 4270 nova
1384 4231 1604 4287 semper
1642 4218 1788 4274 acci-

163 4309 340 4381 piant
368 4307 612 4361 nomina.

237 4401 415 4475 (Cap.
451 4398 637 4456 LXIII.
662 4429 734 4442 --
755 4399 914 4456 Vers.
946 4399 1021 4468 l.)
1051 4399 1179 4469 Quis
1209 4407 1283 4455 est
1313 4400 1432 4464 iste,
1455 4401 1544 4472 qui
1566 4400 1701 4455 venit
1723 4400 1788 4455 de

160 4492 375 4562 Edam,
406 4493 581 4548 tinctis
603 4493 827 4548 vestibus
845 4495 908 4550 de
930 4491 1136 4548 Bosra?
1166 4481 1276 4549 Iste
1298 4495 1556 4564 formosus
1575 4493 1628 4546 in
1653 4492 1787 4546 stola

161 4604 297 4654 sua,
326 4585 573 4660 gradiens
605 4585 671 4668 lin
704 4584 1036 4640 multitudine
1064 4586 1390 4656 fortitudinis
1435 4601 1562 4640 suta.
1601 4583 1785 4640 LXX:

1881 3380 1999 3418 rum
2025 3382 2038 3418 :
2072 3362 2264 3434 Ligans
2290 3365 2360 3420 ad
2391 3367 2588 3422 tineam
2629 3368 2831 3436 pullam
2861 3387 3033 3441 suum,
3067 3385 3114 3428 et
3142 3376 3212 3428 ad
3247 3377 3423 3442 vitem,
3452 3395 3482 3433 ο

1878 3456 1958 3526 ﬁli
1980 3459 2070 3522 mi,
2096 3459 2300 3513 asinam
2321 3475 2510 3526 suam;
2533 3461 2723 3514 lavabit
2747 3465 2865 3516 vino
2886 3466 3075 3520 stolam
3096 3485 3262 3537 suam,
3294 3478 3340 3524 et
3367 3487 3491 3524 san-

1880 3551 2038 3622 guine
2085 3567 2196 3606 utne
2222 3553 2443 3623 pallium
2496 3571 2652 3608 suum
2683 3553 2880 3628 (Ibid,
2914 3559 3026 3628 ll).
3078 3560 3185 3617 ISte
3213 3573 3298 3618 est
3325 3579 3490 3634 quem

1882 3643 2160 3711 Angelics:
2209 3655 2514 3713 pote-States
2549 3647 2796 3703 videntes
2837 3651 2904 3704 ad
2938 3651 3153 3708 Patrem
3191 3658 3494 3714 ascendere

1882 3743 2196 3799 cruentum.
2231 3737 2506 3804 imperant
2547 3741 2769 3796 caeteris
2795 3741 3041 3814 Angelis,
3091 3757 3146 3800 et
3189 3747 3259 3801 ab
3286 3747 3366 3802 eis
3394 3763 3494 3802 au-

1885 3828 2044 3885 diunt
2069 3830 2288 3886 :L'vate
2315 3841 2514 3906 portus.
2546 3835 2835 3903 principes.
2860 3847 2881 3874 ο
2902 3849 3119 3905 vestras,
3148 3849 3195 3893 et
3224 3841 3498 3898 elevamini

1885 3932 2049 3994 porta:
2075 3926 2364 3992 astet-nales,
2396 3936 2444 3979 et
2484 3925 2719 3980 introibit
2760 3944 2852 3982 rea:
2877 3930 3085 3998 glorias.
3124 3931 3254 3995 Quis
3295 3944 3371 3988 est
3401 3939 3499 3989 iste

1885 4033 1977 4071 rex
2003 4018 2225 4092 glorise?
2251 4016 2506 4074 Dominus
2547 4023 2700 4090 fortis
2729 4031 2777 4076 et
2807 4033 3007 4091 potens.
3053 4023 3306 4080 Dominus
3345 4028 3499 4096 [ortis

1885 4109 1939 4164 in
1966 4111 2149 4180 prtt’lio
2176 4109 2349 4178 (Psat.
2377 4127 2534 4182 nm,
2554 4113 2610 4180 7,
2637 4115 2718 4184 8).
2749 4115 2812 4167 Et
2843 4115 3041 4169 iterum
3066 4135 3077 4169 :
3110 4115 3367 4172 Dominus
3402 4121 3502 4174 vir-

1887 4211 2078 4276 tutum,
2115 4207 2227 4275 ipse
2251 4217 2327 4262 est
2368 4224 2459 4261 rex
2487 4208 2672 4280 glorise
2699 4206 2891 4280 (Ibid.,
2919 4209 3036 4280 10.)
3072 4211 3196 4266 llwc
3227 4215 3498 4282 pra-Inisi-t

1890 4314 2032 4364 mus,
2067 4309 2125 4352 ut
2148 4317 2270 4355 cum
2303 4301 2426 4356 aliis
2459 4301 2787 4356 testimoniis
2816 4305 2981 4358 etiam
3016 4320 3257 4376 prmi-ns
3285 4311 3499 4377 capitu-

1891 4391 2001 4447 lum
2028 4409 2335 4465 congruere
2361 4395 2682 4452 doceamus.
2716 4395 2870 4453 Unde
2890 4407 2946 4452 et
2971 4400 3022 4454 in
3050 4398 3280 4456 Cantico
3301 4402 3500 4458 dicitur

1889 4487 2238 4544 Canticorum
2267 4509 2278 4543 :
2314 4488 2614 4546 Fratruelis
2645 4509 2792 4546 meus
2818 4492 3144 4550 rubicundus
3165 4505 3213 4552 et
3245 4498 3501 4552 candidus

1891 4578 2069 4650 (Cant.
2100 4596 2151 4644 v,
2189 4579 2311 4652 10);
2344 4580 2682 4636 rubicundus
2727 4585 2779 4638 in
2815 4584 3107 4653 passione;
3140 4589 3405 4642 candidus
3439 4589 3494 4644 in

172 4680 320 4748 Quis
344 4688 420 4732 est
440 4677 538 4732 iste
559 4679 648 4748 qui
676 4678 810 4732 venit
840 4677 904 4733 de
931 4675 1121 4746 Edom,
1155 4678 1313 4748 fulvis
1341 4675 1565 4733 vestibus
1595 4676 1660 4731 de
1687 4675 1792 4730 Bo-
1820 4667 1874 4730 D
1901 4674 2328 4729 resurrectimte.
2357 4673 2690 4744 Interrogant
2719 4674 2887 4747 igitur
2907 4677 3125 4748 Angeli,
3153 4680 3234 4734 rei
3267 4679 3507 4736 novitate

163 4792 260 4832 sor
279 4774 310 4830 .’
331 4771 360 4811 δ
394 4772 487 4830 Sic
513 4775 776 4844 formosus
801 4773 855 4826 in
882 4772 1015 4826 stola
1033 4789 1150 4838 sua,
1173 4773 1421 4828 violentia
1443 4789 1560 4827 cum
1586 4773 1794 4842 fortitu-

168 4868 328 4922 dine.
354 4864 584 4921 Omnem
612 4865 759 4921 hunc
783 4865 962 4920 locum
989 4865 1061 4919 ab
1092 4879 1160 4920 eo
1193 4868 1336 4930 laet),
1361 4865 1450 4920 ubi
1473 4866 1627 4936 juxta
1650 4864 1795 4922 LXX

168 4962 391 5017 dicitur
415 4976 430 5015 :
462 4957 798 5021 “luminare.
824 4958 1150 5026 illuminare,
1178 4957 1494 5029 Jerusalem,
1517 4960 1641 5031 quia
1662 4959 1798 5015 venit

171 5055 363 5110 (unua
393 5062 560 5121 tuum,
591 5064 640 5109 et
667 5053 838 5128 gloria
871 5053 1082 5108 Domini
1117 5069 1273 5121 super
1303 5063 1350 5108 te
1379 5063 1495 5108 orta
1523 5068 1594 5109 est
1627 5054 1648 5128 (
1665 5052 1794 5126 Cap.

170 5165 279 5213 Ls,
323 5145 405 5218 1).
437 5160 610 5218 usque
658 5146 727 5202 ad
761 5161 1003 5212 praesens
1033 5146 1356 5215 capitulum,
1413 5145 1506 5200 ubi
1551 5145 1788 5200 dicitur:

175 5241 320 5308 Quis
364 5249 438 5294 est
483 5241 582 5295 iste
612 5241 700 5303 qui
742 5241 878 5296 venit
920 5241 984 5294 ds
1025 5239 1214 5308 Edoni,
1262 5239 1433 5294 tinctis
1485 5237 1706 5292 vestibus
1732 5238 1796 5292 de

174 5331 397 5389 Βουσῖ
441 5331 601 5389 mttlti
636 5345 948 5390 noStrornm
993 5332 1238 5389 referunt
1265 5333 1331 5385 ad
1365 5331 1528 5386 linem
1583 5331 1791 5399 mundi,

177 5424 236 5482 in
269 5440 388 5496 quo
432 5423 551 5482 sive
595 5425 914 5494 carnaliter.
964 5424 1082 5482 sive
1135 5424 1494 5497 spiritualiter
1539 5422 1794 5494 (diversa

257 5617 289 5647 ι
308 5605 772 5679 CorrigitVictor.
797 5624 863 5665 cx
891 5606 1134 5666 Medicae
1154 5608 1345 5666 codice
1370 5605 1696 5678 negationem
1711 5621 1809 5672 pro

181 5681 627 5755 negotiationem,
666 5697 826 5754 quam
875 5683 1124 5752 proiecto
1163 5680 1358 5737 falsam
1408 5679 1703 5736 lectionem
1735 5679 1812 5733 ait

191 5768 598 5907 fsgeéorrupte
619 5821 796 5907 inquit
812 5823 1032 5907 \lictor:
1060 5824 1369 5907 Sic_legitt_tr
1395 5838 1498 5907 pro
1515 5820 1812 5907 Dicftiam

1897 4768 2178 4840 perterriti
2226 4767 2576 4842 (llysterium
2609 4771 2758 4826 enim
2791 4771 3066 4842 passionis
3107 4781 3163 4826 et
3221 4789 3504 4830 resurrec-

1895 4865 2060 4921 tioni~
2078 4863 2278 4920 Christi
2297 4864 2595 4919 secundum
2619 4866 2926 4934 apostolum
2946 4865 3173 4920 Paulum
3200 4866 3242 4936 (l
3268 4865 3393 4922 Cor.
3416 4867 3503 4939 ιι),

1897 4959 2108 5016 Cunctis
2137 4967 2285 5014 retro
2306 4957 2758 5028 generationibus
2781 4958 2957 5014 fuerat
2987 4961 3348 5032 ignoratum).
3378 4963 3510 5032 Quis

1897 5062 1984 5108 cst
2011 5052 2111 5106 iste
2134 5053 2223 5122 qui
2247 5052 2315 5108 de
2342 5059 2485 5106 terra
2509 5047 2536 5087 ἀ
2568 5049 2741 5105 Edam
2777 5061 3040 5106 cruentus
3069 5052 3332 5108 advenit?
3364 5070 3508 5112 ειιιιιι

1899 5144 2087 5214 (ει-ιιι)
2115 5143 2312 5214 quippe
2335 5145 2387 5196 in
2409 5142 2647 5212 linguam
2667 5152 2906 5199 nostram
2927 5153 2982 5199 et
3009 5153 3305 5214 terrenaspt
3326 5163 3513 5204 cruen-

1900 5247 1981 5292 tus
2011 5240 2358 5308 exprimitur.
2388 5234 2590 5290 Tinctis
2615 5236 2834 5290 testibus
2862 5237 2926 5292 de
2947 5234 3153 5292 Βυειαΐ
3173 5238 3327 5305 Quod
3354 5239 3512 5295 multi

1904 5331 1995 5401 pio
2023 5345 2215 5386 errore
2246 5329 2406 5398 lapsi.
2456 5337 2648 5394 putant
2674 5330 2742 5384 de
2771 5343 2938 5384 carne
2988 5328 3205 5384 Domini
3236 5329 3464 5397 intelligi
3493 5347 3510 5384 :

1901 5422 1954 5479 id
1983 5434 2087 5491 est,
2134 5438 2300 5478 nassa
2325 5423 2516 5496 (πω),
2551 5423 2697 5494 quod
2727 5424 2950 5478 verbum
2981 5422 3025 5476 si
3075 5437 3282 5475 carnem
3309 5421 3518 5491 signiti-

1907 5601 2057 5668 οὗτος
2073 5648 2088 5669 ,
2119 5602 2315 5661 Latine
2335 5606 2454 5660 iste.

1986 5689 2008 5755 ξι
2047 5682 2120 5732 l1!
2148 5675 2342 5732 Cra-co
2369 5675 2528 5755 ἅράτι
2548 5675 2716 5755 «Qui;
2737 5675 2783 5730 oi.
2809 5672 3066 5750 ἄρχοντες
3094 5676 3260 5746 ὑμῶν,
3282 5686 3339 5732 et
3356 5677 3516 5752 Vulg.

1911 5748 2045 5804 edit.
2079 5761 2275 5803 vestras
2309 5747 2415 5818 pru'
2437 5759 2588 5802 vestri
2623 5747 2912 5818 νίψω-(ιη
2937 5758 3067 5801 sun.

1984 5818 2010 5857 ά
2044 5821 2250 5875 Nomen
2285 5817 2476 5884 Edam,
2524 5820 2670 5888 quod
2703 5817 2790 5872 hic
2819 5817 3031 5882 deerat,
3083 5819 3405 5886 Sttpplemns
3449 5837 3518 5878 ex

195 5894 259 5950 in
287 5889 719 5963 commentario}
752 5898 953 5969 quippe
978 5913 1102 5955 cum
1126 5889 1489 5956 Hebraice'sit
1512 5905 1596 5963 ΓΠ,
1623 5893 1816 5952 Graeco
1915 5891 2279 5949 Ambrosiam
2301 5905 2405 5946 ms.
2433 5893 2484 5947 iu
2509 5903 2616 5958 quo
2643 5904 2773 5946 mox
2792 5897 2879 5947 est
2897 5889 3146 5947 adveniat
3169 5906 3269 5964 pro
3288 5892 3526 5947 advenit.
