3972 6328
521 247 621 309 611

1773 243 1831 303 ι.
1876 239 2145 311 ευεειιιι
2186 235 2572 313 ωΕΠΟΝῐΜΙ
3686 242 3765 325 ιιι

517 371 692 431 caret,
748 362 1082 418 scriberetur
1123 372 1222 430 per
1250 356 1488 416 mediam
1531 358 1773 417 litteram
1822 373 1926 426 sis,
1983 372 2127 415 nunc
2154 364 2207 427 Α
2232 359 2397 431 pollui
2441 357 2622 432 [Vulg.
2657 356 2967 437 inquinari].
3001 356 3126 413 Dies
3152 358 3287 414 enim
3314 338 3550 416 ultionis
3594 334 3767 414 intortio

518 466 699 512 autem
738 468 835 524 per
855 467 990 508 sane
1013 450 1292 515 scribitur.
1314 462 1367 508 et
1386 451 1774 523 interpretatur
1789 451 1943 523 firma
1961 460 2122 523 atque

516 549 748 605 munita:
776 544 919 619 quod
946 543 1029 601 vel
1048 545 1116 601 dc
1139 544 1445 603 Jerusalem
1473 545 1777 618 accipimus
1804 546 1978 618 (Psal.
2011 561 2118 615 ιιι,

515 637 633 709 11).
664 651 786 709 qua:
824 635 1155 692 ﬁrmissimis
1182 636 1353 693 muris
1381 637 1479 692 fuit
1521 645 1646 694 ante
1676 636 2031 701 circumdata,
2068 636 2119 690 in

511 745 616 802 qua
651 743 844 800 passus
874 736 961 784 est
992 728 1292 797 Dominus;
1326 728 1412 785 vel
1454 728 1522 786 de
1552 728 1789 796 inferno,
1819 727 1887 785 de
1929 744 2035 800 quo
2067 727 2119 782 in

510 822 969 899 quinquagesimo
988 840 1133 880 nono
1160 834 1216 881 et
1241 825 1294 878 in
1317 823 1619 883 centesimo
1645 824 1880 894 septimo
1907 824 2121 896 psalmo

509 900 771 989 scriptum
808 923 930 973 e~t:
968 914 1097 984 Quis
1125 914 1342 972 deducet
1370 931 1450 970 me
1477 916 1536 973 in
1565 915 1829 972 civitatem
1868 914 2121 970 munitam

510 1008 688 1084 (Psal.
719 1024 845 1080 cvu,
881 1007 1008 1082 il)?
1037 1008 1091 1064 in
1120 1024 1224 1078 qua
1249 1008 1455 1067 clausa:
1486 1017 1619 1064 sunt
1648 1007 1841 1063 anima:
1874 1015 2121 1065 mortuo-

510 1119 658 1172 rum,
691 1114 746 1160 et
773 1101 1109 1161 circumdata
1133 1111 1217 1157 est
1245 1099 1578 1161 ﬁrmissimis
1606 1100 1895 1156 custodiis.
1931 1099 2120 1157 Scien-

518 1197 647 1255 dum
675 1211 894 1268 quoque
919 1196 1065 1269 quod
1091 1197 1241 1267 justa
1263 1195 1548 1255 historiam
1578 1208 1744 1251 cosas
1775 1191 1978 1267 (mn)
2009 1208 2116 1249 non

508 1287 583 1347 sit
605 1287 658 1341 in
690 1287 888 1353 Edom,
921 1287 1017 1342 sed
1041 1288 1092 1341 in
1114 1286 1291 1343 Moab.
1327 1287 1626 1359 Sequitur:
1662 1285 1753 1343 Sic
1780 1290 2039 1357 [annosus
2062 1285 2117 1341 in

508 1380 645 1435 stola
674 1396 793 1450 sua,
823 1379 1071 1454 gradiens
1094 1381 1146 1434 in
1177 1378 1508 1435 multitudine
1533 1377 1859 1451 fortitudinis
1885 1393 2012 1432 suae.
2038 1376 2116 1432 Dc

506 1488 616 1552 quo
635 1482 690 1529 et
714 1472 1165 1544 quadragesimus
1192 1483 1423 1543 quartus
1464 1471 1706 1544 psalmus
1737 1468 1896 1545 747
1926 1470 2073 1527 canit
2099 1487 2112 1524 :

506 1566 795 1627 Formosus
823 1569 1005 1625 decore
1032 1583 1141 1641 pra?
1166 1564 1294 1633 ﬁliis
1310 1565 1601 1621 hominum.
1627 1566 1913 1637 Accingere
1936 1562 2115 1639 gladio

506 1672 596 1719 tuo
624 1680 780 1734 super
822 1665 991 1734 feniur
1022 1671 1188 1727 tuum,
1218 1670 1241 1698 °
1272 1662 1645 1731 potentissime.
1701 1658 1888 1732 Specie
1928 1669 2019 1713 tua
2065 1668 2116 1714 et

2225 469 2355 517 meo,
2370 469 2539 507 annus
2559 451 2926 527 redemptionis
2944 467 3070 507 mete
3089 453 3243 508 venit.
3265 451 3766 525 Circumspexi,etnctt

2224 555 2333 600 erat
2358 546 2676 603 auxiliator:
2702 545 2933 618 quaesivi,
2966 553 3013 599 et
3044 562 3147 601 non
3173 556 3282 601 erat
3306 546 3401 618 qui
3425 544 3692 620 adjuverat.
3718 542 3771 602 ει

2221 638 2438 693 saluauit
2467 639 2594 693 mihi
2620 639 2890 695 brachium
2918 655 3109 709 meum,
3151 649 3200 694 et
3239 639 3533 711 indignatio
3572 653 3664 693 mea
3684 638 3773 707 ipsa

2222 731 2477 789 auxiliata
2495 741 2569 788 est
2593 733 2740 788 mihi.
2756 729 2825 785 Et
2847 730 3149 788 conculcari
3171 730 3396 805 populos
3417 734 3471 787 in
3495 734 3652 808 furore
3666 748 3772 803 meo,

2222 832 2269 877 et
2299 823 2549 880 inebriaui
2577 840 2664 879 eos
2686 823 2742 881 in
2767 823 3128 899 indignatione
3151 841 3284 896 mea,
3328 833 3377 880 ct
3403 823 3607 880 detraxi
3632 826 3671 879 in
3693 834 3776 879 ter-

2220 932 2335 972 rain
2363 914 2603 981 virtutem
2643 910 2840 973 eorum.
2897 917 3257 991 Septuaginta
3291 931 3389 990 pro
3418 932 3485 975 eo
3532 917 3657 991 quod
3697 932 3778 976 nos

2220 1005 2476 1073 diximus,
2502 1007 2733 1063 torcular
2755 1009 2957 1067 calcari
2980 1012 3146 1081 salus,
3175 1008 3519 1083 interpretati
3550 1020 3675 1077 sunt,
3693 1013 3776 1082 plc-

2219 1114 2341 1153 num
2368 1100 2749 1171 conculcatum,
2778 1102 2923 1177 quod
2949 1103 3124 1177 magis
3143 1118 3271 1161 cum
3295 1103 3569 1176 superiori
3593 1104 3779 1178 capitulo

2217 1190 2506 1264 legendum
2533 1204 2640 1266 est,
2665 1210 2825 1267 quam
2852 1207 2909 1249 nt
2940 1195 3011 1251 sit
3031 1194 3314 1267 sequentis
3336 1195 3666 1270 principium.
3684 1195 3783 1253 Ca:-

2218 1291 2333 1340 lera
2367 1285 2448 1343 sic
2479 1287 2899 1343 transtulerunt.
2933 1287 3003 1343 Et
3032 1288 3097 1346 de
3120 1289 3353 1364 gentibus
3380 1290 3458 1347 vir
3487 1307 3589 1345 non
3615 1300 3674 1346 est
3698 1308 3784 1347 nte-

2217 1393 2354 1444 cum,
2388 1390 2436 1437 et
2464 1378 2763 1437 conculcari
2806 1397 2892 1436 eos
2934 1382 2989 1438 in
3028 1384 3204 1450 furore
3233 1399 3369 1455 meo,
3399 1393 3448 1438 et
3473 1385 3683 1458 confugi
3716 1401 3787 1445 eos

2213 1471 2363 1543 quasi
2393 1479 2609 1533 terram.
2630 1480 2676 1526 et
2699 1472 2892 1527 deduxi
2918 1475 3223 1549 sanguinem
3256 1491 3440 1530 eorum
3468 1476 3521 1531 in
3543 1486 3729 1544 terram,
3750 1487 3789 1533 et

2217 1562 2388 1616 omnia
2405 1563 2704 1619 vestimenta
2723 1581 2835 1619 mea
2855 1564 3144 1636 inquinari.
3165 1564 3290 1621 Dies
3315 1567 3451 1623 enim
3473 1567 3793 1627 retributionis

2214 1656 2350 1713 venit
2389 1657 2486 1722 eis,
2516 1667 2568 1711 et
2606 1674 2774 1713 annus
2801 1657 3169 1735 redemptionis
3196 1659 3365 1715 adest.
3392 1658 3609 1733 Aspexi,
3642 1670 3682 1715 et
3702 1678 3792 1723 non

503 1758 892 1830 pulchritudine
920 1766 1030 1825 tua,
1075 1756 1305 1825 intende,
1334 1770 1584 1827 prospere
1609 1753 1829 1829 procede
1873 1761 1921 1809 et
1952 1769 2111 1826 regna
2139 1764 2187 1827 Β
2214 1758 2326 1804 erat
2366 1750 2654 1811 auxiliator
2682 1769 2700 1807 :
2728 1752 3054 1807 considerari
3071 1795 3086 1823 ,
3133 1762 3184 1807 et
3232 1750 3414 1808 nullus
3457 1753 3550 1827 qui
3575 1755 3794 1823 prteberet

505 1850 682 1927 (Psal.
735 1866 883 1919 thv,
914 1849 1057 1923 5-5).
1116 1849 1225 1906 Pro
1267 1866 1374 1921 quo
1427 1849 1778 1920 Septuaginta
1819 1847 2111 1907 transtule-

502 1954 650 2006 runt.
694 1943 940 2000 violentia
984 1958 1102 2001 cum
1128 1940 1460 2015 fortitudine.
1492 1939 1648 2011 Quod
1691 1955 1854 2015 quem
1886 1953 2112 1999 sensum

505 2034 705 2090 habeat
737 2034 979 2109 prudens
1006 2034 1179 2090 lector
1204 2032 1463 2104 inquirat.

573 2126 688 2203 Ego
713 2129 800 2199 qui
824 2128 1007 2199 loquor
1021 2126 1307 2197 justitiam,
1330 2134 1378 2180 et
1402 2133 1763 2198 propugnator
1780 2140 1893 2183 sum
1912 2123 1981 2179 ad
2004 2124 2109 2178 sal-

500 2221 746 2279 vandum.
777 2217 959 2279 LXX:
996 2216 1107 2293 Ego
1134 2217 1223 2288 qui
1254 2216 1439 2289 loquor
1459 2216 1745 2289 justitiam,
1774 2223 1822 2268 et
1836 2214 2108 2286 ‘judicium

497 2312 763 2371 salutaris.
799 2311 1103 2381 Respondit
1130 2310 1395 2365 Dominus
1424 2307 1891 2381 interrogantibus
1922 2309 2103 2381 Ange-

495 2404 564 2462 lis
591 2424 602 2459 :
628 2404 885 2481 Qumritis
912 2402 1003 2475 qui
1050 2402 1177 2472 sim,
1208 2402 1300 2476 qui
1330 2402 1397 2458 ad
1428 2402 1598 2459 etelos
1625 2411 1887 2459 cruentus
1914 2416 2106 2456 ascen-

496 2505 646 2567 dam,
674 2508 732 2555 et
758 2498 982 2571 sanguis
1007 2512 1117 2570 quo
1147 2511 1406 2567 aspersus
1444 2509 1588 2562 sum,
1623 2510 1731 2551 non
1763 2495 1896 2549 milii
1925 2492 2105 2550 defor-

495 2595 738 2651 mitatem
771 2591 1042 2658 tribuerit,
1073 2588 1170 2645 sed
1209 2586 1506 2645 decorem?
1532 2587 1647 2659 Ego
1684 2602 1805 2642 sum
1829 2586 1913 2642 cui
1944 2586 2104 2645 Pater

494 2685 721 2744 tradidit
738 2698 901 2743 omne
919 2683 1179 2752 iudicium
1197 2679 1378 2752 (Joan.
1404 2680 1481 2753 v).
1515 2679 1594 2737 De
1613 2695 1722 2751 quo
1739 2689 1794 2735 et
1814 2678 2100 2737 Psalmista

490 2778 751 2837 dicebat;
806 2774 949 2830 Deus
976 2771 1244 2847 judicium
1295 2780 1444 2827 tuum
1487 2773 1598 2843 regi
1627 2775 1718 2840 da,
1748 2781 1795 2827 et
1831 2773 2100 2845 justitiam

492 2884 633 2931 tuam
664 2872 777 2942 ﬁlio
805 2871 943 2945 regis
973 2867 1149 2942 (Psal.
1178 2884 1327 2937 Lm,
1354 2869 1428 2939 l).
1456 2869 1559 2935 Qui
1584 2869 2095 2943 loquorjustitiain:

2213 1844 2509 1915 auxilium;
2543 1854 2589 1900 et
2616 1847 2748 1901 eruit
2779 1862 2867 1901 eos
2894 1844 3165 1901 brachium
3203 1863 3396 1917 meum,
3427 1855 3476 1903 et
3507 1853 3648 1921 furor
3670 1864 3795 1906 meus

2210 1939 2436 2008 aduenit,
2463 1949 2512 1996 et
2541 1939 2843 1996 conculcari
2867 1956 2955 1996 eos
2982 1940 3037 1996 in
3067 1939 3146 1997 ira
3177 1956 3307 2003 mea.
3339 1949 3388 1995 et
3413 1940 3610 1998 deduxi
3631 1942 3678 1995 in
3702 1950 3793 1996 ter-

2206 2047 2321 2084 ram
2346 2031 2653 2106 sanguinem
2696 2047 2891 2087 eorum.
2930 2032 3037 2089 Pro
3066 2031 3326 2089 torculari
3356 2031 3498 2105 quod
3549 2032 3795 2091 ﬂebraice

2210 2123 2408 2183 dicitur
2436 2140 2577 2183 eam
2606 2128 2744 2197 (ns),
2787 2125 3093 2183 Theodotio
3125 2127 3301 2197 ipsum
3329 2125 3559 2184 verbum
3592 2127 3797 2185 Hebrai-

2208 2230 2333 2272 cum
2384 2219 2565 2287 posuit
2612 2217 3025 2293 pnuns(m1:t).
3060 2218 3168 2275 Sed
3218 2218 3417 2275 melius
3464 2220 3516 2275 iu
3564 2220 3793 2277 bocloco

2206 2308 2586 2382 Symmachus,
2604 2327 2765 2383 quem
2785 2322 2837 2366 et
2857 2326 2956 2367 nos
2978 2313 3152 2368 secuti
3170 2326 3381 2368 sumus.
3398 2311 3632 2370 Verbum
3657 2314 3792 2371 enim

2206 2402 2383 2460 puu‘na
2423 2403 2736 2476 ambiguum
2772 2412 2877 2472 est,
2914 2411 2969 2460 et
2998 2412 3106 2461 tam
3148 2403 3398 2477 torcular,
3441 2420 3594 2477 quam
3623 2408 3791 2479 lagun-

2205 2495 2378 2549 culam
2408 2496 2728 2567 plerumque
2754 2495 3045 2569 significat.
3082 2496 3383 2553 Dicendum
3413 2507 3497 2555 est
3532 2501 3698 2570 itaque
3720 2498 3788 2557 de

2204 2587 2491 2654 torculari,
2525 2588 2669 2657 quod
2694 2588 2853 2660 juxta
2893 2587 3194 2661 Scriptum
3222 2599 3430 2646 sanctas
3457 2590 3785 2648 consuetudi-

2203 2695 2351 2751 nem,
2386 2681 2660 2737 interdum
2694 2698 2794 2754 pro
2821 2683 3029 2739 ultione
3068 2691 3233 2755 atque
3265 2684 3548 2757 suppliciis
3584 2684 3786 2755 ponitur

2201 2785 2571 2847 peccatorum,
2622 2775 2895 2832 Interdum
2949 2779 3001 2832 in
3057 2780 3487 2850 congregatione
3535 2792 3776 2834 novorum

2196 2867 2498 2924 fructuum.
2513 2867 2622 2925 Pro
2641 2869 2817 2938 ρωιιὶε
2833 2870 3054 2939 ponitur
3070 2880 3233 2942 atque
3256 2872 3566 2935 tormentis,
3585 2869 3776 2942 quando

490 2974 553 3023 ut
579 2964 737 3020 malis
781 2961 944 3032 mala,
993 2969 1049 3017 et
1096 2960 1255 3017 bonis
1286 2961 1586 3019 retribuam
1632 2960 1807 3027 bona;
1850 2963 1939 3035 qui
1973 2963 2095 3021 veni
2197 2960 2468 3016 Jeremias
2497 2959 2550 3015 in
2593 2959 3099 3017 Lamentationlbus
3146 2961 3417 3033 plangens
3459 2964 3770 3019 eversionem

485 3073 728 3133 pugnare
765 3068 957 3116 contra
1008 3058 1361 3116 adversarias
1394 3068 1717 3129 potesmtes,
1764 3068 1821 3117 et
1866 3059 2094 3129 captivis
2194 3051 2498 3107 Jerusalem
2523 3052 2793 3124 loquitur:
2828 3051 3590 3109 TorcularcalcacitDominus
3608 3053 3773 3129 sirgirrl

486 3152 790 3225 praedicare
836 3151 1239 3222 remissionem,
1268 3159 1325 3207 et
1352 3148 1568 3209 vinetos
1592 3149 1661 3206 de
1704 3164 1932 3207 carcere
1962 3149 2094 3209 libe-
2120 3157 2169 3225 ρ
2196 3145 2324 3215 ﬁlia!
2337 3143 2498 3208 Iuda.
2518 3144 2635 3199 ideo
2662 3161 2754 3219 ego
2784 3145 2929 3214 ploro
2954 3143 3228 3217 (Thmui,
3256 3144 3344 3213 i5,
3380 3148 3493 3219 16).
3524 3147 3768 3204 lubouam

485 3261 635 3315 rare,
660 3253 796 3307 utet
817 3244 1118 3303 adversarii
1140 3260 1351 3317 poenas,
1376 3256 1431 3303 et
1455 3245 1654 3317 captivi
1671 3244 1907 3301 sentiant
1930 3243 2096 3303 liber-
2197 3251 2406 3311 partem
2436 3239 2809 3296 inscribuntur
2834 3242 3028 3313 psalmi
3053 3256 3154 3313 pro
3179 3243 3549 3299 torcularibus
3575 3252 3769 3299 octavus

485 3347 677 3398 tatem.

559 3435 740 3508 (νοτε.
765 3434 848 3506 2.)
874 3433 1053 3503 Quare
1071 3449 1195 3506 ergo
1215 3432 1429 3491 rubrum
1443 3440 1517 3487 est
1543 3431 1897 3489 indumentum
1920 3437 2085 3499 tuum,

480 3535 531 3585 et
561 3529 862 3581 uestimenta
889 3536 978 3587 tua
1004 3523 1033 3565 δ
1060 3526 1193 3580 sicut
1241 3524 1555 3579 calcantium
1600 3523 1875 3579 torcular?
1905 3519 2085 3577 LXX:

483 3620 658 3689 Quare
683 3621 839 3675 rubra
860 3630 979 3677 sunt
998 3622 1298 3675 uestimenta
1317 3629 1427 3686 tua,
1447 3628 1493 3677 et
1521 3618 1819 3674 indumenta
1841 3625 1930 3672 tua
1952 3618 2094 3671 sicut

479 3713 795 3775 micantium
827 3713 1081 3776 torcular,
1130 3712 1343 3781 plenum
1372 3709 1766 3765 conculcatuin?
1806 3707 1909 3763 Ubi
1943 3721 2085 3765 nunc

477 3806 703 3873 dicitur,
722 3806 957 3875 rubrum,
980 3806 1034 3861 in
1051 3803 1282 3859 Hebraeo
1298 3802 1493 3877 legitur
1525 3814 1669 3859 soon
1693 3796 1909 3873 (nun).
1939 3798 2084 3872 Ergo

475 3911 533 3961 et
551 3916 712 3974 supra
740 3901 829 3959 ubi
853 3898 1115 3957 scribitur
1141 3897 1337 3968 Edam,
1363 3914 1469 3957 non
1498 3896 1604 3953 luci
1628 3896 1949 3955 vocabulum
1972 3906 2079 3968 est,

472 3994 571 4052 sed
601 4008 799 4052 nomen
828 3990 1134 4064 sanguinis.
1183 3991 1419 4047 Rursum
1444 4000 1624 4051 autem
1652 3990 1843 4065 Angeli
1890 3989 2082 4049 scisci-

470 4095 657 4143 tantur
686 4094 742 4143 et
765 4084 989 4141 dicunt:
1018 4082 1318 4141 Didicimus
1343 4082 1485 4154 quod
1510 4091 1567 4143 tu
1588 4083 1687 4153 sis,
1713 4081 1805 4152 qui
1835 4081 2079 4152 loqueris

463 4181 760 4253 justitiam,
793 4187 850 4237 ct
875 4177 1028 4239 salus
1057 4179 1304 4235 omnium
1337 4178 1392 4234 in
1422 4186 1516 4235 tuo
1543 4176 1615 4233 sit
1638 4176 1845 4251 judicio
1871 4179 2078 4233 consti-

467 4283 606 4330 tuta.
638 4272 797 4333 Nunc
815 4271 963 4329 scire
994 4272 1275 4337 volumus,
1307 4285 1476 4344 quare
1498 4270 1826 4331 vestimenta
1844 4277 1938 4325 tua
1965 4267 2080 4325 sint

457 4370 614 4428 velut
626 4378 809 4427 musto
834 4367 1028 4433 tincta.
1056 4375 1149 4427 aut
1165 4367 1295 4439 quid
1319 4381 1500 4423 causa:
1527 4357 1823 4435 exstiterit,
1851 4374 1911 4419 ut
1932 4363 2075 4419 tuni-

455 4479 581 4523 cam
607 4478 731 4536 quas
760 4461 998 4532 desuper
1051 4471 1196 4517 testa
1248 4470 1355 4533 est,
1404 4469 1459 4517 et
1488 4458 1664 4517 scindi
1718 4474 1827 4515 non
1866 4466 2071 4529 potest,

2194 3342 2250 3390 et
2278 3335 2645 3406 octogesimus
2692 3333 2906 3390 tertius.
2944 3333 3019 3391 De
3047 3335 3251 3405 quibus
3282 3334 3337 3390 in
3369 3335 3485 3391 suis
3512 3336 3657 3402 locis,
3686 3346 3708 3374 ι’
3730 3331 3771 3389 si

2193 3427 2302 3481 vita
2341 3441 2527 3485 comes
2567 3426 2749 3494 fuerit,
2804 3426 3038 3483 Domino
3067 3425 3371 3498 praebente,
3417 3429 3645 3486 dicetur.
3674 3427 3771 3485 Hoc

2192 3520 2455 3589 torcular,
2488 3519 2542 3574 in
2574 3533 2681 3591 quo
2712 3528 2766 3575 et
2792 3520 2953 3576 inalis
2982 3519 3272 3591 supplicia,
3300 3530 3356 3577 et
3387 3521 3544 3578 bonis
3573 3520 3769 3592 prmnila

2188 3627 2218 3667 a
2252 3610 2541 3668 salvatore
2564 3612 2861 3682 calcantur,
2887 3612 3039 3668 solus
3060 3612 3178 3684 ipse
3200 3608 3457 3681 calcavit,
3481 3615 3773 3683 nullumque

2189 3707 2378 3764 babuit
2424 3709 2754 3781 adjuturcm.
2806 3707 2997 3778 Neque
3046 3709 3196 3765 enim
3248 3709 3512 3783 Angelus,
3563 3719 3652 3766 aut
3683 3706 3775 3764 Ar-

2186 3801 2505 3874 cliangclus,
2527 3801 2754 3870 'l‘lironi,
2779 3801 3214 3873 Dominationes,
3244 3812 3338 3858 ant
3359 3804 3467 3869 ulla
3485 3803 3772 3862 caelestium

2185 3902 2533 3966 potesmtum,
2567 3895 2863 3950 humanum
2880 3904 3079 3967 carpus
3100 3896 3417 3968 assumpsit,
3438 3904 3497 3954 et
3516 3913 3611 3970 pro
3630 3894 3777 3951 nobis

2184 4000 2375 4057 passus
2404 3996 2508 4059 est,
2559 3994 2613 4042 ct
2640 3987 2984 4043 eonculeavit
3022 3985 3372 4044 adversarias
3421 3989 3768 4052 fortitudines,

2179 4089 2342 4150 atque
2370 4080 2661 4134 contrivit:
2691 4076 2858 4152 749
2886 4078 2992 4135 nisi
3041 4079 3135 4151 ille
3159 4078 3256 4151 qui
3283 4079 3529 4152 loquitur
3553 4083 3605 4138 ln
3637 4077 3775 4151 psalo

2181 4187 2295 4228 mo:
2331 4174 2545 4229 Salvum
2574 4188 2652 4228 me
2679 4177 2785 4245 fac,
2818 4172 3059 4242 Domine,
3089 4177 3335 4241 quoniam
3363 4176 3554 4247 defecit
3571 4182 3772 4232 sanctus

2180 4262 2352 4338 (Psal.
2385 4281 2461 4335 xx,
2499 4267 2587 4337 l);
2623 4267 2675 4320 in
2711 4275 2945 4337 tantum,
2978 4268 3233 4336 utetiam
3254 4269 3775 4337 conﬁdentissimus,

2177 4368 2232 4417 et
2264 4361 2315 4415 in
2345 4359 2466 4415 lidei
2509 4361 2740 4415 veritate
2767 4357 3116 4417 ﬁrmissimus
3143 4363 3429 4433 apostolus
3466 4363 3678 4430 Petrus,
3713 4359 3780 4415 ti-

2176 4469 2329 4515 more
2356 4454 2576 4511 tcrritus
2604 4451 2825 4523 fugerit,
2854 4452 3022 4507 immo
3048 4453 3344 4510 Dominum
3377 4458 3586 4527 negarit
3611 4450 3783 4525 (Mat-

457 4567 515 4615 et
543 4557 611 4613 de
638 4566 797 4613 utero
821 4547 1071 4627 virginali
1101 4560 1314 4611 tantum
1334 4550 1629 4609 candorem
1652 4546 1862 4617 habuit,
1892 4564 2061 4622 quan—
2089 4548 2144 4619 ι)
2169 4544 2244 4597 th.
2269 4542 2463 4616 xxvn).
2491 4541 2758 4614 Quodque
2786 4545 3073 4614 sequitur:
3103 4543 3172 4601 Et
3199 4563 3449 4619 aspersus
3469 4559 3542 4615 est
3566 4544 3783 4619 sanguis

455 4660 571 4707 tum
593 4649 779 4709 nullus
802 4646 1067 4707 fullonum
1098 4648 1268 4718 possit
1291 4644 1471 4705 facere
1492 4659 1658 4715 super
1679 4652 1903 4711 terram,
1936 4657 2063 4698 san-
2164 4653 2346 4693 eorum
2373 4653 2533 4708 super
2560 4638 2862 4693 vestimenta
2889 4655 3024 4709 mea.
3058 4649 3106 4695 ει
3128 4642 3309 4696 omnia
3332 4643 3638 4705 indumenta
3665 4654 3784 4695 ηιεα

453 4745 617 4819 guine
647 4741 1002 4803 cruentares?
1034 4739 1204 4812 Magis
1234 4738 1382 4793 enim
1415 4737 1509 4793 tibi
1542 4735 1832 4792 clementia
1862 4749 2062 4791 conve—
2167 4727 2352 4797 pollui,
2385 4740 2727 4797 nequaquam
2758 4729 2839 4785 sic
2867 4729 3309 4802 intelligendum,
3334 4742 3397 4789 ut
3421 4732 3704 4793 (immanes
3731 4735 3789 4786 et

452 4839 560 4909 nit,
607 4852 768 4908 quam
805 4834 1134 4893 crudelitas:
1187 4831 1358 4904 magis
1403 4827 1630 4897 candor,
1665 4842 1826 4903 quam
1875 4842 2060 4885 cruor.
2162 4820 2505 4875 adversarias
2538 4829 2837 4890 potestates
2866 4824 3185 4897 sanguinem
3219 4825 3426 4885 habere
3450 4827 3780 4897 credamus:

452 4927 662 4998 Quibus
706 4927 995 4999 respondit
1048 4926 1339 4992 Dominus,
1373 4937 1482 4983 non
1536 4934 1645 4983 uno
1678 4919 1969 4987 versiculo,
2003 4928 2062 4975 ut
2162 4912 2259 4969 sed
2294 4914 2636 4987 tropologlce
2667 4917 2989 4988 accipienda
3017 4927 3146 4976 sunt
3173 4922 3382 4992 omnia,
3417 4922 3633 4994 quando
3666 4919 3789 4976 cle-

453 5019 748 5092 prius,sed
777 5019 963 5077 multis
983 5016 1199 5074 verbis:
1227 5024 1284 5072 nt
1304 5013 1485 5070 omnia
1508 5010 1701 5068 doceat
1724 5012 2055 5085 ignorantes,
2163 5007 2541 5064 mentissimus
2562 5008 2708 5067 Deus
2732 5010 2799 5066 ad
2827 5011 3191 5069 erudiendum
3218 5002 3481 5086 populum
3509 5031 3704 5080 suum,
3731 5018 3793 5070 et

448 5126 522 5173 ne
548 5126 767 5169 rursum
798 5125 1047 5181 qumrcre
1076 5108 1499 5181 compellantur.
2158 5102 2494 5172 captivitatis
2523 5104 2758 5160 vinculis
2790 5105 3149 5178 liberandum,
3199 5108 3391 5167 hostes
3422 5111 3589 5169 ferire
3614 5123 3793 5168 com-

520 5203 704 5280 (Vers.
738 5204 774 5261 5
798 5203 980 5276 seqq.)
1012 5200 1270 5259 Torcular
1301 5202 1497 5259 calcari
1525 5200 1693 5270 solus,
1727 5209 1773 5255 et
1801 5199 1866 5254 de
1892 5201 2062 5274 genti-
2162 5195 2405 5266 pellitur.
2432 5194 2556 5252 Dies
2571 5199 2729 5267 enim,
2764 5198 2964 5271 inquit,
2995 5201 3213 5257 ultionis
3238 5203 3294 5258 in
3321 5205 3479 5260 corde
3501 5220 3655 5260 meo:
3683 5217 3793 5263 απιο

446 5299 541 5356 bus
574 5306 781 5355 nonest
819 5296 896 5353 vir
926 5309 1147 5351 mecum.
1182 5291 1391 5348 Calcavi
1422 5308 1508 5347 eos
1549 5292 1603 5347 in
1631 5292 1810 5363 furore
1835 5308 1969 5361 meo,
2014 5301 2062 5349 et

446 5392 746 5447 conculcari
771 5407 859 5445 eos
883 5390 937 5445 in
960 5390 1041 5442 ira
1064 5402 1212 5442 mea:
1234 5394 1284 5442 et
1296 5401 1545 5456 aspersus
1562 5390 1635 5438 est
1656 5385 1867 5457 sanguis
1884 5401 2063 5439 eorum

443 5499 600 5555 super
630 5484 933 5540 uestimenta
955 5478 1122 5553 7&8
1146 5496 1283 5546 mea,
1316 5488 1366 5533 et
1396 5479 1577 5539 omnia
1608 5477 1914 5533 indumenta
1943 5491 2061 5537 mea

2164 5306 2259 5345 nus
2290 5291 2657 5362 redemptionis
2678 5308 2803 5349 mete
2822 5294 2979 5348 venit.
3009 5292 3089 5351 De
3110 5310 3218 5367 quo
3240 5306 3297 5353 et
3326 5308 3489 5369 supra
3515 5295 3625 5370 (Ad
3650 5311 3787 5365 cap.

2166 5387 2279 5454 ωιι)
2310 5383 2562 5456 legimus,
2619 5386 2671 5440 in
2701 5385 2902 5442 bonam
2952 5398 3157 5459 partem
3214 5390 3515 5458 pra‘dicare
3558 5398 3783 5445 annum

2164 5477 2378 5534 Domini
2412 5489 2719 5552 acceptum,
2746 5491 2803 5537 et
2823 5481 2971 5545 diem
2994 5482 3375 5545 retributionis
3394 5484 3509 5547 Deo
3538 5490 3775 5551 nostro:

2224 5608 2253 5651 δ
2286 5614 2669 5687 births-asiam,
2696 5617 2849 5687 quasi
2877 5619 3201 5678 canentium
3228 5622 3286 5680 iu
3316 5622 3582 5678 torcular-ti.

2229 5694 2249 5721 ε
2286 5684 2429 5751 Vide
2453 5684 2730 5766 prtulixam
2761 5688 2938 5759 primo
2969 5698 3118 5748 tomo
3146 5694 3459 5763 generalem
3485 5686 3772 5766 praemio"

2153 5768 2279 5812 nem
2308 5770 2461 5814 num.
2485 5758 2557 5815 Il
2583 5767 2640 5816 et
2665 5770 2819 5832 seqq.
2932 5776 2937 5779 Α
3148 5758 3175 5763 ⁷
3328 5803 3333 5807 .

448 5632 455 5638 ·
516 5624 541 5651 ο
575 5613 632 5686 In
661 5598 870 5686 aliquot
900 5627 1057 5680 mss.,
1091 5612 1530 5686 potentissimirm.
1563 5608 1775 5686 Confer
1791 5624 2042 5686 quaeau-

442 5681 769 5754 notavimus'
800 5687 852 5740 in
883 5687 1047 5754 epist.
1085 5681 1211 5751 106,
1262 5683 1328 5740 ad
1360 5685 1621 5743 Snnniam
1652 5691 1708 5745 et
1734 5681 2040 5750 Frerelam,

434 5753 511 5845 ad
543 5754 681 5811 hunc
712 5756 907 5827 psalmi
924 5753 1136 5812 locum.
1214 5821 1217 5824 η
