3972 6404
156 334 271 443 ω

675 342 1329 408 conuenramoauu
1369 345 1439 409 IN
1478 344 1716 411 tam»
1753 340 2180 418 mutuum
2217 346 2346 411 Lm.
2390 342 2553 409 xvu.
2592 345 2745 406 cap.
2787 345 2971 408 LXIII.

3373 352 3480 417 6M

157 442 221 518 et
240 475 393 518 nunc
424 468 534 518 tam
567 460 620 518 in
653 462 856 521 malam
885 476 1049 534 quam
1077 462 1129 521 in
1173 461 1394 518 bonum.
1428 458 1491 516 lu
1535 459 1773 517 malam:
1804 465 1857 531 Α
1878 457 2014 531 gllat
2041 459 2134 531 qui
2166 458 2408 521 aediﬁcat
2436 466 2495 521 et
2520 459 2764 521 custodit
2792 475 2915 519 eam
2960 460 3085 533 (Ps.
3115 461 3329 534 csxvi).
3361 463 3484 534 Ipse

156 554 288 610 Dies
330 554 468 610 enim
508 553 728 611 ultionis
756 554 813 609 in
855 553 1012 609 corde
1053 567 1187 611 areo.
1225 552 1281 613 lu
1313 553 1546 609 bonam:
1592 553 1774 608 Aunus

159 646 529 719 redemptionis
560 660 686 701 mete
700 644 870 712 venit;
895 653 953 699 ut
975 660 1041 700 eo
1063 654 1313 716 tempore
1336 659 1445 716 quo
1479 644 1776 715 puniuntur

161 739 492 805 adversarii,
519 737 616 794 Dei
639 738 877 811 populus
901 738 1256 804 liberaretur,
1282 738 1450 795 immo
1473 735 1778 795 redimatur

163 835 410 907 pretioso
451 831 719 905 sanguine
770 830 896 904 agni
947 831 1039 903 qui
1082 830 1136 885 in
1183 829 1415 886 Joannis
1443 827 1778 901 Apocalypsi

161 926 364 982 dicitur
386 924 713 982 trucidatus.
745 923 821 979 De
845 926 945 978 hac
973 922 1353 979 retributionis
1378 922 1465 978 die
1492 932 1545 976 et
1563 922 1779 993 Moyses

162 1029 360 1075 sancto
402 1017 609 1090 Spiritu
658 1015 1060 1087 prophetaliat:
1097 1013 1162 1070 Et
1206 1014 1453 1070 retribuet
1498 1014 1779 1069 uindictam

161 1109 416 1177 inimicis,
447 1119 494 1164 et
516 1106 808 1165 odientibus
829 1123 884 1164 se
909 1108 1162 1163 restituet.
1186 1104 1567 1179 Circumspexi,
1600 1115 1650 1165 et
1679 1120 1782 1160 non

161 1215 277 1261 erat
299 1202 614 1281 auxiliator:
628 1202 859 1275 quaesivi,
877 1213 926 1257 et
944 1218 1046 1256 non
1065 1211 1176 1256 erat
1202 1201 1289 1274 qui
1306 1200 1579 1272 adjuvaret
1593 1198 1778 1275 (Deut.

159 1294 595 1369 xxxn,“).Qui
625 1306 679 1353 et
709 1298 761 1351 iu
787 1296 998 1367 psalmo
1013 1295 1266 1355 dixerat:
1300 1293 1365 1351 Et
1382 1293 1673 1364 exspectavi
1694 1293 1783 1363 qui

158 1392 589 1456 contristaretur,
621 1398 666 1445 et
696 1405 801 1444 non
829 1388 959 1460 fuit,
988 1397 1037 1444 et
1064 1388 1153 1460 qui
1186 1384 1568 1454 consolaretur,
1600 1394 1649 1441 et
1679 1402 1782 1443 non

162 1487 344 1541 inveni
375 1482 552 1559 (Psal.
607 1498 808 1553 uvm,
837 1480 955 1557 ει).
1008 1482 1131 1555 Ipse
1160 1482 1304 1537 enim
1356 1495 1480 1539 cum
1524 1489 1675 1539 esset
1727 1479 1781 1538 in

165 1577 350 1634 forma
383 1577 501 1647 Dei,
537 1591 644 1631 nou
675 1586 758 1631 est
789 1576 1036 1646 rapinam
1082 1574 1383 1631 arbitratus
1411 1572 1677 1643 aequalem
1722 1586 1785 1628 se

162 1685 297 1728 esse
342 1666 481 1739 Deo,
511 1668 609 1725 sed
638 1667 998 1738 semetipsum
1052 1666 1356 1723 cxinanivit
1397 1665 1666 1743 (Philipp.
1697 1664 1781 1735 ιι),

162 1763 404 1819 turmam
451 1762 600 1821 servi
650 1761 949 1837 accipiens,
1000 1766 1060 1817 et
1114 1758 1287 1815 lactus
1319 1759 1584 1815 obediens
1634 1757 1787 1815 Patri

1875 555 2020 611 enim
2049 554 2311 611 virtutem
2334 554 2565 619 tribuet,
2594 563 2653 611 ut
2684 553 2945 611 faciamus
2975 554 3374 622 fortitudinem,
3427 567 3485 615 et

1877 651 2153 721 possimus
2171 650 2396 708 dicere:
2424 647 2713 708 Fortitudo
2741 665 2865 707 mea
2892 660 2948 707 et
2984 651 3279 719 auxilium,
3309 659 3367 707 et
3388 667 3478 709 re-

1879 741 2082 811 fugium
2108 756 2289 803 meum
2324 741 2381 797 in
2403 740 2494 803 die
2519 742 2787 799 malorum
2820 757 3066 799 meorum
3089 740 3310 815 (Jerrm.
3335 744 3478 815 xu).

1880 834 2016 903 Quae
2044 833 2102 899 iu
2142 834 2401 905 βιωθεθεὶ
2424 834 2569 900 loco,
2599 850 2709 891 non
2731 849 2835 907 pro
2862 836 3008 895 vitiis
3031 847 3197 906 atque
3224 844 3484 907 peccatis,

1878 925 1976 983 sed
2005 942 2110 996 pro
2134 927 2404 996 angustiis
2450 926 2720 983 debemus
2769 929 3042 997 accipere.
3089 929 3244 997 Quod
3293 943 3480 989 autem

1879 1017 2031 1088 iuxta
2072 1018 2427 1091 Septuaginta
2469 1020 2716 1089 sequitur
2746 1019 3027 1076 st-totes
3063 1020 3274 1077 Domini
3312 1040 3485 1079 recor-

1882 1110 2046 1167 dabar
2072 1112 2389 1169 ineuntibus
2418 1127 2535 1184 quia
2559 1111 2796 1169 retribuit
2841 1114 2991 1176 mihi.
3024 1129 3122 1184 pro
3151 1131 3262 1187 quo
3286 1115 3340 1171 in
3378 1118 3483 1173 lle-

1883 1202 2097 1272 braioo,
2118 1202 2304 1261 laudes
2350 1202 2589 1270 Domini,
2621 1204 3000 1271 continentur,
3029 1207 3185 1277 signa
3214 1208 3487 1280 intelliga-

1884 1313 2010 1357 mus
2036 1308 2202 1369 atque
2222 1299 2512 1363 miracula,
2539 1314 2639 1368 pro
2659 1297 2862 1369 quibus
2888 1308 3165 1370 ponuntur
3196 1314 3343 1369 saepe
3384 1302 3488 1357 vir-

1886 1398 2059 1458 tutes,
2109 1402 2170 1449 ut
2221 1391 2297 1449 illi
2326 1409 2341 1444 :
2375 1389 2613 1447 Gloriam
2639 1408 2804 1449 ineant
2833 1393 2987 1449 alteri
3030 1408 3136 1448 non
3190 1391 3345 1460 dabo,
3396 1410 3489 1448 nec

1885 1483 2103 1541 uirtutes
2148 1500 2289 1541 meas
2327 1482 2651 1553 sculptilibus
2684 1481 2840 1556 (Isai.
2890 1500 2998 1545 sui
3021 1524 3036 1551 ,
3068 1484 3147 1556 8).
3194 1485 3265 1543 Et
3308 1485 3439 1539 alibi
3475 1501 3489 1541 ;

1893 1576 2123 1633 Virtutes
2147 1578 2263 1649 ejus
2277 1579 2329 1631 in
2358 1576 2547 1635 insulis
2575 1576 2908 1642 nuntiabunt,
2942 1578 3025 1632 vel
3045 1578 3300 1648 gentibus
3329 1578 3495 1635 tutius

1885 1669 2094 1730 mundi.
2131 1670 2219 1729 vel
2249 1667 2519 1729 Ecclesiis
2543 1684 2667 1740 quae
2698 1670 2852 1725 lirma
2883 1669 3028 1725 mole
3059 1669 3301 1727 luudatw
3330 1679 3486 1737 sunt,

1886 1769 1943 1821 et
1982 1760 2255 1817 feriuntur
2315 1763 2496 1829 potius
2539 1775 2701 1830 «luam
2745 1761 3155 1821 subvertuntur.
3204 1761 3492 1821 interdum

164 1870 346 1927 usque
364 1854 433 1911 ad
449 1864 705 1919 mortem,
731 1850 963 1908 mortem
987 1863 1170 1909 autem
1191 1852 1389 1920 crucis,
1415 1859 1780 1925 etpropterea
1813 1865 1863 1935 Β
1888 1852 2066 1911 virtus
2117 1867 2458 1924 nequaquam
2501 1868 2602 1923 pro
2647 1852 2971 1911 fortitudine
3019 1853 3180 1927 πει
3225 1853 3498 1924 accipitur

164 1947 401 2007 donavit
425 1948 480 2005 ei
529 1964 728 2003 nomen
765 1963 931 2019 super
974 1961 1141 2002 omne
1189 1960 1412 2010 nomen,
1464 1955 1521 2003 ut
1549 1944 1786 2003 salvaret

167 2042 278 2097 sibi
309 2041 605 2099 credentes
651 2039 882 2096 dextera
916 2054 1045 2105 sua;
1088 2046 1146 2093 et
1192 2037 1494 2111 indignatio
1518 2036 1639 2108 eius
1667 2050 1788 2105 quae

169 2145 297 2190 erat
325 2144 519 2191 contra
542 2132 921 2198 adversarios,
943 2130 1041 2187 Dei
1072 2130 1326 2202 populum
1349 2127 1631 2187 liberaret.
1661 2126 1792 2185 Sive

169 2228 323 2284 eruit
344 2226 638 2283 credentes
652 2224 706 2281 in
736 2224 962 2281 brachio
983 2238 1108 2289 suo,
1125 2234 1181 2279 et
1205 2222 1448 2279 furorem
1472 2235 1628 2276 suum
1647 2219 1791 2277 ultra

171 2338 284 2378 non
304 2320 549 2377 distulit:
571 2320 906 2391 deduxitque
928 2317 1248 2390 sanguinem
1266 2330 1460 2373 eorum
1484 2313 1538 2371 in
1563 2320 1789 2383 terram,

173 2414 264 2471 vel
289 2413 604 2469 daemonum
626 2419 904 2490 τροπικῶς,
928 2411 1012 2466 vel
1042 2418 1195 2467 certe
1224 2409 1548 2482 sanguinem
1578 2404 1796 2464 Judaeu-

172 2523 299 2565 rum
317 2525 330 2563 :
349 2521 451 2579 pro
476 2496 587 2579 quo
604 2504 792 2563 caeteri
814 2505 1172 2575 interpretes,
1200 2502 1585 2559 contentionem
1616 2507 1794 2555 trans-

176 2604 460 2669 tulerunt;
508 2601 599 2675 qui
638 2599 790 2656 omni
836 2598 1017 2655 studio
1057 2599 1397 2664 nitebantur,
1444 2605 1501 2651 ut
1551 2593 1791 2655 vinctum

177 2696 449 2773 populum
480 2693 843 2749 dimitterent.

252 2789 447 2861 (Vers.
471 2788 555 2859 7.)
588 2783 995 2847 Miserationum
1044 2782 1258 2841 Domini
1295 2782 1652 2849 recordabar;
1679 2779 1795 2835 lau-

179 2886 303 2941 dent
332 2882 553 2939 Domini
571 2900 727 2955 super
770 2879 1010 2937 omnibus
1031 2895 1144 2952 qua:
1185 2878 1413 2934 reddidit
1443 2875 1590 2931 nobis
1612 2873 1797 2930 Domi-

183 2992 305 3047 nus,
330 2987 377 3033 et
403 2992 561 3048 super
581 2972 971 3031 multitudinem
992 2974 1245 3027 bonorum
1270 2970 1449 3025 domui
1466 2965 1660 3034 Israel,
1681 2981 1798 3037 quat

185 3072 409 3151 largitus
425 3080 500 3126 est
520 3071 593 3129 eis
835 3066 1119 3129 secundum
1144 3063 1530 3141 indulgentiam
1549 3077 1723 3127 suam,
1749 3067 1798 3115 et

186 3156 887 3221 secundum‘multitudinem
932 3162 1323 3217 miserationum
1354 3175 1585 3214 suarum.
1612 3155 1793 3213 LXX:

1890 1954 2052 2015 atque
2083 1947 2369 2005 miraculis
2401 1964 2414 1999 :
2443 1947 2541 2007 sed
2588 1963 2685 2017 pro
2739 1947 3163 2004 conversatione
3213 1948 3376 2014 bona,
3436 1959 3496 2009 ut

1891 2041 2026 2099 illud
2045 2051 2131 2105 est
2158 2041 2571 2112 Apostolorum,
2622 2043 2766 2103 Petri
2799 2062 2813 2098 :
2842 2040 3140 2101 Ninistrate
3184 2045 3242 2103 in
3284 2045 3499 2101 scientia

1892 2143 2061 2191 vestra
2081 2137 2322 2192 uirtutem
2347 2133 2393 2207 (l
2424 2133 2571 2191 Petr.
2602 2136 2739 2207 t,b');
2766 2148 2824 2192 et
2849 2136 3002 2195 Pauli
3039 2155 3054 2193 :
3083 2136 3145 2192 Si
3171 2153 3278 2208 qua
3306 2138 3494 2204 uirtus,

1892 2227 2006 2282 etsi
2031 2244 2137 2297 qua
2160 2226 2278 2283 laus
2318 2225 2547 2300 (Philip.
2581 2243 2657 2294 tv,
2690 2226 2771 2298 8).
2801 2226 2967 2289 Juxta
2999 2229 3146 2299 quod
3185 2236 3242 2283 et
3286 2229 3343 2287 in
3389 2228 3501 2285 alio

1894 2320 2020 2377 loco
2046 2321 2252 2383 dicitur
2280 2339 2293 2374 :
2326 2320 2611 2377 Heliorest
2657 2322 2907 2381 sterilitas
2935 2338 3055 2381 sunt
3097 2322 3305 2377 virtute.
3341 2320 3501 2381 Prior

1895 2413 2119 2473 virtutis
2145 2414 2507 2486 intelligentia
2548 2414 2662 2471 Deo
2692 2433 2704 2468 :
2731 2416 2970 2473 secunda
3013 2415 3326 2473 hominibus
3370 2430 3504 2471 con-

1898 2510 2068 2567 renit.
2100 2508 2212 2569 Pro
2231 2523 2299 2565 eo
2326 2517 2509 2571 autem
2540 2508 2687 2581 quod
2717 2524 2819 2564 nos
2864 2509 3214 2580 interpretati
3256 2522 3448 2567 sumus
3483 2523 3497 2560 :

1898 2602 2070 2674 Super
2098 2603 2332 2663 omnibus
2361 2618 2477 2673 quia
2504 2604 2729 2659 reddidit
2755 2602 2901 2661 nobis
2932 2601 3210 2668 Dominus,
3232 2601 3383 2673 quod
3406 2617 3502 2676 po-

1897 2705 2006 2755 test
2032 2703 2091 2755 et
2117 2696 2174 2755 in
2198 2696 2407 2751 bonam
2428 2704 2483 2753 et
2513 2696 2716 2755 malam
2756 2703 2971 2765 partem
3002 2696 3201 2767 accipi,
3247 2695 3505 2768 Symma-

1894 2788 2033 2847 chus
2071 2788 2418 2849 manifestius
2461 2786 2521 2847 iu
2568 2789 2839 2847 bonorum
2890 2791 3070 2859 posuit
3117 2790 3503 2858 retributione,

1898 2883 2089 2945 dicens
2116 2902 2131 2941 :
2164 2881 2275 2941 Pro
2302 2884 2563 2951 omnibus,
2584 2885 2640 2940 in
2663 2884 2851 2955 quibus
2869 2884 3115 2955 benefacit
3145 2883 3313 2953 nobis,
3340 2894 3387 2941 et
3411 2900 3506 2956 pro

1900 2978 2233 3063 multitudine
2257 2978 2521 3063 bonitatis,
2542 2995 2701 3049 quam
2724 2993 2877 3050 super
2921 2978 3131 3035 domum
3157 2975 3327 3035 Israel
3353 2996 3473 3035 exet
3492 3007 3510 3021 -

1899 3072 2029 3127 cuit.
2084 3059 2195 3127 Pro
2231 3059 2343 3140 quo
2389 3069 2743 3143 Septuaginta
2795 3069 3507 3131 transtuleruutzbominus

2109 3161 2273 3217 bonus
2317 3161 2497 3221 domui
2529 3159 2720 3229 Israel,
2772 3159 3010 3215 retribuit
3041 3161 3189 3217 nobis
3229 3160 3513 3217 secundum

190 3259 580 3317 Misericordia
610 3257 818 3312 Domini
844 3257 1147 3313 recordatus
1180 3271 1322 3321 sum,
1346 3254 1561 3311 uirtutes
1587 3248 1797 3305 Domini
1825 3256 1873 3323 ο
1904 3259 2312 3315 numam-diam
2353 3273 2524 3323 suam,
2563 3265 2611 3314 ει
2647 3256 2933 3313 “cundum
2981 3257 3365 3315 multitudinem
3389 3261 3511 3331 ﬁ“-

190 3351 504 3411 recordabor
517 3354 571 3406 in
592 3350 830 3406 omnibus
854 3365 971 3423 qua:
985 3347 1214 3403 reddidit
1230 3346 1377 3403 nobis
1402 3361 1420 3400 :
1445 3343 1632 3403 Domiti
1640 3359 1698 3397 us
1713 3345 1804 3414 ju-

193 3449 294 3503 dea:
316 3448 484 3501 bonus
501 3445 679 3501 domui
704 3442 896 3513 Israel,
914 3443 1154 3499 retribuet
1175 3441 1322 3497 nobis
1344 3439 1627 3497 secundum
1653 3438 1807 3491 mise-

195 3541 481 3600 ricordiam
502 3558 670 3608 suam,
691 3550 740 3595 et
750 3538 1032 3596 secundum
1046 3537 1430 3593 multitudinem
1444 3534 1802 3609 justitiwsuat.

196 3632 406 3702 Finito,
435 3641 493 3689 ut
521 3645 620 3686 nos
649 3631 984 3686 arbitramur
1016 3632 1217 3700 primo,
1274 3636 1333 3683 ut
1383 3626 1632 3697 plerique
1660 3620 1808 3678 testi—

203 3734 357 3780 maut
381 3721 623 3780 secundo
644 3718 947 3778 Salvatoris
994 3720 1256 3789 adventu,
1280 3717 1335 3774 in
1364 3733 1474 3795 quo
1502 3725 1529 3753 δ
1547 3713 1811 3773 subaudi-

208 3827 316 3886 tur,
342 3815 664 3889 judicantis,
689 3817 856 3872 immo
885 3815 1177 3886 pugnantis
1200 3828 1330 3885 vox,
1354 3826 1597 3884 suosque
1623 3818 1679 3866 et
1715 3823 1811 3881 po-

204 3914 319 3986 puli
343 3914 430 3969 sui
455 3911 800 3969 adversarios
840 3910 1193 3979 trucidantis,
1218 3918 1482 3965 cruentus
1530 3906 1814 3977 victorque

206 4002 580 4067 describitur:
611 4002 803 4074 incipit
834 4001 941 4056 alia
980 4003 1255 4081 περικοπή,
1307 3998 1360 4054 in
1389 4012 1496 4077 qua
1524 4012 1589 4052 ex
1623 4009 1812 4066 perso-

205 4114 281 4154 na
317 4095 502 4168 populi
528 4092 804 4165 Propheta
837 4091 1113 4164 loquitur,
1143 4104 1411 4149 enarratis
1459 4084 1732 4144 beneﬁcia
1759 4087 1815 4140 in

199 4209 271 4251 se
289 4192 417 4260 Dei,
439 4201 495 4246 et
520 4190 605 4245 sui
627 4188 809 4245 cordis
834 4185 1119 4255 duritiam,
1146 4182 1218 4243 ob
1255 4198 1416 4254 quam
1441 4191 1495 4235 ct
1516 4179 1816 4237 Jerusalem

200 4280 495 4351 incendio,
526 4292 581 4335 et
624 4279 798 4336 Israel
822 4274 1131 4349 captivitati
1159 4274 1392 4333 traditus
1423 4274 1515 4328 sit.
1540 4271 1695 4339 Quod
1725 4268 1821 4325 Ju-

200 4378 317 4435 dai
347 4376 416 4433 ad
451 4374 783 4449 Babylonica
816 4370 1064 4428 referunt
1088 4379 1355 4440 tempora.
1387 4364 1499 4422 Nos
1520 4376 1703 4421 autem
1732 4377 1822 4420 or-

201 4471 343 4527 dine
377 4478 431 4524 et
464 4465 676 4523 ratione
701 4462 1145 4531 monstravimus,
1176 4460 1244 4517 de
1273 4456 1532 4535 praesenti
1564 4455 1669 4513 dici
1693 4465 1822 4515 tem-

203 4578 373 4638 pore,
428 4561 483 4615 in
509 4575 617 4633 quo
648 4560 912 4617 Romanis
930 4557 1198 4627 serviunt,
1232 4564 1287 4611 et
1339 4553 1566 4612 excluso
1593 4550 1820 4620 lsraele,

1908 3351 2037 3411 sitire
2065 3367 2195 3411 suat.
2227 3349 2341 3407 Hoc
2362 3357 2544 3407 autem
2570 3362 2683 3407 non
2711 3334 2890 3417 potest
2938 3346 3146 3413 dicere,
3177 3348 3281 3403 nisi
3304 3347 3397 3403 ille
3420 3347 3512 3417 qui

1920 3444 2183 3516 intelligit
2222 3444 2372 3511 juste
2400 3441 2679 3499 sustinere
2724 3456 2847 3512 quae
2894 3440 3118 3511 patitur.
3168 3439 3417 3509 Denique
3460 3440 3519 3499 in

1911 3535 2325 3607 septuagesimo
2353 3534 2598 3593 secundo
2627 3532 2859 3602 psalmo,
2892 3532 3045 3604 cujus
3073 3532 3361 3591 exordium
3390 3539 3516 3588 est:

1914 3629 2085 3697 Quam
2109 3628 2273 3685 bonus
2302 3625 2471 3685 Israel
2495 3625 2657 3693 Deus,
2684 3624 2767 3680 bis
2784 3626 2874 3696 qui
2897 3632 3035 3681 recto
3067 3632 3187 3678 sunt
3237 3625 3414 3691 corde,
3438 3624 3520 3679 lo-

1911 3720 2100 3792 quitur
2127 3718 2395 3791 propheta
2417 3734 2486 3776 e.\'
2509 3732 2741 3789 persona
2774 3732 2990 3783 eorum,
3017 3716 3109 3785 qui
3158 3716 3255 3773 Dei
3293 3715 3518 3787 iudiciis

1915 3812 2304 3884 perturbantur
2328 3831 2342 3869 :
2380 3810 2673 3873 Meiautem
2700 3825 2827 3883 pene
2854 3809 2981 3863 moti
3027 3816 3145 3864 sunt
3168 3808 3322 3880 pedes
3349 3824 3368 3862 :
3391 3824 3519 3881 pene

1914 3902 2067 3974 επιιή
2097 3913 2217 3960 sunt
2246 3919 2452 3977 gressus
2493 3903 2619 3967 mei,
2666 3917 2845 3973 pacein
2870 3909 3195 3967 peccatorum
3240 3898 3437 3969 videns,
3465 3905 3523 3955 et

1915 4004 2143 4062 cetera,
2193 4009 2368 4067 usque
2428 3993 2498 4053 ad
2548 3992 2715 4049 tinem
2764 3991 2980 4067 psalmi.
3044 3990 3196 4047 Unde
3246 3990 3526 4063 apostolus

1918 4090 2124 4147 Paulus
2169 4088 2266 4161 qui
2313 4088 2605 4149 Dominum
2650 4085 2899 4159 judieem
2944 4085 3151 4145 bonum
3204 4084 3525 4155 iustumque

1918 4194 2282 4258 cognoverat,
2313 4184 2553 4254 loquitur
2596 4180 2934 4241 cnulidcnter
2963 4195 2977 4232 :
3007 4177 3254 4243 Deposita
3294 4184 3371 4229 est
3399 4175 3528 4232 mihi

1919 4278 2369 4352 eorouajustitue,
2399 4290 2556 4346 quam
2594 4273 2772 4328 reddet
2795 4272 2921 4329 mihi
2960 4274 3137 4343 justus
3179 4268 3367 4340 judex.
3403 4266 3530 4322 Non

1919 4372 2090 4427 solum
2115 4382 2285 4425 autem
2314 4367 2465 4434 mihi,
2498 4367 2589 4425 sed
2618 4375 2664 4420 et
2705 4364 2941 4423 omnibus
2962 4364 3051 4435 qui
3077 4363 3303 4439 diligunt
3333 4362 3529 4417 adven-

1924 4473 2034 4520 tum
2066 4463 2277 4519 Domini
2304 4470 2353 4518 et
2400 4460 2692 4519 Saluatoris
2721 4459 2888 4515 nostri
2918 4456 2984 4531 (ll
3008 4456 3141 4510 Tim.
3174 4472 3259 4521 tv,
3293 4456 3373 4525 8).
3420 4454 3533 4511 Nec

1924 4564 2014 4617 est
2042 4555 2186 4615 inter
2216 4553 2424 4611 bonum
2449 4563 2503 4609 et
2529 4553 2761 4623 justum,
2790 4557 2847 4607 ut
2892 4547 3143 4605 hmretici
3171 4546 3388 4617 volunt,
3421 4546 3531 4601 ulla

206 4656 464 4732 gentium
495 4656 655 4711 turba
679 4652 965 4710 successit.
993 4650 1297 4709 Curramus
1318 4650 1485 4722 igitur
1519 4662 1618 4719 per
1637 4647 1827 4717 singu—
1851 4639 1908 4709 1)
1932 4648 2221 4719 distantia,
2251 4647 2450 4703 eodem
2476 4645 2751 4701 scribente
2779 4661 2792 4698 :
2821 4641 2965 4714 Ergo
2994 4643 3077 4697 lea:
3126 4654 3310 4698 sancta
3355 4649 3455 4708 est,
3486 4651 3536 4696 et

211 4751 265 4806 la
291 4747 565 4807 orationis
592 4746 859 4813 membra,
891 4752 948 4801 et
984 4760 1072 4812 ea,
1110 4759 1179 4805 ue
1210 4743 1474 4799 laciniosa
1501 4739 1574 4797 sit
1602 4738 1825 4810 exposi-
1930 4742 2233 4799 mandatum
2264 4747 2527 4805 sanctum,
2552 4745 2601 4792 et
2621 4740 2853 4809 justum,
2884 4744 2932 4789 et
2973 4734 3163 4791 bonum
3219 4733 3400 4805 (Rom.
3431 4747 3529 4800 ru,

214 4847 325 4911 tio,
378 4845 624 4907 breviter
676 4844 1068 4900 edisseramus.
1125 4839 1358 4899 Pressus
1415 4836 1664 4915 pondere
1714 4848 1829 4890 ma-
1934 4837 2051 4909 ιε).
2085 4846 2143 4895 ut
2171 4833 2430 4891 videlicet
2458 4831 2677 4887 bonitas
2700 4830 2750 4885 in
2773 4844 2998 4901 genere,
3031 4839 3080 4885 et
3112 4826 3324 4897 justitia
3371 4823 3536 4882 intel-

220 4939 459 5015 lorum,
511 4937 564 4994 in
621 4936 771 5001 nullo
828 4934 943 4989 alio
997 4932 1097 4989 nisi
1167 4932 1224 4989 in
1285 4932 1381 4986 Dei
1444 4927 1827 4989 misericordia
1934 4927 2209 5002 ligaturiu
2228 4925 2434 4997 specie.
2479 4922 2845 4992 Quamobrem
2886 4919 3077 4978 scribit
3115 4919 3180 4976 ad
3213 4917 3532 4974 Romanos:

217 5048 383 5101 spem
418 5010 627 5097 Habeo;
668 5029 759 5101 qui
785 5025 917 5085 facit
942 5020 1381 5083 misericordiam
1411 5024 1467 5080 in
1509 5022 1680 5083 millia
1707 5017 1835 5075 dili-
1943 5021 2203 5079 Vissuim
2225 5035 2320 5091 pro
2340 5022 2489 5092 justo
2516 5016 2634 5082 quis
2654 5015 2876 5070 moritur
2904 5029 3065 5069 :nam
3084 5028 3178 5086 pro
3208 5010 3344 5068 bono
3374 5012 3537 5084 [orsi-

222 5125 491 5199 gentibus
519 5138 601 5191 se,
631 5132 687 5183 et
718 5120 967 5178 extendit
989 5117 1419 5174 misericordiam
1454 5132 1611 5175 suam,
1639 5115 1721 5171 liis
1741 5112 1835 5186 qui
1937 5122 2028 5171 tan
2046 5114 2163 5187 quis
2183 5112 2373 5173 audeat
2402 5109 2533 5167 mori
2564 5107 2741 5182 (Rom.
2778 5121 2857 5163 ιιι.
2891 5104 2969 5177 7).

218 5195 582 5290 cognoscunt
606 5232 750 5272 eum.
777 5213 859 5269 Ex
890 5210 1354 5284 quoostcnditur,
1382 5207 1738 5278 diligentibus
1783 5213 1840 5261 et
2014 5204 2202 5277 (Vers.
2255 5203 2291 5258 8
2336 5198 2521 5272 seqq.)
2574 5198 2643 5252 Et
2688 5198 2863 5252 dixit:
2901 5195 3267 5251 Verumtamen
3321 5195 3545 5267 populus

228 5287 702 5384 cognoscentibus
726 5308 921 5375 Deum,
971 5301 1410 5360 misericordiam
1443 5298 1661 5355 Domini
1713 5297 1845 5353 sub-
1943 5316 2085 5354 meus
2110 5304 2225 5365 est;
2250 5296 2349 5369 ﬁlii
2373 5311 2475 5350 non
2504 5302 2746 5364 negantes
2770 5307 2789 5345 :
2813 5298 2859 5344 et
2882 5290 3050 5360 [actus
3070 5298 3143 5344 est
3173 5290 3246 5343 eis
3280 5287 3543 5343 Salvator.

228 5379 449 5466 venire.
479 5403 598 5462 Non
624 5412 709 5459 est
736 5402 881 5458 enim
912 5398 1174 5466 volentis,
1199 5411 1377 5475 neque
1425 5392 1721 5458 currentis,
1745 5390 1841 5448 sed
1942 5390 2013 5449 In
2040 5390 2185 5447 curui
2207 5387 2541 5447 tribulatione
2566 5401 2743 5441 eorum
2765 5399 2868 5440 non
2914 5390 2986 5437 est
3019 5379 3315 5445 tribulatus,
3346 5388 3394 5434 et
3438 5380 3548 5431 Ana

222 5500 557 5563 miserentls
583 5497 678 5557 Dei
713 5494 891 5572 (Rom.
926 5494 1025 5563 is).
1057 5492 1124 5549 Et
1158 5490 1265 5549 nisi
1295 5469 1559 5547 Dominus
1604 5485 1843 5545 mdilica-
1944 5482 2092 5556 gaius
2122 5482 2275 5554 faciei
2310 5484 2423 5555 ejus
2446 5479 2767 5572 salsaoiteos
2790 5492 2809 5530 :
2829 5476 2884 5529 in
2941 5473 3216 5572 dilectione
3243 5486 3365 5537 sua,
3407 5478 3454 5524 et
3482 5469 3546 5572 in

236 5595 384 5659 verit
410 5562 663 5657 Mum.
768 5562 1095 5647 custodierit
1112 5583 1419 5649 civitatem,
1450 5582 1502 5637 in
1532 5594 1733 5636 vanum
1763 5578 1844 5635 vi-
1946 5573 2275 5645 indulgentia
2298 5589 2394 5629 sua
2414 5573 2525 5645 ipso
2551 5568 2761 5625 redemit
2781 5582 2891 5631 eos,
2920 5574 2967 5618 et
3000 5563 3222 5633 portauit
3260 5578 3369 5629 eos,
3400 5571 3449 5619 et
3474 5562 3547 5619 le-

224 5756 235 5771 τ
318 5741 342 5769 ³
371 5730 520 5791 Satis
550 5727 839 5800 ingeniose
866 5723 1145 5800 Victorius
1168 5723 1317 5800 binae
1340 5720 1523 5800 locum
1568 5716 1644 5774 ita
1671 5712 1846 5800 refor-
1949 5712 2219 5800 iibrorurn
2450 5705 2699 5800 minime,
2732 5709 2828 5761 aut
2859 5707 3014 5758 recte
3060 5714 3168 5759 non
3207 5712 3381 5769 usque
3410 5695 3550 5756 adeo

244 5784 538 5867 ωενῇξίὶι
564 5784 666 5869 q'u'o'
685 5784 780 5870 sub
800 5795 986 5855 habitu
998 5793 1317 5870 judicaatie,
1359 5784 1845 5870 ὁμο-μουνικιίῆ
1951 5784 2209 5856 impletus
2235 5790 2321 5840 est
2345 5792 2571 5841 sensus.

260 5861 503 5945 suosque,
550 5861 656 5927 e'tc.
683 5866 954 5924 Caeterum
984 5861 1042 5924 ét
1080 5863 1234 5936 juxta
1279 5877 1415 5921 mss.
1465 5861 1849 5927 editorumque
