  <div class='ocr_page' id='page_1' title='image "/cluster/home/n/w/nwhite01/storage/ocr_20150623/24/uva.x000826571/315.png"; bbox 0 0 3972 6324; ppageno 0'>
   <div class='ocr_carea' id='block_1_1' title="bbox 526 244 633 302">
    <p class='ocr_par' dir='ltr' id='par_1_1' title="bbox 526 244 633 302">
     <span class='ocr_line' id='line_1_1' title="bbox 526 244 633 302; baseline -0.009 -1"><span class='ocrx_word' id='word_1_1' title='bbox 526 244 633 302; x_wconf 74' lang='grc'><strong><em>615</em></strong></span> 
     </span>
    </p>
   </div>
   <div class='ocr_carea' id='block_1_2' title="bbox 1776 238 2570 305">
    <p class='ocr_par' dir='ltr' id='par_1_2' title="bbox 1776 238 2570 305">
     <span class='ocr_line' id='line_1_2' title="bbox 1776 238 2570 305; baseline 0.009 -9"><span class='ocrx_word' id='word_1_2' title='bbox 1776 240 1836 296; x_wconf 87' lang='lat' dir='ltr'><strong><em>S.</em></strong></span> <span class='ocrx_word' id='word_1_3' title='bbox 1878 238 2154 301; x_wconf 81' lang='lat' dir='ltr'><strong><em>EUSEBII</em></strong></span> <span class='ocrx_word' id='word_1_4' title='bbox 2191 243 2235 299; x_wconf 82' lang='grc' dir='ltr'><strong><em>Η</em></strong></span> <span class='ocrx_word' id='word_1_5' title='bbox 2243 243 2570 305; x_wconf 77' lang='lat' dir='ltr'><strong><em>IERONYMI</em></strong></span> 
     </span>
    </p>
   </div>
   <div class='ocr_carea' id='block_1_3' title="bbox 3728 264 3837 322">
    <p class='ocr_par' dir='ltr' id='par_1_3' title="bbox 3728 264 3837 322">
     <span class='ocr_line' id='line_1_3' title="bbox 3728 264 3837 322; baseline 0.009 -1"><span class='ocrx_word' id='word_1_6' title='bbox 3728 264 3837 322; x_wconf 75' lang='lat' dir='ltr'><strong><em>8M</em></strong></span> 
     </span>
    </p>
   </div>
   <div class='ocr_carea' id='block_1_4' title="bbox 525 351 3834 446">
    <p class='ocr_par' dir='ltr' id='par_1_4' title="bbox 525 351 3834 446">
     <span class='ocr_line' id='line_1_4' title="bbox 525 351 3834 446; baseline 0.004 -31"><span class='ocrx_word' id='word_1_7' title='bbox 525 362 662 415; x_wconf 72' lang='lat' dir='ltr'><strong><em>navit</em></strong></span> <span class='ocrx_word' id='word_1_8' title='bbox 688 375 773 414; x_wconf 88' lang='lat' dir='ltr'><strong><em>cos</em></strong></span> <span class='ocrx_word' id='word_1_9' title='bbox 795 356 990 411; x_wconf 84' lang='lat' dir='ltr'><strong><em>cunctis</em></strong></span> <span class='ocrx_word' id='word_1_10' title='bbox 1020 354 1197 408; x_wconf 83' lang='lat' dir='ltr'><strong><em>diebus</em></strong></span> <span class='ocrx_word' id='word_1_11' title='bbox 1217 352 1412 407; x_wconf 70' lang='lat' dir='ltr'><strong><em>sitculi.</em></strong></span> <span class='ocrx_word' id='word_1_12' title='bbox 1465 351 1579 421; x_wconf 84' lang='lat' dir='ltr'><strong><em>Ipsi</em></strong></span> <span class='ocrx_word' id='word_1_13' title='bbox 1605 360 1779 409; x_wconf 87' lang='lat' dir='ltr'><strong><em>autem</em></strong></span> <span class='ocrx_word' id='word_1_14' title='bbox 1820 354 1891 407; x_wconf 91' lang='lat' dir='ltr'><strong><em>ad</em></strong></span> <span class='ocrx_word' id='word_1_15' title='bbox 1918 357 2128 410; x_wconf 83' lang='lat' dir='ltr'><strong><em>iracun-</em></strong></span> <span class='ocrx_word' id='word_1_16' title='bbox 2155 364 2202 423; x_wconf 80' lang='grc' dir='ltr'><strong>Α</strong></span> <span class='ocrx_word' id='word_1_17' title='bbox 2233 362 2477 429; x_wconf 76' lang='lat' dir='ltr'><strong><em>pepercit</em></strong></span> <span class='ocrx_word' id='word_1_18' title='bbox 2506 361 2633 418; x_wconf 81' lang='lat' dir='ltr'><strong><em>ﬁliis</em></strong></span> <span class='ocrx_word' id='word_1_19' title='bbox 2674 363 2825 432; x_wconf 84' lang='lat' dir='ltr'><strong><em>suis,</em></strong></span> <span class='ocrx_word' id='word_1_20' title='bbox 2869 375 2925 422; x_wconf 88' lang='lat' dir='ltr'><strong><em>et</em></strong></span> <span class='ocrx_word' id='word_1_21' title='bbox 2963 367 3198 426; x_wconf 87' lang='lat' dir='ltr'><strong><em>redemit</em></strong></span> <span class='ocrx_word' id='word_1_22' title='bbox 3240 386 3339 429; x_wconf 91' lang='lat' dir='ltr'><strong><em>eos</em></strong></span> <span class='ocrx_word' id='word_1_23' title='bbox 3384 374 3658 441; x_wconf 73' lang='lat' dir='ltr'><strong><em>sanguine</em></strong></span> <span class='ocrx_word' id='word_1_24' title='bbox 3705 392 3834 446; x_wconf 79' lang='lat' dir='ltr'><strong><em>suo,</em></strong></span> 
     </span>
    </p>
   </div>
   <div class='ocr_carea' id='block_1_5' title="bbox 525 446 2118 524">
    <p class='ocr_par' dir='ltr' id='par_1_5' title="bbox 525 446 2118 524">
     <span class='ocr_line' id='line_1_5' title="bbox 525 446 2118 524; baseline -0.002 -17"><span class='ocrx_word' id='word_1_25' title='bbox 525 456 663 508; x_wconf 87' lang='lat' dir='ltr'><strong><em>diam</em></strong></span> <span class='ocrx_word' id='word_1_26' title='bbox 695 457 1113 524; x_wconf 64' lang='lat' dir='ltr'><strong><em>prouocauerunt,</em></strong></span> <span class='ocrx_word' id='word_1_27' title='bbox 1147 460 1194 501; x_wconf 91' lang='lat' dir='ltr'><strong><em>et</em></strong></span> <span class='ocrx_word' id='word_1_28' title='bbox 1217 447 1506 517; x_wconf 55' lang='lat' dir='ltr'><strong><em>amiserunt</em></strong></span> <span class='ocrx_word' id='word_1_29' title='bbox 1529 446 1767 519; x_wconf 87' lang='lat' dir='ltr'><strong><em>spiritum</em></strong></span> <span class='ocrx_word' id='word_1_30' title='bbox 1811 450 1976 502; x_wconf 84' lang='lat' dir='ltr'><strong><em>sancti</em></strong></span> <span class='ocrx_word' id='word_1_31' title='bbox 2004 446 2118 520; x_wconf 76' lang='lat' dir='ltr'><strong><em>[AL</em></strong></span> 
     </span>
    </p>
   </div>
   <div class='ocr_carea' id='block_1_6' title="bbox 521 537 2117 614">
    <p class='ocr_par' dir='ltr' id='par_1_6' title="bbox 521 537 2117 614">
     <span class='ocr_line' id='line_1_6' title="bbox 521 537 2117 614; baseline -0.003 -16"><span class='ocrx_word' id='word_1_32' title='bbox 521 540 774 614; x_wconf 86' lang='lat' dir='ltr'><strong><em>sanctum]</em></strong></span> <span class='ocrx_word' id='word_1_33' title='bbox 792 543 934 611; x_wconf 85' lang='lat' dir='ltr'><strong><em>ejus;</em></strong></span> <span class='ocrx_word' id='word_1_34' title='bbox 951 549 995 591; x_wconf 86' lang='lat' dir='ltr'><strong><em>et</em></strong></span> <span class='ocrx_word' id='word_1_35' title='bbox 1009 552 1282 593; x_wconf 82' lang='lat' dir='ltr'><strong><em>conversus</em></strong></span> <span class='ocrx_word' id='word_1_36' title='bbox 1293 546 1366 592; x_wconf 84' lang='lat' dir='ltr'><strong><em>est</em></strong></span> <span class='ocrx_word' id='word_1_37' title='bbox 1377 538 1451 592; x_wconf 84' lang='lat' dir='ltr'><strong><em>eis</em></strong></span> <span class='ocrx_word' id='word_1_38' title='bbox 1462 537 1515 591; x_wconf 87' lang='lat' dir='ltr'><strong><em>in</em></strong></span> <span class='ocrx_word' id='word_1_39' title='bbox 1528 538 1814 600; x_wconf 84' lang='lat' dir='ltr'><strong><em>inimicum,</em></strong></span> <span class='ocrx_word' id='word_1_40' title='bbox 1837 550 1886 593; x_wconf 92' lang='lat' dir='ltr'><strong><em>et</em></strong></span> <span class='ocrx_word' id='word_1_41' title='bbox 1898 540 2007 611; x_wconf 89' lang='lat' dir='ltr'><strong><em>ipse</em></strong></span> <span class='ocrx_word' id='word_1_42' title='bbox 2024 540 2117 593; x_wconf 87' lang='lat' dir='ltr'><strong><em>de—</em></strong></span> 
     </span>
    </p>
   </div>
   <div class='ocr_carea' id='block_1_7' title="bbox 522 629 2124 700">
    <p class='ocr_par' dir='ltr' id='par_1_7' title="bbox 522 629 2124 700">
     <span class='ocr_line' id='line_1_7' title="bbox 522 629 2124 700; baseline -0.003 -10"><span class='ocrx_word' id='word_1_43' title='bbox 522 630 995 690; x_wconf 69' lang='lat' dir='ltr'><strong><em>bellauiteosLXX</em></strong></span> <span class='ocrx_word' id='word_1_44' title='bbox 1020 650 1033 684; x_wconf 89' lang='lat'><strong>:</strong></span> <span class='ocrx_word' id='word_1_45' title='bbox 1059 629 1127 684; x_wconf 80' lang='lat' dir='ltr'><strong><em>Et</em></strong></span> <span class='ocrx_word' id='word_1_46' title='bbox 1151 631 1279 685; x_wconf 74' lang='lat' dir='ltr'><strong><em>dixit</em></strong></span> <span class='ocrx_word' id='word_1_47' title='bbox 1302 649 1316 683; x_wconf 92' lang='lat'><strong>:</strong></span> <span class='ocrx_word' id='word_1_48' title='bbox 1345 629 1466 684; x_wconf 90' lang='lat' dir='ltr'><strong><em>Non</em></strong></span> <span class='ocrx_word' id='word_1_49' title='bbox 1490 630 1714 700; x_wconf 87' lang='lat' dir='ltr'><strong><em>populus</em></strong></span> <span class='ocrx_word' id='word_1_50' title='bbox 1736 647 1900 695; x_wconf 88' lang='lat' dir='ltr'><strong><em>nteus,</em></strong></span> <span class='ocrx_word' id='word_1_51' title='bbox 1923 630 2124 700; x_wconf 79' lang='lat' dir='ltr'><strong><em>ﬁliine-</em></strong></span> 
     </span>
    </p>
   </div>
   <div class='ocr_carea' id='block_1_8' title="bbox 519 723 2119 799">
    <p class='ocr_par' dir='ltr' id='par_1_8' title="bbox 519 723 2119 799">
     <span class='ocr_line' id='line_1_8' title="bbox 519 723 2119 799; baseline -0.003 -16"><span class='ocrx_word' id='word_1_52' title='bbox 519 743 778 799; x_wconf 86' lang='lat' dir='ltr'><strong><em>quaquam</em></strong></span> <span class='ocrx_word' id='word_1_53' title='bbox 800 724 1165 799; x_wconf 87' lang='lat' dir='ltr'><strong><em>reprobabunt.</em></strong></span> <span class='ocrx_word' id='word_1_54' title='bbox 1196 723 1265 779; x_wconf 87' lang='lat' dir='ltr'><strong><em>Et</em></strong></span> <span class='ocrx_word' id='word_1_55' title='bbox 1286 724 1454 793; x_wconf 83' lang='lat' dir='ltr'><strong><em>factus</em></strong></span> <span class='ocrx_word' id='word_1_56' title='bbox 1494 735 1567 779; x_wconf 88' lang='lat' dir='ltr'><strong><em>est</em></strong></span> <span class='ocrx_word' id='word_1_57' title='bbox 1606 725 1761 778; x_wconf 86' lang='lat' dir='ltr'><strong><em>eisin</em></strong></span> <span class='ocrx_word' id='word_1_58' title='bbox 1798 724 2016 779; x_wconf 76' lang='lat' dir='ltr'><strong><em>salutem</em></strong></span> <span class='ocrx_word' id='word_1_59' title='bbox 2054 741 2119 778; x_wconf 71' lang='lat' dir='ltr'><strong><em>ea:</em></strong></span> 
     </span>
    </p>
   </div>
   <div class='ocr_carea' id='block_1_9' title="bbox 519 814 2114 888">
    <p class='ocr_par' dir='ltr' id='par_1_9' title="bbox 519 814 2114 888">
     <span class='ocr_line' id='line_1_9' title="bbox 519 814 2114 888; baseline -0.004 -13"><span class='ocrx_word' id='word_1_60' title='bbox 519 822 661 875; x_wconf 87' lang='lat' dir='ltr'><strong><em>amni</em></strong></span> <span class='ocrx_word' id='word_1_61' title='bbox 694 816 1023 873; x_wconf 81' lang='lat' dir='ltr'><strong><em>tribulatione</em></strong></span> <span class='ocrx_word' id='word_1_62' title='bbox 1043 831 1219 872; x_wconf 87' lang='lat' dir='ltr'><strong><em>eorum</em></strong></span> <span class='ocrx_word' id='word_1_63' title='bbox 1244 832 1263 869; x_wconf 89' lang='lat'><strong><em>:</em></strong></span> <span class='ocrx_word' id='word_1_64' title='bbox 1289 831 1393 869; x_wconf 90' lang='lat' dir='ltr'><strong><em>non</em></strong></span> <span class='ocrx_word' id='word_1_65' title='bbox 1432 815 1653 888; x_wconf 81' lang='lat' dir='ltr'><strong><em>legatus,</em></strong></span> <span class='ocrx_word' id='word_1_66' title='bbox 1678 830 1840 886; x_wconf 83' lang='lat' dir='ltr'><strong><em>neque</em></strong></span> <span class='ocrx_word' id='word_1_67' title='bbox 1865 814 2114 887; x_wconf 78' lang='lat' dir='ltr'><strong><em>Angelus,</em></strong></span> 
     </span>
    </p>
   </div>
   <div class='ocr_carea' id='block_1_10' title="bbox 519 906 2123 987">
    <p class='ocr_par' dir='ltr' id='par_1_10' title="bbox 519 906 2123 987">
     <span class='ocr_line' id='line_1_10' title="bbox 519 906 2123 987; baseline -0.003 -22"><span class='ocrx_word' id='word_1_68' title='bbox 519 913 682 987; x_wconf 67' lang='lat'><strong><em>752</em></strong></span> <span class='ocrx_word' id='word_1_69' title='bbox 703 915 791 967; x_wconf 80' lang='lat' dir='ltr'><strong><em>sed</em></strong></span> <span class='ocrx_word' id='word_1_70' title='bbox 813 914 921 984; x_wconf 85' lang='lat' dir='ltr'><strong><em>ipse</em></strong></span> <span class='ocrx_word' id='word_1_71' title='bbox 949 911 1168 965; x_wconf 70' lang='lat' dir='ltr'><strong><em>suleavit</em></strong></span> <span class='ocrx_word' id='word_1_72' title='bbox 1195 925 1300 974; x_wconf 88' lang='lat' dir='ltr'><strong><em>eos,</em></strong></span> <span class='ocrx_word' id='word_1_73' title='bbox 1346 913 1485 979; x_wconf 88' lang='lat' dir='ltr'><strong><em>quod</em></strong></span> <span class='ocrx_word' id='word_1_74' title='bbox 1508 906 1745 980; x_wconf 84' lang='lat' dir='ltr'><strong><em>diligeret</em></strong></span> <span class='ocrx_word' id='word_1_75' title='bbox 1767 906 1909 970; x_wconf 87' lang='lat' dir='ltr'><strong><em>illos.</em></strong></span> <span class='ocrx_word' id='word_1_76' title='bbox 1932 916 1980 961; x_wconf 88' lang='lat' dir='ltr'><strong><em>et</em></strong></span> <span class='ocrx_word' id='word_1_77' title='bbox 2003 922 2123 974; x_wconf 87' lang='lat' dir='ltr'><strong><em>par-</em></strong></span> 
     </span>
    </p>
   </div>
   <div class='ocr_carea' id='block_1_11' title="bbox 518 1000 2120 1078">
    <p class='ocr_par' dir='ltr' id='par_1_11' title="bbox 518 1000 2120 1078">
     <span class='ocr_line' id='line_1_11' title="bbox 518 1000 2120 1078; baseline -0.005 -15"><span class='ocrx_word' id='word_1_78' title='bbox 518 1017 651 1064; x_wconf 83' lang='lat' dir='ltr'><strong><em>ceret</em></strong></span> <span class='ocrx_word' id='word_1_79' title='bbox 675 1007 767 1070; x_wconf 86' lang='lat' dir='ltr'><strong><em>eis,</em></strong></span> <span class='ocrx_word' id='word_1_80' title='bbox 801 1006 910 1078; x_wconf 81' lang='lat' dir='ltr'><strong><em>ipse</em></strong></span> <span class='ocrx_word' id='word_1_81' title='bbox 937 1003 1152 1059; x_wconf 77' lang='lat' dir='ltr'><strong><em>redemit</em></strong></span> <span class='ocrx_word' id='word_1_82' title='bbox 1191 1019 1301 1070; x_wconf 91' lang='lat' dir='ltr'><strong><em>eos,</em></strong></span> <span class='ocrx_word' id='word_1_83' title='bbox 1346 1011 1394 1055; x_wconf 87' lang='lat' dir='ltr'><strong><em>et</em></strong></span> <span class='ocrx_word' id='word_1_84' title='bbox 1421 1004 1644 1073; x_wconf 84' lang='lat' dir='ltr'><strong><em>suscepit</em></strong></span> <span class='ocrx_word' id='word_1_85' title='bbox 1670 1003 1809 1065; x_wconf 87' lang='lat' dir='ltr'><strong><em>illos,</em></strong></span> <span class='ocrx_word' id='word_1_86' title='bbox 1841 1010 1888 1054; x_wconf 89' lang='lat' dir='ltr'><strong><em>et</em></strong></span> <span class='ocrx_word' id='word_1_87' title='bbox 1915 1000 2120 1055; x_wconf 72' lang='lat' dir='ltr'><strong><em>exalta-</em></strong></span> 
     </span>
    </p>
   </div>
   <div class='ocr_carea' id='block_1_12' title="bbox 517 1094 2117 1167">
    <p class='ocr_par' dir='ltr' id='par_1_12' title="bbox 517 1094 2117 1167">
     <span class='ocr_line' id='line_1_12' title="bbox 517 1094 2117 1167; baseline -0.006 -11"><span class='ocrx_word' id='word_1_88' title='bbox 517 1102 588 1157; x_wconf 79' lang='lat' dir='ltr'><strong><em>vit</em></strong></span> <span class='ocrx_word' id='word_1_89' title='bbox 604 1100 840 1157; x_wconf 86' lang='lat' dir='ltr'><strong><em>omnibus</em></strong></span> <span class='ocrx_word' id='word_1_90' title='bbox 866 1099 1045 1153; x_wconf 85' lang='lat' dir='ltr'><strong><em>diebus</em></strong></span> <span class='ocrx_word' id='word_1_91' title='bbox 1063 1094 1263 1152; x_wconf 56' lang='lat' dir='ltr'><strong><em>seculi.</em></strong></span> <span class='ocrx_word' id='word_1_92' title='bbox 1307 1096 1330 1149; x_wconf 86' lang='grc' dir='ltr'><strong><em>Ι</em></strong></span> <span class='ocrx_word' id='word_1_93' title='bbox 1338 1098 1418 1167; x_wconf 91' lang='lat' dir='ltr'><strong><em>psi</em></strong></span> <span class='ocrx_word' id='word_1_94' title='bbox 1437 1108 1610 1150; x_wconf 89' lang='lat' dir='ltr'><strong><em>autem</em></strong></span> <span class='ocrx_word' id='word_1_95' title='bbox 1629 1112 1733 1150; x_wconf 90' lang='lat' dir='ltr'><strong><em>non</em></strong></span> <span class='ocrx_word' id='word_1_96' title='bbox 1767 1096 2117 1162; x_wconf 83' lang='lat' dir='ltr'><strong><em>crediderunt,</em></strong></span> 
     </span>
    </p>
   </div>
   <div class='ocr_carea' id='block_1_13' title="bbox 515 1189 2118 1260">
    <p class='ocr_par' dir='ltr' id='par_1_13' title="bbox 515 1189 2118 1260">
     <span class='ocr_line' id='line_1_13' title="bbox 515 1189 2118 1260; baseline -0.006 -11"><span class='ocrx_word' id='word_1_97' title='bbox 515 1205 565 1248; x_wconf 90' lang='lat' dir='ltr'><strong><em>et</em></strong></span> <span class='ocrx_word' id='word_1_98' title='bbox 588 1193 1016 1249; x_wconf 67' lang='lat' dir='ltr'><strong><em>exactrbareruut</em></strong></span> <span class='ocrx_word' id='word_1_99' title='bbox 1038 1190 1297 1259; x_wconf 79' lang='lat' dir='ltr'><strong><em>Spiritum</em></strong></span> <span class='ocrx_word' id='word_1_100' title='bbox 1317 1198 1554 1243; x_wconf 84' lang='lat' dir='ltr'><strong><em>sanctum</em></strong></span> <span class='ocrx_word' id='word_1_101' title='bbox 1576 1189 1689 1260; x_wconf 76' lang='lat' dir='ltr'><strong><em>ejus</em></strong></span> <span class='ocrx_word' id='word_1_102' title='bbox 1712 1204 1730 1242; x_wconf 95' lang='lat'><strong><em>:</em></strong></span> <span class='ocrx_word' id='word_1_103' title='bbox 1752 1203 2022 1243; x_wconf 80' lang='lat' dir='ltr'><strong><em>conversus</em></strong></span> <span class='ocrx_word' id='word_1_104' title='bbox 2043 1196 2118 1243; x_wconf 83' lang='lat' dir='ltr'><strong><em>est</em></strong></span> 
     </span>
    </p>
   </div>
   <div class='ocr_carea' id='block_1_14' title="bbox 513 1281 2118 1356">
    <p class='ocr_par' dir='ltr' id='par_1_14' title="bbox 513 1281 2118 1356">
     <span class='ocr_line' id='line_1_14' title="bbox 513 1281 2118 1356; baseline -0.003 -16"><span class='ocrx_word' id='word_1_105' title='bbox 513 1287 653 1341; x_wconf 88' lang='lat' dir='ltr'><strong><em>eisin</em></strong></span> <span class='ocrx_word' id='word_1_106' title='bbox 669 1284 1075 1353; x_wconf 87' lang='lat' dir='ltr'><strong><em>inimicum,ipse</em></strong></span> <span class='ocrx_word' id='word_1_107' title='bbox 1094 1282 1342 1356; x_wconf 79' lang='lat' dir='ltr'><strong><em>pugnarit</em></strong></span> <span class='ocrx_word' id='word_1_108' title='bbox 1362 1295 1541 1336; x_wconf 88' lang='lat' dir='ltr'><strong><em>contra</em></strong></span> <span class='ocrx_word' id='word_1_109' title='bbox 1563 1281 1780 1337; x_wconf 88' lang='lat' dir='ltr'><strong><em>eos.Ubi</em></strong></span> <span class='ocrx_word' id='word_1_110' title='bbox 1816 1298 1917 1336; x_wconf 87' lang='lat' dir='ltr'><strong><em>nos</em></strong></span> <span class='ocrx_word' id='word_1_111' title='bbox 1948 1283 2118 1335; x_wconf 88' lang='lat' dir='ltr'><strong><em>inter-</em></strong></span> 
     </span>
    </p>
   </div>
   <div class='ocr_carea' id='block_1_15' title="bbox 517 1374 2116 1451">
    <p class='ocr_par' dir='ltr' id='par_1_15' title="bbox 517 1374 2116 1451">
     <span class='ocr_line' id='line_1_15' title="bbox 517 1374 2116 1451; baseline -0.003 -17"><span class='ocrx_word' id='word_1_112' title='bbox 517 1382 711 1451; x_wconf 86' lang='lat' dir='ltr'><strong><em>pretati</em></strong></span> <span class='ocrx_word' id='word_1_113' title='bbox 741 1393 930 1435; x_wconf 87' lang='lat' dir='ltr'><strong><em>sumus</em></strong></span> <span class='ocrx_word' id='word_1_114' title='bbox 961 1395 976 1433; x_wconf 88' lang='lat'><strong>:</strong></span> <span class='ocrx_word' id='word_1_115' title='bbox 1011 1376 1076 1432; x_wconf 88' lang='lat' dir='ltr'><strong><em>In</em></strong></span> <span class='ocrx_word' id='word_1_116' title='bbox 1114 1377 1256 1432; x_wconf 87' lang='lat' dir='ltr'><strong><em>omni</em></strong></span> <span class='ocrx_word' id='word_1_117' title='bbox 1308 1374 1642 1432; x_wconf 74' lang='lat' dir='ltr'><strong><em>tribulatione</em></strong></span> <span class='ocrx_word' id='word_1_118' title='bbox 1681 1391 1857 1430; x_wconf 74' lang='lat' dir='ltr'><strong><em>eorum</em></strong></span> <span class='ocrx_word' id='word_1_119' title='bbox 1895 1393 1999 1430; x_wconf 91' lang='lat' dir='ltr'><strong><em>non</em></strong></span> <span class='ocrx_word' id='word_1_120' title='bbox 2041 1384 2116 1431; x_wconf 90' lang='lat' dir='ltr'><strong><em>est</em></strong></span> 
     </span>
    </p>
   </div>
   <div class='ocr_carea' id='block_1_16' title="bbox 516 1468 2115 1542">
    <p class='ocr_par' dir='ltr' id='par_1_16' title="bbox 516 1468 2115 1542">
     <span class='ocr_line' id='line_1_16' title="bbox 516 1468 2115 1542; baseline -0.003 -16"><span class='ocrx_word' id='word_1_121' title='bbox 516 1470 813 1539; x_wconf 82' lang='lat' dir='ltr'><strong><em>tribulatos,</em></strong></span> <span class='ocrx_word' id='word_1_122' title='bbox 839 1471 986 1542; x_wconf 90' lang='lat' dir='ltr'><strong><em>quod</em></strong></span> <span class='ocrx_word' id='word_1_123' title='bbox 1031 1470 1297 1526; x_wconf 87' lang='lat' dir='ltr'><strong><em>llebraice</em></strong></span> <span class='ocrx_word' id='word_1_124' title='bbox 1324 1468 1525 1524; x_wconf 79' lang='lat' dir='ltr'><strong><em>dlCillll‘</em></strong></span> <span class='ocrx_word' id='word_1_125' title='bbox 1546 1477 1573 1505; x_wconf 73' lang='grc'>⁸</span> <span class='ocrx_word' id='word_1_126' title='bbox 1605 1483 1691 1533; x_wconf 77' lang='grc' dir='ltr'><strong><em>ιο,</em></strong></span> <span class='ocrx_word' id='word_1_127' title='bbox 1717 1479 1767 1523; x_wconf 90' lang='lat' dir='ltr'><strong><em>et</em></strong></span> <span class='ocrx_word' id='word_1_128' title='bbox 1798 1477 1883 1523; x_wconf 73' lang='lat' dir='ltr'><strong><em>est</em></strong></span> <span class='ocrx_word' id='word_1_129' title='bbox 1914 1482 2115 1538; x_wconf 80' lang='lat' dir='ltr'><strong><em>negan-</em></strong></span> 
     </span>
    </p>
   </div>
   <div class='ocr_carea' id='block_1_17' title="bbox 517 1558 2115 1631">
    <p class='ocr_par' dir='ltr' id='par_1_17' title="bbox 517 1558 2115 1631">
     <span class='ocr_line' id='line_1_17' title="bbox 517 1558 2115 1631; baseline -0.004 -11"><span class='ocrx_word' id='word_1_130' title='bbox 517 1565 587 1620; x_wconf 96' lang='lat' dir='ltr'><strong><em>tis</em></strong></span> <span class='ocrx_word' id='word_1_131' title='bbox 613 1563 958 1628; x_wconf 78' lang='lat' dir='ltr'><strong><em>adverbium,</em></strong></span> <span class='ocrx_word' id='word_1_132' title='bbox 990 1577 1087 1631; x_wconf 90' lang='lat' dir='ltr'><strong><em>pro</em></strong></span> <span class='ocrx_word' id='word_1_133' title='bbox 1120 1578 1249 1623; x_wconf 85' lang='lat' dir='ltr'><strong><em>non.</em></strong></span> <span class='ocrx_word' id='word_1_134' title='bbox 1283 1561 1383 1631; x_wconf 75' lang='lat' dir='ltr'><strong><em>logi</em></strong></span> <span class='ocrx_word' id='word_1_135' title='bbox 1433 1568 1611 1629; x_wconf 86' lang='lat' dir='ltr'><strong><em>potest</em></strong></span> <span class='ocrx_word' id='word_1_136' title='bbox 1663 1568 1722 1613; x_wconf 89' lang='lat' dir='ltr'><strong><em>et</em></strong></span> <span class='ocrx_word' id='word_1_137' title='bbox 1766 1560 1896 1626; x_wconf 88' lang='lat' dir='ltr'><strong><em>ipse,</em></strong></span> <span class='ocrx_word' id='word_1_138' title='bbox 1931 1569 1987 1613; x_wconf 91' lang='lat' dir='ltr'><strong><em>ut</em></strong></span> <span class='ocrx_word' id='word_1_139' title='bbox 2042 1558 2115 1613; x_wconf 88' lang='lat' dir='ltr'><strong><em>sit</em></strong></span> 
     </span>
    </p>
   </div>
   <div class='ocr_carea' id='block_1_18' title="bbox 509 1652 2113 1723">
    <p class='ocr_par' dir='ltr' id='par_1_18' title="bbox 509 1652 2113 1723">
     <span class='ocr_line' id='line_1_18' title="bbox 509 1652 2113 1723; baseline -0.007 -8"><span class='ocrx_word' id='word_1_140' title='bbox 509 1675 709 1715; x_wconf 82' lang='lat' dir='ltr'><strong><em>sensus</em></strong></span> <span class='ocrx_word' id='word_1_141' title='bbox 743 1677 757 1714; x_wconf 90' lang='lat'><strong>:</strong></span> <span class='ocrx_word' id='word_1_142' title='bbox 790 1658 847 1713; x_wconf 86' lang='lat' dir='ltr'><strong><em>In</em></strong></span> <span class='ocrx_word' id='word_1_143' title='bbox 872 1658 1019 1712; x_wconf 89' lang='lat' dir='ltr'><strong><em>omni</em></strong></span> <span class='ocrx_word' id='word_1_144' title='bbox 1064 1653 1418 1710; x_wconf 83' lang='lat' dir='ltr'><strong><em>tribulatione</em></strong></span> <span class='ocrx_word' id='word_1_145' title='bbox 1458 1668 1646 1709; x_wconf 90' lang='lat' dir='ltr'><strong><em>eorum</em></strong></span> <span class='ocrx_word' id='word_1_146' title='bbox 1682 1653 1797 1723; x_wconf 89' lang='lat' dir='ltr'><strong><em>ipse</em></strong></span> <span class='ocrx_word' id='word_1_147' title='bbox 1819 1662 1907 1707; x_wconf 89' lang='lat' dir='ltr'><strong><em>est</em></strong></span> <span class='ocrx_word' id='word_1_148' title='bbox 1939 1652 2113 1708; x_wconf 84' lang='lat' dir='ltr'><strong><em>tribu-</em></strong></span> 
     </span>
    </p>
   </div>
   <div class='ocr_carea' id='block_1_19' title="bbox 2230 456 3832 536">
    <p class='ocr_par' dir='ltr' id='par_1_19' title="bbox 2230 456 3832 536">
     <span class='ocr_line' id='line_1_19' title="bbox 2230 456 3832 536; baseline 0.014 -30"><span class='ocrx_word' id='word_1_149' title='bbox 2230 456 2581 525; x_wconf 85' lang='lat' dir='ltr'><strong><em>suscepitque</em></strong></span> <span class='ocrx_word' id='word_1_150' title='bbox 2611 467 2667 513; x_wconf 85' lang='lat' dir='ltr'><strong><em>et</em></strong></span> <span class='ocrx_word' id='word_1_151' title='bbox 2690 460 2946 517; x_wconf 80' lang='lat' dir='ltr'><strong><em>exaltavit</em></strong></span> <span class='ocrx_word' id='word_1_152' title='bbox 2979 469 3335 536; x_wconf 80' lang='lat' dir='ltr'><strong><em>assumptus?</em></strong></span> <span class='ocrx_word' id='word_1_153' title='bbox 3390 468 3636 526; x_wconf 76' lang='lat' dir='ltr'><strong><em>infertur</em></strong></span> <span class='ocrx_word' id='word_1_154' title='bbox 3665 488 3832 529; x_wconf 84' lang='lat' dir='ltr'><strong><em>causa</em></strong></span> 
     </span>
    </p>
   </div>
   <div class='ocr_carea' id='block_1_20' title="bbox 2233 548 3831 628">
    <p class='ocr_par' dir='ltr' id='par_1_20' title="bbox 2233 548 3831 628">
     <span class='ocr_line' id='line_1_20' title="bbox 2233 548 3831 628; baseline 0.012 -26"><span class='ocrx_word' id='word_1_155' title='bbox 2233 548 2514 617; x_wconf 84' lang='lat' dir='ltr'><strong><em>perspicua</em></strong></span> <span class='ocrx_word' id='word_1_156' title='bbox 2543 570 2556 603; x_wconf 85' lang='lat'><strong>;</strong></span> <span class='ocrx_word' id='word_1_157' title='bbox 2592 549 2701 619; x_wconf 89' lang='lat' dir='ltr'><strong><em>Ipsi</em></strong></span> <span class='ocrx_word' id='word_1_158' title='bbox 2723 566 2906 609; x_wconf 89' lang='lat' dir='ltr'><strong><em>autem</em></strong></span> <span class='ocrx_word' id='word_1_159' title='bbox 2940 571 3049 611; x_wconf 93' lang='lat' dir='ltr'><strong><em>non</em></strong></span> <span class='ocrx_word' id='word_1_160' title='bbox 3074 558 3461 628; x_wconf 85' lang='lat' dir='ltr'><strong><em>crediderunt,</em></strong></span> <span class='ocrx_word' id='word_1_161' title='bbox 3498 573 3556 618; x_wconf 90' lang='lat' dir='ltr'><strong><em>et</em></strong></span> <span class='ocrx_word' id='word_1_162' title='bbox 3594 578 3831 622; x_wconf 77' lang='lat' dir='ltr'><strong><em>exacer-</em></strong></span> 
     </span>
    </p>
   </div>
   <div class='ocr_carea' id='block_1_21' title="bbox 2228 640 3828 726">
    <p class='ocr_par' dir='ltr' id='par_1_21' title="bbox 2228 640 3828 726">
     <span class='ocr_line' id='line_1_21' title="bbox 2228 640 3828 726; baseline 0.011 -30"><span class='ocrx_word' id='word_1_163' title='bbox 2228 640 2489 698; x_wconf 78' lang='lat' dir='ltr'><strong><em>bavernnt</em></strong></span> <span class='ocrx_word' id='word_1_164' title='bbox 2515 645 2777 716; x_wconf 86' lang='lat' dir='ltr'><strong><em>Spiritum</em></strong></span> <span class='ocrx_word' id='word_1_165' title='bbox 2804 658 3054 706; x_wconf 87' lang='lat' dir='ltr'><strong><em>sanctum</em></strong></span> <span class='ocrx_word' id='word_1_166' title='bbox 3099 651 3241 719; x_wconf 78' lang='lat' dir='ltr'><strong><em>eius,</em></strong></span> <span class='ocrx_word' id='word_1_167' title='bbox 3292 653 3409 710; x_wconf 81' lang='lat' dir='ltr'><strong><em>sive</em></strong></span> <span class='ocrx_word' id='word_1_168' title='bbox 3450 658 3621 710; x_wconf 90' lang='lat' dir='ltr'><strong><em>sancti</em></strong></span> <span class='ocrx_word' id='word_1_169' title='bbox 3657 655 3828 726; x_wconf 84' lang='lat' dir='ltr'><strong><em>illius,</em></strong></span> 
     </span>
    </p>
   </div>
   <div class='ocr_carea' id='block_1_22' title="bbox 2227 734 3833 833">
    <p class='ocr_par' dir='ltr' id='par_1_22' title="bbox 2227 734 3833 833">
     <span class='ocr_line' id='line_1_22' title="bbox 2227 734 3833 833; baseline 0.017 -52"><span class='ocrx_word' id='word_1_170' title='bbox 2227 734 2370 804; x_wconf 82' lang='lat' dir='ltr'><strong><em>quod</em></strong></span> <span class='ocrx_word' id='word_1_171' title='bbox 2404 735 2669 793; x_wconf 79' lang='lat' dir='ltr'><strong><em>Hebraice</em></strong></span> <span class='ocrx_word' id='word_1_172' title='bbox 2695 739 2906 801; x_wconf 86' lang='lat' dir='ltr'><strong><em>dicitur</em></strong></span> <span class='ocrx_word' id='word_1_173' title='bbox 2942 757 3145 800; x_wconf 64' lang='lat' dir='ltr'><strong><em>causso</em></strong></span> <span class='ocrx_word' id='word_1_174' title='bbox 3176 742 3396 833; x_wconf 56' lang='grc' dir='ltr'><strong><em>(ποτε).</em></strong></span> <span class='ocrx_word' id='word_1_175' title='bbox 3428 744 3621 802; x_wconf 81' lang='lat' dir='ltr'><strong><em>Voluit</em></strong></span> <span class='ocrx_word' id='word_1_176' title='bbox 3643 748 3833 820; x_wconf 81' lang='lat' dir='ltr'><strong><em>itaque</em></strong></span> 
     </span>
    </p>
   </div>
   <div class='ocr_carea' id='block_1_23' title="bbox 2228 827 3828 914">
    <p class='ocr_par' dir='ltr' id='par_1_23' title="bbox 2228 827 3828 914">
     <span class='ocr_line' id='line_1_23' title="bbox 2228 827 3828 914; baseline 0.011 -32"><span class='ocrx_word' id='word_1_177' title='bbox 2228 827 2373 883; x_wconf 83' lang='lat' dir='ltr'><strong><em>Deus</em></strong></span> <span class='ocrx_word' id='word_1_178' title='bbox 2402 832 2615 887; x_wconf 87' lang='lat' dir='ltr'><strong><em>salvare</em></strong></span> <span class='ocrx_word' id='word_1_179' title='bbox 2650 832 2935 903; x_wconf 86' lang='lat' dir='ltr'><strong><em>cupientes</em></strong></span> <span class='ocrx_word' id='word_1_180' title='bbox 2962 853 2976 891; x_wconf 89' lang='lat'><strong>:</strong></span> <span class='ocrx_word' id='word_1_181' title='bbox 3009 845 3066 892; x_wconf 92' lang='lat' dir='ltr'><strong><em>et</em></strong></span> <span class='ocrx_word' id='word_1_182' title='bbox 3098 827 3413 908; x_wconf 71' lang='lat' dir='ltr'><strong><em>prowesvit</em></strong></span> <span class='ocrx_word' id='word_1_183' title='bbox 3452 840 3519 897; x_wconf 89' lang='lat' dir='ltr'><strong><em>ad</em></strong></span> <span class='ocrx_word' id='word_1_184' title='bbox 3564 843 3828 914; x_wconf 84' lang='lat' dir='ltr'><strong><em>salutem,</em></strong></span> 
     </span>
    </p>
   </div>
   <div class='ocr_carea' id='block_1_24' title="bbox 2228 922 3832 998">
    <p class='ocr_par' dir='ltr' id='par_1_24' title="bbox 2228 922 3832 998">
     <span class='ocr_line' id='line_1_24' title="bbox 2228 922 3832 998; baseline 0.011 -23"><span class='ocrx_word' id='word_1_185' title='bbox 2228 930 2285 975; x_wconf 93' lang='lat' dir='ltr'><strong><em>ut</em></strong></span> <span class='ocrx_word' id='word_1_186' title='bbox 2309 922 2561 976; x_wconf 83' lang='lat' dir='ltr'><strong><em>voluntas</em></strong></span> <span class='ocrx_word' id='word_1_187' title='bbox 2593 922 2821 981; x_wconf 78' lang='lat' dir='ltr'><strong><em>haberet</em></strong></span> <span class='ocrx_word' id='word_1_188' title='bbox 2855 929 3138 998; x_wconf 62' lang='lat' dir='ltr'><strong><em>praemium</em></strong></span> <span class='ocrx_word' id='word_1_189' title='bbox 3166 947 3181 995; x_wconf 91' lang='lat'><strong>;</strong></span> <span class='ocrx_word' id='word_1_190' title='bbox 3215 929 3312 985; x_wconf 91' lang='lat' dir='ltr'><strong><em>sed</em></strong></span> <span class='ocrx_word' id='word_1_191' title='bbox 3356 930 3431 987; x_wconf 90' lang='lat' dir='ltr'><strong><em>illi</em></strong></span> <span class='ocrx_word' id='word_1_192' title='bbox 3470 933 3705 990; x_wconf 85' lang='lat' dir='ltr'><strong><em>credere</em></strong></span> <span class='ocrx_word' id='word_1_193' title='bbox 3732 952 3832 991; x_wconf 86' lang='lat' dir='ltr'><strong><em>uo-</em></strong></span> 
     </span>
    </p>
   </div>
   <div class='ocr_carea' id='block_1_25' title="bbox 2226 1009 3829 1092">
    <p class='ocr_par' dir='ltr' id='par_1_25' title="bbox 2226 1009 3829 1092">
     <span class='ocr_line' id='line_1_25' title="bbox 2226 1009 3829 1092; baseline 0.011 -29"><span class='ocrx_word' id='word_1_194' title='bbox 2226 1009 2464 1065; x_wconf 85' lang='lat' dir='ltr'><strong><em>luerunt.</em></strong></span> <span class='ocrx_word' id='word_1_195' title='bbox 2495 1012 2748 1083; x_wconf 89' lang='lat' dir='ltr'><strong><em>Alioquin</em></strong></span> <span class='ocrx_word' id='word_1_196' title='bbox 2782 1016 2933 1071; x_wconf 89' lang='lat' dir='ltr'><strong><em>etde</em></strong></span> <span class='ocrx_word' id='word_1_197' title='bbox 2968 1017 3180 1075; x_wconf 84' lang='lat' dir='ltr'><strong><em>Jomne</em></strong></span> <span class='ocrx_word' id='word_1_198' title='bbox 3229 1022 3495 1092; x_wconf 87' lang='lat' dir='ltr'><strong><em>scriptum</em></strong></span> <span class='ocrx_word' id='word_1_199' title='bbox 3523 1032 3613 1079; x_wconf 81' lang='lat' dir='ltr'><strong><em>est</em></strong></span> <span class='ocrx_word' id='word_1_200' title='bbox 3644 1043 3658 1081; x_wconf 92' lang='lat'><strong>:</strong></span> <span class='ocrx_word' id='word_1_201' title='bbox 3697 1024 3829 1081; x_wconf 82' lang='lat' dir='ltr'><strong><em>Fuit</em></strong></span> 
     </span>
    </p>
   </div>
   <div class='ocr_carea' id='block_1_26' title="bbox 2224 1104 3828 1177">
    <p class='ocr_par' dir='ltr' id='par_1_26' title="bbox 2224 1104 3828 1177">
     <span class='ocr_line' id='line_1_26' title="bbox 2224 1104 3828 1177; baseline 0.011 -20"><span class='ocrx_word' id='word_1_202' title='bbox 2224 1104 2376 1159; x_wconf 85' lang='lat' dir='ltr'><strong><em>homo</em></strong></span> <span class='ocrx_word' id='word_1_203' title='bbox 2420 1107 2609 1161; x_wconf 86' lang='lat' dir='ltr'><strong><em>missus</em></strong></span> <span class='ocrx_word' id='word_1_204' title='bbox 2652 1124 2685 1161; x_wconf 91' lang='lat' dir='ltr'><strong><em>a</em></strong></span> <span class='ocrx_word' id='word_1_205' title='bbox 2731 1108 2864 1177; x_wconf 87' lang='lat' dir='ltr'><strong><em>Deo,</em></strong></span> <span class='ocrx_word' id='word_1_206' title='bbox 2911 1114 2996 1165; x_wconf 91' lang='lat' dir='ltr'><strong><em>cui</em></strong></span> <span class='ocrx_word' id='word_1_207' title='bbox 3039 1130 3226 1168; x_wconf 83' lang='lat' dir='ltr'><strong><em>nomen</em></strong></span> <span class='ocrx_word' id='word_1_208' title='bbox 3264 1124 3378 1171; x_wconf 88' lang='lat' dir='ltr'><strong><em>erat</em></strong></span> <span class='ocrx_word' id='word_1_209' title='bbox 3410 1115 3644 1174; x_wconf 81' lang='lat' dir='ltr'><strong><em>Joannes</em></strong></span> <span class='ocrx_word' id='word_1_210' title='bbox 3676 1139 3697 1173; x_wconf 86' lang='lat'><strong><em>:</em></strong></span> <span class='ocrx_word' id='word_1_211' title='bbox 3740 1118 3828 1175; x_wconf 84' lang='lat' dir='ltr'><strong><em>Itic</em></strong></span> 
     </span>
    </p>
   </div>
   <div class='ocr_carea' id='block_1_27' title="bbox 2220 1202 3828 1277">
    <p class='ocr_par' dir='ltr' id='par_1_27' title="bbox 2220 1202 3828 1277">
     <span class='ocr_line' id='line_1_27' title="bbox 2220 1202 3828 1277; baseline 0.007 -22"><span class='ocrx_word' id='word_1_212' title='bbox 2220 1202 2374 1270; x_wconf 82' lang='lat' dir='ltr'><strong><em>venit,</em></strong></span> <span class='ocrx_word' id='word_1_213' title='bbox 2404 1211 2459 1255; x_wconf 90' lang='lat' dir='ltr'><strong><em>ut</em></strong></span> <span class='ocrx_word' id='word_1_214' title='bbox 2491 1202 2735 1271; x_wconf 68' lang='lat' dir='ltr'><strong><em>prarberet</em></strong></span> <span class='ocrx_word' id='word_1_215' title='bbox 2785 1205 3135 1261; x_wconf 85' lang='lat' dir='ltr'><strong><em>testimonium</em></strong></span> <span class='ocrx_word' id='word_1_216' title='bbox 3162 1208 3269 1262; x_wconf 87' lang='lat' dir='ltr'><strong><em>luci</em></strong></span> <span class='ocrx_word' id='word_1_217' title='bbox 3287 1249 3304 1277; x_wconf 91' lang='lat'><strong><em>,</em></strong></span> <span class='ocrx_word' id='word_1_218' title='bbox 3337 1219 3393 1263; x_wconf 90' lang='lat' dir='ltr'><strong><em>ut</em></strong></span> <span class='ocrx_word' id='word_1_219' title='bbox 3422 1226 3600 1265; x_wconf 88' lang='lat' dir='ltr'><strong><em>omnes</em></strong></span> <span class='ocrx_word' id='word_1_220' title='bbox 3642 1214 3828 1267; x_wconf 85' lang='lat' dir='ltr'><strong><em>crede-</em></strong></span> 
     </span>
    </p>
   </div>
   <div class='ocr_carea' id='block_1_28' title="bbox 2219 1293 3823 1371">
    <p class='ocr_par' dir='ltr' id='par_1_28' title="bbox 2219 1293 3823 1371">
     <span class='ocr_line' id='line_1_28' title="bbox 2219 1293 3823 1371; baseline 0.01 -24"><span class='ocrx_word' id='word_1_221' title='bbox 2219 1306 2328 1348; x_wconf 88' lang='lat' dir='ltr'><strong><em>rent</em></strong></span> <span class='ocrx_word' id='word_1_222' title='bbox 2360 1311 2452 1364; x_wconf 89' lang='lat' dir='ltr'><strong><em>per</em></strong></span> <span class='ocrx_word' id='word_1_223' title='bbox 2471 1311 2587 1350; x_wconf 88' lang='lat' dir='ltr'><strong><em>eum</em></strong></span> <span class='ocrx_word' id='word_1_224' title='bbox 2620 1293 2800 1369; x_wconf 77' lang='lat' dir='ltr'><strong><em>(Joan.</em></strong></span> <span class='ocrx_word' id='word_1_225' title='bbox 2831 1314 2869 1363; x_wconf 85' lang='grc' dir='ltr'><strong><em>ι,</em></strong></span> <span class='ocrx_word' id='word_1_226' title='bbox 2903 1298 2980 1369; x_wconf 87' lang='lat'><strong><em>6).</em></strong></span> <span class='ocrx_word' id='word_1_227' title='bbox 3013 1298 3127 1356; x_wconf 82' lang='lat' dir='ltr'><strong><em>Nec</em></strong></span> <span class='ocrx_word' id='word_1_228' title='bbox 3147 1302 3331 1356; x_wconf 82' lang='lat' dir='ltr'><strong><em>statim</em></strong></span> <span class='ocrx_word' id='word_1_229' title='bbox 3366 1303 3417 1357; x_wconf 89' lang='lat' dir='ltr'><strong><em>itt</em></strong></span> <span class='ocrx_word' id='word_1_230' title='bbox 3451 1303 3614 1369; x_wconf 86' lang='lat' dir='ltr'><strong><em>culpa</em></strong></span> <span class='ocrx_word' id='word_1_231' title='bbox 3637 1318 3748 1371; x_wconf 70' lang='grc' dir='ltr'><strong><em>εει,</em></strong></span> <span class='ocrx_word' id='word_1_232' title='bbox 3776 1308 3823 1362; x_wconf 83' lang='lat' dir='ltr'><strong><em>si</em></strong></span> 
     </span>
    </p>
   </div>
   <div class='ocr_carea' id='block_1_29' title="bbox 2220 1387 3823 1460">
    <p class='ocr_par' dir='ltr' id='par_1_29' title="bbox 2220 1387 3823 1460">
     <span class='ocr_line' id='line_1_29' title="bbox 2220 1387 3823 1460; baseline 0.008 -20"><span class='ocrx_word' id='word_1_233' title='bbox 2220 1387 2405 1455; x_wconf 82' lang='lat' dir='ltr'><strong><em>plures</em></strong></span> <span class='ocrx_word' id='word_1_234' title='bbox 2451 1388 2677 1445; x_wconf 81' lang='lat' dir='ltr'><strong><em>credere</em></strong></span> <span class='ocrx_word' id='word_1_235' title='bbox 2728 1392 3047 1460; x_wconf 87' lang='lat' dir='ltr'><strong><em>noluerunt,</em></strong></span> <span class='ocrx_word' id='word_1_236' title='bbox 3079 1394 3175 1449; x_wconf 85' lang='lat' dir='ltr'><strong><em>sed</em></strong></span> <span class='ocrx_word' id='word_1_237' title='bbox 3210 1394 3463 1450; x_wconf 84' lang='lat' dir='ltr'><strong><em>voluntas</em></strong></span> <span class='ocrx_word' id='word_1_238' title='bbox 3490 1394 3521 1435; x_wconf 75' lang='grc' dir='ltr'><strong>ιι</strong></span> <span class='ocrx_word' id='word_1_239' title='bbox 3552 1398 3823 1454; x_wconf 83' lang='lat' dir='ltr'><strong><em>venientis</em></strong></span> 
     </span>
    </p>
   </div>
   <div class='ocr_carea' id='block_1_30' title="bbox 2220 1480 3820 1548">
    <p class='ocr_par' dir='ltr' id='par_1_30' title="bbox 2220 1480 3820 1548">
     <span class='ocr_line' id='line_1_30' title="bbox 2220 1480 3820 1548; baseline 0.009 -15"><span class='ocrx_word' id='word_1_240' title='bbox 2220 1480 2338 1535; x_wconf 84' lang='lat' dir='ltr'><strong><em>ba-c</em></strong></span> <span class='ocrx_word' id='word_1_241' title='bbox 2370 1480 2488 1548; x_wconf 85' lang='lat' dir='ltr'><strong><em>luit,</em></strong></span> <span class='ocrx_word' id='word_1_242' title='bbox 2538 1493 2594 1535; x_wconf 94' lang='lat' dir='ltr'><strong><em>nt</em></strong></span> <span class='ocrx_word' id='word_1_243' title='bbox 2642 1497 2834 1538; x_wconf 89' lang='lat' dir='ltr'><strong><em>omnes</em></strong></span> <span class='ocrx_word' id='word_1_244' title='bbox 2876 1484 3167 1542; x_wconf 87' lang='lat' dir='ltr'><strong><em>crederent</em></strong></span> <span class='ocrx_word' id='word_1_245' title='bbox 3206 1499 3264 1542; x_wconf 90' lang='lat' dir='ltr'><strong><em>et</em></strong></span> <span class='ocrx_word' id='word_1_246' title='bbox 3307 1489 3671 1546; x_wconf 87' lang='lat' dir='ltr'><strong><em>salvareutnr.</em></strong></span> <span class='ocrx_word' id='word_1_247' title='bbox 3721 1488 3820 1547; x_wconf 91' lang='lat' dir='ltr'><strong><em>Sin</em></strong></span> 
     </span>
    </p>
   </div>
   <div class='ocr_carea' id='block_1_31' title="bbox 2214 1574 3824 1649">
    <p class='ocr_par' dir='ltr' id='par_1_31' title="bbox 2214 1574 3824 1649">
     <span class='ocr_line' id='line_1_31' title="bbox 2214 1574 3824 1649; baseline 0.009 -23"><span class='ocrx_word' id='word_1_248' title='bbox 2214 1584 2398 1629; x_wconf 89' lang='lat' dir='ltr'><strong><em>autem</em></strong></span> <span class='ocrx_word' id='word_1_249' title='bbox 2422 1574 2511 1641; x_wconf 89' lang='lat' dir='ltr'><strong><em>qui</em></strong></span> <span class='ocrx_word' id='word_1_250' title='bbox 2539 1576 2953 1644; x_wconf 77' lang='lat' dir='ltr'><strong><em>esasperaverit</em></strong></span> <span class='ocrx_word' id='word_1_251' title='bbox 2978 1589 3033 1634; x_wconf 90' lang='lat' dir='ltr'><strong><em>et</em></strong></span> <span class='ocrx_word' id='word_1_252' title='bbox 3064 1578 3325 1634; x_wconf 81' lang='lat' dir='ltr'><strong><em>afﬂixerit</em></strong></span> <span class='ocrx_word' id='word_1_253' title='bbox 3352 1579 3619 1649; x_wconf 83' lang='lat' dir='ltr'><strong><em>Spiritum</em></strong></span> <span class='ocrx_word' id='word_1_254' title='bbox 3660 1597 3824 1639; x_wconf 85' lang='lat' dir='ltr'><strong><em>sanc-</em></strong></span> 
     </span>
    </p>
   </div>
   <div class='ocr_carea' id='block_1_32' title="bbox 2217 1668 3819 1749">
    <p class='ocr_par' dir='ltr' id='par_1_32' title="bbox 2217 1668 3819 1749">
     <span class='ocr_line' id='line_1_32' title="bbox 2217 1668 3819 1749; baseline 0.008 -29"><span class='ocrx_word' id='word_1_255' title='bbox 2217 1676 2350 1735; x_wconf 91' lang='lat' dir='ltr'><strong><em>tum,</em></strong></span> <span class='ocrx_word' id='word_1_256' title='bbox 2381 1668 2471 1722; x_wconf 86' lang='lat' dir='ltr'><strong><em>vel</em></strong></span> <span class='ocrx_word' id='word_1_257' title='bbox 2514 1669 2698 1723; x_wconf 79' lang='lat' dir='ltr'><strong><em>Sancti</em></strong></span> <span class='ocrx_word' id='word_1_258' title='bbox 2730 1669 2870 1738; x_wconf 85' lang='lat' dir='ltr'><strong><em>ejus,</em></strong></span> <span class='ocrx_word' id='word_1_259' title='bbox 2904 1669 2955 1725; x_wconf 92' lang='lat' dir='ltr'><strong><em>id</em></strong></span> <span class='ocrx_word' id='word_1_260' title='bbox 2983 1682 3091 1736; x_wconf 89' lang='lat' dir='ltr'><strong><em>est,</em></strong></span> <span class='ocrx_word' id='word_1_261' title='bbox 3120 1671 3355 1740; x_wconf 85' lang='lat' dir='ltr'><strong><em>Christi,</em></strong></span> <span class='ocrx_word' id='word_1_262' title='bbox 3380 1673 3550 1730; x_wconf 89' lang='lat' dir='ltr'><strong><em>Deum</em></strong></span> <span class='ocrx_word' id='word_1_263' title='bbox 3579 1691 3819 1749; x_wconf 77' lang='lat' dir='ltr'><strong><em>exaspe-</em></strong></span> 
     </span>
    </p>
   </div>
   <div class='ocr_carea' id='block_1_33' title="bbox 514 1745 2099 1842">
    <p class='ocr_par' dir='ltr' id='par_1_33' title="bbox 514 1745 2099 1818">
     <span class='ocr_line' id='line_1_33' title="bbox 514 1745 2099 1818; baseline -0.006 -8"><span class='ocrx_word' id='word_1_264' title='bbox 514 1754 680 1816; x_wconf 69' lang='lat' dir='ltr'><strong><em>latas,</em></strong></span> <span class='ocrx_word' id='word_1_265' title='bbox 733 1751 785 1807; x_wconf 91' lang='lat' dir='ltr'><strong><em>id</em></strong></span> <span class='ocrx_word' id='word_1_266' title='bbox 811 1761 918 1818; x_wconf 77' lang='lat' dir='ltr'><strong><em>e~t,</em></strong></span> <span class='ocrx_word' id='word_1_267' title='bbox 940 1750 1089 1807; x_wconf 85' lang='lat' dir='ltr'><strong><em>Dens</em></strong></span> <span class='ocrx_word' id='word_1_268' title='bbox 1118 1767 1133 1804; x_wconf 90' lang='lat'><strong>:</strong></span> <span class='ocrx_word' id='word_1_269' title='bbox 1164 1761 1222 1804; x_wconf 90' lang='lat' dir='ltr'><strong><em>ut</em></strong></span> <span class='ocrx_word' id='word_1_270' title='bbox 1273 1763 1377 1804; x_wconf 89' lang='lat' dir='ltr'><strong><em>non</em></strong></span> <span class='ocrx_word' id='word_1_271' title='bbox 1410 1749 1588 1802; x_wconf 89' lang='lat' dir='ltr'><strong><em>solum</em></strong></span> <span class='ocrx_word' id='word_1_272' title='bbox 1622 1758 1864 1817; x_wconf 89' lang='lat' dir='ltr'><strong><em>peccata,</em></strong></span> <span class='ocrx_word' id='word_1_273' title='bbox 1913 1745 2006 1801; x_wconf 86' lang='lat' dir='ltr'><strong><em>sed</em></strong></span> <span class='ocrx_word' id='word_1_274' title='bbox 2054 1753 2099 1801; x_wconf 88' lang='lat' dir='ltr'><strong><em>el</em></strong></span> 
     </span>
    </p>
   </div>
   <div class='ocr_carea' id='block_1_34' title="bbox 2207 1745 3815 1842">
    <p class='ocr_par' dir='ltr' id='par_1_34' title="bbox 2214 1745 3815 1842">
     <span class='ocr_line' id='line_1_34' title="bbox 2214 1745 3815 1842; baseline 0.01 -30"><span class='ocrx_word' id='word_1_275' title='bbox 2214 1769 2299 1814; x_wconf 89' lang='lat' dir='ltr'><strong><em>rat</em></strong></span> <span class='ocrx_word' id='word_1_276' title='bbox 2333 1778 2347 1814; x_wconf 91' lang='lat'><strong>:</strong></span> <span class='ocrx_word' id='word_1_277' title='bbox 2394 1761 2640 1830; x_wconf 84' lang='lat' dir='ltr'><strong><em>ejusdem</em></strong></span> <span class='ocrx_word' id='word_1_278' title='bbox 2687 1760 2923 1832; x_wconf 86' lang='lat' dir='ltr'><strong><em>Spiritus</em></strong></span> <span class='ocrx_word' id='word_1_279' title='bbox 2955 1776 3176 1820; x_wconf 80' lang='lat' dir='ltr'><strong><em>Sanctus</em></strong></span> <span class='ocrx_word' id='word_1_280' title='bbox 3204 1781 3326 1821; x_wconf 89' lang='lat' dir='ltr'><strong><em>cum</em></strong></span> <span class='ocrx_word' id='word_1_281' title='bbox 3358 1767 3524 1823; x_wconf 78' lang='lat' dir='ltr'><strong><em>Patre</em></strong></span> <span class='ocrx_word' id='word_1_282' title='bbox 3566 1745 3815 1842; x_wconf 74' lang='lat' dir='ltr'><strong><em>Filioque</em></strong></span> 
     </span>
    </p>
   </div>
   <div class='ocr_carea' id='block_1_35' title="bbox 514 1836 2108 1913">
    <p class='ocr_par' dir='ltr' id='par_1_35' title="bbox 514 1836 2108 1913">
     <span class='ocr_line' id='line_1_35' title="bbox 514 1836 2108 1913; baseline -0.008 -10"><span class='ocrx_word' id='word_1_283' title='bbox 514 1845 901 1904; x_wconf 87' lang='lat' dir='ltr'><strong><em>tribulationes</em></strong></span> <span class='ocrx_word' id='word_1_284' title='bbox 932 1855 1150 1899; x_wconf 86' lang='lat' dir='ltr'><strong><em>nostras</em></strong></span> <span class='ocrx_word' id='word_1_285' title='bbox 1176 1842 1294 1913; x_wconf 89' lang='lat' dir='ltr'><strong><em>ipse</em></strong></span> <span class='ocrx_word' id='word_1_286' title='bbox 1325 1847 1593 1911; x_wconf 80' lang='lat' dir='ltr'><strong><em>portaret.</em></strong></span> <span class='ocrx_word' id='word_1_287' title='bbox 1624 1838 1746 1907; x_wconf 81' lang='lat' dir='ltr'><strong><em>Ipse</em></strong></span> <span class='ocrx_word' id='word_1_288' title='bbox 1790 1838 1933 1894; x_wconf 90' lang='lat' dir='ltr'><strong><em>enim</em></strong></span> <span class='ocrx_word' id='word_1_289' title='bbox 1959 1836 2108 1892; x_wconf 88' lang='lat' dir='ltr'><strong><em>inlir-</em></strong></span> 
     </span>
    </p>
   </div>
   <div class='ocr_carea' id='block_1_36' title="bbox 512 1930 2109 2003">
    <p class='ocr_par' dir='ltr' id='par_1_36' title="bbox 512 1930 2109 2003">
     <span class='ocr_line' id='line_1_36' title="bbox 512 1930 2109 2003; baseline -0.009 -7"><span class='ocrx_word' id='word_1_290' title='bbox 512 1936 979 1996; x_wconf 62' lang='lat' dir='ltr'><strong><em>mitates&#39;nostras</em></strong></span> <span class='ocrx_word' id='word_1_291' title='bbox 1023 1942 1225 2003; x_wconf 74' lang='lat' dir='ltr'><strong><em>portat.</em></strong></span> <span class='ocrx_word' id='word_1_292' title='bbox 1275 1942 1331 1988; x_wconf 89' lang='lat' dir='ltr'><strong><em>et</em></strong></span> <span class='ocrx_word' id='word_1_293' title='bbox 1358 1948 1457 2002; x_wconf 88' lang='lat' dir='ltr'><strong><em>pro</em></strong></span> <span class='ocrx_word' id='word_1_294' title='bbox 1501 1932 1661 1987; x_wconf 88' lang='lat' dir='ltr'><strong><em>nobis</em></strong></span> <span class='ocrx_word' id='word_1_295' title='bbox 1708 1931 1877 1987; x_wconf 84' lang='lat' dir='ltr'><strong><em>dolet.</em></strong></span> <span class='ocrx_word' id='word_1_296' title='bbox 1936 1930 2109 1985; x_wconf 86' lang='lat' dir='ltr'><strong><em>Porro</em></strong></span> 
     </span>
    </p>
   </div>
   <div class='ocr_carea' id='block_1_37' title="bbox 513 2022 2105 2104">
    <p class='ocr_par' dir='ltr' id='par_1_37' title="bbox 513 2022 2105 2104">
     <span class='ocr_line' id='line_1_37' title="bbox 513 2022 2105 2104; baseline -0.009 -15"><span class='ocrx_word' id='word_1_297' title='bbox 513 2030 869 2104; x_wconf 72' lang='lat' dir='ltr'><strong><em>Septuaginta</em></strong></span> <span class='ocrx_word' id='word_1_298' title='bbox 917 2035 1222 2099; x_wconf 88' lang='lat' dir='ltr'><strong><em>posuerunt</em></strong></span> <span class='ocrx_word' id='word_1_299' title='bbox 1258 2025 1406 2079; x_wconf 85' lang='lat' dir='ltr'><strong><em>aliud</em></strong></span> <span class='ocrx_word' id='word_1_300' title='bbox 1456 2024 1600 2094; x_wconf 90' lang='lat' dir='ltr'><strong><em>quod</em></strong></span> <span class='ocrx_word' id='word_1_301' title='bbox 1644 2022 1697 2078; x_wconf 91' lang='lat' dir='ltr'><strong><em>in</em></strong></span> <span class='ocrx_word' id='word_1_302' title='bbox 1733 2023 1961 2079; x_wconf 67' lang='lat' dir='ltr'><strong><em>lli-brteo</em></strong></span> <span class='ocrx_word' id='word_1_303' title='bbox 1998 2037 2105 2076; x_wconf 88' lang='lat' dir='ltr'><strong><em>non</em></strong></span> 
     </span>
    </p>
   </div>
   <div class='ocr_carea' id='block_1_38' title="bbox 511 2118 2103 2195">
    <p class='ocr_par' dir='ltr' id='par_1_38' title="bbox 511 2118 2103 2195">
     <span class='ocr_line' id='line_1_38' title="bbox 511 2118 2103 2195; baseline -0.008 -14"><span class='ocrx_word' id='word_1_304' title='bbox 511 2125 766 2189; x_wconf 84' lang='lat' dir='ltr'><strong><em>habetur,</em></strong></span> <span class='ocrx_word' id='word_1_305' title='bbox 794 2140 898 2177; x_wconf 92' lang='lat' dir='ltr'><strong><em>non</em></strong></span> <span class='ocrx_word' id='word_1_306' title='bbox 921 2123 1143 2195; x_wconf 76' lang='lat' dir='ltr'><strong><em>legatus,</em></strong></span> <span class='ocrx_word' id='word_1_307' title='bbox 1169 2136 1331 2191; x_wconf 84' lang='lat' dir='ltr'><strong><em>neque</em></strong></span> <span class='ocrx_word' id='word_1_308' title='bbox 1380 2118 1630 2189; x_wconf 84' lang='lat' dir='ltr'><strong><em>Angelus,</em></strong></span> <span class='ocrx_word' id='word_1_309' title='bbox 1654 2118 1745 2173; x_wconf 88' lang='lat' dir='ltr'><strong><em>sed</em></strong></span> <span class='ocrx_word' id='word_1_310' title='bbox 1778 2118 1888 2185; x_wconf 85' lang='lat' dir='ltr'><strong><em>ipse</em></strong></span> <span class='ocrx_word' id='word_1_311' title='bbox 1928 2118 2103 2171; x_wconf 79' lang='lat' dir='ltr'><strong><em>salva-</em></strong></span> 
     </span>
    </p>
   </div>
   <div class='ocr_carea' id='block_1_39' title="bbox 510 2211 2107 2287">
    <p class='ocr_par' dir='ltr' id='par_1_39' title="bbox 510 2211 2107 2287">
     <span class='ocr_line' id='line_1_39' title="bbox 510 2211 2107 2287; baseline -0.008 -11"><span class='ocrx_word' id='word_1_312' title='bbox 510 2221 685 2277; x_wconf 82' lang='lat' dir='ltr'><strong><em>oiteos</em></strong></span> <span class='ocrx_word' id='word_1_313' title='bbox 714 2235 733 2275; x_wconf 88' lang='lat'><strong><em>:</em></strong></span> <span class='ocrx_word' id='word_1_314' title='bbox 763 2219 832 2275; x_wconf 89' lang='lat' dir='ltr'><strong><em>de</em></strong></span> <span class='ocrx_word' id='word_1_315' title='bbox 879 2219 1067 2287; x_wconf 83' lang='lat' dir='ltr'><strong><em>quoin</em></strong></span> <span class='ocrx_word' id='word_1_316' title='bbox 1120 2230 1219 2269; x_wconf 89' lang='lat' dir='ltr'><strong><em>suo</em></strong></span> <span class='ocrx_word' id='word_1_317' title='bbox 1253 2212 1501 2269; x_wconf 90' lang='lat' dir='ltr'><strong><em>dicemus</em></strong></span> <span class='ocrx_word' id='word_1_318' title='bbox 1555 2212 1696 2267; x_wconf 82' lang='lat' dir='ltr'><strong><em>loco.</em></strong></span> <span class='ocrx_word' id='word_1_319' title='bbox 1751 2212 1895 2266; x_wconf 76' lang='lat' dir='ltr'><strong><em>Dixit</em></strong></span> <span class='ocrx_word' id='word_1_320' title='bbox 1944 2211 2107 2281; x_wconf 80' lang='lat' dir='ltr'><strong><em>igitur</em></strong></span> 
     </span>
    </p>
   </div>
   <div class='ocr_carea' id='block_1_40' title="bbox 509 2306 2103 2385">
    <p class='ocr_par' dir='ltr' id='par_1_40' title="bbox 509 2306 2103 2385">
     <span class='ocr_line' id='line_1_40' title="bbox 509 2306 2103 2385; baseline -0.007 -14"><span class='ocrx_word' id='word_1_321' title='bbox 509 2316 651 2371; x_wconf 85' lang='lat' dir='ltr'><strong><em>Deus</em></strong></span> <span class='ocrx_word' id='word_1_322' title='bbox 678 2315 768 2385; x_wconf 91' lang='lat' dir='ltr'><strong><em>qui</em></strong></span> <span class='ocrx_word' id='word_1_323' title='bbox 793 2316 973 2384; x_wconf 83' lang='lat' dir='ltr'><strong><em>justus</em></strong></span> <span class='ocrx_word' id='word_1_324' title='bbox 1001 2321 1087 2367; x_wconf 68' lang='lat' dir='ltr'><strong><em>est</em></strong></span> <span class='ocrx_word' id='word_1_325' title='bbox 1122 2309 1289 2379; x_wconf 74' lang='lat' dir='ltr'><strong><em>iudex</em></strong></span> <span class='ocrx_word' id='word_1_326' title='bbox 1342 2309 1527 2363; x_wconf 86' lang='lat' dir='ltr'><strong><em>domui</em></strong></span> <span class='ocrx_word' id='word_1_327' title='bbox 1560 2306 1748 2374; x_wconf 79' lang='lat' dir='ltr'><strong><em>Israel,</em></strong></span> <span class='ocrx_word' id='word_1_328' title='bbox 1782 2319 1840 2363; x_wconf 89' lang='lat' dir='ltr'><strong><em>et</em></strong></span> <span class='ocrx_word' id='word_1_329' title='bbox 1868 2307 2103 2362; x_wconf 82' lang='lat' dir='ltr'><strong><em>austeri-</em></strong></span> 
     </span>
    </p>
   </div>
   <div class='ocr_carea' id='block_1_41' title="bbox 507 2399 2101 2481">
    <p class='ocr_par' dir='ltr' id='par_1_41' title="bbox 507 2399 2101 2481">
     <span class='ocr_line' id='line_1_41' title="bbox 507 2399 2101 2481; baseline -0.007 -15"><span class='ocrx_word' id='word_1_330' title='bbox 507 2419 674 2466; x_wconf 85' lang='lat' dir='ltr'><strong><em>tatem</em></strong></span> <span class='ocrx_word' id='word_1_331' title='bbox 702 2410 927 2481; x_wconf 79' lang='lat' dir='ltr'><strong><em>justitia:</em></strong></span> <span class='ocrx_word' id='word_1_332' title='bbox 968 2406 1260 2464; x_wconf 78' lang='lat' dir='ltr'><strong><em>clementia</em></strong></span> <span class='ocrx_word' id='word_1_333' title='bbox 1312 2402 1522 2475; x_wconf 79' lang='lat' dir='ltr'><strong><em>mitigat</em></strong></span> <span class='ocrx_word' id='word_1_334' title='bbox 1565 2401 1860 2473; x_wconf 74' lang='lat' dir='ltr'><strong><em>iudicantis</em></strong></span> <span class='ocrx_word' id='word_1_335' title='bbox 1889 2399 2101 2456; x_wconf 85' lang='lat' dir='ltr'><strong><em>:Genui</em></strong></span> 
     </span>
    </p>
   </div>
   <div class='ocr_carea' id='block_1_42' title="bbox 505 2492 2107 2578">
    <p class='ocr_par' dir='ltr' id='par_1_42' title="bbox 505 2492 2107 2578">
     <span class='ocr_line' id='line_1_42' title="bbox 505 2492 2107 2578; baseline -0.009 -15"><span class='ocrx_word' id='word_1_336' title='bbox 505 2506 724 2578; x_wconf 86' lang='lat' dir='ltr'><strong><em>quidem</em></strong></span> <span class='ocrx_word' id='word_1_337' title='bbox 752 2504 895 2559; x_wconf 82' lang='lat' dir='ltr'><strong><em>ﬁlios</em></strong></span> <span class='ocrx_word' id='word_1_338' title='bbox 916 2511 970 2558; x_wconf 88' lang='lat' dir='ltr'><strong><em>et</em></strong></span> <span class='ocrx_word' id='word_1_339' title='bbox 1004 2499 1264 2565; x_wconf 67' lang='lat' dir='ltr'><strong><em>esaltavi,</em></strong></span> <span class='ocrx_word' id='word_1_340' title='bbox 1300 2508 1357 2554; x_wconf 90' lang='lat' dir='ltr'><strong><em>et</em></strong></span> <span class='ocrx_word' id='word_1_341' title='bbox 1381 2498 1482 2567; x_wconf 85' lang='lat' dir='ltr'><strong><em>ipsi</em></strong></span> <span class='ocrx_word' id='word_1_342' title='bbox 1508 2507 1827 2566; x_wconf 79' lang='lat' dir='ltr'><strong><em>spreverunt</em></strong></span> <span class='ocrx_word' id='word_1_343' title='bbox 1857 2510 1966 2549; x_wconf 88' lang='lat' dir='ltr'><strong><em>me.</em></strong></span> <span class='ocrx_word' id='word_1_344' title='bbox 2002 2492 2107 2549; x_wconf 83' lang='lat' dir='ltr'><strong><em>Ve-</em></strong></span> 
     </span>
    </p>
   </div>
   <div class='ocr_carea' id='block_1_43' title="bbox 505 2587 2100 2667">
    <p class='ocr_par' dir='ltr' id='par_1_43' title="bbox 505 2587 2100 2667">
     <span class='ocr_line' id='line_1_43' title="bbox 505 2587 2100 2667; baseline -0.009 -10"><span class='ocrx_word' id='word_1_345' title='bbox 505 2611 814 2657; x_wconf 85' lang='lat' dir='ltr'><strong><em>rumtamen</em></strong></span> <span class='ocrx_word' id='word_1_346' title='bbox 871 2596 995 2667; x_wconf 87' lang='lat' dir='ltr'><strong><em>quia</em></strong></span> <span class='ocrx_word' id='word_1_347' title='bbox 1030 2596 1259 2665; x_wconf 81' lang='lat' dir='ltr'><strong><em>populus</em></strong></span> <span class='ocrx_word' id='word_1_348' title='bbox 1290 2607 1445 2647; x_wconf 89' lang='lat' dir='ltr'><strong><em>mens</em></strong></span> <span class='ocrx_word' id='word_1_349' title='bbox 1491 2598 1649 2656; x_wconf 58' lang='lat' dir='ltr'><strong><em>sunt,</em></strong></span> <span class='ocrx_word' id='word_1_350' title='bbox 1694 2601 1751 2645; x_wconf 89' lang='lat' dir='ltr'><strong><em>et</em></strong></span> <span class='ocrx_word' id='word_1_351' title='bbox 1804 2588 1972 2644; x_wconf 84' lang='lat' dir='ltr'><strong><em>semel</em></strong></span> <span class='ocrx_word' id='word_1_352' title='bbox 2002 2587 2100 2643; x_wconf 85' lang='lat' dir='ltr'><strong><em>lilii</em></strong></span> 
     </span>
    </p>
   </div>
   <div class='ocr_carea' id='block_1_44' title="bbox 506 2681 2103 2756">
    <p class='ocr_par' dir='ltr' id='par_1_44' title="bbox 506 2681 2103 2756">
     <span class='ocr_line' id='line_1_44' title="bbox 506 2681 2103 2756; baseline -0.009 -7"><span class='ocrx_word' id='word_1_353' title='bbox 506 2693 792 2756; x_wconf 85' lang='lat' dir='ltr'><strong><em>nominati,</em></strong></span> <span class='ocrx_word' id='word_1_354' title='bbox 827 2705 934 2743; x_wconf 90' lang='lat' dir='ltr'><strong><em>non</em></strong></span> <span class='ocrx_word' id='word_1_355' title='bbox 966 2686 1224 2756; x_wconf 88' lang='lat' dir='ltr'><strong><em>peribunt</em></strong></span> <span class='ocrx_word' id='word_1_356' title='bbox 1251 2687 1303 2738; x_wconf 89' lang='lat' dir='ltr'><strong><em>in</em></strong></span> <span class='ocrx_word' id='word_1_357' title='bbox 1347 2692 1710 2753; x_wconf 85' lang='lat' dir='ltr'><strong><em>perpetuum;</em></strong></span> <span class='ocrx_word' id='word_1_358' title='bbox 1761 2681 1806 2735; x_wconf 88' lang='lat' dir='ltr'><strong><em>si</em></strong></span> <span class='ocrx_word' id='word_1_359' title='bbox 1834 2695 1921 2736; x_wconf 90' lang='lat' dir='ltr'><strong><em>tne</em></strong></span> <span class='ocrx_word' id='word_1_360' title='bbox 1951 2695 2103 2747; x_wconf 78' lang='lat' dir='ltr'><strong><em>Sper-</em></strong></span> 
     </span>
    </p>
   </div>
   <div class='ocr_carea' id='block_1_45' title="bbox 502 2772 2100 2853">
    <p class='ocr_par' dir='ltr' id='par_1_45' title="bbox 502 2772 2100 2853">
     <span class='ocr_line' id='line_1_45' title="bbox 502 2772 2100 2853; baseline -0.01 -10"><span class='ocrx_word' id='word_1_361' title='bbox 502 2801 635 2843; x_wconf 85' lang='lat' dir='ltr'><strong><em>nere</em></strong></span> <span class='ocrx_word' id='word_1_362' title='bbox 663 2794 723 2839; x_wconf 87' lang='lat' dir='ltr'><strong><em>et</em></strong></span> <span class='ocrx_word' id='word_1_363' title='bbox 752 2796 952 2853; x_wconf 85' lang='lat' dir='ltr'><strong><em>negare</em></strong></span> <span class='ocrx_word' id='word_1_364' title='bbox 981 2779 1270 2843; x_wconf 55' lang='lat' dir='ltr'><strong><em>dederint,</em></strong></span> <span class='ocrx_word' id='word_1_365' title='bbox 1292 2784 1537 2830; x_wconf 75' lang='lat' dir='ltr'><strong><em>sentient</em></strong></span> <span class='ocrx_word' id='word_1_366' title='bbox 1564 2774 1905 2830; x_wconf 86' lang='lat' dir='ltr'><strong><em>Salvatorem</em></strong></span> <span class='ocrx_word' id='word_1_367' title='bbox 1938 2791 1952 2828; x_wconf 92' lang='lat'><strong>:</strong></span> <span class='ocrx_word' id='word_1_368' title='bbox 1976 2772 2100 2846; x_wconf 81' lang='lat' dir='ltr'><strong><em>quia</em></strong></span> 
     </span>
    </p>
   </div>
   <div class='ocr_carea' id='block_1_46' title="bbox 503 2868 2095 2939">
    <p class='ocr_par' dir='ltr' id='par_1_46' title="bbox 503 2868 2095 2939">
     <span class='ocr_line' id='line_1_46' title="bbox 503 2868 2095 2939; baseline -0.009 -4"><span class='ocrx_word' id='word_1_369' title='bbox 503 2881 558 2936; x_wconf 86' lang='lat' dir='ltr'><strong><em>in</em></strong></span> <span class='ocrx_word' id='word_1_370' title='bbox 613 2878 764 2934; x_wconf 87' lang='lat' dir='ltr'><strong><em>Omni</em></strong></span> <span class='ocrx_word' id='word_1_371' title='bbox 817 2872 1169 2930; x_wconf 86' lang='lat' dir='ltr'><strong><em>tribulatione</em></strong></span> <span class='ocrx_word' id='word_1_372' title='bbox 1220 2886 1408 2929; x_wconf 87' lang='lat' dir='ltr'><strong><em>eorum</em></strong></span> <span class='ocrx_word' id='word_1_373' title='bbox 1468 2870 1586 2939; x_wconf 87' lang='lat' dir='ltr'><strong><em>ipse</em></strong></span> <span class='ocrx_word' id='word_1_374' title='bbox 1643 2868 1931 2924; x_wconf 85' lang='lat' dir='ltr'><strong><em>tribulaltts</em></strong></span> <span class='ocrx_word' id='word_1_375' title='bbox 1993 2877 2095 2922; x_wconf 82' lang='lat' dir='ltr'><strong><em>est.</em></strong></span> 
     </span>
    </p>
   </div>
   <div class='ocr_carea' id='block_1_47' title="bbox 498 2960 2096 3031">
    <p class='ocr_par' dir='ltr' id='par_1_47' title="bbox 498 2960 2096 3031">
     <span class='ocr_line' id='line_1_47' title="bbox 498 2960 2096 3031; baseline -0.013 -1"><span class='ocrx_word' id='word_1_376' title='bbox 498 2972 626 3030; x_wconf 80' lang='lat' dir='ltr'><strong><em>Sive</em></strong></span> <span class='ocrx_word' id='word_1_377' title='bbox 652 2987 759 3026; x_wconf 89' lang='lat' dir='ltr'><strong><em>non</em></strong></span> <span class='ocrx_word' id='word_1_378' title='bbox 790 2979 875 3026; x_wconf 87' lang='lat' dir='ltr'><strong><em>est</em></strong></span> <span class='ocrx_word' id='word_1_379' title='bbox 903 2967 1211 3030; x_wconf 67' lang='lat' dir='ltr'><strong><em>trilmlatus,</em></strong></span> <span class='ocrx_word' id='word_1_380' title='bbox 1245 2972 1307 3018; x_wconf 91' lang='lat' dir='ltr'><strong><em>ut</em></strong></span> <span class='ocrx_word' id='word_1_381' title='bbox 1334 2976 1626 3031; x_wconf 88' lang='lat' dir='ltr'><strong><em>parumper</em></strong></span> <span class='ocrx_word' id='word_1_382' title='bbox 1651 2975 1747 3016; x_wconf 72' lang='grc' dir='ltr'><strong><em>ρος</em></strong></span> <span class='ocrx_word' id='word_1_383' title='bbox 1793 2960 2096 3025; x_wconf 84' lang='lat' dir='ltr'><strong><em>desereret,</em></strong></span> 
     </span>
    </p>
   </div>
   <div class='ocr_carea' id='block_1_48' title="bbox 501 3050 2092 3127">
    <p class='ocr_par' dir='ltr' id='par_1_48' title="bbox 501 3050 2092 3127">
     <span class='ocr_line' id='line_1_48' title="bbox 501 3050 2092 3127; baseline -0.011 -4"><span class='ocrx_word' id='word_1_384' title='bbox 501 3075 557 3123; x_wconf 89' lang='lat' dir='ltr'><strong><em>et</em></strong></span> <span class='ocrx_word' id='word_1_385' title='bbox 584 3064 818 3121; x_wconf 84' lang='lat' dir='ltr'><strong><em>nudatos</em></strong></span> <span class='ocrx_word' id='word_1_386' title='bbox 863 3060 1067 3117; x_wconf 76' lang='lat' dir='ltr'><strong><em>auxilio</em></strong></span> <span class='ocrx_word' id='word_1_387' title='bbox 1115 3073 1215 3112; x_wconf 89' lang='lat' dir='ltr'><strong><em>suo</em></strong></span> <span class='ocrx_word' id='word_1_388' title='bbox 1241 3067 1465 3127; x_wconf 77' lang='lat' dir='ltr'><strong><em>cogeret</em></strong></span> <span class='ocrx_word' id='word_1_389' title='bbox 1517 3053 1585 3109; x_wconf 89' lang='lat' dir='ltr'><strong><em>ad</em></strong></span> <span class='ocrx_word' id='word_1_390' title='bbox 1634 3053 1961 3124; x_wconf 78' lang='lat' dir='ltr'><strong><em>rogandum.</em></strong></span> <span class='ocrx_word' id='word_1_391' title='bbox 1994 3050 2092 3107; x_wconf 78' lang='lat' dir='ltr'><strong><em>Vel</em></strong></span> 
     </span>
    </p>
   </div>
   <div class='ocr_carea' id='block_1_49' title="bbox 2213 1856 3815 1932">
    <p class='ocr_par' dir='ltr' id='par_1_49' title="bbox 2213 1856 3815 1932">
     <span class='ocr_line' id='line_1_49' title="bbox 2213 1856 3815 1932; baseline 0.009 -26"><span class='ocrx_word' id='word_1_392' title='bbox 2213 1861 2419 1907; x_wconf 76' lang='lat' dir='ltr'><strong><em>naturae</em></strong></span> <span class='ocrx_word' id='word_1_393' title='bbox 2441 1864 2546 1908; x_wconf 89' lang='lat' dir='ltr'><strong><em>est.</em></strong></span> <span class='ocrx_word' id='word_1_394' title='bbox 2575 1856 2944 1921; x_wconf 74' lang='lat' dir='ltr'><strong><em>Quamobrem</em></strong></span> <span class='ocrx_word' id='word_1_395' title='bbox 2972 1856 3273 1928; x_wconf 83' lang='lat' dir='ltr'><strong><em>Apostolus</em></strong></span> <span class='ocrx_word' id='word_1_396' title='bbox 3299 1861 3552 1932; x_wconf 64' lang='lat' dir='ltr'><strong><em>praecipit</em></strong></span> <span class='ocrx_word' id='word_1_397' title='bbox 3582 1881 3599 1917; x_wconf 88' lang='lat'><strong>:</strong></span> <span class='ocrx_word' id='word_1_398' title='bbox 3634 1861 3815 1920; x_wconf 76' lang='lat' dir='ltr'><strong><em>Nolite</em></strong></span> 
     </span>
    </p>
   </div>
   <div class='ocr_carea' id='block_1_50' title="bbox 2209 1945 3815 2025">
    <p class='ocr_par' dir='ltr' id='par_1_50' title="bbox 2209 1945 3815 2025">
     <span class='ocr_line' id='line_1_50' title="bbox 2209 1945 3815 2025; baseline 0.009 -28"><span class='ocrx_word' id='word_1_399' title='bbox 2209 1945 2520 1999; x_wconf 83' lang='lat' dir='ltr'><strong><em>contristare</em></strong></span> <span class='ocrx_word' id='word_1_400' title='bbox 2577 1945 2839 2016; x_wconf 81' lang='lat' dir='ltr'><strong><em>Spiritum</em></strong></span> <span class='ocrx_word' id='word_1_401' title='bbox 2880 1958 3117 2004; x_wconf 83' lang='lat' dir='ltr'><strong><em>sanctum</em></strong></span> <span class='ocrx_word' id='word_1_402' title='bbox 3144 1992 3160 2014; x_wconf 78' lang='lat'><strong><em>,</em></strong></span> <span class='ocrx_word' id='word_1_403' title='bbox 3206 1952 3261 2006; x_wconf 91' lang='lat' dir='ltr'><strong><em>in</em></strong></span> <span class='ocrx_word' id='word_1_404' title='bbox 3307 1969 3411 2024; x_wconf 85' lang='lat' dir='ltr'><strong><em>quo</em></strong></span> <span class='ocrx_word' id='word_1_405' title='bbox 3452 1952 3645 2025; x_wconf 80' lang='lat' dir='ltr'><strong><em>signati</em></strong></span> <span class='ocrx_word' id='word_1_406' title='bbox 3690 1957 3815 2014; x_wconf 81' lang='lat' dir='ltr'><strong><em>estis</em></strong></span> 
     </span>
    </p>
   </div>
   <div class='ocr_carea' id='block_1_51' title="bbox 2210 2036 3813 2119">
    <p class='ocr_par' dir='ltr' id='par_1_51' title="bbox 2210 2036 3813 2119">
     <span class='ocr_line' id='line_1_51' title="bbox 2210 2036 3813 2119; baseline 0.011 -30"><span class='ocrx_word' id='word_1_407' title='bbox 2210 2036 2429 2111; x_wconf 84' lang='lat' dir='ltr'><strong><em>(Epltes.</em></strong></span> <span class='ocrx_word' id='word_1_408' title='bbox 2454 2054 2530 2104; x_wconf 84' lang='lat' dir='ltr'><strong><em>tv,</em></strong></span> <span class='ocrx_word' id='word_1_409' title='bbox 2546 2039 2661 2109; x_wconf 77' lang='lat'><strong><em>50).</em></strong></span> <span class='ocrx_word' id='word_1_410' title='bbox 2684 2039 2786 2109; x_wconf 84' lang='lat' dir='ltr'><strong><em>Qui</em></strong></span> <span class='ocrx_word' id='word_1_411' title='bbox 2808 2039 3049 2109; x_wconf 80' lang='lat' dir='ltr'><strong><em>Spiritus</em></strong></span> <span class='ocrx_word' id='word_1_412' title='bbox 3062 2054 3287 2099; x_wconf 78' lang='lat' dir='ltr'><strong><em>Sanctus</em></strong></span> <span class='ocrx_word' id='word_1_413' title='bbox 3305 2044 3563 2101; x_wconf 86' lang='lat' dir='ltr'><strong><em>recedita</em></strong></span> <span class='ocrx_word' id='word_1_414' title='bbox 3577 2061 3813 2119; x_wconf 72' lang='lat' dir='ltr'><strong><em>carpare</em></strong></span> 
     </span>
    </p>
   </div>
   <div class='ocr_carea' id='block_1_52' title="bbox 2207 2131 3811 2207">
    <p class='ocr_par' dir='ltr' id='par_1_52' title="bbox 2207 2131 3811 2207">
     <span class='ocr_line' id='line_1_52' title="bbox 2207 2131 3811 2207; baseline 0.009 -21"><span class='ocrx_word' id='word_1_415' title='bbox 2207 2131 2428 2186; x_wconf 88' lang='lat' dir='ltr'><strong><em>subdito</em></strong></span> <span class='ocrx_word' id='word_1_416' title='bbox 2457 2133 2700 2203; x_wconf 77' lang='lat' dir='ltr'><strong><em>peccatis</em></strong></span> <span class='ocrx_word' id='word_1_417' title='bbox 2728 2151 2743 2188; x_wconf 90' lang='lat'><strong>:</strong></span> <span class='ocrx_word' id='word_1_418' title='bbox 2776 2144 2832 2190; x_wconf 91' lang='lat' dir='ltr'><strong><em>et</em></strong></span> <span class='ocrx_word' id='word_1_419' title='bbox 2856 2140 2907 2190; x_wconf 85' lang='lat' dir='ltr'><strong><em>tn</em></strong></span> <span class='ocrx_word' id='word_1_420' title='bbox 2942 2152 3257 2207; x_wconf 75' lang='lat' dir='ltr'><strong><em>perversam</em></strong></span> <span class='ocrx_word' id='word_1_421' title='bbox 3305 2139 3544 2196; x_wconf 89' lang='lat' dir='ltr'><strong><em>animam</em></strong></span> <span class='ocrx_word' id='word_1_422' title='bbox 3574 2158 3679 2197; x_wconf 91' lang='lat' dir='ltr'><strong><em>non</em></strong></span> <span class='ocrx_word' id='word_1_423' title='bbox 3722 2142 3811 2200; x_wconf 86' lang='lat' dir='ltr'><strong><em>in-</em></strong></span> 
     </span>
    </p>
   </div>
   <div class='ocr_carea' id='block_1_53' title="bbox 2204 2225 3810 2299">
    <p class='ocr_par' dir='ltr' id='par_1_53' title="bbox 2204 2225 3810 2299">
     <span class='ocr_line' id='line_1_53' title="bbox 2204 2225 3810 2299; baseline 0.009 -22"><span class='ocrx_word' id='word_1_424' title='bbox 2204 2225 2450 2293; x_wconf 76' lang='lat' dir='ltr'><strong><em>greditur</em></strong></span> <span class='ocrx_word' id='word_1_425' title='bbox 2472 2228 2737 2293; x_wconf 79' lang='lat' dir='ltr'><strong><em>sapientia</em></strong></span> <span class='ocrx_word' id='word_1_426' title='bbox 2758 2228 2913 2299; x_wconf 87' lang='lat' dir='ltr'><strong><em>(Sap.</em></strong></span> <span class='ocrx_word' id='word_1_427' title='bbox 2938 2231 3002 2299; x_wconf 85' lang='lat' dir='ltr'><strong><em>t).</em></strong></span> <span class='ocrx_word' id='word_1_428' title='bbox 3032 2229 3184 2286; x_wconf 89' lang='lat' dir='ltr'><strong><em>Unde</em></strong></span> <span class='ocrx_word' id='word_1_429' title='bbox 3205 2238 3259 2286; x_wconf 88' lang='lat' dir='ltr'><strong><em>et</em></strong></span> <span class='ocrx_word' id='word_1_430' title='bbox 3279 2231 3450 2287; x_wconf 89' lang='lat' dir='ltr'><strong><em>David</em></strong></span> <span class='ocrx_word' id='word_1_431' title='bbox 3469 2233 3810 2291; x_wconf 56' lang='lat' dir='ltr'><strong><em>conscientia</em></strong></span> 
     </span>
    </p>
   </div>
   <div class='ocr_carea' id='block_1_54' title="bbox 2207 2320 3810 2400">
    <p class='ocr_par' dir='ltr' id='par_1_54' title="bbox 2207 2320 3810 2400">
     <span class='ocr_line' id='line_1_54' title="bbox 2207 2320 3810 2400; baseline 0.008 -29"><span class='ocrx_word' id='word_1_432' title='bbox 2207 2329 2578 2389; x_wconf 75' lang='lat' dir='ltr'><strong><em>peccatorum,</em></strong></span> <span class='ocrx_word' id='word_1_433' title='bbox 2611 2336 2679 2376; x_wconf 92' lang='lat' dir='ltr'><strong><em>ne</em></strong></span> <span class='ocrx_word' id='word_1_434' title='bbox 2706 2320 2971 2398; x_wconf 84' lang='lat' dir='ltr'><strong><em>Spiritum</em></strong></span> <span class='ocrx_word' id='word_1_435' title='bbox 3000 2331 3250 2380; x_wconf 81' lang='lat' dir='ltr'><strong><em>sanctum</em></strong></span> <span class='ocrx_word' id='word_1_436' title='bbox 3283 2326 3565 2400; x_wconf 66' lang='lat' dir='ltr'><strong><em>perderet,</em></strong></span> <span class='ocrx_word' id='word_1_437' title='bbox 3610 2342 3810 2400; x_wconf 80' lang='lat' dir='ltr'><strong><em>preca-</em></strong></span> 
     </span>
    </p>
   </div>
   <div class='ocr_carea' id='block_1_55' title="bbox 2206 2413 3808 2493">
    <p class='ocr_par' dir='ltr' id='par_1_55' title="bbox 2206 2413 3808 2493">
     <span class='ocr_line' id='line_1_55' title="bbox 2206 2413 3808 2493; baseline 0.007 -26"><span class='ocrx_word' id='word_1_438' title='bbox 2206 2413 2363 2468; x_wconf 83' lang='lat' dir='ltr'><strong><em>batur</em></strong></span> <span class='ocrx_word' id='word_1_439' title='bbox 2387 2413 2583 2471; x_wconf 89' lang='lat' dir='ltr'><strong><em>dicens</em></strong></span> <span class='ocrx_word' id='word_1_440' title='bbox 2616 2433 2629 2469; x_wconf 89' lang='lat'><strong>:</strong></span> <span class='ocrx_word' id='word_1_441' title='bbox 2663 2414 2731 2471; x_wconf 87' lang='lat' dir='ltr'><strong><em>Et</em></strong></span> <span class='ocrx_word' id='word_1_442' title='bbox 2757 2415 3015 2490; x_wconf 89' lang='lat' dir='ltr'><strong><em>Spiritum</em></strong></span> <span class='ocrx_word' id='word_1_443' title='bbox 3048 2427 3288 2474; x_wconf 87' lang='lat' dir='ltr'><strong><em>sanctum</em></strong></span> <span class='ocrx_word' id='word_1_444' title='bbox 3324 2429 3473 2475; x_wconf 87' lang='lat' dir='ltr'><strong><em>tuum</em></strong></span> <span class='ocrx_word' id='word_1_445' title='bbox 3499 2437 3563 2475; x_wconf 91' lang='lat' dir='ltr'><strong><em>ne</em></strong></span> <span class='ocrx_word' id='word_1_446' title='bbox 3595 2422 3808 2493; x_wconf 75' lang='lat' dir='ltr'><strong><em>auferas</em></strong></span> 
     </span>
    </p>
   </div>
   <div class='ocr_carea' id='block_1_56' title="bbox 2203 2506 3810 2587">
    <p class='ocr_par' dir='ltr' id='par_1_56' title="bbox 2203 2506 3810 2587">
     <span class='ocr_line' id='line_1_56' title="bbox 2203 2506 3810 2587; baseline 0.007 -26"><span class='ocrx_word' id='word_1_447' title='bbox 2203 2524 2237 2561; x_wconf 92' lang='lat' dir='ltr'><strong><em>a</em></strong></span> <span class='ocrx_word' id='word_1_448' title='bbox 2279 2523 2361 2562; x_wconf 87' lang='lat' dir='ltr'><strong><em>me</em></strong></span> <span class='ocrx_word' id='word_1_449' title='bbox 2390 2506 2512 2579; x_wconf 87' lang='lat' dir='ltr'><strong><em>(Ps.</em></strong></span> <span class='ocrx_word' id='word_1_450' title='bbox 2557 2525 2611 2574; x_wconf 81' lang='grc' dir='ltr'><strong><em>ι,</em></strong></span> <span class='ocrx_word' id='word_1_451' title='bbox 2645 2509 2761 2577; x_wconf 80' lang='grc'><strong>15).</strong></span> <span class='ocrx_word' id='word_1_452' title='bbox 2801 2508 2875 2567; x_wconf 88' lang='lat' dir='ltr'><strong><em>Ut</em></strong></span> <span class='ocrx_word' id='word_1_453' title='bbox 2908 2523 3089 2568; x_wconf 89' lang='lat' dir='ltr'><strong><em>autem</em></strong></span> <span class='ocrx_word' id='word_1_454' title='bbox 3135 2513 3374 2570; x_wconf 84' lang='lat' dir='ltr'><strong><em>scianms</em></strong></span> <span class='ocrx_word' id='word_1_455' title='bbox 3398 2556 3415 2581; x_wconf 92' lang='lat'><strong><em>,</em></strong></span> <span class='ocrx_word' id='word_1_456' title='bbox 3459 2530 3679 2571; x_wconf 88' lang='lat' dir='ltr'><strong><em>omnem</em></strong></span> <span class='ocrx_word' id='word_1_457' title='bbox 3709 2517 3810 2587; x_wconf 88' lang='lat' dir='ltr'><strong><em>qui</em></strong></span> 
     </span>
    </p>
   </div>
   <div class='ocr_carea' id='block_1_57' title="bbox 2154 2603 3810 2676">
    <p class='ocr_par' dir='ltr' id='par_1_57' title="bbox 2154 2603 3810 2676">
     <span class='ocr_line' id='line_1_57' title="bbox 2154 2603 3810 2676; baseline 0.005 -19"><span class='ocrx_word' id='word_1_458' title='bbox 2154 2612 2165 2625; x_wconf 84' lang='lat'><strong>&#39;</strong></span> <span class='ocrx_word' id='word_1_459' title='bbox 2201 2612 2497 2673; x_wconf 72' lang='lat' dir='ltr'><strong><em>exa~perat</em></strong></span> <span class='ocrx_word' id='word_1_460' title='bbox 2529 2603 2788 2672; x_wconf 82' lang='lat' dir='ltr'><strong><em>Spiritum</em></strong></span> <span class='ocrx_word' id='word_1_461' title='bbox 2818 2614 3091 2673; x_wconf 88' lang='lat' dir='ltr'><strong><em>sanctum,</em></strong></span> <span class='ocrx_word' id='word_1_462' title='bbox 3115 2605 3288 2663; x_wconf 88' lang='lat' dir='ltr'><strong><em>Deum</em></strong></span> <span class='ocrx_word' id='word_1_463' title='bbox 3317 2606 3621 2676; x_wconf 73' lang='lat' dir='ltr'><strong><em>olfendere,</em></strong></span> <span class='ocrx_word' id='word_1_464' title='bbox 3648 2624 3698 2665; x_wconf 88' lang='lat' dir='ltr'><strong><em>et</em></strong></span> <span class='ocrx_word' id='word_1_465' title='bbox 3733 2608 3810 2666; x_wconf 90' lang='lat' dir='ltr'><strong><em>de</em></strong></span> 
     </span>
    </p>
   </div>
   <div class='ocr_carea' id='block_1_58' title="bbox 2202 2699 3810 2771">
    <p class='ocr_par' dir='ltr' id='par_1_58' title="bbox 2202 2699 3810 2771">
     <span class='ocr_line' id='line_1_58' title="bbox 2202 2699 3810 2771; baseline 0.006 -20"><span class='ocrx_word' id='word_1_466' title='bbox 2202 2699 2378 2753; x_wconf 90' lang='lat' dir='ltr'><strong><em>amico</em></strong></span> <span class='ocrx_word' id='word_1_467' title='bbox 2409 2699 2689 2755; x_wconf 88' lang='lat' dir='ltr'><strong><em>inimicum</em></strong></span> <span class='ocrx_word' id='word_1_468' title='bbox 2726 2712 2784 2757; x_wconf 92' lang='lat' dir='ltr'><strong><em>et</em></strong></span> <span class='ocrx_word' id='word_1_469' title='bbox 2812 2700 3027 2757; x_wconf 85' lang='lat' dir='ltr'><strong><em>hostem</em></strong></span> <span class='ocrx_word' id='word_1_470' title='bbox 3070 2702 3186 2757; x_wconf 82' lang='lat' dir='ltr'><strong><em>ﬁeri</em></strong></span> <span class='ocrx_word' id='word_1_471' title='bbox 3215 2744 3231 2770; x_wconf 93' lang='lat'><strong><em>,</em></strong></span> <span class='ocrx_word' id='word_1_472' title='bbox 3278 2702 3479 2760; x_wconf 86' lang='lat' dir='ltr'><strong><em>Petrus</em></strong></span> <span class='ocrx_word' id='word_1_473' title='bbox 3522 2706 3810 2771; x_wconf 84' lang='lat' dir='ltr'><strong><em>apostolus</em></strong></span> 
     </span>
    </p>
   </div>
   <div class='ocr_carea' id='block_1_59' title="bbox 2201 2791 3806 2868">
    <p class='ocr_par' dir='ltr' id='par_1_59' title="bbox 2201 2791 3806 2868">
     <span class='ocr_line' id='line_1_59' title="bbox 2201 2791 3806 2868; baseline 0.004 -22"><span class='ocrx_word' id='word_1_474' title='bbox 2201 2791 2595 2862; x_wconf 78' lang='lat' dir='ltr'><strong><em>signiﬁcantius</em></strong></span> <span class='ocrx_word' id='word_1_475' title='bbox 2663 2792 2716 2847; x_wconf 91' lang='lat' dir='ltr'><strong><em>in</em></strong></span> <span class='ocrx_word' id='word_1_476' title='bbox 2779 2794 3167 2864; x_wconf 88' lang='lat' dir='ltr'><strong><em>Apostolorum</em></strong></span> <span class='ocrx_word' id='word_1_477' title='bbox 3224 2794 3454 2851; x_wconf 86' lang='lat' dir='ltr'><strong><em>Actibus</em></strong></span> <span class='ocrx_word' id='word_1_478' title='bbox 3511 2794 3806 2868; x_wconf 83' lang='lat' dir='ltr'><strong><em>loquitur:</em></strong></span> 
     </span>
    </p>
   </div>
   <div class='ocr_carea' id='block_1_60' title="bbox 2206 2884 3805 2958">
    <p class='ocr_par' dir='ltr' id='par_1_60' title="bbox 2206 2884 3805 2958">
     <span class='ocr_line' id='line_1_60' title="bbox 2206 2884 3805 2958; baseline 0.006 -23"><span class='ocrx_word' id='word_1_479' title='bbox 2206 2884 2380 2952; x_wconf 83' lang='lat' dir='ltr'><strong><em>Quare</em></strong></span> <span class='ocrx_word' id='word_1_480' title='bbox 2421 2886 2656 2941; x_wconf 85' lang='lat' dir='ltr'><strong><em>convenit</em></strong></span> <span class='ocrx_word' id='word_1_481' title='bbox 2707 2885 2849 2942; x_wconf 80' lang='lat' dir='ltr'><strong><em>vobis</em></strong></span> <span class='ocrx_word' id='word_1_482' title='bbox 2898 2889 3105 2942; x_wconf 80' lang='lat' dir='ltr'><strong><em>mentiri</em></strong></span> <span class='ocrx_word' id='word_1_483' title='bbox 3152 2887 3381 2958; x_wconf 86' lang='lat' dir='ltr'><strong><em>Spiritui</em></strong></span> <span class='ocrx_word' id='word_1_484' title='bbox 3420 2889 3649 2944; x_wconf 76' lang='lat' dir='ltr'><strong><em>sancto?</em></strong></span> <span class='ocrx_word' id='word_1_485' title='bbox 3695 2906 3805 2945; x_wconf 81' lang='lat' dir='ltr'><strong><em>non</em></strong></span> 
     </span>
    </p>
   </div>
   <div class='ocr_carea' id='block_1_61' title="bbox 2199 2975 3806 3051">
    <p class='ocr_par' dir='ltr' id='par_1_61' title="bbox 2199 2975 3806 3051">
     <span class='ocr_line' id='line_1_61' title="bbox 2199 2975 3806 3051; baseline 0.004 -21"><span class='ocrx_word' id='word_1_486' title='bbox 2199 2978 2321 3032; x_wconf 86' lang='lat' dir='ltr'><strong><em>estis</em></strong></span> <span class='ocrx_word' id='word_1_487' title='bbox 2347 2975 2637 3033; x_wconf 81' lang='lat' dir='ltr'><strong><em>hominibus</em></strong></span> <span class='ocrx_word' id='word_1_488' title='bbox 2664 2981 2884 3044; x_wconf 69' lang='lat' dir='ltr'><strong><em>mentiti,</em></strong></span> <span class='ocrx_word' id='word_1_489' title='bbox 2920 2981 3012 3035; x_wconf 87' lang='lat' dir='ltr'><strong><em>sed</em></strong></span> <span class='ocrx_word' id='word_1_490' title='bbox 3041 2979 3155 3036; x_wconf 66' lang='lat' dir='ltr'><strong><em>Deo</em></strong></span> <span class='ocrx_word' id='word_1_491' title='bbox 3181 2980 3318 3051; x_wconf 78' lang='lat' dir='ltr'><strong><em>(Act.</em></strong></span> <span class='ocrx_word' id='word_1_492' title='bbox 3354 2996 3413 3048; x_wconf 85' lang='lat' dir='ltr'><strong><em>v,</em></strong></span> <span class='ocrx_word' id='word_1_493' title='bbox 3441 2980 3524 3047; x_wconf 85' lang='lat'><strong><em>9).</em></strong></span> <span class='ocrx_word' id='word_1_494' title='bbox 3570 2979 3678 3037; x_wconf 77' lang='lat' dir='ltr'><strong><em>Iste</em></strong></span> <span class='ocrx_word' id='word_1_495' title='bbox 3715 2990 3806 3038; x_wconf 85' lang='lat' dir='ltr'><strong><em>est</em></strong></span> 
     </span>
    </p>
   </div>
   <div class='ocr_carea' id='block_1_62' title="bbox 2201 3067 3805 3147">
    <p class='ocr_par' dir='ltr' id='par_1_62' title="bbox 2201 3067 3805 3147">
     <span class='ocr_line' id='line_1_62' title="bbox 2201 3067 3805 3147; baseline 0.005 -23"><span class='ocrx_word' id='word_1_496' title='bbox 2201 3067 2436 3138; x_wconf 69' lang='lat' dir='ltr'><strong><em>Spiritus</em></strong></span> <span class='ocrx_word' id='word_1_497' title='bbox 2465 3083 2711 3137; x_wconf 84' lang='lat' dir='ltr'><strong><em>sanctus,</em></strong></span> <span class='ocrx_word' id='word_1_498' title='bbox 2739 3072 2809 3129; x_wconf 91' lang='lat' dir='ltr'><strong><em>de</em></strong></span> <span class='ocrx_word' id='word_1_499' title='bbox 2850 3089 2959 3143; x_wconf 90' lang='lat' dir='ltr'><strong><em>quo</em></strong></span> <span class='ocrx_word' id='word_1_500' title='bbox 2991 3074 3042 3129; x_wconf 91' lang='lat' dir='ltr'><strong><em>in</em></strong></span> <span class='ocrx_word' id='word_1_501' title='bbox 3087 3076 3381 3147; x_wconf 83' lang='lat' dir='ltr'><strong><em>Evangelia</em></strong></span> <span class='ocrx_word' id='word_1_502' title='bbox 3412 3074 3678 3132; x_wconf 85' lang='lat' dir='ltr'><strong><em>Dominus</em></strong></span> <span class='ocrx_word' id='word_1_503' title='bbox 3715 3075 3805 3132; x_wconf 88' lang='lat' dir='ltr'><strong><em>di-</em></strong></span> 
     </span>
    </p>
   </div>
   <div class='ocr_carea' id='block_1_63' title="bbox 499 3141 2099 3246">
    <p class='ocr_par' dir='ltr' id='par_1_63' title="bbox 499 3147 2099 3227">
     <span class='ocr_line' id='line_1_63' title="bbox 499 3147 2099 3227; baseline -0.01 -12"><span class='ocrx_word' id='word_1_504' title='bbox 499 3170 647 3216; x_wconf 80' lang='lat' dir='ltr'><strong><em>certo</em></strong></span> <span class='ocrx_word' id='word_1_505' title='bbox 675 3169 1015 3227; x_wconf 80' lang='lat' dir='ltr'><strong><em>nequaquam</em></strong></span> <span class='ocrx_word' id='word_1_506' title='bbox 1043 3150 1323 3207; x_wconf 83' lang='lat' dir='ltr'><strong><em>tribulavit</em></strong></span> <span class='ocrx_word' id='word_1_507' title='bbox 1346 3164 1462 3217; x_wconf 89' lang='lat' dir='ltr'><strong><em>eos,</em></strong></span> <span class='ocrx_word' id='word_1_508' title='bbox 1494 3148 1590 3204; x_wconf 89' lang='lat' dir='ltr'><strong><em>sed</em></strong></span> <span class='ocrx_word' id='word_1_509' title='bbox 1613 3164 1645 3203; x_wconf 90' lang='lat' dir='ltr'><strong><em>e</em></strong></span> <span class='ocrx_word' id='word_1_510' title='bbox 1665 3147 1963 3209; x_wconf 75' lang='lat' dir='ltr'><strong><em>cotnrario.</em></strong></span> <span class='ocrx_word' id='word_1_511' title='bbox 1992 3161 2099 3200; x_wconf 66' lang='lat' dir='ltr'><strong><em>cae-</em></strong></span> 
     </span>
    </p>
   </div>
   <div class='ocr_carea' id='block_1_64' title="bbox 2207 3141 3802 3246">
    <p class='ocr_par' dir='ltr' id='par_1_64' title="bbox 2207 3141 3802 3246">
     <span class='ocr_line' id='line_1_64' title="bbox 2207 3141 3802 3246; baseline 0.008 -30"><span class='ocrx_word' id='word_1_512' title='bbox 2207 3162 2360 3218; x_wconf 77' lang='lat' dir='ltr'><strong><em>eebut</em></strong></span> <span class='ocrx_word' id='word_1_513' title='bbox 2389 3180 2402 3219; x_wconf 87' lang='lat'>:</span> <span class='ocrx_word' id='word_1_514' title='bbox 2437 3163 2498 3219; x_wconf 87' lang='lat' dir='ltr'><strong><em>Si</em></strong></span> <span class='ocrx_word' id='word_1_515' title='bbox 2520 3165 2738 3240; x_wconf 84' lang='lat' dir='ltr'><strong><em>diligitis</em></strong></span> <span class='ocrx_word' id='word_1_516' title='bbox 2776 3141 2879 3232; x_wconf 73' lang='lat' dir='ltr'><strong><em>me,</em></strong></span> <span class='ocrx_word' id='word_1_517' title='bbox 2907 3169 3151 3224; x_wconf 88' lang='lat' dir='ltr'><strong><em>mandata</em></strong></span> <span class='ocrx_word' id='word_1_518' title='bbox 3190 3141 3303 3224; x_wconf 67' lang='lat' dir='ltr'><strong><em>mea</em></strong></span> <span class='ocrx_word' id='word_1_519' title='bbox 3329 3179 3528 3226; x_wconf 75' lang='lat' dir='ltr'><strong><em>servate</em></strong></span> <span class='ocrx_word' id='word_1_520' title='bbox 3555 3187 3575 3225; x_wconf 91' lang='lat'><em>:</em></span> <span class='ocrx_word' id='word_1_521' title='bbox 3615 3182 3662 3226; x_wconf 86' lang='lat' dir='ltr'><strong><em>et</em></strong></span> <span class='ocrx_word' id='word_1_522' title='bbox 3704 3188 3802 3246; x_wconf 85' lang='lat' dir='ltr'><strong><em>ego</em></strong></span> 
     </span>
    </p>
   </div>
   <div class='ocr_carea' id='block_1_65' title="bbox 499 3241 2096 3322">
    <p class='ocr_par' dir='ltr' id='par_1_65' title="bbox 499 3241 2096 3322">
     <span class='ocr_line' id='line_1_65' title="bbox 499 3241 2096 3322; baseline -0.008 -15"><span class='ocrx_word' id='word_1_523' title='bbox 499 3252 635 3307; x_wconf 88' lang='lat' dir='ltr'><strong><em>teris</em></strong></span> <span class='ocrx_word' id='word_1_524' title='bbox 676 3246 1154 3322; x_wconf 84' lang='lat' dir='ltr'><strong><em>persequentibus,</em></strong></span> <span class='ocrx_word' id='word_1_525' title='bbox 1207 3242 1426 3309; x_wconf 83' lang='lat' dir='ltr'><strong><em>adjutor</em></strong></span> <span class='ocrx_word' id='word_1_526' title='bbox 1472 3241 1596 3305; x_wconf 80' lang='lat' dir='ltr'><strong><em>fuit,</em></strong></span> <span class='ocrx_word' id='word_1_527' title='bbox 1631 3242 1889 3309; x_wconf 85' lang='lat' dir='ltr'><strong><em>misitque</em></strong></span> <span class='ocrx_word' id='word_1_528' title='bbox 1920 3243 2096 3309; x_wconf 86' lang='lat' dir='ltr'><strong><em>Ange-</em></strong></span> 
     </span>
    </p>
   </div>
   <div class='ocr_carea' id='block_1_66' title="bbox 499 3332 2095 3410">
    <p class='ocr_par' dir='ltr' id='par_1_66' title="bbox 499 3332 2095 3410">
     <span class='ocr_line' id='line_1_66' title="bbox 499 3332 2095 3410; baseline -0.01 -9"><span class='ocrx_word' id='word_1_529' title='bbox 499 3344 610 3401; x_wconf 87' lang='lat' dir='ltr'><strong><em>lutn</em></strong></span> <span class='ocrx_word' id='word_1_530' title='bbox 634 3358 814 3410; x_wconf 85' lang='lat' dir='ltr'><strong><em>suum,</em></strong></span> <span class='ocrx_word' id='word_1_531' title='bbox 849 3342 941 3410; x_wconf 87' lang='lat' dir='ltr'><strong><em>qui</em></strong></span> <span class='ocrx_word' id='word_1_532' title='bbox 983 3355 1079 3394; x_wconf 83' lang='lat' dir='ltr'><strong><em>eos</em></strong></span> <span class='ocrx_word' id='word_1_533' title='bbox 1108 3338 1177 3392; x_wconf 83' lang='lat' dir='ltr'><strong><em>de</em></strong></span> <span class='ocrx_word' id='word_1_534' title='bbox 1205 3335 1451 3406; x_wconf 81' lang='lat' dir='ltr'><strong><em>periculo</em></strong></span> <span class='ocrx_word' id='word_1_535' title='bbox 1484 3334 1758 3388; x_wconf 78' lang='lat' dir='ltr'><strong><em>liberaret.</em></strong></span> <span class='ocrx_word' id='word_1_536' title='bbox 1812 3335 1917 3386; x_wconf 85' lang='lat' dir='ltr'><strong><em>Aut</em></strong></span> <span class='ocrx_word' id='word_1_537' title='bbox 1937 3332 2095 3403; x_wconf 78' lang='lat' dir='ltr'><strong><em>juxta</em></strong></span> 
     </span>
    </p>
   </div>
   <div class='ocr_carea' id='block_1_67' title="bbox 494 3426 2093 3510">
    <p class='ocr_par' dir='ltr' id='par_1_67' title="bbox 494 3426 2093 3510">
     <span class='ocr_line' id='line_1_67' title="bbox 494 3426 2093 3510; baseline -0.009 -14"><span class='ocrx_word' id='word_1_538' title='bbox 494 3438 872 3510; x_wconf 69' lang='lat' dir='ltr'><strong><em>Septuaginta,</em></strong></span> <span class='ocrx_word' id='word_1_539' title='bbox 898 3450 1007 3490; x_wconf 93' lang='lat' dir='ltr'><strong><em>non</em></strong></span> <span class='ocrx_word' id='word_1_540' title='bbox 1035 3447 1132 3503; x_wconf 88' lang='lat' dir='ltr'><strong><em>per</em></strong></span> <span class='ocrx_word' id='word_1_541' title='bbox 1163 3430 1408 3499; x_wconf 79' lang='lat' dir='ltr'><strong><em>Angelos</em></strong></span> <span class='ocrx_word' id='word_1_542' title='bbox 1433 3438 1490 3484; x_wconf 88' lang='lat' dir='ltr'><strong><em>et</em></strong></span> <span class='ocrx_word' id='word_1_543' title='bbox 1519 3427 1840 3499; x_wconf 81' lang='lat' dir='ltr'><strong><em>Prophetas,</em></strong></span> <span class='ocrx_word' id='word_1_544' title='bbox 1871 3439 1926 3482; x_wconf 91' lang='lat' dir='ltr'><strong><em>et</em></strong></span> <span class='ocrx_word' id='word_1_545' title='bbox 1953 3426 2093 3481; x_wconf 86' lang='lat' dir='ltr'><strong><em>alios</em></strong></span> 
     </span>
    </p>
   </div>
   <div class='ocr_carea' id='block_1_68' title="bbox 502 3522 2092 3594">
    <p class='ocr_par' dir='ltr' id='par_1_68' title="bbox 502 3522 2092 3594">
     <span class='ocr_line' id='line_1_68' title="bbox 502 3522 2092 3594; baseline -0.009 -7"><span class='ocrx_word' id='word_1_546' title='bbox 502 3542 724 3588; x_wconf 76' lang='lat' dir='ltr'><strong><em>sant-tos</em></strong></span> <span class='ocrx_word' id='word_1_547' title='bbox 754 3531 899 3583; x_wconf 86' lang='lat' dir='ltr'><strong><em>viros</em></strong></span> <span class='ocrx_word' id='word_1_548' title='bbox 942 3530 1154 3581; x_wconf 86' lang='lat' dir='ltr'><strong><em>salvare</em></strong></span> <span class='ocrx_word' id='word_1_549' title='bbox 1201 3524 1365 3578; x_wconf 88' lang='lat' dir='ltr'><strong><em>voluit</em></strong></span> <span class='ocrx_word' id='word_1_550' title='bbox 1393 3522 1650 3594; x_wconf 87' lang='lat' dir='ltr'><strong><em>populum</em></strong></span> <span class='ocrx_word' id='word_1_551' title='bbox 1680 3536 1869 3586; x_wconf 87' lang='lat' dir='ltr'><strong><em>suum;</em></strong></span> <span class='ocrx_word' id='word_1_552' title='bbox 1903 3535 2092 3574; x_wconf 89' lang='lat' dir='ltr'><strong><em>verum</em></strong></span> 
     </span>
    </p>
   </div>
   <div class='ocr_carea' id='block_1_69' title="bbox 497 3614 2093 3694">
    <p class='ocr_par' dir='ltr' id='par_1_69' title="bbox 497 3614 2093 3694">
     <span class='ocr_line' id='line_1_69' title="bbox 497 3614 2093 3694; baseline -0.007 -15"><span class='ocrx_word' id='word_1_553' title='bbox 497 3622 618 3694; x_wconf 90' lang='lat' dir='ltr'><strong><em>ipse</em></strong></span> <span class='ocrx_word' id='word_1_554' title='bbox 668 3620 952 3676; x_wconf 86' lang='lat' dir='ltr'><strong><em>descendit</em></strong></span> <span class='ocrx_word' id='word_1_555' title='bbox 1000 3618 1069 3673; x_wconf 89' lang='lat' dir='ltr'><strong><em>ad</em></strong></span> <span class='ocrx_word' id='word_1_556' title='bbox 1109 3633 1242 3672; x_wconf 90' lang='lat' dir='ltr'><strong><em>oves</em></strong></span> <span class='ocrx_word' id='word_1_557' title='bbox 1282 3618 1526 3684; x_wconf 86' lang='lat' dir='ltr'><strong><em>perditas</em></strong></span> <span class='ocrx_word' id='word_1_558' title='bbox 1572 3615 1768 3670; x_wconf 88' lang='lat' dir='ltr'><strong><em>domus</em></strong></span> <span class='ocrx_word' id='word_1_559' title='bbox 1813 3614 2000 3679; x_wconf 70' lang='lat' dir='ltr'><strong><em>lsrael,</em></strong></span> <span class='ocrx_word' id='word_1_560' title='bbox 2038 3623 2093 3668; x_wconf 89' lang='lat' dir='ltr'><strong><em>nt</em></strong></span> 
     </span>
    </p>
   </div>
   <div class='ocr_carea' id='block_1_70' title="bbox 498 3703 2092 3775">
    <p class='ocr_par' dir='ltr' id='par_1_70' title="bbox 498 3703 2092 3775">
     <span class='ocr_line' id='line_1_70' title="bbox 498 3703 2092 3775; baseline -0.004 -11"><span class='ocrx_word' id='word_1_561' title='bbox 498 3728 658 3771; x_wconf 88' lang='lat' dir='ltr'><strong><em>ovem</em></strong></span> <span class='ocrx_word' id='word_1_562' title='bbox 712 3710 1017 3766; x_wconf 81' lang='lat' dir='ltr'><strong><em>morlndam</em></strong></span> <span class='ocrx_word' id='word_1_563' title='bbox 1068 3708 1188 3762; x_wconf 83' lang='lat' dir='ltr'><strong><em>suis</em></strong></span> <span class='ocrx_word' id='word_1_564' title='bbox 1234 3706 1477 3762; x_wconf 85' lang='lat' dir='ltr'><strong><em>humeris</em></strong></span> <span class='ocrx_word' id='word_1_565' title='bbox 1529 3714 1858 3775; x_wconf 80' lang='lat' dir='ltr'><strong><em>reportaret,</em></strong></span> <span class='ocrx_word' id='word_1_566' title='bbox 1895 3703 2092 3759; x_wconf 86' lang='lat' dir='ltr'><strong><em>etdra-</em></strong></span> 
     </span>
    </p>
   </div>
   <div class='ocr_carea' id='block_1_71' title="bbox 498 3797 2093 3874">
    <p class='ocr_par' dir='ltr' id='par_1_71' title="bbox 498 3797 2093 3874">
     <span class='ocr_line' id='line_1_71' title="bbox 498 3797 2093 3874; baseline -0.007 -11"><span class='ocrx_word' id='word_1_567' title='bbox 498 3806 710 3863; x_wconf 88' lang='lat' dir='ltr'><strong><em>cltmam</em></strong></span> <span class='ocrx_word' id='word_1_568' title='bbox 735 3816 858 3874; x_wconf 75' lang='lat' dir='ltr'><strong><em>qua:</em></strong></span> <span class='ocrx_word' id='word_1_569' title='bbox 881 3808 1118 3870; x_wconf 86' lang='lat' dir='ltr'><strong><em>perterat</em></strong></span> <span class='ocrx_word' id='word_1_570' title='bbox 1143 3798 1439 3865; x_wconf 87' lang='lat' dir='ltr'><strong><em>inveniret,</em></strong></span> <span class='ocrx_word' id='word_1_571' title='bbox 1464 3806 1519 3853; x_wconf 91' lang='lat' dir='ltr'><strong><em>et</em></strong></span> <span class='ocrx_word' id='word_1_572' title='bbox 1551 3798 1836 3852; x_wconf 82' lang='lat' dir='ltr'><strong><em>luxurioso</em></strong></span> <span class='ocrx_word' id='word_1_573' title='bbox 1871 3797 1983 3851; x_wconf 85' lang='lat' dir='ltr'><strong><em>lilio</em></strong></span> <span class='ocrx_word' id='word_1_574' title='bbox 2008 3813 2093 3853; x_wconf 86' lang='lat' dir='ltr'><strong><em>re-</em></strong></span> 
     </span>
    </p>
   </div>
   <div class='ocr_carea' id='block_1_72' title="bbox 492 3890 2091 3961">
    <p class='ocr_par' dir='ltr' id='par_1_72' title="bbox 492 3890 2091 3961">
     <span class='ocr_line' id='line_1_72' title="bbox 492 3890 2091 3961; baseline -0.006 -5"><span class='ocrx_word' id='word_1_575' title='bbox 492 3899 723 3956; x_wconf 78' lang='lat' dir='ltr'><strong><em>Verteuti</em></strong></span> <span class='ocrx_word' id='word_1_576' title='bbox 746 3897 898 3954; x_wconf 73' lang='lat' dir='ltr'><strong><em>Iustus</em></strong></span> <span class='ocrx_word' id='word_1_577' title='bbox 915 3891 1479 3961; x_wconf 72' lang='lat' dir='ltr'><strong><em>et-cnrreret.Ptopter</em></strong></span> <span class='ocrx_word' id='word_1_578' title='bbox 1495 3890 1637 3959; x_wconf 88' lang='lat' dir='ltr'><strong><em>quod</em></strong></span> <span class='ocrx_word' id='word_1_579' title='bbox 1657 3904 1853 3961; x_wconf 66' lang='lat' dir='ltr'><strong><em>sponsa</em></strong></span> <span class='ocrx_word' id='word_1_580' title='bbox 1879 3890 2008 3945; x_wconf 87' lang='lat' dir='ltr'><strong><em>dicit</em></strong></span> <span class='ocrx_word' id='word_1_581' title='bbox 2039 3890 2091 3945; x_wconf 92' lang='lat' dir='ltr'><strong><em>in</em></strong></span> 
     </span>
    </p>
   </div>
   <div class='ocr_carea' id='block_1_73' title="bbox 495 3983 2088 4050">
    <p class='ocr_par' dir='ltr' id='par_1_73' title="bbox 495 3983 2088 4050">
     <span class='ocr_line' id='line_1_73' title="bbox 495 3983 2088 4050; baseline -0.008 0"><span class='ocrx_word' id='word_1_582' title='bbox 495 3990 722 4050; x_wconf 80' lang='lat' dir='ltr'><strong><em>Cantico</em></strong></span> <span class='ocrx_word' id='word_1_583' title='bbox 769 3987 1163 4044; x_wconf 85' lang='lat' dir='ltr'><strong><em>Canticorum:</em></strong></span> <span class='ocrx_word' id='word_1_584' title='bbox 1197 3983 1470 4040; x_wconf 83' lang='lat' dir='ltr'><strong><em>Osculetur</em></strong></span> <span class='ocrx_word' id='word_1_585' title='bbox 1500 3999 1578 4038; x_wconf 90' lang='lat' dir='ltr'><strong><em>me</em></strong></span> <span class='ocrx_word' id='word_1_586' title='bbox 1615 3983 1805 4038; x_wconf 75' lang='lat' dir='ltr'><strong><em>osculis</em></strong></span> <span class='ocrx_word' id='word_1_587' title='bbox 1847 3983 1948 4036; x_wconf 92' lang='lat' dir='ltr'><strong><em>oris</em></strong></span> <span class='ocrx_word' id='word_1_588' title='bbox 1986 3983 2088 4037; x_wconf 88' lang='lat' dir='ltr'><strong><em>sui.</em></strong></span> 
     </span>
    </p>
   </div>
   <div class='ocr_carea' id='block_1_74' title="bbox 494 4076 2086 4158">
    <p class='ocr_par' dir='ltr' id='par_1_74' title="bbox 494 4076 2086 4158">
     <span class='ocr_line' id='line_1_74' title="bbox 494 4076 2086 4158; baseline -0.01 -14"><span class='ocrx_word' id='word_1_589' title='bbox 494 4085 846 4158; x_wconf 84' lang='lat' dir='ltr'><strong><em>Nequaquam</em></strong></span> <span class='ocrx_word' id='word_1_590' title='bbox 879 4099 975 4155; x_wconf 90' lang='lat' dir='ltr'><strong><em>per</em></strong></span> <span class='ocrx_word' id='word_1_591' title='bbox 998 4081 1369 4148; x_wconf 77' lang='lat' dir='ltr'><strong><em>Patriarcltas,</em></strong></span> <span class='ocrx_word' id='word_1_592' title='bbox 1414 4078 1657 4150; x_wconf 70' lang='lat' dir='ltr'><strong><em>Moy~eu,</em></strong></span> <span class='ocrx_word' id='word_1_593' title='bbox 1686 4089 1741 4132; x_wconf 91' lang='lat' dir='ltr'><strong><em>et</em></strong></span> <span class='ocrx_word' id='word_1_594' title='bbox 1767 4076 2086 4146; x_wconf 82' lang='lat' dir='ltr'><strong><em>PrOpbetas,</em></strong></span> 
     </span>
    </p>
   </div>
   <div class='ocr_carea' id='block_1_75' title="bbox 496 4173 2089 4246">
    <p class='ocr_par' dir='ltr' id='par_1_75' title="bbox 496 4173 2089 4246">
     <span class='ocr_line' id='line_1_75' title="bbox 496 4173 2089 4246; baseline -0.01 -6"><span class='ocrx_word' id='word_1_595' title='bbox 496 4183 594 4240; x_wconf 85' lang='lat' dir='ltr'><strong><em>sed</em></strong></span> <span class='ocrx_word' id='word_1_596' title='bbox 630 4197 809 4237; x_wconf 82' lang='lat' dir='ltr'><strong><em>meum</em></strong></span> <span class='ocrx_word' id='word_1_597' title='bbox 841 4193 1043 4246; x_wconf 81' lang='lat' dir='ltr'><strong><em>corpus</em></strong></span> <span class='ocrx_word' id='word_1_598' title='bbox 1074 4186 1340 4243; x_wconf 88' lang='lat' dir='ltr'><strong><em>assumat,</em></strong></span> <span class='ocrx_word' id='word_1_599' title='bbox 1394 4173 1446 4228; x_wconf 92' lang='lat' dir='ltr'><strong><em>in</em></strong></span> <span class='ocrx_word' id='word_1_600' title='bbox 1478 4188 1596 4228; x_wconf 86' lang='lat' dir='ltr'><strong><em>mea</em></strong></span> <span class='ocrx_word' id='word_1_601' title='bbox 1626 4187 1790 4228; x_wconf 90' lang='lat' dir='ltr'><strong><em>carne</em></strong></span> <span class='ocrx_word' id='word_1_602' title='bbox 1817 4181 2089 4239; x_wconf 78' lang='lat' dir='ltr'><strong><em>versetur,</em></strong></span> 
     </span>
    </p>
   </div>
   <div class='ocr_carea' id='block_1_76' title="bbox 496 4266 2091 4339">
    <p class='ocr_par' dir='ltr' id='par_1_76' title="bbox 496 4266 2091 4339">
     <span class='ocr_line' id='line_1_76' title="bbox 496 4266 2091 4339; baseline -0.008 -5"><span class='ocrx_word' id='word_1_603' title='bbox 496 4276 739 4334; x_wconf 75' lang='lat' dir='ltr'><strong><em>Verbum</em></strong></span> <span class='ocrx_word' id='word_1_604' title='bbox 784 4288 916 4328; x_wconf 84' lang='lat' dir='ltr'><strong><em>caro</em></strong></span> <span class='ocrx_word' id='word_1_605' title='bbox 958 4271 1072 4339; x_wconf 79' lang='lat' dir='ltr'><strong><em>ﬂat,</em></strong></span> <span class='ocrx_word' id='word_1_606' title='bbox 1131 4282 1184 4326; x_wconf 89' lang='lat' dir='ltr'><strong><em>et</em></strong></span> <span class='ocrx_word' id='word_1_607' title='bbox 1213 4269 1295 4326; x_wconf 88' lang='lat' dir='ltr'><strong><em>sic</em></strong></span> <span class='ocrx_word' id='word_1_608' title='bbox 1323 4271 1598 4324; x_wconf 89' lang='lat' dir='ltr'><strong><em>osculetur</em></strong></span> <span class='ocrx_word' id='word_1_609' title='bbox 1624 4285 1710 4325; x_wconf 89' lang='lat' dir='ltr'><strong><em>me</em></strong></span> <span class='ocrx_word' id='word_1_610' title='bbox 1759 4266 2011 4324; x_wconf 87' lang='lat' dir='ltr'><strong><em>habitans</em></strong></span> <span class='ocrx_word' id='word_1_611' title='bbox 2040 4268 2091 4322; x_wconf 91' lang='lat' dir='ltr'><strong><em>in</em></strong></span> 
     </span>
    </p>
   </div>
   <div class='ocr_carea' id='block_1_77' title="bbox 493 4364 2088 4439">
    <p class='ocr_par' dir='ltr' id='par_1_77' title="bbox 493 4364 2088 4439">
     <span class='ocr_line' id='line_1_77' title="bbox 493 4364 2088 4439; baseline -0.008 -10"><span class='ocrx_word' id='word_1_612' title='bbox 493 4389 605 4439; x_wconf 76' lang='lat' dir='ltr'><strong><em>me,</em></strong></span> <span class='ocrx_word' id='word_1_613' title='bbox 637 4381 696 4426; x_wconf 90' lang='lat' dir='ltr'><strong><em>ut</em></strong></span> <span class='ocrx_word' id='word_1_614' title='bbox 726 4370 799 4427; x_wconf 83' lang='lat' dir='ltr'><strong><em>sit</em></strong></span> <span class='ocrx_word' id='word_1_615' title='bbox 822 4367 1167 4425; x_wconf 87' lang='lat' dir='ltr'><strong><em>Emmanuel.</em></strong></span> <span class='ocrx_word' id='word_1_616' title='bbox 1195 4364 1543 4435; x_wconf 79' lang='lat' dir='ltr'><strong><em>Nequaquam</em></strong></span> <span class='ocrx_word' id='word_1_617' title='bbox 1571 4364 1739 4436; x_wconf 87' lang='lat' dir='ltr'><strong><em>igitur</em></strong></span> <span class='ocrx_word' id='word_1_618' title='bbox 1768 4371 1829 4419; x_wconf 87' lang='lat' dir='ltr'><strong><em>ut</em></strong></span> <span class='ocrx_word' id='word_1_619' title='bbox 1855 4364 2088 4435; x_wconf 77' lang='lat' dir='ltr'><strong><em>legatus,</em></strong></span> 
     </span>
    </p>
   </div>
   <div class='ocr_carea' id='block_1_78' title="bbox 2197 3256 3801 3327">
    <p class='ocr_par' dir='ltr' id='par_1_78' title="bbox 2197 3256 3801 3327">
     <span class='ocr_line' id='line_1_78' title="bbox 2197 3256 3801 3327; baseline 0.007 -21"><span class='ocrx_word' id='word_1_620' title='bbox 2197 3269 2369 3327; x_wconf 82' lang='lat' dir='ltr'><strong><em>petam</em></strong></span> <span class='ocrx_word' id='word_1_621' title='bbox 2399 3256 2641 3320; x_wconf 83' lang='lat' dir='ltr'><strong><em>Patrem.</em></strong></span> <span class='ocrx_word' id='word_1_622' title='bbox 2684 3269 2732 3315; x_wconf 89' lang='lat' dir='ltr'><strong><em>et</em></strong></span> <span class='ocrx_word' id='word_1_623' title='bbox 2774 3260 2936 3315; x_wconf 88' lang='lat' dir='ltr'><strong><em>alium</em></strong></span> <span class='ocrx_word' id='word_1_624' title='bbox 2987 3261 3317 3317; x_wconf 84' lang='lat' dir='ltr'><strong><em>Paracletum</em></strong></span> <span class='ocrx_word' id='word_1_625' title='bbox 3359 3262 3501 3316; x_wconf 89' lang='lat' dir='ltr'><strong><em>dabit</em></strong></span> <span class='ocrx_word' id='word_1_626' title='bbox 3533 3261 3700 3327; x_wconf 77' lang='lat' dir='ltr'><strong><em>vobis.</em></strong></span> <span class='ocrx_word' id='word_1_627' title='bbox 3742 3272 3801 3317; x_wconf 83' lang='lat' dir='ltr'><strong><em>ut</em></strong></span> 
     </span>
    </p>
   </div>
   <div class='ocr_carea' id='block_1_79' title="bbox 2196 3350 3797 3428">
    <p class='ocr_par' dir='ltr' id='par_1_79' title="bbox 2196 3350 3797 3428">
     <span class='ocr_line' id='line_1_79' title="bbox 2196 3350 3797 3428; baseline 0.005 -25"><span class='ocrx_word' id='word_1_628' title='bbox 2196 3350 2260 3404; x_wconf 86' lang='lat' dir='ltr'><strong><em>sit</em></strong></span> <span class='ocrx_word' id='word_1_629' title='bbox 2287 3350 2546 3405; x_wconf 87' lang='lat' dir='ltr'><strong><em>vobiscum</em></strong></span> <span class='ocrx_word' id='word_1_630' title='bbox 2568 3356 2623 3406; x_wconf 83' lang='lat' dir='ltr'><strong><em>in</em></strong></span> <span class='ocrx_word' id='word_1_631' title='bbox 2643 3354 3037 3422; x_wconf 82' lang='lat' dir='ltr'><strong><em>sempiternum,</em></strong></span> <span class='ocrx_word' id='word_1_632' title='bbox 3071 3355 3329 3428; x_wconf 88' lang='lat' dir='ltr'><strong><em>Spiritunt</em></strong></span> <span class='ocrx_word' id='word_1_633' title='bbox 3358 3356 3590 3410; x_wconf 73' lang='lat' dir='ltr'><strong><em>veritatis</em></strong></span> <span class='ocrx_word' id='word_1_634' title='bbox 3614 3358 3797 3427; x_wconf 82' lang='lat' dir='ltr'><strong><em>(Joan.</em></strong></span> 
     </span>
    </p>
   </div>
   <div class='ocr_carea' id='block_1_80' title="bbox 2199 3444 3796 3517">
    <p class='ocr_par' dir='ltr' id='par_1_80' title="bbox 2199 3444 3796 3517">
     <span class='ocr_line' id='line_1_80' title="bbox 2199 3444 3796 3517; baseline 0.004 -19"><span class='ocrx_word' id='word_1_635' title='bbox 2199 3459 2310 3509; x_wconf 78' lang='lat' dir='ltr'><strong><em>xw,</em></strong></span> <span class='ocrx_word' id='word_1_636' title='bbox 2344 3444 2432 3506; x_wconf 78' lang='lat' dir='ltr'><strong><em>l5.</em></strong></span> <span class='ocrx_word' id='word_1_637' title='bbox 2465 3445 2579 3513; x_wconf 83' lang='grc'><strong>16).</strong></span> <span class='ocrx_word' id='word_1_638' title='bbox 2610 3446 2684 3501; x_wconf 87' lang='lat' dir='ltr'><strong><em>De</em></strong></span> <span class='ocrx_word' id='word_1_639' title='bbox 2706 3462 2818 3517; x_wconf 83' lang='lat' dir='ltr'><strong><em>quo</em></strong></span> <span class='ocrx_word' id='word_1_640' title='bbox 2845 3460 2900 3502; x_wconf 90' lang='lat' dir='ltr'><strong><em>et</em></strong></span> <span class='ocrx_word' id='word_1_641' title='bbox 2926 3449 2978 3502; x_wconf 91' lang='lat' dir='ltr'><strong><em>in</em></strong></span> <span class='ocrx_word' id='word_1_642' title='bbox 3003 3447 3285 3517; x_wconf 87' lang='lat' dir='ltr'><strong><em>Sapientia</em></strong></span> <span class='ocrx_word' id='word_1_643' title='bbox 3316 3450 3648 3517; x_wconf 82' lang='lat' dir='ltr'><strong><em>reperimus,</em></strong></span> <span class='ocrx_word' id='word_1_644' title='bbox 3678 3465 3796 3517; x_wconf 73' lang='lat' dir='ltr'><strong><em>qnzc</em></strong></span> 
     </span>
    </p>
   </div>
   <div class='ocr_carea' id='block_1_81' title="bbox 2197 3536 3796 3615">
    <p class='ocr_par' dir='ltr' id='par_1_81' title="bbox 2197 3536 3796 3615">
     <span class='ocr_line' id='line_1_81' title="bbox 2197 3536 3796 3615; baseline 0.004 -25"><span class='ocrx_word' id='word_1_645' title='bbox 2197 3536 2420 3593; x_wconf 85' lang='lat' dir='ltr'><strong><em>nomine</em></strong></span> <span class='ocrx_word' id='word_1_646' title='bbox 2445 3536 2759 3593; x_wconf 88' lang='lat' dir='ltr'><strong><em>Salomonis</em></strong></span> <span class='ocrx_word' id='word_1_647' title='bbox 2788 3539 3051 3595; x_wconf 83' lang='lat' dir='ltr'><strong><em>scribitur</em></strong></span> <span class='ocrx_word' id='word_1_648' title='bbox 3077 3556 3093 3597; x_wconf 90' lang='lat'><strong>:</strong></span> <span class='ocrx_word' id='word_1_649' title='bbox 3136 3540 3363 3596; x_wconf 87' lang='lat' dir='ltr'><strong><em>Sanctus</em></strong></span> <span class='ocrx_word' id='word_1_650' title='bbox 3402 3542 3541 3596; x_wconf 84' lang='lat' dir='ltr'><strong><em>enim</em></strong></span> <span class='ocrx_word' id='word_1_651' title='bbox 3570 3541 3796 3615; x_wconf 84' lang='lat' dir='ltr'><strong><em>Spiritus</em></strong></span> 
     </span>
    </p>
   </div>
   <div class='ocr_carea' id='block_1_82' title="bbox 2195 3629 3796 3709">
    <p class='ocr_par' dir='ltr' id='par_1_82' title="bbox 2195 3629 3796 3709">
     <span class='ocr_line' id='line_1_82' title="bbox 2195 3629 3796 3709; baseline 0.004 -25"><span class='ocrx_word' id='word_1_652' title='bbox 2195 3629 2484 3703; x_wconf 68' lang='lat' dir='ltr'><strong><em>disciplima</em></strong></span> <span class='ocrx_word' id='word_1_653' title='bbox 2529 3633 2692 3705; x_wconf 81' lang='lat' dir='ltr'><strong><em>fugiet</em></strong></span> <span class='ocrx_word' id='word_1_654' title='bbox 2743 3632 2945 3703; x_wconf 86' lang='lat' dir='ltr'><strong><em>dolum,</em></strong></span> <span class='ocrx_word' id='word_1_655' title='bbox 2993 3644 3041 3690; x_wconf 90' lang='lat' dir='ltr'><strong><em>et</em></strong></span> <span class='ocrx_word' id='word_1_656' title='bbox 3082 3636 3282 3691; x_wconf 84' lang='lat' dir='ltr'><strong><em>recedet</em></strong></span> <span class='ocrx_word' id='word_1_657' title='bbox 3322 3652 3355 3690; x_wconf 88' lang='lat' dir='ltr'><strong><em>a</em></strong></span> <span class='ocrx_word' id='word_1_658' title='bbox 3398 3637 3796 3709; x_wconf 83' lang='lat' dir='ltr'><strong><em>cogitationibus</em></strong></span> 
     </span>
    </p>
   </div>
   <div class='ocr_carea' id='block_1_83' title="bbox 2193 3722 2738 3796">
    <p class='ocr_par' dir='ltr' id='par_1_83' title="bbox 2193 3722 2738 3796">
     <span class='ocr_line' id='line_1_83' title="bbox 2193 3722 2738 3796; baseline 0.013 -20"><span class='ocrx_word' id='word_1_659' title='bbox 2193 3724 2370 3778; x_wconf 85' lang='lat' dir='ltr'><strong><em>stultis</em></strong></span> <span class='ocrx_word' id='word_1_660' title='bbox 2396 3722 2554 3796; x_wconf 85' lang='lat' dir='ltr'><strong><em>(Sap.</em></strong></span> <span class='ocrx_word' id='word_1_661' title='bbox 2589 3742 2627 3787; x_wconf 77' lang='grc' dir='ltr'><strong><em>ι,</em></strong></span> <span class='ocrx_word' id='word_1_662' title='bbox 2657 3725 2738 3796; x_wconf 83' lang='grc'><strong>5).</strong></span> 
     </span>
    </p>
   </div>
   <div class='ocr_carea' id='block_1_84' title="bbox 2265 3812 3792 3889">
    <p class='ocr_par' dir='ltr' id='par_1_84' title="bbox 2265 3812 3792 3889">
     <span class='ocr_line' id='line_1_84' title="bbox 2265 3812 3792 3889; baseline 0.005 -21"><span class='ocrx_word' id='word_1_663' title='bbox 2265 3812 2448 3883; x_wconf 80' lang='lat' dir='ltr'><strong><em>(Vers.</em></strong></span> <span class='ocrx_word' id='word_1_664' title='bbox 2483 3816 2542 3870; x_wconf 82' lang='lat' dir='ltr'><strong><em>ll</em></strong></span> <span class='ocrx_word' id='word_1_665' title='bbox 2578 3817 2760 3888; x_wconf 86' lang='lat' dir='ltr'><strong><em>seqq.)</em></strong></span> <span class='ocrx_word' id='word_1_666' title='bbox 2791 3815 2861 3873; x_wconf 88' lang='lat' dir='ltr'><strong><em>Et</em></strong></span> <span class='ocrx_word' id='word_1_667' title='bbox 2890 3820 3188 3876; x_wconf 87' lang='lat' dir='ltr'><strong><em>recordatus</em></strong></span> <span class='ocrx_word' id='word_1_668' title='bbox 3217 3828 3293 3875; x_wconf 88' lang='lat' dir='ltr'><strong><em>est</em></strong></span> <span class='ocrx_word' id='word_1_669' title='bbox 3327 3821 3532 3876; x_wconf 85' lang='lat' dir='ltr'><strong><em>dierum</em></strong></span> <span class='ocrx_word' id='word_1_670' title='bbox 3577 3822 3754 3878; x_wconf 74' lang='lat' dir='ltr'><strong><em>strculi</em></strong></span> <span class='ocrx_word' id='word_1_671' title='bbox 3776 3863 3792 3889; x_wconf 90' lang='lat'><strong><em>,</em></strong></span> 
     </span>
    </p>
   </div>
   <div class='ocr_carea' id='block_1_85' title="bbox 2196 3907 3791 3984">
    <p class='ocr_par' dir='ltr' id='par_1_85' title="bbox 2196 3907 3791 3984">
     <span class='ocr_line' id='line_1_85' title="bbox 2196 3907 3791 3984; baseline 0.004 -21"><span class='ocrx_word' id='word_1_672' title='bbox 2196 3907 2387 3981; x_wconf 78' lang='lat' dir='ltr'><strong><em>Moysi,</em></strong></span> <span class='ocrx_word' id='word_1_673' title='bbox 2421 3908 2603 3982; x_wconf 86' lang='lat' dir='ltr'><strong><em>papuli</em></strong></span> <span class='ocrx_word' id='word_1_674' title='bbox 2630 3911 2733 3966; x_wconf 80' lang='lat' dir='ltr'><strong><em>sui.</em></strong></span> <span class='ocrx_word' id='word_1_675' title='bbox 2769 3910 2869 3966; x_wconf 83' lang='lat' dir='ltr'><strong><em>Ubi</em></strong></span> <span class='ocrx_word' id='word_1_676' title='bbox 2890 3924 2964 3968; x_wconf 87' lang='lat' dir='ltr'><strong><em>est</em></strong></span> <span class='ocrx_word' id='word_1_677' title='bbox 2987 3913 3074 3984; x_wconf 87' lang='lat' dir='ltr'><strong><em>qui</em></strong></span> <span class='ocrx_word' id='word_1_678' title='bbox 3093 3913 3272 3968; x_wconf 69' lang='lat' dir='ltr'><strong><em>eduxit</em></strong></span> <span class='ocrx_word' id='word_1_679' title='bbox 3295 3930 3383 3969; x_wconf 89' lang='lat' dir='ltr'><strong><em>eos</em></strong></span> <span class='ocrx_word' id='word_1_680' title='bbox 3410 3914 3476 3969; x_wconf 84' lang='lat' dir='ltr'><strong><em>de</em></strong></span> <span class='ocrx_word' id='word_1_681' title='bbox 3513 3915 3649 3969; x_wconf 83' lang='lat' dir='ltr'><strong><em>mari</em></strong></span> <span class='ocrx_word' id='word_1_682' title='bbox 3679 3930 3791 3969; x_wconf 76' lang='lat' dir='ltr'><strong><em>cunt</em></strong></span> 
     </span>
    </p>
   </div>
   <div class='ocr_carea' id='block_1_86' title="bbox 2193 4005 3792 4084">
    <p class='ocr_par' dir='ltr' id='par_1_86' title="bbox 2193 4005 3792 4084">
     <span class='ocr_line' id='line_1_86' title="bbox 2193 4005 3792 4084; baseline 0.004 -27"><span class='ocrx_word' id='word_1_683' title='bbox 2193 4006 2486 4076; x_wconf 86' lang='lat' dir='ltr'><strong><em>pastoribus</em></strong></span> <span class='ocrx_word' id='word_1_684' title='bbox 2518 4005 2687 4077; x_wconf 85' lang='lat' dir='ltr'><strong><em>gregis</em></strong></span> <span class='ocrx_word' id='word_1_685' title='bbox 2711 4006 2837 4061; x_wconf 82' lang='lat' dir='ltr'><strong><em>sui?</em></strong></span> <span class='ocrx_word' id='word_1_686' title='bbox 2865 4009 2952 4062; x_wconf 88' lang='lat' dir='ltr'><strong><em>ubi</em></strong></span> <span class='ocrx_word' id='word_1_687' title='bbox 2976 4019 3050 4063; x_wconf 86' lang='lat' dir='ltr'><strong><em>est</em></strong></span> <span class='ocrx_word' id='word_1_688' title='bbox 3076 4008 3163 4079; x_wconf 88' lang='lat' dir='ltr'><strong><em>qui</em></strong></span> <span class='ocrx_word' id='word_1_689' title='bbox 3203 4010 3375 4080; x_wconf 86' lang='lat' dir='ltr'><strong><em>posuit</em></strong></span> <span class='ocrx_word' id='word_1_690' title='bbox 3406 4009 3461 4063; x_wconf 89' lang='lat' dir='ltr'><strong><em>in</em></strong></span> <span class='ocrx_word' id='word_1_691' title='bbox 3489 4010 3660 4064; x_wconf 86' lang='lat' dir='ltr'><strong><em>medio</em></strong></span> <span class='ocrx_word' id='word_1_692' title='bbox 3684 4012 3792 4084; x_wconf 81' lang='lat' dir='ltr'><strong><em>ejus</em></strong></span> 
     </span>
    </p>
   </div>
   <div class='ocr_carea' id='block_1_87' title="bbox 2195 4094 3791 4175">
    <p class='ocr_par' dir='ltr' id='par_1_87' title="bbox 2195 4094 3791 4175">
     <span class='ocr_line' id='line_1_87' title="bbox 2195 4094 3791 4175; baseline 0.004 -25"><span class='ocrx_word' id='word_1_693' title='bbox 2195 4094 2454 4168; x_wconf 82' lang='lat' dir='ltr'><strong><em>Spiritum</em></strong></span> <span class='ocrx_word' id='word_1_694' title='bbox 2492 4100 2657 4153; x_wconf 90' lang='lat' dir='ltr'><strong><em>sancti</em></strong></span> <span class='ocrx_word' id='word_1_695' title='bbox 2684 4102 2805 4155; x_wconf 84' lang='lat' dir='ltr'><strong><em>sui?</em></strong></span> <span class='ocrx_word' id='word_1_696' title='bbox 2835 4100 2939 4170; x_wconf 83' lang='lat' dir='ltr'><strong><em>Qui</em></strong></span> <span class='ocrx_word' id='word_1_697' title='bbox 2965 4103 3143 4158; x_wconf 70' lang='lat' dir='ltr'><strong><em>eduxit</em></strong></span> <span class='ocrx_word' id='word_1_698' title='bbox 3168 4103 3237 4156; x_wconf 88' lang='lat' dir='ltr'><strong><em>ad</em></strong></span> <span class='ocrx_word' id='word_1_699' title='bbox 3265 4104 3533 4157; x_wconf 75' lang='lat' dir='ltr'><strong><em>dexteram</em></strong></span> <span class='ocrx_word' id='word_1_700' title='bbox 3578 4102 3791 4175; x_wconf 75' lang='lat' dir='ltr'><strong><em>Moysen</em></strong></span> 
     </span>
    </p>
   </div>
   <div class='ocr_carea' id='block_1_88' title="bbox 2193 4186 3792 4267">
    <p class='ocr_par' dir='ltr' id='par_1_88' title="bbox 2193 4186 3792 4267">
     <span class='ocr_line' id='line_1_88' title="bbox 2193 4186 3792 4267; baseline 0.004 -26"><span class='ocrx_word' id='word_1_701' title='bbox 2193 4186 2404 4243; x_wconf 80' lang='lat' dir='ltr'><strong><em>brachio</em></strong></span> <span class='ocrx_word' id='word_1_702' title='bbox 2444 4192 2727 4264; x_wconf 83' lang='lat' dir='ltr'><strong><em>majestatis</em></strong></span> <span class='ocrx_word' id='word_1_703' title='bbox 2754 4209 2862 4247; x_wconf 77' lang='lat' dir='ltr'><strong><em>sua:</em></strong></span> <span class='ocrx_word' id='word_1_704' title='bbox 2893 4209 2913 4248; x_wconf 89' lang='lat'><strong><em>:</em></strong></span> <span class='ocrx_word' id='word_1_705' title='bbox 2948 4195 3039 4267; x_wconf 86' lang='lat' dir='ltr'><strong><em>qui</em></strong></span> <span class='ocrx_word' id='word_1_706' title='bbox 3082 4195 3232 4249; x_wconf 83' lang='lat' dir='ltr'><strong><em>scidit</em></strong></span> <span class='ocrx_word' id='word_1_707' title='bbox 3262 4211 3426 4267; x_wconf 81' lang='lat' dir='ltr'><strong><em>aquas</em></strong></span> <span class='ocrx_word' id='word_1_708' title='bbox 3455 4206 3579 4252; x_wconf 80' lang='lat' dir='ltr'><strong><em>ante</em></strong></span> <span class='ocrx_word' id='word_1_709' title='bbox 3599 4212 3706 4266; x_wconf 78' lang='lat' dir='ltr'><strong><em>ros,</em></strong></span> <span class='ocrx_word' id='word_1_710' title='bbox 3741 4202 3792 4249; x_wconf 86' lang='lat' dir='ltr'><strong><em>ut</em></strong></span> 
     </span>
    </p>
   </div>
   <div class='ocr_carea' id='block_1_89' title="bbox 2192 4280 3787 4362">
    <p class='ocr_par' dir='ltr' id='par_1_89' title="bbox 2192 4280 3787 4362">
     <span class='ocr_line' id='line_1_89' title="bbox 2192 4280 3787 4362; baseline 0.004 -29"><span class='ocrx_word' id='word_1_711' title='bbox 2192 4280 2380 4349; x_wconf 83' lang='lat' dir='ltr'><strong><em>faceret</em></strong></span> <span class='ocrx_word' id='word_1_712' title='bbox 2429 4283 2526 4337; x_wconf 87' lang='lat' dir='ltr'><strong><em>sibi</em></strong></span> <span class='ocrx_word' id='word_1_713' title='bbox 2570 4282 2755 4338; x_wconf 86' lang='lat' dir='ltr'><strong><em>nomen</em></strong></span> <span class='ocrx_word' id='word_1_714' title='bbox 2803 4287 3192 4359; x_wconf 84' lang='lat' dir='ltr'><strong><em>sempiternum.</em></strong></span> <span class='ocrx_word' id='word_1_715' title='bbox 3253 4286 3359 4353; x_wconf 87' lang='lat' dir='ltr'><strong><em>Qui</em></strong></span> <span class='ocrx_word' id='word_1_716' title='bbox 3403 4286 3554 4342; x_wconf 67' lang='lat' dir='ltr'><strong><em>duxit</em></strong></span> <span class='ocrx_word' id='word_1_717' title='bbox 3605 4286 3787 4362; x_wconf 83' lang='lat' dir='ltr'><strong><em>[Vulg.</em></strong></span> 
     </span>
    </p>
   </div>
   <div class='ocr_carea' id='block_1_90' title="bbox 2193 4374 3793 4453">
    <p class='ocr_par' dir='ltr' id='par_1_90' title="bbox 2193 4374 3793 4453">
     <span class='ocr_line' id='line_1_90' title="bbox 2193 4374 3793 4453; baseline 0.003 -23"><span class='ocrx_word' id='word_1_718' title='bbox 2193 4374 2395 4448; x_wconf 71' lang='lat' dir='ltr'><strong><em>eduxit]</em></strong></span> <span class='ocrx_word' id='word_1_719' title='bbox 2417 4394 2501 4432; x_wconf 85' lang='lat' dir='ltr'><strong><em>eos</em></strong></span> <span class='ocrx_word' id='word_1_720' title='bbox 2520 4394 2611 4449; x_wconf 91' lang='lat' dir='ltr'><strong><em>per</em></strong></span> <span class='ocrx_word' id='word_1_721' title='bbox 2636 4379 2847 4451; x_wconf 79' lang='lat' dir='ltr'><strong><em>ubyssos</em></strong></span> <span class='ocrx_word' id='word_1_722' title='bbox 2867 4382 3018 4451; x_wconf 90' lang='lat' dir='ltr'><strong><em>quasi</em></strong></span> <span class='ocrx_word' id='word_1_723' title='bbox 3036 4398 3227 4453; x_wconf 84' lang='lat' dir='ltr'><strong><em>equum</em></strong></span> <span class='ocrx_word' id='word_1_724' title='bbox 3250 4382 3306 4437; x_wconf 87' lang='lat' dir='ltr'><strong><em>in</em></strong></span> <span class='ocrx_word' id='word_1_725' title='bbox 3328 4381 3535 4436; x_wconf 87' lang='lat' dir='ltr'><strong><em>deserto</em></strong></span> <span class='ocrx_word' id='word_1_726' title='bbox 3566 4398 3674 4436; x_wconf 85' lang='lat' dir='ltr'><strong><em>non</em></strong></span> <span class='ocrx_word' id='word_1_727' title='bbox 3700 4382 3793 4435; x_wconf 81' lang='lat' dir='ltr'><strong><em>int-</em></strong></span> 
     </span>
    </p>
   </div>
   <div class='ocr_carea' id='block_1_91' title="bbox 492 4458 2099 4549">
    <p class='ocr_par' dir='ltr' id='par_1_91' title="bbox 492 4458 2092 4535">
     <span class='ocr_line' id='line_1_91' title="bbox 492 4458 2092 4535; baseline -0.009 -10"><span class='ocrx_word' id='word_1_728' title='bbox 492 4482 595 4525; x_wconf 89' lang='lat' dir='ltr'><strong><em>nec</em></strong></span> <span class='ocrx_word' id='word_1_729' title='bbox 624 4476 681 4521; x_wconf 88' lang='lat' dir='ltr'><strong><em>ut</em></strong></span> <span class='ocrx_word' id='word_1_730' title='bbox 703 4466 968 4535; x_wconf 77' lang='lat' dir='ltr'><strong><em>Angelus,</em></strong></span> <span class='ocrx_word' id='word_1_731' title='bbox 997 4460 1092 4517; x_wconf 83' lang='lat' dir='ltr'><strong><em>sed</em></strong></span> <span class='ocrx_word' id='word_1_732' title='bbox 1118 4460 1234 4531; x_wconf 84' lang='lat' dir='ltr'><strong><em>ipse</em></strong></span> <span class='ocrx_word' id='word_1_733' title='bbox 1254 4458 1487 4514; x_wconf 69' lang='lat' dir='ltr'><strong><em>saltabit</em></strong></span> <span class='ocrx_word' id='word_1_734' title='bbox 1514 4472 1610 4513; x_wconf 88' lang='lat' dir='ltr'><strong><em>eos</em></strong></span> <span class='ocrx_word' id='word_1_735' title='bbox 1640 4459 1728 4526; x_wconf 90' lang='lat' dir='ltr'><strong><em>qui</em></strong></span> <span class='ocrx_word' id='word_1_736' title='bbox 1763 4465 2092 4525; x_wconf 80' lang='lat' dir='ltr'><strong><em>receperunt</em></strong></span> 
     </span>
    </p>
   </div>
   <div class='ocr_carea' id='block_1_92' title="bbox 2207 4458 3789 4549">
    <p class='ocr_par' dir='ltr' id='par_1_92' title="bbox 2207 4467 3789 4549">
     <span class='ocr_line' id='line_1_92' title="bbox 2207 4467 3789 4549; baseline 0.004 -27"><span class='ocrx_word' id='word_1_737' title='bbox 2207 4467 2506 4543; x_wconf 68' lang='lat' dir='ltr'><strong><em>ringentem.</em></strong></span> <span class='ocrx_word' id='word_1_738' title='bbox 2544 4472 2705 4536; x_wconf 85' lang='lat' dir='ltr'><strong><em>Quasi</em></strong></span> <span class='ocrx_word' id='word_1_739' title='bbox 2723 4472 2922 4528; x_wconf 89' lang='lat' dir='ltr'><strong><em>animal</em></strong></span> <span class='ocrx_word' id='word_1_740' title='bbox 2948 4474 3003 4528; x_wconf 89' lang='lat' dir='ltr'><strong><em>in</em></strong></span> <span class='ocrx_word' id='word_1_741' title='bbox 3031 4472 3195 4547; x_wconf 63' lang='grc'><strong><em>754</em></strong></span> <span class='ocrx_word' id='word_1_742' title='bbox 3232 4490 3413 4549; x_wconf 85' lang='lat' dir='ltr'><strong><em>campo</em></strong></span> <span class='ocrx_word' id='word_1_743' title='bbox 3444 4476 3789 4543; x_wconf 84' lang='lat' dir='ltr'><strong><em>descendens,</em></strong></span> 
     </span>
    </p>
   </div>
   <div class='ocr_carea' id='block_1_93' title="bbox 487 4530 3789 4638">
    <p class='ocr_par' dir='ltr' id='par_1_93' title="bbox 487 4530 3789 4638">
     <span class='ocr_line' id='line_1_93' title="bbox 487 4530 3789 4638; baseline 0.001 -21"><span class='ocrx_word' id='word_1_744' title='bbox 487 4542 720 4618; x_wconf 85' lang='lat' dir='ltr'><strong><em>salutem</em></strong></span> <span class='ocrx_word' id='word_1_745' title='bbox 751 4576 764 4613; x_wconf 91' lang='lat'><strong>:</strong></span> <span class='ocrx_word' id='word_1_746' title='bbox 796 4530 901 4611; x_wconf 77' lang='lat' dir='ltr'><strong><em>non</em></strong></span> <span class='ocrx_word' id='word_1_747' title='bbox 926 4570 1154 4626; x_wconf 83' lang='lat' dir='ltr'><strong><em>aperutn</em></strong></span> <span class='ocrx_word' id='word_1_748' title='bbox 1190 4554 1411 4619; x_wconf 89' lang='lat' dir='ltr'><strong><em>merito,</em></strong></span> <span class='ocrx_word' id='word_1_749' title='bbox 1444 4552 1541 4608; x_wconf 75' lang='lat' dir='ltr'><strong><em>sed</em></strong></span> <span class='ocrx_word' id='word_1_750' title='bbox 1563 4552 1832 4607; x_wconf 79' lang='lat' dir='ltr'><strong><em>chztritate</em></strong></span> <span class='ocrx_word' id='word_1_751' title='bbox 1866 4550 2089 4607; x_wconf 78' lang='lat' dir='ltr'><strong><em>Dei-Sic</em></strong></span> <span class='ocrx_word' id='word_1_752' title='bbox 2115 4530 2169 4592; x_wconf 69' lang='grc' dir='ltr'><strong>Β</strong></span> <span class='ocrx_word' id='word_1_753' title='bbox 2194 4530 2426 4628; x_wconf 74' lang='lat' dir='ltr'><strong><em>Spiritus</em></strong></span> <span class='ocrx_word' id='word_1_754' title='bbox 2450 4530 2658 4616; x_wconf 65' lang='lat' dir='ltr'><strong><em>Domini</em></strong></span> <span class='ocrx_word' id='word_1_755' title='bbox 2684 4565 2866 4618; x_wconf 88' lang='lat' dir='ltr'><strong><em>ductor</em></strong></span> <span class='ocrx_word' id='word_1_756' title='bbox 2899 4566 3012 4637; x_wconf 86' lang='lat' dir='ltr'><strong><em>ejus</em></strong></span> <span class='ocrx_word' id='word_1_757' title='bbox 3223 4567 3298 4621; x_wconf 88' lang='lat' dir='ltr'><strong><em>sic</em></strong></span> <span class='ocrx_word' id='word_1_758' title='bbox 3324 4530 3597 4622; x_wconf 70' lang='lat' dir='ltr'><strong><em>tidduansti</em></strong></span> <span class='ocrx_word' id='word_1_759' title='bbox 3622 4530 3789 4638; x_wconf 60' lang='lat' dir='ltr'><strong><em>popa:</em></strong></span> 
     </span>
    </p>
   </div>
   <div class='ocr_carea' id='block_1_94' title="bbox 490 4644 2087 4715">
    <p class='ocr_par' dir='ltr' id='par_1_94' title="bbox 490 4644 2087 4715">
     <span class='ocr_line' id='line_1_94' title="bbox 490 4644 2087 4715; baseline -0.008 -4"><span class='ocrx_word' id='word_1_760' title='bbox 490 4653 637 4711; x_wconf 81' lang='lat' dir='ltr'><strong><em>enim</em></strong></span> <span class='ocrx_word' id='word_1_761' title='bbox 667 4652 858 4708; x_wconf 75' lang='lat' dir='ltr'><strong><em>dilexit</em></strong></span> <span class='ocrx_word' id='word_1_762' title='bbox 890 4652 1032 4706; x_wconf 81' lang='lat' dir='ltr'><strong><em>Dens</em></strong></span> <span class='ocrx_word' id='word_1_763' title='bbox 1061 4647 1345 4712; x_wconf 88' lang='lat' dir='ltr'><strong><em>mundum,</em></strong></span> <span class='ocrx_word' id='word_1_764' title='bbox 1387 4657 1444 4700; x_wconf 84' lang='grc' dir='ltr'><strong><em>ιιι</em></strong></span> <span class='ocrx_word' id='word_1_765' title='bbox 1473 4645 1665 4700; x_wconf 87' lang='lat' dir='ltr'><strong><em>F&#39;tlittm</em></strong></span> <span class='ocrx_word' id='word_1_766' title='bbox 1719 4661 1878 4700; x_wconf 85' lang='lat' dir='ltr'><strong><em>suum</em></strong></span> <span class='ocrx_word' id='word_1_767' title='bbox 1902 4644 2087 4715; x_wconf 83' lang='lat' dir='ltr'><strong><em>unige—</em></strong></span> 
     </span>
    </p>
   </div>
   <div class='ocr_carea' id='block_1_95' title="bbox 498 4736 2091 4807">
    <p class='ocr_par' dir='ltr' id='par_1_95' title="bbox 498 4736 2091 4807">
     <span class='ocr_line' id='line_1_95' title="bbox 498 4736 2091 4807; baseline -0.006 -7"><span class='ocrx_word' id='word_1_768' title='bbox 498 4748 670 4800; x_wconf 89' lang='lat' dir='ltr'><strong><em>nitum</em></strong></span> <span class='ocrx_word' id='word_1_769' title='bbox 697 4744 880 4805; x_wconf 86' lang='lat' dir='ltr'><strong><em>daret,</em></strong></span> <span class='ocrx_word' id='word_1_770' title='bbox 927 4750 987 4795; x_wconf 84' lang='grc' dir='ltr'><strong><em>ιιι</em></strong></span> <span class='ocrx_word' id='word_1_771' title='bbox 1016 4740 1199 4795; x_wconf 88' lang='lat' dir='ltr'><strong><em>omnis</em></strong></span> <span class='ocrx_word' id='word_1_772' title='bbox 1248 4742 1342 4803; x_wconf 89' lang='lat' dir='ltr'><strong><em>qui</em></strong></span> <span class='ocrx_word' id='word_1_773' title='bbox 1390 4736 1567 4792; x_wconf 83' lang='lat' dir='ltr'><strong><em>credit</em></strong></span> <span class='ocrx_word' id='word_1_774' title='bbox 1601 4738 1653 4790; x_wconf 93' lang='lat' dir='ltr'><strong><em>in</em></strong></span> <span class='ocrx_word' id='word_1_775' title='bbox 1686 4751 1832 4801; x_wconf 88' lang='lat' dir='ltr'><strong><em>eum,</em></strong></span> <span class='ocrx_word' id='word_1_776' title='bbox 1861 4752 1966 4793; x_wconf 90' lang='lat' dir='ltr'><strong><em>non</em></strong></span> <span class='ocrx_word' id='word_1_777' title='bbox 2002 4752 2091 4807; x_wconf 86' lang='lat' dir='ltr'><strong><em>pe-</em></strong></span> 
     </span>
    </p>
   </div>
   <div class='ocr_carea' id='block_1_96' title="bbox 491 4826 2089 4898">
    <p class='ocr_par' dir='ltr' id='par_1_96' title="bbox 491 4826 2089 4898">
     <span class='ocr_line' id='line_1_96' title="bbox 491 4826 2089 4898; baseline -0.005 -6"><span class='ocrx_word' id='word_1_778' title='bbox 491 4843 632 4898; x_wconf 85' lang='lat' dir='ltr'><strong><em>reat,</em></strong></span> <span class='ocrx_word' id='word_1_779' title='bbox 647 4835 741 4888; x_wconf 79' lang='lat' dir='ltr'><strong><em>sed</em></strong></span> <span class='ocrx_word' id='word_1_780' title='bbox 772 4826 967 4889; x_wconf 81' lang='lat' dir='ltr'><strong><em>habeat</em></strong></span> <span class='ocrx_word' id='word_1_781' title='bbox 988 4832 1153 4887; x_wconf 76' lang='lat' dir='ltr'><strong><em>vitam</em></strong></span> <span class='ocrx_word' id='word_1_782' title='bbox 1168 4840 1455 4886; x_wconf 73' lang='lat' dir='ltr'><strong><em>mternam.</em></strong></span> <span class='ocrx_word' id='word_1_783' title='bbox 1476 4827 1631 4897; x_wconf 87' lang='lat' dir='ltr'><strong><em>Quod</em></strong></span> <span class='ocrx_word' id='word_1_784' title='bbox 1652 4827 1699 4882; x_wconf 87' lang='lat' dir='ltr'><strong><em>si</em></strong></span> <span class='ocrx_word' id='word_1_785' title='bbox 1730 4829 1969 4897; x_wconf 87' lang='lat' dir='ltr'><strong><em>prudens</em></strong></span> <span class='ocrx_word' id='word_1_786' title='bbox 1988 4829 2089 4884; x_wconf 85' lang='lat' dir='ltr'><strong><em>lec-</em></strong></span> 
     </span>
    </p>
   </div>
   <div class='ocr_carea' id='block_1_97' title="bbox 493 4920 2087 4994">
    <p class='ocr_par' dir='ltr' id='par_1_97' title="bbox 493 4920 2087 4994">
     <span class='ocr_line' id='line_1_97' title="bbox 493 4920 2087 4994; baseline -0.005 -11"><span class='ocrx_word' id='word_1_787' title='bbox 493 4935 581 4983; x_wconf 90' lang='lat' dir='ltr'><strong><em>tor</em></strong></span> <span class='ocrx_word' id='word_1_788' title='bbox 608 4927 768 4980; x_wconf 88' lang='lat' dir='ltr'><strong><em>tacita</em></strong></span> <span class='ocrx_word' id='word_1_789' title='bbox 794 4925 1123 4993; x_wconf 76' lang='lat' dir='ltr'><strong><em>cogitatione</em></strong></span> <span class='ocrx_word' id='word_1_790' title='bbox 1148 4922 1528 4993; x_wconf 87' lang='lat' dir='ltr'><strong><em>responderit;</em></strong></span> <span class='ocrx_word' id='word_1_791' title='bbox 1559 4936 1729 4989; x_wconf 83' lang='lat' dir='ltr'><strong><em>quare</em></strong></span> <span class='ocrx_word' id='word_1_792' title='bbox 1759 4921 1911 4976; x_wconf 89' lang='lat' dir='ltr'><strong><em>multi</em></strong></span> <span class='ocrx_word' id='word_1_793' title='bbox 1924 4920 2087 4994; x_wconf 76' lang='lat'><strong>753</strong></span> 
     </span>
    </p>
   </div>
   <div class='ocr_carea' id='block_1_98' title="bbox 494 5013 2088 5097">
    <p class='ocr_par' dir='ltr' id='par_1_98' title="bbox 494 5013 2088 5097">
     <span class='ocr_line' id='line_1_98' title="bbox 494 5013 2088 5097; baseline -0.004 -19"><span class='ocrx_word' id='word_1_794' title='bbox 494 5035 606 5078; x_wconf 89' lang='lat' dir='ltr'><strong><em>non</em></strong></span> <span class='ocrx_word' id='word_1_795' title='bbox 634 5031 763 5074; x_wconf 87' lang='lat' dir='ltr'><strong><em>sunt</em></strong></span> <span class='ocrx_word' id='word_1_796' title='bbox 782 5017 1000 5085; x_wconf 87' lang='lat' dir='ltr'><strong><em>salvati,</em></strong></span> <span class='ocrx_word' id='word_1_797' title='bbox 1030 5018 1075 5072; x_wconf 90' lang='lat' dir='ltr'><strong><em>si</em></strong></span> <span class='ocrx_word' id='word_1_798' title='bbox 1109 5017 1227 5090; x_wconf 90' lang='lat' dir='ltr'><strong><em>ipse</em></strong></span> <span class='ocrx_word' id='word_1_799' title='bbox 1257 5016 1489 5073; x_wconf 86' lang='lat' dir='ltr'><strong><em>salvavit</em></strong></span> <span class='ocrx_word' id='word_1_800' title='bbox 1516 5029 1613 5071; x_wconf 89' lang='lat' dir='ltr'><strong><em>eos</em></strong></span> <span class='ocrx_word' id='word_1_801' title='bbox 1636 5055 1654 5083; x_wconf 89' lang='lat'><strong><em>,</em></strong></span> <span class='ocrx_word' id='word_1_802' title='bbox 1683 5022 1739 5070; x_wconf 92' lang='lat' dir='ltr'><strong><em>et</em></strong></span> <span class='ocrx_word' id='word_1_803' title='bbox 1762 5013 1961 5097; x_wconf 74' lang='lat' dir='ltr'><strong><em>dilexit</em></strong></span> <span class='ocrx_word' id='word_1_804' title='bbox 1984 5056 2000 5082; x_wconf 91' lang='lat'><strong><em>,</em></strong></span> <span class='ocrx_word' id='word_1_805' title='bbox 2032 5027 2088 5072; x_wconf 87' lang='lat' dir='ltr'><strong><em>et.</em></strong></span> 
     </span>
    </p>
   </div>
   <div class='ocr_carea' id='block_1_99' title="bbox 563 5213 2083 5299">
    <p class='ocr_par' dir='ltr' id='par_1_99' title="bbox 563 5213 2083 5299">
     <span class='ocr_line' id='line_1_99' title="bbox 563 5213 2083 5299; baseline -0.004 -24"><span class='ocrx_word' id='word_1_806' title='bbox 563 5232 589 5261; x_wconf 77' lang='grc' dir='ltr'>ι</span> <span class='ocrx_word' id='word_1_807' title='bbox 630 5218 728 5289; x_wconf 83' lang='grc' dir='ltr'><strong><em>ιο,</em></strong></span> <span class='ocrx_word' id='word_1_808' title='bbox 752 5226 799 5274; x_wconf 87' lang='lat' dir='ltr'><strong><em>et</em></strong></span> <span class='ocrx_word' id='word_1_809' title='bbox 822 5226 897 5272; x_wconf 89' lang='lat' dir='ltr'><strong><em>est</em></strong></span> <span class='ocrx_word' id='word_1_810' title='bbox 916 5213 1304 5299; x_wconf 75' lang='lat' dir='ltr'><strong><em>negautis,_etc.</em></strong></span> <span class='ocrx_word' id='word_1_811' title='bbox 1325 5215 1429 5299; x_wconf 76' lang='lat' dir='ltr'><strong><em>Pro</em></strong></span> <span class='ocrx_word' id='word_1_812' title='bbox 1448 5216 1561 5270; x_wconf 84' lang='lat' dir='ltr'><strong><em>sola</em></strong></span> <span class='ocrx_word' id='word_1_813' title='bbox 1580 5215 1679 5270; x_wconf 88' lang='lat' dir='ltr'><strong><em>hac</em></strong></span> <span class='ocrx_word' id='word_1_814' title='bbox 1700 5214 1963 5283; x_wconf 83' lang='lat' dir='ltr'><strong><em>particula</em></strong></span> <span class='ocrx_word' id='word_1_815' title='bbox 1987 5230 2083 5299; x_wconf 75' lang='lat' dir='ltr'><strong><em>ne-</em></strong></span> 
     </span>
    </p>
   </div>
   <div class='ocr_carea' id='block_1_100' title="bbox 487 5286 2084 5372">
    <p class='ocr_par' dir='ltr' id='par_1_100' title="bbox 487 5286 2084 5372">
     <span class='ocr_line' id='line_1_100' title="bbox 487 5286 2084 5372; baseline 0.001 -32"><span class='ocrx_word' id='word_1_816' title='bbox 487 5296 665 5370; x_wconf 65' lang='lat' dir='ltr'><strong><em>garim</em></strong></span> <span class='ocrx_word' id='word_1_817' title='bbox 695 5286 1023 5372; x_wconf 35' lang='lat' dir='ltr'><strong><em>poscit-res</em></strong></span> <span class='ocrx_word' id='word_1_818' title='bbox 1062 5286 1334 5342; x_wconf 87' lang='lat' dir='ltr'><strong><em>etlttiones</em></strong></span> <span class='ocrx_word' id='word_1_819' title='bbox 1374 5288 1644 5372; x_wconf 79' lang='lat' dir='ltr'><strong><em>integrum</em></strong></span> <span class='ocrx_word' id='word_1_820' title='bbox 1673 5299 1885 5372; x_wconf 75' lang='lat' dir='ltr'><strong><em>ponunt</em></strong></span> <span class='ocrx_word' id='word_1_821' title='bbox 1912 5286 2084 5372; x_wconf 76' lang='lat' dir='ltr'><strong><em>versi-</em></strong></span> 
     </span>
    </p>
   </div>
   <div class='ocr_carea' id='block_1_101' title="bbox 488 5360 2080 5431">
    <p class='ocr_par' dir='ltr' id='par_1_101' title="bbox 488 5360 2080 5431">
     <span class='ocr_line' id='line_1_101' title="bbox 488 5360 2080 5431; baseline -0.007 -7"><span class='ocrx_word' id='word_1_822' title='bbox 488 5360 670 5424; x_wconf 66' lang='lat' dir='ltr'><strong><em>culum</em></strong></span> <span class='ocrx_word' id='word_1_823' title='bbox 695 5363 1056 5429; x_wconf 83' lang='lat' dir='ltr'><strong><em>Hebraicutn;</em></strong></span> <span class='ocrx_word' id='word_1_824' title='bbox 1083 5373 1150 5415; x_wconf 89' lang='lat' dir='ltr'><strong><em>ac</em></strong></span> <span class='ocrx_word' id='word_1_825' title='bbox 1172 5369 1573 5431; x_wconf 72' lang='lat' dir='ltr'><strong><em>coitsequentt-r</em></strong></span> <span class='ocrx_word' id='word_1_826' title='bbox 1595 5361 1888 5414; x_wconf 87' lang='lat' dir='ltr'><strong><em>olnrndnnt</em></strong></span> <span class='ocrx_word' id='word_1_827' title='bbox 1921 5360 2080 5414; x_wconf 81' lang='lat' dir='ltr'><strong><em>altam</em></strong></span> 
     </span>
    </p>
   </div>
   <div class='ocr_carea' id='block_1_102' title="bbox 487 5453 2088 5525">
    <p class='ocr_par' dir='ltr' id='par_1_102' title="bbox 487 5453 2088 5525">
     <span class='ocr_line' id='line_1_102' title="bbox 487 5453 2088 5525; baseline -0.007 -8"><span class='ocrx_word' id='word_1_828' title='bbox 487 5475 676 5517; x_wconf 75' lang='lat' dir='ltr'><strong><em>Vnt&#39;ettl</em></strong></span> <span class='ocrx_word' id='word_1_829' title='bbox 704 5467 762 5520; x_wconf 71' lang='grc' dir='ltr'><strong><em>π</em></strong></span> <span class='ocrx_word' id='word_1_830' title='bbox 789 5458 944 5525; x_wconf 83' lang='lat' dir='ltr'><strong><em>cujus</em></strong></span> <span class='ocrx_word' id='word_1_831' title='bbox 979 5456 1184 5511; x_wconf 89' lang='lat' dir='ltr'><strong><em>nullum</em></strong></span> <span class='ocrx_word' id='word_1_832' title='bbox 1214 5464 1385 5510; x_wconf 59' lang='lat' dir='ltr'><strong><em>essent</em></strong></span> <span class='ocrx_word' id='word_1_833' title='bbox 1420 5453 1707 5523; x_wconf 75' lang='lat' dir='ltr'><strong><em>vestigium</em></strong></span> <span class='ocrx_word' id='word_1_834' title='bbox 1742 5455 1794 5509; x_wconf 91' lang='lat' dir='ltr'><strong><em>in</em></strong></span> <span class='ocrx_word' id='word_1_835' title='bbox 1828 5466 2088 5525; x_wconf 80' lang='lat' dir='ltr'><strong><em>mss.__co-</em></strong></span> 
     </span>
    </p>
   </div>
   <div class='ocr_carea' id='block_1_103' title="bbox 488 5523 2088 5599">
    <p class='ocr_par' dir='ltr' id='par_1_103' title="bbox 488 5523 2088 5599">
     <span class='ocr_line' id='line_1_103' title="bbox 488 5523 2088 5599; baseline -0.007 -9"><span class='ocrx_word' id='word_1_836' title='bbox 488 5533 734 5599; x_wconf 63' lang='lat' dir='ltr'><strong><em>diC-lbll‘,</em></strong></span> <span class='ocrx_word' id='word_1_837' title='bbox 759 5523 991 5599; x_wconf 61' lang='lat' dir='ltr'><strong><em>quasque</em></strong></span> <span class='ocrx_word' id='word_1_838' title='bbox 1028 5528 1196 5581; x_wconf 82' lang='lat' dir='ltr'><strong><em>ol&#39;llcit</em></strong></span> <span class='ocrx_word' id='word_1_839' title='bbox 1220 5526 1600 5599; x_wconf 72' lang='lat' dir='ltr'><strong><em>intelligentiae</em></strong></span> <span class='ocrx_word' id='word_1_840' title='bbox 1629 5526 1925 5599; x_wconf 76' lang='lat' dir='ltr'><strong><em>verborum</em></strong></span> <span class='ocrx_word' id='word_1_841' title='bbox 1949 5523 2088 5599; x_wconf 47' lang='lat' dir='ltr'><strong><em>lite-</em></strong></span> 
     </span>
    </p>
   </div>
   <div class='ocr_carea' id='block_1_104' title="bbox 487 5595 2087 5674">
    <p class='ocr_par' dir='ltr' id='par_1_104' title="bbox 487 5595 2087 5674">
     <span class='ocr_line' id='line_1_104' title="bbox 487 5595 2087 5674; baseline -0.006 -15"><span class='ocrx_word' id='word_1_842' title='bbox 487 5595 729 5674; x_wconf 59' lang='lat' dir='ltr'><strong><em>rtmytni.</em></strong></span> <span class='ocrx_word' id='word_1_843' title='bbox 754 5595 816 5674; x_wconf 76' lang='lat' dir='ltr'><strong><em>ut</em></strong></span> <span class='ocrx_word' id='word_1_844' title='bbox 861 5595 1116 5671; x_wconf 84' lang='lat' dir='ltr'><strong><em>prudenti</em></strong></span> <span class='ocrx_word' id='word_1_845' title='bbox 1144 5595 1723 5674; x_wconf 67' lang='lat' dir='ltr'><strong><em>tLritiConianileSIutu</em></strong></span> <span class='ocrx_word' id='word_1_846' title='bbox 1755 5595 1881 5659; x_wconf 84' lang='lat' dir='ltr'><strong><em>erit,</em></strong></span> <span class='ocrx_word' id='word_1_847' title='bbox 1900 5597 1960 5674; x_wconf 85' lang='lat' dir='ltr'><strong><em>_si</em></strong></span> <span class='ocrx_word' id='word_1_848' title='bbox 2004 5603 2087 5674; x_wconf 75' lang='lat' dir='ltr'><strong><em>at-</em></strong></span> 
     </span>
    </p>
   </div>
   <div class='ocr_carea' id='block_1_105' title="bbox 488 5666 2084 5727">
    <p class='ocr_par' dir='ltr' id='par_1_105' title="bbox 488 5666 2084 5727">
     <span class='ocr_line' id='line_1_105' title="bbox 488 5666 2084 5727; baseline -0.003 0"><span class='ocrx_word' id='word_1_849' title='bbox 488 5666 639 5727; x_wconf 77' lang='lat' dir='ltr'><strong><em>tent&#39;e</em></strong></span> <span class='ocrx_word' id='word_1_850' title='bbox 657 5666 953 5726; x_wconf 77' lang='lat' dir='ltr'><strong><em>editionem</em></strong></span> <span class='ocrx_word' id='word_1_851' title='bbox 970 5685 1164 5725; x_wconf 87' lang='lat' dir='ltr'><strong><em>novam</em></strong></span> <span class='ocrx_word' id='word_1_852' title='bbox 1187 5683 1309 5723; x_wconf 87' lang='lat' dir='ltr'><strong><em>cum</em></strong></span> <span class='ocrx_word' id='word_1_853' title='bbox 1329 5670 1454 5723; x_wconf 88' lang='lat' dir='ltr'><strong><em>aliis</em></strong></span> <span class='ocrx_word' id='word_1_854' title='bbox 1477 5667 1811 5724; x_wconf 86' lang='lat' dir='ltr'><strong><em>contendere</em></strong></span> <span class='ocrx_word' id='word_1_855' title='bbox 1828 5666 2084 5722; x_wconf 81' lang='lat' dir='ltr'><strong><em>valuerit.</em></strong></span> 
     </span>
    </p>
   </div>
   <div class='ocr_carea' id='block_1_106' title="bbox 487 5738 2080 5810">
    <p class='ocr_par' dir='ltr' id='par_1_106' title="bbox 487 5738 2080 5810">
     <span class='ocr_line' id='line_1_106' title="bbox 487 5738 2080 5810; baseline -0.003 -13"><span class='ocrx_word' id='word_1_856' title='bbox 487 5740 774 5810; x_wconf 83' lang='lat' dir='ltr'><strong><em>Quomodo</em></strong></span> <span class='ocrx_word' id='word_1_857' title='bbox 802 5750 988 5796; x_wconf 88' lang='lat' dir='ltr'><strong><em>autem</em></strong></span> <span class='ocrx_word' id='word_1_858' title='bbox 1015 5740 1295 5797; x_wconf 68' lang='lat' dir='ltr'><strong><em>constrario</em></strong></span> <span class='ocrx_word' id='word_1_859' title='bbox 1322 5754 1491 5796; x_wconf 84' lang='lat' dir='ltr'><strong><em>sensu</em></strong></span> <span class='ocrx_word' id='word_1_860' title='bbox 1533 5739 1642 5808; x_wconf 77' lang='lat' dir='ltr'><strong><em>legi</em></strong></span> <span class='ocrx_word' id='word_1_861' title='bbox 1671 5738 1844 5808; x_wconf 84' lang='lat' dir='ltr'><strong><em>possit</em></strong></span> <span class='ocrx_word' id='word_1_862' title='bbox 1869 5738 1980 5809; x_wconf 85' lang='lat' dir='ltr'><strong><em>ipse</em></strong></span> <span class='ocrx_word' id='word_1_863' title='bbox 2005 5747 2080 5793; x_wconf 86' lang='lat' dir='ltr'><strong><em>est</em></strong></span> 
     </span>
    </p>
   </div>
   <div class='ocr_carea' id='block_1_107' title="bbox 2194 4649 3790 4730">
    <p class='ocr_par' dir='ltr' id='par_1_107' title="bbox 2194 4649 3790 4730">
     <span class='ocr_line' id='line_1_107' title="bbox 2194 4649 3790 4730; baseline 0.006 -26"><span class='ocrx_word' id='word_1_864' title='bbox 2194 4649 2304 4705; x_wconf 89' lang='lat' dir='ltr'><strong><em>lum</em></strong></span> <span class='ocrx_word' id='word_1_865' title='bbox 2343 4661 2509 4718; x_wconf 87' lang='lat' dir='ltr'><strong><em>tuum,</em></strong></span> <span class='ocrx_word' id='word_1_866' title='bbox 2535 4662 2589 4706; x_wconf 89' lang='lat' dir='ltr'><strong><em>ut</em></strong></span> <span class='ocrx_word' id='word_1_867' title='bbox 2614 4657 2809 4724; x_wconf 80' lang='lat' dir='ltr'><strong><em>faceres</em></strong></span> <span class='ocrx_word' id='word_1_868' title='bbox 2831 4656 2924 4711; x_wconf 87' lang='lat' dir='ltr'><strong><em>tibi</em></strong></span> <span class='ocrx_word' id='word_1_869' title='bbox 2950 4674 3132 4713; x_wconf 91' lang='lat' dir='ltr'><strong><em>nomen</em></strong></span> <span class='ocrx_word' id='word_1_870' title='bbox 3158 4659 3355 4730; x_wconf 68' lang='lat' dir='ltr'><strong><em>gloria.</em></strong></span> <span class='ocrx_word' id='word_1_871' title='bbox 3385 4658 3535 4715; x_wconf 76' lang='lat' dir='ltr'><strong><em>LXX</em></strong></span> <span class='ocrx_word' id='word_1_872' title='bbox 3568 4679 3583 4713; x_wconf 94' lang='lat'><strong>:</strong></span> <span class='ocrx_word' id='word_1_873' title='bbox 3618 4657 3687 4715; x_wconf 85' lang='lat' dir='ltr'><strong><em>Et</em></strong></span> <span class='ocrx_word' id='word_1_874' title='bbox 3715 4675 3790 4714; x_wconf 85' lang='lat' dir='ltr'><strong><em>re-</em></strong></span> 
     </span>
    </p>
   </div>
   <div class='ocr_carea' id='block_1_108' title="bbox 2191 4744 3786 4825">
    <p class='ocr_par' dir='ltr' id='par_1_108' title="bbox 2191 4744 3786 4825">
     <span class='ocr_line' id='line_1_108' title="bbox 2191 4744 3786 4825; baseline 0.006 -28"><span class='ocrx_word' id='word_1_875' title='bbox 2191 4744 2436 4800; x_wconf 85' lang='lat' dir='ltr'><strong><em>cordatus</em></strong></span> <span class='ocrx_word' id='word_1_876' title='bbox 2463 4755 2538 4801; x_wconf 86' lang='lat' dir='ltr'><strong><em>est</em></strong></span> <span class='ocrx_word' id='word_1_877' title='bbox 2572 4746 2774 4803; x_wconf 89' lang='lat' dir='ltr'><strong><em>dierum</em></strong></span> <span class='ocrx_word' id='word_1_878' title='bbox 2825 4752 3156 4825; x_wconf 87' lang='lat' dir='ltr'><strong><em>antiquorum</em></strong></span> <span class='ocrx_word' id='word_1_879' title='bbox 3195 4754 3283 4822; x_wconf 84' lang='lat' dir='ltr'><strong><em>qui</em></strong></span> <span class='ocrx_word' id='word_1_880' title='bbox 3319 4753 3501 4809; x_wconf 68' lang='lat' dir='ltr'><strong><em>eduxit</em></strong></span> <span class='ocrx_word' id='word_1_881' title='bbox 3541 4753 3613 4808; x_wconf 87' lang='lat' dir='ltr'><strong><em>de</em></strong></span> <span class='ocrx_word' id='word_1_882' title='bbox 3651 4763 3786 4809; x_wconf 85' lang='lat' dir='ltr'><strong><em>terra</em></strong></span> 
     </span>
    </p>
   </div>
   <div class='ocr_carea' id='block_1_109' title="bbox 2190 4841 3785 4920">
    <p class='ocr_par' dir='ltr' id='par_1_109' title="bbox 2190 4841 3785 4920">
     <span class='ocr_line' id='line_1_109' title="bbox 2190 4841 3785 4920; baseline 0.006 -29"><span class='ocrx_word' id='word_1_883' title='bbox 2190 4848 2450 4909; x_wconf 88' lang='lat' dir='ltr'><strong><em>pastorem</em></strong></span> <span class='ocrx_word' id='word_1_884' title='bbox 2488 4844 2681 4896; x_wconf 80' lang='lat' dir='ltr'><strong><em>ovium.</em></strong></span> <span class='ocrx_word' id='word_1_885' title='bbox 2732 4841 2834 4900; x_wconf 88' lang='lat' dir='ltr'><strong><em>Ubi</em></strong></span> <span class='ocrx_word' id='word_1_886' title='bbox 2875 4854 2949 4900; x_wconf 81' lang='lat' dir='ltr'><strong><em>est</em></strong></span> <span class='ocrx_word' id='word_1_887' title='bbox 2992 4847 3081 4917; x_wconf 86' lang='lat' dir='ltr'><strong><em>qui</em></strong></span> <span class='ocrx_word' id='word_1_888' title='bbox 3120 4847 3293 4918; x_wconf 84' lang='lat' dir='ltr'><strong><em>posuit</em></strong></span> <span class='ocrx_word' id='word_1_889' title='bbox 3328 4848 3382 4902; x_wconf 87' lang='lat' dir='ltr'><strong><em>in</em></strong></span> <span class='ocrx_word' id='word_1_890' title='bbox 3427 4847 3503 4902; x_wconf 85' lang='lat' dir='ltr'><strong><em>eis</em></strong></span> <span class='ocrx_word' id='word_1_891' title='bbox 3530 4846 3785 4920; x_wconf 81' lang='lat' dir='ltr'><strong><em>Spiritum</em></strong></span> 
     </span>
    </p>
   </div>
   <div class='ocr_carea' id='block_1_110' title="bbox 2189 4928 3783 5011">
    <p class='ocr_par' dir='ltr' id='par_1_110' title="bbox 2189 4928 3783 5011">
     <span class='ocr_line' id='line_1_110' title="bbox 2189 4928 3783 5011; baseline 0.006 -30"><span class='ocrx_word' id='word_1_892' title='bbox 2189 4928 2468 4983; x_wconf 86' lang='lat' dir='ltr'><strong><em>sanctum?</em></strong></span> <span class='ocrx_word' id='word_1_893' title='bbox 2494 4933 2581 5001; x_wconf 88' lang='lat' dir='ltr'><strong><em>qui</em></strong></span> <span class='ocrx_word' id='word_1_894' title='bbox 2612 4933 2790 4987; x_wconf 68' lang='lat' dir='ltr'><strong><em>eduxit</em></strong></span> <span class='ocrx_word' id='word_1_895' title='bbox 2813 4933 3025 4990; x_wconf 70' lang='lat' dir='ltr'><strong><em>dextera</em></strong></span> <span class='ocrx_word' id='word_1_896' title='bbox 3050 4936 3266 5008; x_wconf 69' lang='lat' dir='ltr'><strong><em>Moysen</em></strong></span> <span class='ocrx_word' id='word_1_897' title='bbox 3298 4936 3571 4991; x_wconf 81' lang='lat' dir='ltr'><strong><em>brachium</em></strong></span> <span class='ocrx_word' id='word_1_898' title='bbox 3605 4935 3783 5011; x_wconf 66' lang='lat' dir='ltr'><strong><em>gloria</em></strong></span> 
     </span>
    </p>
   </div>
   <div class='ocr_carea' id='block_1_111' title="bbox 2187 5020 3780 5106">
    <p class='ocr_par' dir='ltr' id='par_1_111' title="bbox 2187 5020 3780 5106">
     <span class='ocr_line' id='line_1_111' title="bbox 2187 5020 3780 5106; baseline 0.006 -32"><span class='ocrx_word' id='word_1_899' title='bbox 2187 5036 2314 5077; x_wconf 66' lang='lat' dir='ltr'><strong><em>suae.</em></strong></span> <span class='ocrx_word' id='word_1_900' title='bbox 2348 5020 2439 5078; x_wconf 89' lang='lat' dir='ltr'><strong><em>Sic</em></strong></span> <span class='ocrx_word' id='word_1_901' title='bbox 2468 5023 2650 5081; x_wconf 77' lang='lat' dir='ltr'><strong><em>eduxit</em></strong></span> <span class='ocrx_word' id='word_1_902' title='bbox 2675 5030 2922 5100; x_wconf 84' lang='lat' dir='ltr'><strong><em>papulum</em></strong></span> <span class='ocrx_word' id='word_1_903' title='bbox 2960 5047 3112 5086; x_wconf 90' lang='lat' dir='ltr'><strong><em>suum</em></strong></span> <span class='ocrx_word' id='word_1_904' title='bbox 3142 5049 3231 5103; x_wconf 87' lang='lat' dir='ltr'><strong><em>per</em></strong></span> <span class='ocrx_word' id='word_1_905' title='bbox 3258 5029 3486 5088; x_wconf 76' lang='lat' dir='ltr'><strong><em>validam</em></strong></span> <span class='ocrx_word' id='word_1_906' title='bbox 3514 5046 3703 5106; x_wconf 83' lang='lat' dir='ltr'><strong><em>aquam</em></strong></span> <span class='ocrx_word' id='word_1_907' title='bbox 3730 5031 3780 5085; x_wconf 80' lang='lat' dir='ltr'><strong><em>in</em></strong></span> 
     </span>
    </p>
   </div>
   <div class='ocr_carea' id='block_1_112' title="bbox 2189 5219 3770 5308">
    <p class='ocr_par' dir='ltr' id='par_1_112' title="bbox 2189 5219 3770 5308">
     <span class='ocr_line' id='line_1_112' title="bbox 2189 5219 3770 5308; baseline 0.016 -33"><span class='ocrx_word' id='word_1_908' title='bbox 2189 5219 2482 5295; x_wconf 84' lang='lat' dir='ltr'><strong><em>lribulotus,</em></strong></span> <span class='ocrx_word' id='word_1_909' title='bbox 2509 5223 2682 5284; x_wconf 75' lang='lat' dir='ltr'><strong><em>facilis</em></strong></span> <span class='ocrx_word' id='word_1_910' title='bbox 2698 5237 2781 5285; x_wconf 89' lang='lat' dir='ltr'><strong><em>est</em></strong></span> <span class='ocrx_word' id='word_1_911' title='bbox 2802 5245 2870 5287; x_wconf 83' lang='lat' dir='ltr'><strong><em>ex</em></strong></span> <span class='ocrx_word' id='word_1_912' title='bbox 2894 5232 3162 5292; x_wconf 83' lang='lat' dir='ltr'><strong><em>Hebraico</em></strong></span> <span class='ocrx_word' id='word_1_913' title='bbox 3186 5247 3446 5296; x_wconf 79' lang='lat' dir='ltr'><strong><em>contextu</em></strong></span> <span class='ocrx_word' id='word_1_914' title='bbox 3472 5241 3770 5308; x_wconf 72' lang='lat' dir='ltr'><strong><em>responsio,</em></strong></span> 
     </span>
    </p>
   </div>
   <div class='ocr_carea' id='block_1_113' title="bbox 2189 5309 3768 5405">
    <p class='ocr_par' dir='ltr' id='par_1_113' title="bbox 2189 5309 3768 5405">
     <span class='ocr_line' id='line_1_113' title="bbox 2189 5309 3768 5405; baseline 0.016 -41"><span class='ocrx_word' id='word_1_915' title='bbox 2189 5313 2278 5405; x_wconf 59' lang='lat' dir='ltr'><strong><em>ibi</em></strong></span> <span class='ocrx_word' id='word_1_916' title='bbox 2293 5316 2671 5405; x_wconf 45' lang='lat' dir='ltr'><strong><em>enimleg&#39;itur</em></strong></span> <span class='ocrx_word' id='word_1_917' title='bbox 2693 5332 2775 5382; x_wconf 64' lang='grc' dir='ltr'>Ἶῖ</span> <span class='ocrx_word' id='word_1_918' title='bbox 2800 5309 2874 5383; x_wconf 57' lang='grc' dir='ltr'>δή</span> <span class='ocrx_word' id='word_1_919' title='bbox 2904 5326 2954 5380; x_wconf 89' lang='lat' dir='ltr'><strong><em>lo</em></strong></span> <span class='ocrx_word' id='word_1_920' title='bbox 2981 5338 3137 5405; x_wconf 54' lang='lat' dir='ltr'><strong><em>tsar,</em></strong></span> <span class='ocrx_word' id='word_1_921' title='bbox 3164 5333 3309 5405; x_wconf 84' lang='lat' dir='ltr'><strong><em>quod</em></strong></span> <span class='ocrx_word' id='word_1_922' title='bbox 3339 5335 3651 5405; x_wconf 78' lang='lat' dir='ltr'><strong><em>atnbigunm</em></strong></span> <span class='ocrx_word' id='word_1_923' title='bbox 3673 5343 3768 5401; x_wconf 79' lang='lat' dir='ltr'><strong><em>est,</em></strong></span> 
     </span>
    </p>
   </div>
   <div class='ocr_carea' id='block_1_114' title="bbox 2192 5394 3771 5475">
    <p class='ocr_par' dir='ltr' id='par_1_114' title="bbox 2192 5394 3771 5475">
     <span class='ocr_line' id='line_1_114' title="bbox 2192 5394 3771 5475; baseline 0.016 -39"><span class='ocrx_word' id='word_1_924' title='bbox 2192 5395 2353 5475; x_wconf 64' lang='lat' dir='ltr'><strong><em>atque</em></strong></span> <span class='ocrx_word' id='word_1_925' title='bbox 2390 5394 2672 5475; x_wconf 45' lang='lat' dir='ltr'><strong><em>tqanslerri</em></strong></span> <span class='ocrx_word' id='word_1_926' title='bbox 2718 5406 2915 5475; x_wconf 71' lang='lat' dir='ltr'><strong><em>potest,</em></strong></span> <span class='ocrx_word' id='word_1_927' title='bbox 2939 5397 3056 5475; x_wconf 36' lang='lat' dir='ltr'><strong><em>.illi</em></strong></span> <span class='ocrx_word' id='word_1_928' title='bbox 3092 5394 3354 5475; x_wconf 73' lang='lat' dir='ltr'><strong><em>angustia.</em></strong></span> <span class='ocrx_word' id='word_1_929' title='bbox 3400 5394 3636 5463; x_wconf 44' lang='lat' dir='ltr'><strong><em>velrnon</em></strong></span> <span class='ocrx_word' id='word_1_930' title='bbox 3684 5394 3771 5460; x_wconf 56' lang='lat' dir='ltr'><strong><em>an;</em></strong></span> 
     </span>
    </p>
   </div>
   <div class='ocr_carea' id='block_1_115' title="bbox 2191 5458 3766 5550">
    <p class='ocr_par' dir='ltr' id='par_1_115' title="bbox 2191 5458 3766 5550">
     <span class='ocr_line' id='line_1_115' title="bbox 2191 5458 3766 5550; baseline 0.015 -39"><span class='ocrx_word' id='word_1_931' title='bbox 2191 5460 2379 5550; x_wconf 60' lang='lat' dir='ltr'><strong><em>gustia.</em></strong></span> <span class='ocrx_word' id='word_1_932' title='bbox 2412 5458 2488 5550; x_wconf 36' lang='lat' dir='ltr'><strong><em>.ln</em></strong></span> <span class='ocrx_word' id='word_1_933' title='bbox 2508 5465 2681 5550; x_wconf 34' lang='grc' dir='ltr'><strong><em>’ρηςηῇ</em></strong></span> <span class='ocrx_word' id='word_1_934' title='bbox 2719 5458 3049 5525; x_wconf 74' lang='lat' dir='ltr'><strong><em>tribulatione</em></strong></span> <span class='ocrx_word' id='word_1_935' title='bbox 3073 5458 3246 5530; x_wconf 70' lang='lat' dir='ltr'><strong><em>corino:</em></strong></span> <span class='ocrx_word' id='word_1_936' title='bbox 3275 5458 3358 5532; x_wconf 80' lang='lat' dir='ltr'><strong><em>illi</em></strong></span> <span class='ocrx_word' id='word_1_937' title='bbox 3667 5458 3766 5542; x_wconf 76' lang='lat' dir='ltr'><strong><em>vel,</em></strong></span> 
     </span>
    </p>
   </div>
   <div class='ocr_carea' id='block_1_116' title="bbox 2192 5524 3670 5620">
    <p class='ocr_par' dir='ltr' id='par_1_116' title="bbox 2192 5524 3670 5620">
     <span class='ocr_line' id='line_1_116' title="bbox 2192 5524 3670 5620; baseline 0.018 -40"><span class='ocrx_word' id='word_1_938' title='bbox 2192 5524 2422 5620; x_wconf 45' lang='grc' dir='ltr'><strong><em>Ιηιοίοιηξ</em></strong></span> <span class='ocrx_word' id='word_1_939' title='bbox 2455 5533 2780 5620; x_wconf 66' lang='lat' dir='ltr'><strong><em>tribulatione</em></strong></span> <span class='ocrx_word' id='word_1_940' title='bbox 2802 5553 3094 5620; x_wconf 77' lang='lat' dir='ltr'><strong><em>eorumnon</em></strong></span> <span class='ocrx_word' id='word_1_941' title='bbox 3106 5524 3369 5620; x_wconf 63' lang='lat' dir='ltr'><strong><em>angustia.</em></strong></span> 
     </span>
    </p>
   </div>
   <div class='ocr_carea' id='block_1_117' title="bbox 2262 5598 3764 5690">
    <p class='ocr_par' dir='ltr' id='par_1_117' title="bbox 2262 5598 3764 5690">
     <span class='ocr_line' id='line_1_117' title="bbox 2262 5598 3764 5690; baseline 0.025 -36"><span class='ocrx_word' id='word_1_942' title='bbox 2262 5598 2526 5690; x_wconf 40' lang='lat' dir='ltr'><strong><em>1nutriunt</em></strong></span> <span class='ocrx_word' id='word_1_943' title='bbox 2543 5609 2765 5690; x_wconf 76' lang='lat' dir='ltr'><strong><em>quidam</em></strong></span> <span class='ocrx_word' id='word_1_944' title='bbox 2776 5688 2781 5690; x_wconf 16' lang='grc' dir='ltr'><strong>Α</strong></span> <span class='ocrx_word' id='word_1_945' title='bbox 2794 5615 3023 5690; x_wconf 63' lang='lat' dir='ltr'><strong><em>uocantis</em></strong></span> <span class='ocrx_word' id='word_1_946' title='bbox 3049 5598 3242 5685; x_wconf 16' lang='lat' dir='ltr'><strong><em>legetzei</em></strong></span> <span class='ocrx_word' id='word_1_947' title='bbox 3252 5598 3764 5690; x_wconf 66' lang='grc' dir='ltr'><strong><em>κδ</em></strong></span> 
     </span>
    </p>
   </div>
   <div class='ocr_carea' id='block_1_118' title="bbox 2194 5672 3246 5744">
    <p class='ocr_par' dir='ltr' id='par_1_118' title="bbox 2194 5672 3246 5744">
     <span class='ocr_line' id='line_1_118' title="bbox 2194 5672 3246 5744; baseline 0.018 -19"><span class='ocrx_word' id='word_1_948' title='bbox 2194 5672 2343 5727; x_wconf 88' lang='lat' dir='ltr'><strong><em>nulla</em></strong></span> <span class='ocrx_word' id='word_1_949' title='bbox 2373 5672 2654 5732; x_wconf 66' lang='lat' dir='ltr'><strong><em>movendae</em></strong></span> <span class='ocrx_word' id='word_1_950' title='bbox 2682 5679 2933 5739; x_wconf 85' lang='lat' dir='ltr'><strong><em>lectionis</em></strong></span> <span class='ocrx_word' id='word_1_951' title='bbox 2953 5692 3039 5742; x_wconf 88' lang='lat' dir='ltr'><strong><em>est</em></strong></span> <span class='ocrx_word' id='word_1_952' title='bbox 3057 5672 3246 5744; x_wconf 55' lang='lat' dir='ltr'><strong><em>causa.</em></strong></span> 
     </span>
    </p>
   </div>
  </div>
