3972 6348
173 275 293 334 θη

679 275 1330 343 COMMENTARIORUM
1368 281 1438 342 IN
1474 282 1713 345 ISAIAM
1749 280 2175 349 PROPIIETAM
2211 289 2342 350 LIB.
2381 288 2550 353 XVII.
2587 291 2746 354 CAP.
2786 293 2975 354 LXIII.

173 396 469 463 conspectu
513 395 660 467 ejus,
704 406 759 452 ut
795 399 985 468 faceret
1021 401 1123 455 sibi
1170 417 1354 456 nomen
1397 404 1789 475 sempiternum.
1820 410 1873 470 Α
1900 405 2272 464 habitaculum
2320 420 2593 476 sanctum,
2628 423 2683 469 et
2712 413 2911 471 domus
2940 414 3133 487 gloriae
3163 413 3285 487 ejus
3316 416 3502 491 (Psal.

172 482 425 540 Adduxit
452 502 537 541 eos
567 505 659 558 per
685 489 929 562 abyssum
957 493 1093 547 sicut
1111 510 1295 564 equum
1317 512 1407 565 per
1432 496 1787 567 solitudinem,

174 585 233 630 et
273 593 381 632 non
423 576 811 636 laboraverunt.
849 582 919 636 Et
962 585 1098 640 sicut
1134 589 1377 659 jumenta
1428 604 1518 657 per
1553 606 1793 660 campum

176 671 455 727 descendit
504 673 735 746 Spiritus
761 693 794 731 a
819 675 1078 746 Domino,
1122 689 1171 733 et
1217 680 1325 735 dua;
1348 697 1525 736 eorum
1546 683 1643 753 fuit
1667 700 1686 738 :
1716 685 1792 739 sic

174 763 455 821 adduxisti
485 767 735 837 populant
761 778 930 838 tuum,
965 780 1018 825 ut
1048 773 1247 843 faceres
1269 772 1360 827 tibi
1380 790 1564 830 nomen
1583 773 1785 846 gloriaz.

175 858 454 915 Dominus
498 860 590 933 qui
631 862 700 919 de
746 871 1063 934 protectore
1091 866 1267 923 lactus
1308 878 1390 924 est
1438 869 1790 928 adversarius

170 952 370 1025 populi
396 952 740 1022 Iudaeorum,
767 956 864 1027 qui
888 957 958 1013 ad
988 958 1333 1015 iracundiam
1348 975 1790 1030 provocaverunt

168 1047 451 1119 Spiritum
492 1058 744 1106 sanetum
777 1052 922 1122 ejus,
952 1061 1009 1109 et
1037 1052 1339 1111 debellavit
1368 1070 1465 1111 eos
1495 1075 1509 1113 :
1546 1058 1662 1129 ipse
1703 1075 1791 1116 re-

172 1140 446 1198 cordatus
474 1151 561 1199 est
585 1143 936 1215 antiquorum
987 1145 1200 1202 dierum
1226 1188 1242 1213 ,
1291 1147 1515 1219 quando
1562 1164 1664 1220 pro
1707 1152 1787 1208 eis

171 1235 401 1307 Moyses
427 1236 483 1291 in
509 1251 701 1293 eremo
722 1237 1054 1308 deprecatus
1093 1250 1177 1295 est
1204 1281 1219 1305 ,
1258 1240 1454 1305 dicens
1485 1261 1499 1297 :
1552 1243 1656 1297 Aut
1702 1243 1788 1298 di-

171 1325 326 1381 mitte
350 1327 427 1382 eis
442 1326 576 1383 hanc
598 1345 787 1383 noxam
811 1345 830 1384 :
851 1338 943 1383 aut
962 1330 1008 1386 si
1030 1347 1130 1386 non
1154 1331 1310 1401 facis,
1333 1332 1449 1388 dele
1468 1351 1550 1390 me
1570 1334 1633 1390 de
1655 1334 1786 1390 libro

170 1435 329 1487 quem
351 1420 606 1491 scripsisti
635 1420 834 1490 (Exod.
865 1437 1038 1490 χχιιι,
1070 1424 1162 1491 51,
1194 1424 1310 1494 52).
1362 1424 1580 1482 Veteris
1619 1427 1784 1497 igitur

170 1510 349 1567 Isaias
376 1510 702 1569 recordatus
725 1512 996 1581 historiae,
1021 1514 1187 1572 dicit:
1213 1516 1318 1574 Ubi
1345 1527 1433 1574 est
1452 1518 1550 1575 ille
1571 1518 1783 1592 Moyses

168 1605 267 1676 qui
322 1603 512 1661 eduxit
559 1621 658 1663 eos
710 1605 779 1662 de
834 1607 1028 1664 Ilubro
1078 1609 1256 1664 mari?
1305 1609 1397 1666 ubi
1454 1621 1538 1667 est
1595 1621 1784 1683 pastor

167 1697 402 1753 ovium?
432 1697 535 1755 Ubi
566 1699 658 1755 ille
693 1700 786 1771 qui
815 1716 938 1756 cum
979 1704 1201 1758 caeteris
1240 1704 1556 1773 pastoribus
1597 1707 1783 1777 gregis

1902 504 2084 570 mn),
2113 500 2267 571 juxta
2305 502 2440 557 illud
2472 520 2486 556 :
2527 500 2730 559 Cretum
2773 506 2901 561 mihi
2948 506 3164 563 thronus
3195 518 3269 563 est
3300 526 3320 564 :
3360 524 3503 573 terra

1894 599 2066 646 autem
2094 592 2378 648 scabeltum
2403 595 2594 665 pedum
2618 613 2852 652 meorum
2875 598 3032 669 (lsai.
3058 616 3204 667 LXVI,
3238 598 3326 672 l);
3356 614 3411 659 et
3441 603 3497 659 in

1892 681 2001 739 alio
2033 684 2158 740 loco
2188 701 2202 739 :
2240 686 2345 753 Qui
2368 685 2567 741 habitat
2597 688 2650 742 in
2681 689 2847 757 caelis,
2878 692 3113 747 irridebit
3141 708 3228 747 eos
3248 710 3267 757 ,'
3289 704 3382 748 et:
3419 694 3502 748 Ad

1892 783 1941 830 te
1977 772 2141 830 levavi
2199 778 2375 832 oculos
2425 795 2587 846 meos,
2634 781 2725 852 qui
2767 780 2973 839 habitas
3024 785 3079 837 in
3134 782 3263 839 caelo
3319 784 3497 855 (Psal.

1892 881 2030 924 exn.
2057 867 2135 940 I).
2160 867 2281 925 Non
2307 867 2417 941 quo
2447 873 2799 943 omnipotens
2822 874 2987 943 Deus,
3008 876 3098 947 qui
3124 886 3272 933 tenet
3296 878 3498 935 emtum

1891 959 2073 1028 palma
2106 968 2161 1015 et
2195 970 2394 1017 terram
2429 963 2665 1034 pugillo,
2699 965 2813 1020 ullo
2842 965 3135 1023 claudatur
3182 971 3348 1037 loco;
3400 969 3499 1027 sed

1888 1065 1997 1122 quo
2028 1066 2149 1122 quae
2179 1055 2452 1110 sanctiora
2482 1065 2632 1122 sunt,
2663 1056 2814 1113 illius
2847 1058 2998 1114 locus
3032 1068 3089 1115 et
3118 1061 3494 1120 habitaculum

1889 1157 2014 1199 esse
2044 1143 2325 1202 dicantur.
2360 1146 2606 1218 Denique
2634 1148 2890 1206 Salomon
2923 1155 3016 1221 qui
3049 1152 3344 1209 aediﬁcavit
3380 1155 3496 1211 do-

1890 1252 2039 1292 mum
2068 1236 2191 1307 Dei,
2225 1240 2291 1294 ad
2326 1256 2451 1296 eum
2479 1255 2712 1312 precatus
2757 1243 2998 1315 luquiltlt‘
3030 1263 3043 1298 :
3080 1244 3207 1300 Caeli
3247 1248 3497 1302 cmlorum

1889 1339 1935 1385 et
1959 1339 2100 1386 terra
2123 1350 2225 1387 non
2256 1335 2529 1405 sufﬁciunt
2556 1336 2649 1390 tibi
2676 1334 2867 1410 (Eccli.
2896 1354 3012 1406 xvi,
3050 1340 3160 1410 18).
3193 1341 3260 1396 Et
3282 1343 3336 1397 in
3359 1345 3497 1399 Ora-

1888 1421 2037 1478 tione
2067 1424 2349 1481 Dominica
2388 1426 2634 1482 dicitur:
2673 1427 2796 1484 Fiat
2842 1430 3080 1487 voluntas
3122 1416 3212 1486 tua
3257 1434 3392 1489 sicut
3439 1435 3496 1491 in

1885 1514 2035 1584 caelo,
2063 1517 2138 1570 ita
2158 1518 2283 1572 etin
2316 1526 2456 1574 terra
2486 1518 2702 1591 (Matth.
2736 1538 2810 1590 vi,
2849 1523 2965 1594 IO).
3000 1523 3341 1598 Ubicumque
3366 1543 3497 1600 ergo

1887 1606 1947 1663 lit
1978 1609 2237 1666 voluntas
2267 1610 2366 1668 Dei
2391 1655 2406 1679 ,
2444 1613 2576 1668 illud
2605 1623 2689 1669 est
2719 1614 3092 1674 habitaculum
3127 1620 3270 1691 ejus,
3300 1632 3355 1679 et
3384 1623 3489 1679 do-

1885 1713 2007 1755 mus
2040 1700 2156 1757 Dei.
2188 1701 2343 1771 Quod
2373 1713 2556 1760 autem
2586 1707 2855 1779 sequitur,
2888 1708 2990 1765 Ubi
3017 1722 3091 1766 est
3117 1712 3266 1768 zelus
3296 1724 3416 1771 tuus
3442 1725 3492 1771 et

171 1790 400 1848 Domini
424 1789 853 1861 laboravitiQui
881 1793 1215 1866 impetravit,
1240 1805 1297 1852 et
1314 1798 1494 1868 posuit
1515 1797 1781 1869 Spiritum
1813 1809 1861 1870 Β
1888 1791 2143 1862 fortitudo
2174 1799 2303 1850 tua?
2326 1797 2426 1853 Illo
2457 1799 2772 1856 testimonio
2795 1801 3156 1872 disseramus,
3200 1808 3346 1878 quod
3392 1825 3492 1881 per

168 1881 272 1938 Dei
301 1882 555 1939 oratione
584 1894 640 1940 et
671 1883 927 1955 precibus
955 1887 1090 1955 suis,
1124 1889 1176 1943 in
1207 1903 1375 1961 grege
1404 1890 1657 1946 Domini?
1676 1891 1783 1949 Aut

164 1985 325 2031 certe
348 1974 424 2031 ita
455 1976 871 2049 intelligendum
899 1997 913 2035 :
962 1978 1060 2036 ubi
1092 1990 1177 2037 est
1207 1981 1298 2038 illa
1332 1983 1630 2041 clementia
1680 1986 1784 2042 Do-

168 2068 344 2137 mini,
391 2084 496 2141 qua
539 2071 814 2143 quondam
851 2072 1111 2130 misertus
1149 2084 1233 2130 est
1281 2077 1485 2147 pepulo
1531 2094 1631 2133 suo
1661 2120 1676 2143 ,
1723 2088 1782 2135 ut

166 2163 411 2235 Spiritus
456 2180 675 2237 quoque
716 2167 892 2223 sancti
935 2169 1017 2224 eis
1057 2170 1292 2241 gratiam
1314 2160 1597 2228 tribueret
1630 2191 1643 2228 :
1678 2172 1778 2242 Qui

168 2256 369 2315 eduxit
425 2259 480 2315 in
537 2259 825 2318 dexteram
881 2271 1130 2332 partem,
1189 2279 1298 2320 non
1358 2264 1413 2321 in
1468 2266 1774 2335 sinistram,

168 2352 398 2427 Moysen
426 2369 646 2411 servum
675 2369 834 2412 suum
864 2356 1091 2414 brachio
1123 2358 1426 2429 majestatis
1472 2376 1586 2417 sua:
1618 2378 1633 2415 :
1680 2361 1775 2434 qui

168 2444 334 2502 scidit
362 2460 531 2517 aquas
556 2455 682 2503 ante
719 2463 838 2518 eos,
870 2454 930 2504 ut
959 2447 1170 2506 faceret
1218 2450 1322 2507 sibi
1373 2466 1575 2510 nomen
1626 2467 1776 2510 sem-

168 2541 483 2611 piternum;
515 2550 573 2595 ut
604 2555 780 2612 usque
825 2542 877 2597 in
920 2552 1254 2614 praesentem
1285 2542 1432 2601 diem
1482 2546 1631 2602 illius
1675 2561 1775 2619 po—

171 2636 342 2693 tentia
372 2637 735 2693 narraretur?
763 2636 928 2693 Duxit
968 2638 1115 2694 enim
1162 2639 1425 2709 populum
1468 2657 1626 2697 suum
1676 2656 1772 2711 per

168 2731 467 2787 immensas
497 2745 761 2803 aquarum
797 2731 1047 2805 abyssos,
1077 2732 1233 2803 quasi
1273 2748 1474 2803 equum
1505 2748 1601 2805 per
1631 2734 1768 2790 soli-

169 2824 439 2893 tudinem,
463 2832 520 2881 et
548 2824 797 2892 iumenta
823 2839 920 2894 per
948 2824 1193 2896 planum,
1212 2832 1269 2880 et
1288 2823 1528 2895 Spiritus
1551 2824 1769 2882 Domini

165 2918 362 2973 ductor
392 2914 517 2986 ejus
542 2914 666 2983 luit,
700 2914 755 2971 id
786 2924 901 2983 est,
937 2914 1121 2987 gregis
1148 2914 1367 2970 Domini
1392 2913 1595 2986 (Exod.
1629 2915 1764 2988 xiv).
1794 2986 1811 2999 ἢ

164 3008 425 3081 Spiritum
455 3016 640 3064 autem
671 3007 762 3064 hic
801 3008 1071 3080 Angelum
1115 3006 1387 3063 debemus
1430 3006 1763 3079 intelligere,

164 3103 253 3175 qui
308 3100 505 3157 ductor
559 3099 661 3156 fuit
715 3098 906 3172 μορυιί
962 3098 1169 3167 Israel,
1214 3098 1369 3169 juxta
1433 3098 1567 3155 illud
1615 3097 1764 3171 quod

1890 1884 2147 1942 Ezechiel
2200 1888 2269 1944 ad
2316 1888 2622 1947 Jerusalem
2676 1891 2814 1949 dicit
2885 1895 3061 1963 Deus,
3115 1913 3237 1969 qua:
3291 1910 3486 1959 secuta

1886 1976 2063 2033 fuerat
2094 1987 2367 2037 amatores
2390 1996 2519 2037 suos
2545 2002 2557 2037 :
2590 1981 2715 2037 lam
2746 2001 2849 2040 non
2879 1988 3079 2042 irascar
3108 1989 3232 2057 tibi,
3266 2000 3313 2045 et
3342 1993 3488 2049 zelus

1886 2085 2027 2124 meus
2052 2071 2258 2125 recessit
2287 2088 2320 2127 a
2349 2082 2395 2127 te
2426 2073 2657 2146 (Ezeclt.
2687 2092 2803 2144 xw,
2832 2077 2948 2152 42).
3003 2080 3073 2136 Et
3109 2092 3194 2139 est
3240 2100 3436 2143 sensus
3471 2105 3486 2141 :

1881 2160 2019 2229 Quia
2061 2165 2411 2235 peccavimus
2455 2177 2511 2223 et
2561 2184 2660 2225 nos
2692 2171 2876 2228 odisse
2907 2175 3143 2245 coepisti,
3185 2178 3415 2234 recessit
3455 2194 3488 2237 a

1880 2255 2038 2311 nobis
2069 2257 2222 2313 zelus
2250 2266 2395 2323 tuus,
2429 2260 2523 2329 qui
2554 2277 2661 2316 non
2715 2264 2928 2320 recedit
2965 2266 3190 2339 quando
3240 2270 3486 2342 loquitur

1880 2366 1978 2422 per
2002 2351 2323 2409 Zachariam
2358 2371 2373 2410 :
2406 2352 2616 2411 Zelatus
2643 2373 2760 2411 sunt
2801 2358 2929 2414 Sion
2956 2369 3004 2414 et
3030 2359 3327 2417 Jerusalem
3375 2366 3487 2419 zelo

1879 2460 2069 2518 magno
2091 2444 2277 2516 (Zach.
2312 2463 2350 2514 ι,
2388 2447 2499 2519 14).
2527 2448 2683 2505 Unde
2713 2460 2767 2506 et
2795 2451 2848 2506 in
2880 2454 3346 2525 consequentibus
3367 2458 3442 2512 ait
3468 2475 3483 2512 :

1878 2534 1945 2590 Et
1969 2537 2170 2592 irascar
2190 2554 2345 2611 super
2365 2549 2540 2612 gentes
2570 2556 2687 2613 qua:
2713 2555 3036 2616 congregatae
3064 2554 3185 2601 sunt
3208 2547 3485 2604 adversum

1873 2646 1990 2684 eam
2010 2631 2065 2685 in
2090 2631 2329 2687 circuitu.
2362 2631 2675 2690 Recedente
2702 2645 2885 2692 autem
2910 2638 3052 2706 zelo,
3084 2640 3297 2698 recedit
3316 2643 3485 2716 756

1873 2730 1930 2779 et
1956 2722 2222 2781 fortitudo
2250 2725 2369 2791 Dei,
2403 2735 2459 2782 et
2487 2734 2843 2798 paternorum
2873 2730 3148 2788 viseerum
3185 2746 3486 2804 superatur

1870 2815 2122 2885 allectus,
2166 2817 2297 2873 dum
2341 2819 2715 2891 magnitudine
2764 2832 3113 2892 peccatorum
3146 2825 3484 2883 incredibilis

1873 2909 1968 2966 Dei
1990 2911 2288 2968 clementia
2319 2912 2580 2980 vincitur,
2609 2922 2666 2969 ut
2692 2916 2970 2971 contineat
3000 2932 3059 2973 se
3087 2932 3253 2988 super
3280 2920 3486 2976 auxilio

1868 3018 2015 3071 meo,
2059 3003 2154 3075 qui
2204 3020 2293 3061 me
2339 3020 2666 3078 oppressum
2715 3007 2903 3064 videre
2951 3023 3059 3065 non
3104 3020 3339 3081 poterat.
3390 3012 3474 3068 Tu

1867 3097 2027 3164 enim,
2061 3096 2260 3168 inquit,
2288 3115 2354 3171 ,εδ
2378 3108 2525 3170 pater
2546 3107 2744 3165 noster,
2768 3100 2860 3169 qui
2884 3110 3098 3157 creator
3124 3118 3186 3160 es
3210 3105 3478 3162 omnium.

164 3196 432 3267 scriptum
462 3202 550 3249 est
582 3211 596 3248 :
632 3192 736 3259 Qui
765 3192 891 3265 facit
911 3192 1134 3264 Angelos
1157 3209 1279 3248 suos
1299 3192 1531 3265 spiritus,
1573 3201 1621 3247 et
1661 3192 1763 3245 mi-
1792 3198 1840 3264 ο
1868 3189 2054 3247 Nescit
2079 3207 2179 3247 nos
2208 3192 2510 3258 Abraham,
2543 3203 2598 3249 et
2627 3193 2843 3263 ignorat
2886 3194 3091 3264 Israel,
3138 3201 3261 3270 quia
3299 3211 3350 3256 te
3390 3203 3474 3256 oio

162 3291 357 3345 nistros
385 3303 503 3343 suos
524 3287 697 3360 ignem
709 3294 937 3341 urentem
959 3283 1080 3359 (Ps.
1104 3299 1218 3352 cm,
1246 3283 1328 3357 4).
1354 3283 1422 3340 Et
1442 3285 1495 3340 in
1513 3282 1764 3356 Epistola

164 3382 231 3438 ad
260 3381 519 3437 Hebmos
549 3398 562 3434 :
605 3378 709 3436 Isti
750 3388 868 3434 sunt
898 3377 1334 3434 administratorii
1377 3377 1591 3448 spiritus
1614 3417 1630 3445 ,
1675 3377 1766 3448 qui

167 3480 443 3533 mittuntur
468 3478 524 3532 in
545 3476 910 3543 ministerium,
960 3483 1169 3547 prapter
1210 3490 1295 3530 eos
1342 3475 1433 3543 qui
1472 3471 1765 3543 possessuri

163 3578 282 3625 sunt
307 3568 531 3624 salutem
554 3566 744 3641 (Hebr.
778 3582 817 3631 ι,
853 3564 967 3638 id).
1008 3564 1433 3621 (Ionsideremus
1464 3563 1596 3619 illud
1619 3561 1763 3634 quod

164 3663 218 3719 in
248 3662 481 3719 Actibus
517 3660 906 3733 Apostolorum
938 3660 1199 3717 scribitur
1227 3677 1242 3713 :
1274 3659 1506 3732 Spiritus
1550 3658 1766 3714 Domini

162 3756 339 3827 rapuit
372 3752 706 3828 Philippum,
749 3764 797 3810 et
840 3770 946 3809 non
988 3752 1114 3809 vidit
1144 3769 1260 3808 eum
1309 3754 1447 3807 ultra
1495 3753 1764 3807 eunuchus

161 3847 303 3922 (Act.
334 3861 456 3912 vni,
491 3846 585 3919 59)
616 3864 631 3903 :
659 3861 728 3902 an
756 3859 922 3917 super
945 3844 1155 3917 Angelo
1171 3844 1468 3900 debeamus
1488 3843 1759 3915 accipere.

160 3941 303 4000 Sunt
330 3941 423 4012 qui
453 3939 725 4013 Angelum
768 3938 932 4014 755
961 3939 1016 3994 in
1047 3938 1251 4009 Spiritu
1292 3945 1484 3993 sancto
1530 3936 1647 3993 haec
1684 3936 1764 3993 leo

158 4036 305 4093 cisse
335 4042 632 4091 testentur.
665 4034 952 4090 Manifesta
974 4030 1373 4103 percurrimus,
1404 4038 1463 4085 ut
1492 4030 1545 4084 in
1566 4028 1766 4086 obscu-

158 4130 401 4188 rioribus
426 4128 805 4186 immoremur.

229 4221 424 4293 (Vers.
460 4221 530 4277 l5
556 4220 740 4293 seqq.)
768 4220 986 4275 Attende
1006 4219 1071 4274 de
1095 4216 1247 4285 calo,
1289 4226 1337 4271 et
1374 4214 1490 4270 vide
1520 4214 1584 4268 de
1613 4213 1764 4268 habi-

157 4317 338 4374 taculo
363 4323 545 4371 sancto
574 4322 687 4383 tuo,
718 4324 763 4368 et
789 4313 971 4387 gloriae
991 4324 1113 4368 tute.
1153 4309 1252 4367 Ubi
1279 4318 1353 4364 est
1381 4309 1524 4363 zelus
1564 4318 1682 4364 tuus
1716 4315 1767 4361 et

158 4408 417 4479 fortitudo
446 4416 538 4462 tua
562 4408 587 4461 ?
616 4403 899 4461 multitudo
922 4406 1175 4461 viscerum
1214 4411 1445 4468 tuorum,
1475 4408 1524 4454 et
1550 4399 1764 4478 misera-

158 4504 362 4559 tionum
391 4509 602 4556 tuarum
643 4514 800 4572 super
849 4513 928 4552 me
970 4496 1328 4552 continuerunt
1378 4509 1450 4547 se.
1498 4489 1578 4546 Tu
1628 4491 1765 4546 enim

1870 3282 2166 3351 fundimus,
2198 3299 2302 3339 nec
2323 3293 2665 3356 cognoscunt
2690 3285 2856 3355 ﬁlios,
2887 3302 3031 3366 quos
3060 3303 3087 3341 a
3123 3289 3237 3347 Deo
3266 3308 3370 3348 suo
3393 3297 3476 3349 in-

1872 3374 2121 3446 telligunt
2152 3390 2257 3430 non
2282 3376 2475 3431 amari.
2508 3373 2697 3432 Subita
2723 3377 2967 3433 nascitur
2988 3383 3218 3449 quaestio
3240 3426 3255 3449 ,
3309 3399 3479 3454 quare

1868 3465 2147 3521 Abraham
2174 3474 2230 3523 et
2257 3465 2445 3536 Israel,
2476 3466 2582 3523 hoc
2607 3476 2713 3534 est,
2744 3467 2914 3525 Jacob
2939 3473 3204 3540 posuerit,
3237 3480 3291 3529 et
3320 3473 3476 3532 Isaae

1870 3577 2069 3619 nomen
2097 3562 2323 3618 tacitum
2350 3563 2426 3617 sit
2454 3560 2609 3634 (Gen.
2654 3561 2877 3634 xxx")?
2924 3562 3005 3618 Ad
3055 3566 3197 3635 quod
3243 3581 3473 3640 restion—

1869 3654 2148 3724 debimus,
2182 3655 2451 3726 principio
2480 3664 2539 3711 et
2568 3654 2676 3710 line
2704 3655 2887 3726 posito
2913 3697 2927 3721 ,
2960 3656 3122 3712 etiam
3155 3658 3333 3714 media
3368 3677 3473 3715 uo-

1869 3750 2090 3805 minari.
2124 3748 2254 3806 Sive
2286 3749 2357 3804 ita
2385 3765 2400 3802 :
2429 3747 2703 3804 Abraham
2730 3747 2800 3803 de
2830 3749 3087 3817 gentibus
3131 3761 3356 3807 vocatus
3401 3753 3471 3810 ad

1869 3843 2031 3899 ﬁdem
2062 3852 2167 3907 est,
2199 3852 2255 3898 et
2283 3857 2381 3913 pro
2421 3840 2685 3912 qualitate
2727 3840 2934 3919 prioris
2981 3850 3037 3897 et
3082 3846 3471 3914 consequentis

1867 3936 2221 4004 conditionis,
2256 3934 2617 3991 mutationem
2645 3934 2871 3989 sortitus
2901 3944 2985 3990 est
3016 3935 3276 3991 nominis.
3300 3936 3472 3994 lacnb

1866 4016 2086 4102 quoque
2116 4038 2175 4084 ut
2203 4027 2579 4097 appellaretur
2603 4024 2774 4081 Israel
2801 4066 2815 4091 ,
2851 4026 3022 4083 multo
3064 4026 3132 4081 ad
3183 4027 3234 4081 id
3283 4028 3470 4086 labore

1870 4123 2141 4195 pervenit.
2171 4119 2329 4178 Unde
2353 4128 2409 4176 et
2431 4117 2712 4174 Abraham
2747 4125 2858 4172 tres
2889 4117 3082 4173 habuit
3115 4132 3321 4174 uxores
3345 4164 3361 4189 ,
3414 4131 3472 4177 et

1866 4214 2036 4272 Jacob
2061 4223 2296 4286 quatuor
2326 4230 2340 4267 :
2374 4211 2525 4268 Isaac
2553 4224 2686 4267 vero
2714 4209 2783 4264 ab
2812 4209 2970 4264 initio
3002 4224 3175 4282 usque
3202 4210 3270 4266 ad
3305 4213 3470 4270 linem

1867 4322 2067 4364 nomen
2121 4304 2371 4379 possedit
2422 4303 2707 4375 antiquum
2737 4346 2752 4373 ,
2801 4311 2859 4357 et
2899 4304 3163 4360 Ecclesia:
3216 4304 3468 4363 indicans

1867 4400 2193 4464 castitatem,
2224 4412 2329 4452 una
2364 4395 2463 4452 luit
2484 4409 2656 4451 uxore
2705 4404 3015 4453 contentus.
3041 4395 3136 4452 Isti
3166 4397 3332 4469 igitur
3374 4402 3469 4470 qui

1868 4500 2161 4565 precantur
2188 4489 2259 4546 de
2299 4487 2677 4560 peccatoribus
2724 4489 3204 4545 commutationem
3256 4492 3309 4546 in
3356 4510 3472 4549 mc-

159 4608 307 4668 pater
333 4602 510 4648 noster
532 4609 551 4647 :
579 4600 625 4647 et
650 4590 913 4647 Abraham
942 4590 1151 4646 nescivit
1176 4604 1295 4654 nos,
1336 4595 1383 4641 et
1415 4584 1588 4640 Israel
1615 4584 1766 4656 igno-
1792 4595 1847 4657 1)
1872 4586 2068 4642 liorem
2092 4592 2318 4649 statum,
2343 4596 2530 4638 eorum
2560 4593 2853 4637 assumunt
2877 4582 3315 4652 similitudinem,
3348 4588 3470 4656 qui-

161 4690 292 4744 ravit
322 4704 441 4744 nos.
468 4684 549 4741 Tn
582 4685 801 4740 Domine
827 4693 974 4758 pater
1013 4692 1187 4739 noster
1210 4726 1224 4749 ,
1252 4681 1550 4751 redemptor
1592 4688 1763 4734 noster
1860 4679 1963 4735 bus
1994 4677 2119 4733 lmta
2149 4684 2274 4746 post
2310 4673 2486 4729 tristia
2534 4681 2939 4729 successerunt.
2994 4674 3109 4731 Hoc
3150 4685 3331 4733 autem
3385 4692 3473 4736 est

160 4803 194 4841 a
216 4785 408 4842 siccqu
433 4799 618 4839 nomen
643 4791 808 4837 tuum.
857 4778 1003 4836 LXX
1031 4796 1045 4833 :
1077 4776 1382 4833 Convertere
1410 4775 1473 4831 de
1513 4775 1676 4840 creto,
1713 4781 1763 4828 et

163 4880 276 4935 cide
315 4878 381 4933 de
405 4878 560 4933 domo
586 4886 770 4932 sancta
801 4885 912 4938 tua,
943 4882 995 4928 et
1020 4871 1201 4946 gloria:
1226 4882 1327 4925 tute
1353 4886 1372 4926 :
1399 4870 1489 4925 ubi
1518 4878 1593 4924 est
1620 4868 1764 4923 zelus

162 4980 282 5028 tuus
302 4983 351 5027 et
377 4971 628 5041 fortitudo
649 4968 776 5023 tua?
793 4967 879 5023 ubi
898 4975 973 5021 est
993 4962 1269 5019 multitudo
1290 4961 1763 5017 miscricordiarum

163 5076 396 5134 tuarum,
427 5076 475 5120 et
501 5063 888 5119 miscrotionum
935 5069 1143 5114 tuarum
1169 5072 1272 5129 qua
1300 5056 1591 5111 sustinuisti
1627 5069 1720 5109 nos
1739 5054 1766 5107 .’

167 5159 244 5215 Tu
275 5160 413 5214 enim
441 5175 494 5213 es
520 5166 665 5231 pater
693 5134 886 5222 noster,
916 5152 1041 5224 quia
1067 5147 1332 5205 Abraham
1373 5164 1478 5203 non
1519 5146 1758 5219 cognovit

166 5271 281 5324 nos,
306 5263 354 5309 et
385 5251 554 5307 Israel
578 5265 683 5306 non
711 5247 948 5321 cognovit
976 5261 1091 5301 nos.
1117 5241 1224 5299 Sed
1252 5250 1330 5310 tu,
1355 5238 1577 5294 Domine
1615 5246 1760 5310 pater

164 5356 357 5413 noster,
387 5344 550 5401 libera
576 5357 671 5397 nos
696 5357 715 5396 :
744 5358 777 5395 a
804 5338 1063 5412 principio
1090 5351 1273 5391 nomen
1303 5343 1449 5388 tuum
1475 5347 1632 5401 super
1663 5345 1760 5385 nos

166 5451 258 5497 est.
285 5438 390 5508 Qui
414 5443 562 5494 tanta
585 5432 789 5506 populo
812 5428 1140 5503 prtestitisti,
1165 5442 1286 5499 quze
1310 5424 1562 5497 superior
1577 5436 1759 5479 sermo

168 5530 411 5588 narravit
438 5573 455 5598 ,
488 5537 549 5584 ut
577 5526 801 5599 spiritus
857 5539 1073 5596 quoque
1112 5522 1188 5577 tui
1232 5519 1432 5590 dignos
1480 5531 1584 5573 nos
1628 5531 1760 5573 eon-

166 5628 336 5683 sortio
363 5624 623 5688 duceres,
657 5633 804 5675 nunc
832 5630 1048 5690 quoque
1076 5613 1301 5670 attende
1345 5613 1416 5668 de
1462 5610 1607 5667 cmlo
1628 5654 1643 5679 ,
1704 5617 1762 5665 et

165 5717 289 5776 vide
316 5731 488 5789 opera
516 5722 724 5778 nostra,
771 5710 819 5766 si
867 5718 1048 5765 tamen
1080 5716 1134 5764 te
1164 5704 1329 5776 digna
1378 5713 1526 5760 sunt.
1579 5701 1763 5771 Quare

162 5812 367 5871 avertis
396 5808 598 5867 faciem
630 5814 778 5862 tuam
810 5820 839 5860 a
868 5800 1071 5859 nobis?
1101 5798 1313 5858 οωιυω
1342 5806 1529 5854 autem
1565 5794 1765 5853 dicitur

546 5901 821 5960 ΡΑτιιοι..
854 5894 1095 5959 XXIV.

1865 4784 2030 4828 omne
2054 4767 2201 4839 quod
2232 4764 2531 4837 postulant,
2565 4774 2626 4820 ut
2670 4764 2796 4837 quia
2844 4774 3001 4836 pater
3030 4781 3218 4822 eorum
3261 4779 3378 4837 est,
3412 4781 3471 4828 et

1868 4866 1972 4921 hoc
2001 4877 2100 4920 eos
2126 4860 2383 4932 dignatus
2414 4869 2499 4916 est
2525 4859 2769 4925 nomine,
2803 4875 2910 4915 non
2942 4858 3297 4917 obliviscatur
3321 4864 3466 4922 lilio-

1863 4973 1984 5013 rum
2012 4969 2238 5012 suorum
2266 4969 2281 5020 ;
2317 4968 2384 5007 ne
2415 4967 2511 5024 per
2531 4950 2679 5023 ipsos
2703 4966 2905 5007 nomen
2929 4951 3029 5009 Dei
3053 4952 3468 5025 blaSphemctur

1868 5052 1922 5107 in
1946 5048 2220 5121 gentibus.

1945 5141 2125 5216 (νοτε.
2158 5140 2248 5207 I8,
2281 5138 2394 5209 19.)
2429 5135 2604 5203 Quare
2625 5152 2799 5192 errare
2825 5153 2919 5192 nos
2940 5137 3126 5209 fecisti,
3149 5138 3390 5212 Domine,
3413 5146 3470 5202 in

1868 5237 1963 5291 viis
1984 5236 2083 5291 tuis
2112 5232 2413 5290 :indurasti
2437 5246 2529 5286 cor
2554 5242 2812 5299 nostrum,
2836 5231 3208 5289 netimeremus
3237 5244 3286 5291 te
3303 5239 3328 5291 ?
3344 5254 3471 5295 con-

1868 5338 2061 5386 vertere
2111 5337 2323 5402 propter
2364 5341 2535 5389 servos
2583 5334 2698 5380 tuos
2759 5325 2921 5380 tribus
2973 5325 3291 5383 hit-redituris
3339 5340 3465 5386 tum.

1866 5421 2033 5491 Quasi
2070 5417 2297 5474 nihilum
2334 5416 2671 5487 possederunt
2711 5414 2964 5487 papulum
3001 5423 3238 5469 sanctum
3268 5424 3417 5475 tuum
3444 5438 3464 5477 :

1862 5512 2034 5568 hostes
2085 5511 2249 5567 nostri
2300 5510 2734 5565 conculcaverunt
2783 5505 3245 5573 sanctiﬁcationem
3294 5518 3462 5570 tuam.

1864 5603 2020 5660 Facti
2040 5620 2219 5661 sumus
2239 5603 2390 5675 quasi
2412 5602 2463 5656 in
2486 5598 2746 5673 principio
2778 5612 2798 5652 :
2837 5613 2958 5651 cum
2985 5612 3089 5651 non
3120 5598 3462 5663 dominareris

1867 5701 2073 5767 nostri,
2123 5712 2286 5767 neque
2328 5697 2652 5750 invocaretur
2695 5706 2883 5746 nomen
2933 5699 3081 5744 tuum
3127 5708 3282 5763 super
3347 5715 3464 5755 nos.

1867 5791 2060 5850 LXX:
2115 5790 2289 5858 Quare
2341 5785 2595 5843 seduxisti
2644 5800 2773 5852 nos,
2814 5780 3073 5851 Domine,
3122 5785 3188 5841 de
3243 5789 3325 5844 via
3373 5804 3464 5854 tua

2948 5874 3032 5939 90
