3972 6332
507 263 616 322 619
1735 251 1824 312 '8.
1865 250 2137 312 EUSEBII
2173 247 2560 310 HIERONYMI
3713 239 3826 298 620

511 387 543 416 ι
591 385 772 432 sancta
802 369 1095 430 :indurasti
1146 369 1305 425 corda
1355 373 1552 436 nostra,
1585 374 1640 422 ut
1667 383 1768 422 non
1816 370 2108 424 timeremus
2137 377 2192 438 Α
2215 381 2386 423 servos
2417 374 2552 431 tuos,
2586 360 2862 418 Abraham
2885 367 2943 417 et
2970 357 3160 435 Israel,
3181 357 3274 430 qui
3302 369 3412 414 non
3437 365 3822 429 cognoverunt

515 471 912 526 te?convertere
937 473 1145 535 propter
1164 477 1336 517 servos
1363 470 1499 527 tuos,
1527 468 1741 534 propter
1769 461 1934 515 tribus
1952 461 2114 515 ntere—
2215 473 2316 514 nos
2337 500 2350 523 ,
2383 457 2471 512 vel
2506 470 2646 528 quos
2688 469 2812 512 esse
2855 454 2907 509 in
2954 451 3158 523 papula
3185 451 3484 507 credimus.
3535 450 3709 516 Quasi
3751 449 3820 504 ad

513 562 690 616 ditatis
713 569 836 628 tuae,
865 565 920 610 ut
942 557 1203 612 modicum
1229 554 1586 628 possideamus
1609 555 1798 608 montis
1819 555 1986 608 sancti
2004 555 2114 606 tui:

512 653 798 711 adversarii
847 651 1012 708 nostri
1048 650 1477 706 conculcaverunt
1514 650 1870 704 summarium
1920 658 2064 702 tuum
2094 663 2112 700 :

509 748 638 818 facti
673 763 852 802 smnus
881 745 1031 818 quasi
1071 762 1102 798 a
1146 745 1400 816 principio
1449 759 1566 796 cum
1612 759 1714 798 non
1769 741 2114 796 dominareris

510 841 722 898 nostri:
758 857 919 912 neque
947 841 1240 894 invocatum
1275 849 1348 893 est
1392 846 1757 907 nomentnum
1795 852 1950 909 super
1995 851 2109 890 nos.

515 935 760 1008 Epistula
787 950 950 1008 quam
993 934 1187 990 scribit
1231 933 1432 988 Paulus
1473 931 1540 987 ad
1583 931 1900 989 Corinthios
1926 971 1942 998 ,
1991 943 2114 986 cum

508 1029 578 1086 ad
607 1030 770 1086 unius
801 1029 1075 1086 scribatur
1107 1027 1365 1098 populum
1415 1027 1652 1083 civitatis
1675 1069 1690 1094 ,
1723 1041 1822 1096 pro
1850 1025 2116 1081 varietate

504 1120 896 1186 habitantium,
930 1121 982 1176 id
1023 1129 1130 1184 est,
1154 1127 1472 1174 sanctorum
1492 1128 1548 1175 et
1568 1126 1944 1188 peccatorum,
1971 1130 2115 1171 nunc

506 1211 696 1268 laudat
725 1227 843 1280 eos,
875 1226 1022 1267 nunc
1059 1211 1312 1281 corripit,
1339 1225 1484 1264 nunc
1511 1210 1696 1275 docet,
1732 1223 1878 1264 nunc
1927 1221 2114 1276 repre-

507 1306 725 1372 hendit,
774 1306 938 1379 757
982 1313 1246 1376 provocat
1298 1303 1365 1358 ad
1415 1303 1844 1368 continentiam;
1898 1303 2114 1372 nuptias

504 1415 620 1456 non
651 1409 903 1466 recusat;
940 1397 1172 1454 retrahit
1203 1398 1271 1453 ab
1302 1396 1613 1452 idololatria
1641 1413 1656 1462 ;
1688 1393 2109 1451 instruitresur-

505 1493 813 1548 rectionem
839 1508 856 1558 ;
885 1489 1136 1560 digamim
1177 1489 1406 1560 porrigit
1437 1502 1678 1555 manum,
1707 1501 1776 1542 ne
1808 1485 1986 1540 locum
2019 1484 2115 1539 tri-

505 1585 641 1643 buat
669 1585 1038 1642 fornicationi.
1076 1583 1189 1638 lloc
1220 1582 1484 1646 diximus,
1522 1589 1580 1636 ttt
1609 1595 1856 1650 prtnsens
1894 1591 2113 1649 quoque

508 1681 832 1752 capitulum,
867 1677 1012 1750 quod
1044 1692 1209 1732 omne
1248 1691 1316 1731 cx
1347 1673 1530 1745 populi
1560 1675 1730 1728 Deum
1761 1670 2110 1741 deprecantis

2215 554 2356 610 nihil
2394 555 2538 609 enim
2593 561 2652 608 et
2692 552 2903 622 absque
2957 549 3070 605 ullo
3119 548 3307 605 labore
3357 547 3622 620 populum
3671 555 3820 602 tuum

2215 658 2463 706 sanctum
2509 648 2872 720 possederunt
2916 629 3214 701 adversarii
3260 643 3459 699 nostri.
3500 643 3630 698 Sive
3657 641 3825 716 758

2214 753 2474 800 converte
2499 757 2620 809 nos,
2649 751 2708 796 ut
2732 741 2888 813 juxta
2915 739 3297 810 Septuaginta,
3332 735 3608 808 paululum
3643 736 3824 806 possi-

2215 839 2442 896 deamus
2469 841 2672 894 montis
2703 836 2878 893 sancti
2907 837 3007 900 tui,
3033 835 3160 905 quia
3191 841 3365 888 totum
3399 841 3638 886 montem
3661 837 3821 884 tuum

2218 934 2503 1006 possidere
2533 949 2640 991 non
2665 945 2980 1005 possumus,
3027 937 3084 984 ut
3128 941 3254 984 cum
3296 933 3510 996 partem
3562 923 3823 978 habueri-

2215 1045 2360 1094 mus,
2405 1029 2694 1083 veniamus
2721 1026 2786 1082 ad
2821 1023 3220 1096 plenitudinem
3253 1021 3374 1090 eius
3401 1027 3457 1076 et
3485 1016 3823 1085 contemple-

2216 1141 2337 1179 mur
2358 1123 2586 1193 gloriam
2612 1120 2888 1190 Unigeniti
2919 1136 2948 1173 a
2969 1118 3152 1184 Patre,
3189 1117 3412 1186 plenum
3437 1113 3638 1184 gratim
3659 1121 3714 1168 et
3735 1124 3823 1167 xeo

2213 1216 2392 1272 ritatis
2423 1215 2606 1288 (toan.
2641 1213 2703 1284 ι).
2742 1214 2816 1269 De
2844 1227 2952 1284 quo
2979 1211 3031 1266 in
3061 1210 3168 1266 hoc
3193 1208 3389 1266 eodem
3437 1205 3713 1276 propheta
3741 1203 3824 1259 di-

2215 1308 2360 1364 citur
2393 1326 2407 1361 :
2444 1306 2508 1361 In
2535 1306 2836 1361 novissimis
2861 1303 3044 1359 diebus
3071 1303 3382 1374 manifestus
3409 1299 3509 1354 erit
3531 1313 3684 1353 mons
3712 1295 3821 1351 Do-

2216 1402 2345 1457 mini
2365 1400 2524 1474 (Isai.
2554 1417 2614 1466 tt,
2642 1401 2722 1470 2).
2748 1399 2826 1455 De
2866 1414 2933 1454 eo
2960 1407 3143 1453 autem
3175 1397 3318 1466 quod
3363 1409 3530 1464 supra
3587 1392 3820 1458 positum

2214 1505 2346 1553 est:
2401 1498 2578 1565 Quare
2609 1510 2782 1549 errare
2809 1509 2903 1548 nos
2929 1491 3098 1564 fecisti
3138 1487 3276 1566 (Isa.
3324 1501 3484 1554 uin,
3530 1485 3672 1556 i7)?
3721 1499 3824 1556 quo

2214 1609 2382 1650 sensu
2407 1591 2790 1666 accipiendum
2824 1591 2914 1656 sit,
2944 1588 3268 1662 plenissime
3307 1585 3470 1641 docet
3507 1581 3780 1638 Jeremias
3809 1597 3822 1634 :

2218 1685 2490 1743 δράκα-ἰεῦ
2515 1703 2614 1750 me,
2649 1684 2892 1750 Domine,
2923 1693 2970 1738 et
3001 1683 3244 1736 seductus
3268 1696 3384 1734 sum
3414 1693 3435 1734 :
3480 1676 3736 1740 tenuisti,
3781 1683 3826 1728 et

508 1779 761 1832 oratione
788 1773 1124 1836 contexitur,
1156 1769 1245 1824 vel
1268 1768 1544 1838 justorum
1569 1766 1937 1836 intelligamus
1963 1779 2107 1827 esse,

2218 1779 2437 1851 potuisti
2465 1777 2573 1850 [AL
2607 1776 2852 1850 posuisti]
2886 1774 3099 1848 (Jerem.
3136 1789 3234 1838 xx,
3261 1771 3336 1844 7).
3361 1771 3500 1826 Dum
3516 1769 3667 1826 enim
3695 1767 3824 1823 mihi

509 1869 598 1925 vel
632 1876 978 1940 peccatorum
1012 1882 1025 1918 :
1058 1876 1115 1920 et
1145 1878 1288 1918 nunc
1325 1862 1556 1918 laudare
1585 1861 1875 1916 Dominum
1902 1901 1916 1924 ,
1968 1874 2111 1914 nunc

506 1977 736 2019 movere
778 1962 1008 2016 Domino
1049 1958 1410 2030 qmestionem
1437 1998 1453 2024 ,
1487 1965 1546 2012 et
1569 1971 1722 2009 suam
1768 1954 1985 2024 culpam
2027 1969 2114 2008 re-

505 2057 656 2113 ferre
687 2058 744 2110 in
769 2055 964 2109 Deum.
1007 2051 1166 2108 Unde
1210 2049 1277 2106 et'
1308 2059 1432 2122 post
1467 2058 1668 2105 cratera
1697 2051 1861 2105 etiam
1901 2047 2005 2102 hoc
2034 2047 2116 2102 lo-

509 2159 752 2221 quuntur
785 2165 800 2201 :
831 2146 1004 2216 Quare
1033 2161 1204 2200 errare
1230 2161 1324 2198 nos
1353 2144 1521 2214 fecisti
1546 2189 1559 2212 ,
1604 2139 1824 2196 Domine
1855 2185 1868 2208 ,
1914 2142 1977 2196 de
2022 2141 2117 2196 viis

510 2245 634 2302 tuis.
659 2241 745 2296 vel
767 2239 1019 2295 seduxisti
1037 2255 1133 2292 nos
1156 2237 1221 2292 de
1240 2237 1319 2291 via
1343 2247 1430 2290 tua
1457 2236 1754 2290 :indurasti
1774 2252 1862 2288 cor
1882 2243 2115 2288 nostrum

509 2349 575 2390 ne
619 2335 913 2387 timeremus
943 2331 1033 2385 te?
1061 2328 1180 2383 Non
1213 2343 1322 2400 quo
1354 2329 1495 2384 Deus
1527 2330 1731 2384 erroris
1763 2341 1924 2382 causa
1965 2328 2033 2381 sit
2065 2337 2117 2382 t-t

511 2426 758 2493 duritiae,
789 2424 884 2480 sed
925 2437 1034 2494 quo
1066 2422 1213 2477 illius
1263 2421 1521 2491 patientia
1549 2463 1563 2486 ,
1599 2431 1839 2476 nostram
1881 2435 2114 2490 exspec-

507 2519 677 2575 tantis
699 2519 948 2581 salutem,
975 2518 1102 2569 dum
1129 2527 1239 2567 non
1261 2512 1494 2582 corripit
1518 2510 1926 2582 delinquentes,
1954 2526 2114 2588 causa

507 2613 717 2669 erroris
749 2610 1076 2679 duritiaeque
1101 2605 1372 2661 videatur.
1408 2605 1564 2660 Unde
1594 2607 1921 2676 quibusdam
1953 2605 2116 2662 veho-

506 2712 728 2760 menter
753 2704 950 2765 iratus,
985 2716 1010 2750 a
1039 2697 1397 2767 percutiendo
1428 2712 1648 2750 manum
1692 2699 1976 2768 Suspendit
1999 2741 2013 2764 ,
2061 2709 2118 2754 et

2216 1872 2566 1926 clementiam
2600 1869 2898 1939 polliceris,
2925 1874 2981 1920 et
3011 1865 3162 1936 quasi
3193 1862 3514 1919 misericors
3541 1869 3700 1931 pater
3717 1857 3828 1912 dis-

2218 1963 2447 2018 simulas
2477 1962 2756 2024 duritiam,
2787 1970 2842 2016 et
2864 1960 3055 2014 artifex
3093 1955 3342 2013 medicus
3389 1952 3694 2010 abscondis
3722 1951 3828 2006 fer-

2217 2071 2336 2111 rum
2368 2057 2760 2120 acutiSs-imum,
2792 2069 2860 2110 ne
2889 2059 3242 2122 atgrotantem
3272 2059 3484 2107 terreas
3538 2057 3825 2117 antequam

2219 2165 2402 2216 cures,
2455 2146 2632 2204 fecisti
2679 2163 2765 2202 me
2815 2146 3216 2216 negligentem;
3255 2149 3480 2214 propter
3501 2139 3646 2210 quod
3675 2145 3731 2194 et
3759 2138 3828 2192 de

2219 2243 2525 2300 Jerusalem
2555 2242 2689 2298 dicit
2719 2241 2864 2297 Deus
2892 2239 3061 2294 :Eree
3080 2257 3172 2310 ego
3203 2238 3453 2293 sedaram
3483 2251 3622 2300 eam,
3649 2244 3701 2290 et
3733 2249 3828 2304 po-

2221 2353 2341 2391 nam
2368 2353 2482 2390 eam
2509 2335 2659 2406 quasi
2687 2335 2963 2398 desertum,
2997 2343 3046 2388 et
3080 2342 3102 2372 ε
3132 2339 3362 2386 statuam
3398 2346 3516 2384 eam
3542 2330 3678 2383 sicut
3725 2335 3830 2381 ter-

2219 2447 2334 2485 ram
2360 2433 2552 2502 absque
2573 2430 2744 2502 aquis.
2779 2439 2826 2483 et
2855 2429 3039 2500 loquar
3059 2427 3129 2482 ad
3158 2443 3247 2480 cor
3267 2427 3384 2496 ejus
3410 2439 3430 2479 :
3470 2432 3522 2478 et
3547 2421 3680 2478 dabo
3704 2438 3828 2492 pos-

2219 2525 2468 2580 sessiones
2491 2525 2603 2596 ejus
2628 2523 2768 2584 inde,
2801 2531 2848 2574 et
2874 2520 3058 2574 vallem
3078 2519 3250 2572 Achor
3279 2517 3350 2571 ad
3374 2515 3712 2589 operiendam
3740 2516 3828 2568 in-

2221 2618 2558 2690 telligs‘ntt'am
2589 2616 2742 2689 (Osee
2769 2633 2810 2680 ι,
2839 2615 2929 2682 Η,
2957 2613 3072 2685 15).
3112 2611 3546 2669 Consideremus
3575 2611 3826 2668 ordinem

2221 2711 2560 2781 singulomm
2594 2726 2608 2762 :
2633 2709 2846 2765 seducit
2869 2721 3014 2774 eam,
3043 2716 3098 2762 et
3120 2705 3250 2762 facit
3269 2719 3394 2763 esse
3431 2703 3742 2772 desertam‘,
3773 2713 3828 2758 et

506 2798 754 2866 loquitur
779 2812 791 2848 :
829 2791 953 2847 Non
983 2790 1202 2846 visitabo
1223 2807 1379 2862 super
1405 2789 1545 2860 filias
1571 2799 1762 2845 vestras
1785 2807 1899 2845 cum
1924 2795 2121 2864 fuerint
2221 2801 2428 2872 absque
2454 2816 2612 2872 aqua,
2649 2809 2710 2856 ιιι
2735 2800 2992 2856 virtutum
3021 2799 3260 2870 patiatur
3304 2798 3475 2854 sitim,
3508 2798 3642 2864 Qua;
3671 2805 3827 2865 post-

505 2888 802 2959 fornicata,
835 2895 882 2940 et
911 2901 1066 2953 super
1085 2900 1304 2956 sponsas
1333 2894 1524 2938 vestras
1549 2899 1664 2937 cum
1711 2885 2118 2940 adulterarerint

508 2982 668 3056 (Osee
697 2997 773 3046 tv,
823 2979 935 3051 14).
981 2978 1247 3050 Flagellat
1278 2979 1423 3033 enim
1471 2993 1691 3033 omnem
1738 2977 1912 3032 [illum
1955 2995 2113 3050 quem

503 3077 721 3146 recipit,
756 3084 813 3132 et
839 3074 907 3131 ad
953 3075 1056 3130 hoc
1097 3075 1330 3146 percutit
1359 3083 1420 3128 ut
1449 3073 1713 3129 emendet
1759 3072 1948 3147 (Hebr.
1994 3075 2112 3144 xu).

502 3170 751 3238 Denique
778 3169 868 3240 qni
899 3183 1239 3239 nequaquam
1276 3167 1514 3222 filiorum
1561 3167 1893 3222 voeabulnm
1927 3169 2118 3238 perdi-

504 3266 724 3334 derunt,
758 3266 853 3322 sed
888 3281 984 3336 per
1013 3280 1202 3336 poenas
1233 3262 1587 3320 retrahuntur
1615 3261 1681 3317 ad
1711 3262 2108 3334 pteniteutiam,

504 3362 643 3418 dicit
671 3361 740 3418 de
769 3361 852 3418 eis
887 3379 898 3414 :
940 3359 1170 3415 Visitabo
1199 3360 1252 3412 in
1286 3359 1431 3434 virga
1462 3359 1758 3428 iniquitates
1805 3373 2011 3422 eorum,
2065 3366 2113 3412 et

501 3455 557 3510 in
583 3455 805 3527 ﬂagellis
833 3461 1039 3526 peccata
1070 3467 1247 3505 eorum
1277 3467 1295 3504 :
1324 3449 1728 3504 misericordiam
1748 3459 1920 3502 autem
1947 3465 2112 3502 meam

500 3562 604 3602 non
637 3547 874 3618 auferam
916 3545 979 3599 ab
1011 3544 1084 3597 eis
1137 3541 1314 3616 (Psal.
1368 3556 1633 3607 LxxxVIit,
1664 3541 1780 3612 55).
1831 3539 1929 3596 Est
1961 3539 2109 3595 enim

499 3637 718 3692 triatitia
747 3653 868 3708 qua:
901 3635 1056 3690 ducit
1083 3634 1148 3688 ad
1192 3635 1386 3698 vitam,
1411 3643 1468 3687 et
1497 3642 1580 3687 est
1614 3633 1830 3688 tristitia
1861 3645 1983 3699 qua:
2013 3630 2112 3685 du-

501 3729 581 3786 cit
601 3728 667 3782 ad
693 3736 944 3782 mortem.
972 3725 1131 3782 Unde
1152 3734 1208 3779 et
1233 3733 1486 3794 peccator
1515 3725 1756 3795 loquitur
1779 3724 1828 3778 in
1854 3724 2070 3794 psalmo
2095 3740 2108 3777 :

501 3821 780 3878 Declinore
831 3819 1000 3890 fecisti
1045 3818 1258 3872 semitas
1285 3827 1491 3870 nostras
1535 3833 1566 3868 a
1612 3818 1694 3870 via
1727 3827 1835 3882 tua,
1867 3826 1914 3869 et
1941 3815 2112 3870 humi-

500 3917 644 3974 liasti
668 3931 761 3970 nos
792 3913 846 3967 in
869 3916 984 3968 loco
1007 3911 1299 3983 afﬂictionis
1328 3909 1504 3984 (Psnl.
1538 3926 1690 3977 xuii,
1734 3909 1850 3982 i9).
1899 3910 1968 3966 Et
2017 3927 2114 3980 per

500 4011 860 4086 quadraginta
913 4022 1090 4064 annos
1144 4015 1292 4062 errat
1353 4007 1586 4078 populus
1638 4007 1689 4060 in
1745 4007 2003 4073 deserto;
2051 4017 2112 4064 ut

503 4106 744 4178 priorem
776 4101 916 4156 viam
949 4115 1057 4156 non
1095 4099 1362 4168 inveniat,
1397 4115 1498 4155 nec
1522 4097 1586 4152 ad
1613 4098 1901 4170 Egyptios
1923 4115 2111 4154 rever-

471 4219 475 4222 ι
500 4206 645 4252 tatur
669 4193 858 4266 (Num.
885 4193 1074 4262 xxxii).
1107 4189 1163 4244 1n
1191 4190 1334 4246 Osee
1357 4206 1574 4261 quoque
1597 4191 1881 4261 sepinntur
1901 4193 2112 4247 semita:

501 4287 834 4350 Jerusalem,
867 4292 924 4340 et
955 4283 1284 4340 clauduntur
1309 4285 1524 4354 spinis;
1557 4300 1628 4340 ne
1661 4291 1923 4356 sequatur
1962 4300 2111 4338 ama—

500 4392 652 4438 tores
682 4393 833 4444 suos,
867 4385 924 4432 et
948 4375 1278 4430 necessitate
1321 4375 1598 4445 compulsa
1625 4417 1640 4442 ,
1691 4385 1995 4432 revertatur
2039 4375 2109 4432 ad

501 4475 678 4531 virum
704 4486 860 4527 suum
889 4470 1176 4540 pristinum
1198 4467 1352 4542 (Osee
1377 4467 1458 4540 ιι).
1492 4469 1557 4524 Et
1581 4468 1884 4537 Pharaonis
1908 4470 2110 4526 dicitur

2221 2909 2384 2965 quam
2415 2893 2618 2949 dixerit
2646 2911 2658 2947 :
2685 2893 2860 2950 Sitivit
2899 2893 2954 2947 in
2983 2901 3033 2946 te
3057 2893 3235 2946 anima
3264 2909 3408 2955 mea,
3458 2907 3614 2964 quam
3648 2891 3830 2944 multi-

2222 2985 2425 3058 pliciter
2453 2987 2545 3040 tibi
2576 3001 2698 3041 caro
2728 3002 2839 3039 mea
2869 2983 3046 3056 (Psal.
3077 2999 3190 3050 xu,
3211 2985 3292 3055 2),
3315 2992 3446 3038 tunc
3471 2984 3730 3054 loquetur
3754 2982 3828 3037 ad

2221 3093 2319 3132 eor
2345 3078 2484 3147 ejus,
2514 3088 2568 3134 et
2595 3077 2870 3147 lugentem
2902 3077 3297 3132 consolahitur.
3329 3073 3396 3130 Et
3429 3074 3581 3130 dabit
3607 3075 3662 3130 ei
3693 3089 3828 3141 pos-

2141 3148 2194 3213 C
2219 3173 2521 3227 seasionem
2549 3171 2697 3238 inde,
2726 3169 2831 3227 hoc
2870 3182 2953 3226 εει
2975 3213 2988 3232 .
3019 3171 3089 3226 de
3121 3169 3436 3240 paenitentia
3485 3177 3540 3225 et
3583 3183 3832 3226 maerore

2218 3265 2310 3336 qui
2335 3272 2595 3335 operatur
2616 3265 2872 3321 salutem.
2906 3265 2973 3318 Et
3003 3263 3286 3319 humilitas
3305 3262 3612 3320 conturbati
3637 3261 3829 3318 cordis

2217 3357 2340 3428 ejus
2374 3357 2499 3429 (hoc
2529 3357 2674 3413 enim
2699 3358 3093 3428 interpretatur
3118 3356 3277 3412 vallis
3300 3355 3512 3426 Achar)
3539 3355 3711 3426 aperit
3735 3357 3825 3408 in-

2217 3449 2601 3521 telligentiam,
2626 3467 2693 3506 ne
2717 3451 2928 3520 ignoret
2945 3449 3262 3505 Creatorem
3287 3463 3470 3503 suum.
3497 3446 3706 3514 Hostes,
3722 3447 3820 3514 ait,

2219 3544 2383 3597 nostri
2406 3543 2838 3598 conculcaverunt
2857 3543 3213 3596 sanctuarium
3232 3552 3399 3596 tuum.
3427 3540 3582 3596 Haud
3595 3539 3822 3596 dubium

2218 3636 2348 3706 quin
2382 3634 2673 3706 Templum
2713 3634 3020 3706 significet,
3070 3633 3216 3706 quod
3261 3633 3498 3690 victores
3539 3635 3830 3691 calcavere

2218 3723 2474 3780 Romani.
2506 3725 2575 3780 Et
2595 3725 2720 3782 facti
2751 3740 2938 3782 smnus
2970 3724 3112 3782 sicut
3135 3725 3186 3780 iu
3221 3725 3496 3797 principio
3529 3734 3824 3796 antequam

2221 3833 2540 3875 vocaremur
2569 3821 2624 3875 in
2647 3820 2950 3887 Abraham,
2981 3829 3037 3876 et
3061 3819 3190 3874 dum
3217 3835 3467 3876 essemus
3489 3819 3820 3893 iiiiﬁgypto,

2218 3927 2326 3968 non
2359 3910 2626 3969 habentes
2651 3911 2845 3978 Deum,
2877 3928 2979 3968 nec
3007 3927 3192 3984 reges,
3222 3927 3328 3969 nec
3356 3913 3639 3983 principes
3662 3957 3676 3976 ,
3722 3930 3824 3968 nec

2215 4004 2539 4076 Prophetas,
2567 4021 2671 4062 nec
2711 4004 2912 4076 Legem
2949 4005 3328 4060 mandatorum
3374 4003 3473 4062 Dei
3525 4006 3674 4079 (Usa.
3709 4011 3814 4073 tu),

2215 4114 2337 4170 quae
2360 4098 2539 4153 omnia
2564 4107 2690 4170 post
2717 4098 3026 4167 passionem
3063 4098 3334 4168 completa
3383 4106 3518 4154 sunt
3568 4099 3812 4163 Domini,

2216 4185 2490 4259 hodieque
2513 4187 2870 4258 complentur.
2902 4189 3219 4246 Dicentibus
3238 4189 3395 4244 enim
3415 4190 3560 4244 illis:
3591 4191 3815 4262 Sanguis

2217 4283 2333 4354 ejus
2357 4297 2514 4354 super
2539 4297 2657 4347 nos,
2703 4290 2752 4336 et
2789 4295 2944 4354 super
2969 4280 3110 4351 ﬁlios
3133 4288 3342 4336 nostros
3385 4279 3609 4352 (Matth.
3649 4299 3811 4346 xxvn,

2214 4373 2338 4446 εδ),
2371 4386 2556 4430 manet
2579 4372 2890 4430 maledictio
2912 4374 3266 4445 sempiterna,
3298 4382 3352 4429 et
3379 4389 3488 4430 non
3509 4374 3820 4431 dominatur

2213 4483 2402 4524 eorum
2459 4467 2636 4532 Deus,
2683 4483 2858 4538 neque
2909 4469 3200 4523 invocatur
3229 4483 3431 4524 nomen
3476 4468 3626 4523 illius
3654 4483 3816 4540 super

501 4569 649 4624 Deus
695 4563 983 4620 induraSse
1009 4577 1126 4630 cor,
1156 4577 1224 4616 ne
1253 4561 1556 4618 dimitteret
1589 4563 1846 4632 populum
1881 4562 2020 4632 ejus,
2055 4572 2110 4618 et
2137 4548 2188 4609 Π
2212 4575 2330 4627 eos,
2363 4562 2492 4616 dum
2523 4576 2858 4631 nequaquam
2891 4559 2988 4618 Dei
3017 4561 3256 4632 populus
3285 4573 3662 4633 nuncupatur.

501 4671 564 4718 ut
589 4660 778 4716 decem
813 4656 984 4727 plagis
1010 4653 1348 4724 afﬂigerelur
1379 4652 1576 4726 (Exod.
1606 4656 1704 4725 tv).
1737 4654 1909 4723 Quam
1959 4669 2104 4726 qum-

496 4756 732 4813 stioncm
756 4750 1177 4820 diligentissime
1206 4747 1403 4802 Paulus
1431 4748 1699 4804 disseruit
1727 4748 1794 4803 ad
1829 4749 2104 4804 Romanos

498 4847 682 4920 (Rom.
715 4843 816 4912 ix).
848 4841 917 4896 Et
945 4857 1046 4896 nos
1073 4839 1101 4879 δ
1133 4841 1185 4895 in
1209 4838 1450 4910 quodam
1473 4854 1638 4909 opere
1663 4841 2099 4910 perstrinximus.

497 4936 828 5002 Convertere,
877 4935 974 5000 ait,
1025 4933 1267 5001 Domine,
1307 4931 1423 4990 sive
1454 4942 1690 4987 converte
1745 4949 1838 4988 nos
1885 4943 2102 5006 propter

573 5145 600 5173 ἰ
647 5133 840 5190 Nescio
875 5173 889 5198 ,
935 5129 1118 5203 inquit
1153 5130 1427 5187 Victorius
1464 5174 1478 5199 ,
1535 5133 1660 5203 quis
1717 5131 1858 5188 hanc
1906 5147 2095 5190 vocem

506 5217 690 5265 sancta
735 5206 822 5259 hic
872 5201 1187 5268 iufarserit;
1237 5203 1392 5258 deest
1454 5201 1600 5258 enim
1647 5218 1754 5259 non
1819 5205 1992 5258 solum
2042 5206 2095 5259 in

504 5280 878 5341 LXX,verum
899 5276 1060 5328 etiam
1091 5274 1159 5346 iit
1177 5273 1452 5346 liehraieo
1479 5286 1530 5330 et
1568 5275 1794 5346 Vulgata
1819 5276 1974 5340 6dit.,
1998 5291 2100 5331 nec

505 5354 664 5410 illam
687 5351 838 5418 pmiit
863 5347 1086 5402 lictori.
1120 5344 1259 5402 Tum
1288 5345 1428 5401 infra
1459 5360 1584 5415 cap.
1611 5344 1713 5404 ωίν
1733 5389 1755 5416 ,
1782 5347 1964 5416 initio,
1994 5347 2103 5404 hoc

512 5423 880 5480 testimonium
909 5419 1062 5476 citat.

581 5495 604 5531 ι’
647 5493 711 5548 In
737 5489 962 5562 quodam
991 5506 1142 5562 opere
1172 5489 1587 5561 perstrinximus.
1614 5489 1878 5554 intelligit
1892 5491 2096 5562 episto-

494 5565 557 5620 la
583 5586 612 5617 u
647 5561 886 5620 “adibis!
915 5561 1169 5630 scriptam
1197 5577 1212 5624 ;
1241 5577 1362 5615 nam
1393 5561 1696 5629 qumSilOW
1725 5562 1956 5616 iii-hanc
1985 5563 2098 5615 dis-

502 5635 674 5690 ienuit
694 5633 1090 5690 diiticultatiam.
1118 5633 1291 5687 Porro
1310 5632 1612 5699 iuepistola
1637 5633 1821 5699 prima
1835 5633 2094 5687 Ecclesia:

499 5700 881 5772 Lugdunensis
905 5703 972 5758 de
1002 5702 1494 5772 Prtedcstinatione
1520 5715 1706 5772 contra
1737 5714 1857 5758 tres
1879 5704 2092 5772 Episto-

499 5768 610 5828 las
632 5771 876 5841 ejusdem
905 5771 1153 5832 niouachi
1175 5771 1268 5842 qui
1291 5785 1412 5827 eam
1441 5771 1802 5842 quaestionem
1825 5768 2088 5842 moverat,

2290 4652 2904 4728 (C‘p.LXlV.—Vers.t
2925 4653 3106 4726 seqq.)
3129 4653 3704 4727 Utinamdisrnmprres
3721 4671 3816 4710 ea-

2207 4749 2285 4800 Ios
2314 4756 2363 4800 et
2392 4744 2724 4800 descenderes
2743 4761 2762 4799 :
2779 4761 2815 4798 a
2831 4747 2966 4818 facie
2987 4756 3078 4800 tua
3102 4756 3302 4800 montes
3321 4745 3636 4813 deﬂuerent.
3657 4747 3820 4821 759

2210 4837 2362 4894 Sicut
2373 4838 2572 4892 exuuio
2591 4838 2726 4910 ignis
2739 4838 3066 4909 tabescerent,
3081 4855 3228 4909 aquae
3247 4837 3492 4896 arderent
3505 4841 3619 4913 igni
3627 4883 3641 4904 ,
3657 4852 3712 4897 ut
3725 4855 3814 4894 no—

2209 4943 2317 4988 tum
2345 4933 2490 5004 ﬁeret
2514 4949 2697 4988 nomen
2724 4944 2870 4988 tuum
2899 4933 3124 4988 inimicis
3157 4933 3338 4989 tuine
3355 4933 3496 5005 facie
3518 4944 3612 4990 tua
3643 4945 3814 5007 gentes

2203 5135 2408 5190 dicitur
2436 5133 2528 5192 ille
2559 5137 2858 5191 monachus
2900 5135 3216 5205 opinionem
3251 5151 3405 5192 suam
3436 5135 3658 5196 fulsisse
3686 5155 3807 5196 auc-

2204 5209 2432 5262 toritate
2477 5207 2624 5262 beati
2671 5209 3020 5278 Hieronymi,
3057 5209 3108 5262 in
3163 5209 3309 5263 libro
3333 5210 3406 5264 de
3457 5212 3808 5267 Indttratiooe

2203 5279 2388 5334 cordis
2416 5279 2740 5341 Pharaonis,
2787 5295 2950 5349 quem
2979 5282 3280 5348 germinum
3305 5295 3428 5337 esse
3459 5297 3534 5338 ex
3559 5282 3664 5338 hoc
3691 5284 3806 5337 loco

2203 5349 2490 5422 probabat.
2521 5349 2647 5405 Hoc
2679 5351 3132 5422 antemgepistola
3171 5351 3376 5422 scripta
3427 5354 3576 5410 circa
3607 5369 3797 5410 annum

2204 5419 2419 5476 Domini
2449 5421 2556 5478 855
2577 5431 2754 5475 exstat
2775 5422 2828 5476 in
2853 5419 3189 5477 Biblioxheca
3218 5419 3467 5480 Patrum.
3532 5426 3786 5480 Maurus.

2309 5503 2332 5529 ο
2365 5491 2585 5546 Vietor.-
2607 5491 2814 5556 isthmc,
2845 5503 3068 5548 statuam
3096 5509 3210 5548 eam
3235 5495 3370 5548 sicut
3396 5505 3593 5551 terram
3621 5496 3796 5563 absque

2203 5563 2372 5632 aquis.
2401 5563 2616 5634 adjecta
2631 5567 2926 5631 existimat,
2953 5567 3026 5620 uti
3056 5568 3487 5630 praecedentium
3516 5568 3790 5624 verborum

2201 5635 2618 5701 expositionem,
2649 5652 2772 5690 eum
2794 5647 2900 5690 non
2931 5635 3090 5692 modo
3120 5635 3176 5692 in
3203 5635 3380 5702 LXX,
3411 5639 3514 5694 sed
3536 5650 3593 5696 et
3615 5641 3665 5694 in
3692 5637 3784 5693 υθ-

2202 5704 2367 5780 luteo
2396 5720 2462 5780 ac
2508 5705 2736 5780 _V_ulgata
2783 5705 2970 5763 Latina
3017 5707 3227 5774 desint;
3258 5715 3423 5780 atque
3452 5711 3590 5768 adeo
3619 5725 3708 5780 pro
3744 5717 3788 5760 et

2203 5777 2482 5848 rescripsit
2501 5777 2558 5830 id
2571 5777 2664 5833 est.

3969 3077 3972 3182 ι

3969 3215 3972 3296 l

3970 3327 3972 3370 |
