3972 6332
498 275 607 335 625

1750 261 1810 321 S.
1850 257 2125 323 EUSEBH
2162 255 2540 322 [HEROle

3695 257 3806 316 σει

504 391 843 456 Lcusiborae,
881 395 945 443 ac
987 384 1328 456 reliquorum
1380 381 1664 439 nominum
1697 391 1951 453 portenta
1984 396 2106 438 sus-
2134 387 2180 448 Α
2210 380 2496 451 (Philipp.
2531 379 2635 451 ιιι),
2665 385 2720 435 et
2758 382 2981 449 propter
3017 375 3349 436 eminentem
3375 371 3667 433 scientiam
3695 375 3804 430 Do-

505 489 774 556 ciperent.
826 481 905 536 De
940 480 1139 551 quibus
1181 475 1601 548 diligentissime
1639 480 1722 530 vir
1772 473 2103 545 apostolicus

505 579 694 636 scribit
743 577 1004 641 lrenaeus,
1051 574 1343 644 episcopus
1391 569 1773 641 Lugdunensis
1801 578 1855 624 et
1876 577 2102 639 martyr,

506 670 804 724 multarum
847 665 1088 736 origines
1127 663 1408 733 explicans
1437 661 1749 728 hazrescmn,
1787 669 1841 716 et
1871 659 2108 714 maxime

507 760 918 826 Cnosticorum,
970 757 1063 827 qui
1104 772 1203 827 per
1252 755 1490 812 Marcum
1523 752 1862 824 lEgyptium,
1907 750 2110 806 Gallia-

511 869 626 908 rum
657 852 890 923 primum
915 852 1062 906 circa
1092 849 1414 906 Rhodanum
1436 893 1449 916 ,
1494 847 1694 903 deinde
1724 845 2107 916 Hispaniarum

511 947 722 1004 nobiles
770 946 1004 1002 feminas
1053 945 1424 1014 decepcrunt,
1468 943 1767 998 miscentes
1794 940 1988 995 fabulis
2017 954 2111 994 vo-

507 1040 793 1111 luptatem,
846 1046 901 1094 et
952 1037 1240 1107 imperitiae
1274 1052 1389 1092 sua:
1431 1050 1630 1091 nomen
1663 1032 1907 1088 scientiae
1933 1032 2112 1088 vindi-

507 1141 698 1188 cantes
728 1131 991 1200 (lrenteus
1021 1131 1114 1185 lib.
1141 1147 1158 1185 ι
1181 1131 1245 1186 de
1287 1130 1543 1200 Herem).
1575 1127 1734 1198 Quod
1765 1138 1946 1184 autem
1979 1127 2113 1183 dicit

511 1226 748 1297 populus
779 1225 833 1280 in
868 1225 1148 1295 prmsenti,
1183 1223 1287 1280 hoc
1314 1232 1420 1290 est,
1457 1237 1754 1292 numquam
1793 1236 1856 1277 se
1895 1235 1998 1276 nec
2019 1235 2114 1274 au-

510 1319 686 1385 ribus,
718 1333 818 1373 nec
840 1317 1017 1373 oculis
1045 1319 1406 1388 cognovisse,
1448 1331 1570 1386 quae
1593 1316 1737 1371 Deus
1765 1315 1969 1371 sanctis
1997 1315 2112 1370 suis

516 1420 788 1482 praeparet
817 1411 870 1465 in
897 1410 1134 1466 futurum
1162 1429 1174 1463 :
1215 1409 1360 1481 quod
1393 1417 1650 1465 occurrat
1675 1407 1760 1462 his
1788 1407 1882 1478 qui
1905 1407 2113 1463 faciunt

508 1503 802 1573 justitiam,
831 1513 884 1558 et
912 1504 1123 1558 viarum
1148 1503 1296 1557 illius
1334 1501 1716 1558 recordantur.
1768 1500 2114 1572 Porrojuxta

515 1598 873 1669 Septuaginta
919 1597 1130 1664 dicunt,
1175 1612 1236 1652 se
1286 1611 1581 1666 numquam
1628 1595 1798 1650 Deum
1828 1595 1995 1648 alium
2021 1608 2116 1650 co-

513 1691 799 1763 gnovisse,
859 1701 1057 1761 praeter
1096 1707 1221 1746 eum
1264 1693 1354 1761 qui
1383 1705 1512 1746 vere
1539 1691 1680 1746 Deus
1709 1698 1812 1757 est,
1844 1702 1946 1744 nec
1976 1689 2116 1744 alte-

2212 475 2346 530 mini
2375 474 2548 530 nostri
2570 473 2699 530 Jesu
2721 470 2954 538 Christi,
2989 480 3209 542 propter
3235 485 3393 541 quem
3425 479 3626 524 cuncta
3654 468 3802 523 arbi-

2211 575 2386 621 tratur
2415 564 2570 636 quasi
2623 572 2899 632 stercora,
2948 571 3008 617 ut
3044 563 3319 619 Christum
3360 562 3698 628 lucrifaciat,
3756 570 3811 616 et

2211 659 2522 714 inveniatur
2548 657 2602 712 in
2633 672 2699 712 eo
2730 671 2836 712 non
2859 655 3066 712 habens
3093 671 3248 712 suam
3271 655 3706 726 justitiam,qu:e
3742 670 3811 711 ex

2213 751 2360 823 Lege
2389 761 2495 817 est,
2529 750 2626 808 sed
2655 765 2752 822 per
2772 749 2932 806 tidem
2955 750 3163 806 Christi
3207 765 3326 820 qua:
3357 759 3449 805 est
3475 763 3549 804 ex
3582 749 3693 804 Deo
3717 748 3813 818 ju-

2213 845 2384 900 stitia.
2456 844 2554 899 Est
2603 844 2748 900 enim
2795 844 2977 915 jnstus
3019 843 3113 916 qui
3168 845 3312 914 perit
3348 843 3405 900 in
3444 844 3658 914 justitia
3698 858 3802 899 sua

2215 939 2443 1012 (Eccles.
2467 939 2549 1010 7),
2597 939 2643 994 si
2673 949 2798 1009 post
2829 938 3111 1010 Evangelii
3140 937 3434 994 veritatem
3465 938 3690 994 umbras
3718 953 3816 995 ve-

2214 1035 2276 1088 lit
2329 1048 2599 1090 exercere
2649 1034 2876 1104 legales,
2921 1042 2980 1090 et
3008 1047 3116 1088 non
3140 1032 3290 1104 juste
3314 1033 3461 1104 quod
3486 1032 3699 1103 justum
3731 1042 3819 1090 est

2217 1129 2494 1199 persequi.
2561 1127 2716 1184 Unde
2739 1129 2900 1199 juxta
2925 1127 3401 1200 sapientissimum
3431 1127 3818 1197 Salomonem,

2216 1221 2396 1279 omnis
2434 1223 2519 1278 vir
2557 1224 2773 1278 videtur
2814 1224 2917 1281 sibi
2966 1225 3172 1294 justus,
3209 1239 3337 1279 cum
3372 1224 3427 1280 in
3460 1227 3588 1295 lege
3630 1238 3818 1281 versa-

2220 1325 2346 1371 tur:
2379 1317 2446 1372 ad
2471 1333 2607 1389 quos
2629 1318 2900 1374 Dominus
2933 1319 3177 1389 loquitur
3209 1319 3262 1373 in
3298 1318 3818 1392 Evangelioz763

2225 1407 2331 1462 Vos
2357 1410 2477 1464 estis
2507 1411 2597 1479 qui
2618 1411 2954 1483 vosmetipsos
2969 1411 3278 1480 iustiﬁcatis
3308 1426 3486 1465 coram
3517 1410 3820 1465 hominibus

2218 1500 2373 1571 (Luc.
2400 1519 2514 1569 xvr,
2541 1504 2657 1573 l5).
2701 1503 2857 1572 Quod
2885 1504 3084 1560 Paulus
3113 1505 3331 1576 fugiens
3361 1506 3466 1559 ait:
3504 1503 3665 1560 Nihil
3697 1505 3822 1560 mihi

2219 1597 2459 1650 conscius
2506 1612 2644 1662 sum,
2702 1612 2792 1651 nec
2825 1606 2999 1650 tamen
3041 1597 3092 1650 in
3139 1597 3234 1652 hoc
3251 1597 3578 1670 justiﬁcatus
3608 1613 3729 1652 sunt
3756 1595 3826 1668 (II

2222 1686 2343 1742 Cor.
2379 1702 2453 1754 tv,
2487 1686 2570 1759 4).
2631 1687 2709 1742 Ex
2745 1699 2972 1758 peccato
3009 1697 3194 1744 autem
3227 1689 3324 1745 Dei
3347 1689 3592 1760 justitia,
3624 1691 3695 1745 de
3720 1705 3824 1763 qua

513 1785 630 1841 rius
674 1785 799 1840 talia
842 1798 1010 1854 opera
1055 1793 1308 1854 tantaque
1338 1783 1564 1850 vidisse,
1607 1798 1715 1853 que
1758 1782 1999 1837 facturus
2047 1781 2120 1836 sit
2148 1786 2196 1847 Β
2225 1779 2370 1835 idem
2398 1779 2657 1835 Salomon
2688 1781 2964 1850 loquitur:
3020 1780 3308 1854 Intelligite
3327 1783 3596 1854 justitiam
3623 1799 3821 1840 veram.

512 1878 600 1933 his
631 1878 723 1948 qui
767 1886 1092 1946 exspectent
1137 1875 1573 1932 misericordiam
1622 1875 1761 1945 ejus,
1803 1873 2120 1943 faciantque

509 1970 784 2038 justitiam
819 2014 832 2038 ,
865 1978 922 2024 et
947 1969 1159 2024 viarum
1185 1968 1331 2023 illius
1360 1967 1743 2024 recordentur.
1799 1967 1869 2021 Et
1893 1983 2122 2037 quomo-

513 2063 586 2118 do
623 2064 889 2133 scriptum
929 2072 1012 2118 est
1040 2081 1053 2118 :
1081 2061 1248 2116 Deum
1290 2078 1439 2116 nemo
1480 2061 1607 2114 vidit
1645 2077 1893 2132 umquam
1933 2059 2116 2132 (Joan.

515 2172 555 2222 ι,
592 2155 704 2227 18).
761 2156 826 2210 Ει
850 2155 1084 2210 iterum:
1157 2153 1326 2208 Nemo
1353 2155 1489 2208 ridet
1513 2154 1698 2224 faciem
1722 2170 1891 2206 meam
1916 2162 1963 2209 et
1991 2155 2121 2208 vivet

520 2246 724 2321 (Exod.
758 2245 1106 2318 xxxut,‘20)?
1159 2247 1300 2317 Ergo
1347 2246 1489 2301 Deus
1533 2261 1873 2317 nequaquam
1913 2261 2124 2301 sermo-

517 2341 681 2395 nibus
712 2339 1040 2410 explicatur,
1069 2354 1170 2394 nec
1202 2339 1376 2394 oculis
1402 2337 1849 2408 contemplabilis
1877 2346 1982 2405 est,
2023 2335 2122 2393 sed

516 2433 586 2489 ab
617 2433 702 2487 his
734 2433 972 2500 videtur,
998 2432 1068 2486 de
1098 2431 1297 2502 quibus
1321 2431 1586 2501 scriptum
1618 2438 1722 2486 est:
1754 2429 1901 2485 Beati
1930 2429 2122 2483 mundo

521 2526 700 2593 corde,
724 2527 970 2597 quoniam
1003 2525 1104 2594 ipsi
1137 2524 1304 2578 Deum
1329 2523 1573 2577 videbunt
1597 2522 1819 2593 (Matth.
1851 2539 1902 2590 v,
1932 2521 2013 2594 8).

594 2619 778 2691 (Vers.
797 2618 886 2689 6.)
909 2618 1039 2672 Ecce
1062 2631 1117 2671 tu
1147 2619 1313 2670 iratus
1335 2633 1408 2683 es,
1431 2626 1478 2670 et
1505 2617 1854 2684 peccavimus;
1881 2617 1934 2670 in
1957 2616 2123 2688 762

520 2715 650 2782 ipsis
673 2711 870 2782 fuimus
901 2725 1120 2778 semper,
1179 2717 1225 2760 et
1274 2706 1611 2760 salvabimur.
1673 2704 1742 2760 Et
1774 2709 1900 2778 [acti
1945 2724 2123 2762 sumus

517 2814 574 2858 ut
603 2801 902 2856 immundus
951 2798 1077 2871 [AL
1100 2797 1391 2869 immundi]
1438 2815 1614 2853 omnes
1651 2814 1770 2865 nos,
1810 2801 1961 2870 quasi
1983 2817 2118 2869 pan-

523 2914 622 2951 nus
674 2903 1004 2948 menstruam:
1049 2893 1305 2947 universis
1333 2893 1556 2963 justitia:
1583 2903 1794 2948 nostrae.
1838 2893 1907 2947 Et
1935 2896 2126 2949 cecidi-

525 3009 639 3046 mus
668 2990 820 3060 quasi
842 2989 1031 3058 folium
1062 2967 1310 3055 universi,
1346 2997 1394 3043 et
1425 2989 1725 3059 iniquitates
1755 2997 1950 3043 nostrw
1976 2989 2126 3060 quasi

525 3093 707 3140 ventus
753 3081 1079 3137 abstulerunt
1133 3097 1247 3136 nos.
1301 3079 1446 3136 LXX
1483 3079 1657 3134 :Ecce
1703 3091 1757 3135 tu
1789 3081 1955 3136 iratus
1977 3098 2050 3147 es,
2076 3089 2124 3134 et

2223 1871 2370 1942 Ergo
2416 1881 2500 1928 est
2537 1873 2646 1926 alia
2679 1872 2892 1942 justitia
2927 1889 3051 1946 quae
3083 1891 3190 1930 non
3224 1875 3393 1932 habet
3423 1877 3738 1945 veritatem,
3768 1887 3824 1935 et

2223 1963 2342 2020 haec
2397 1975 2484 2020 est
2526 1981 2652 2021 vera
2681 1966 2915 2036 justitia,
2945 1968 3016 2024 de
3036 1983 3142 2039 qua
3173 1985 3392 2025 rursum
3433 1969 3491 2025 in
3524 1971 3824 2042 Evangelia

2221 2056 2457 2113 dicitur:
2490 2057 2640 2114 Beati
2669 2062 2756 2130 qui
2785 2062 3020 2116 esuriant
3041 2073 3088 2116 et
3103 2064 3286 2119 sitiunt
3303 2064 3572 2135 justitiam
3606 2065 3822 2137 (Matth.

2224 2168 2277 2219 v,
2308 2152 2388 2223 6).
2426 2152 2600 2222 Quam
2631 2154 2785 2209 multi
2817 2155 3099 2226 propheta:
3123 2165 3176 2213 et
3201 2156 3337 2227 justi
3365 2157 3829 2215 desideraverunt

2222 2247 2438 2316 videre,
2473 2259 2530 2304 et
2557 2264 2666 2305 non
2696 2249 2953 2305 viderunt
2977 2249 3202 2324 (Joann.
3237 2253 3379 2323 vin).
3420 2252 3701 2311 Abraham
3724 2269 3826 2310 au-

2225 2347 2338 2395 tem
2379 2340 2518 2395 vidit
2575 2342 2736 2397 istam
2782 2342 3079 2412 justitiam,
3137 2355 3192 2400 ct
3234 2346 3454 2402 laetatus
3486 2356 3591 2414 est,
3620 2363 3831 2418 nequa-

2224 2448 2388 2502 quam
2437 2449 2674 2504 sequens
2727 2435 3070 2492 occidentem
3112 2437 3375 2506 litteram,
3433 2439 3531 2495 sed
3564 2441 3828 2511 spiritum

2225 2527 2612 2584 viviﬁcantem.
2673 2529 2784 2586 Nec
2809 2532 3006 2586 mirum
3031 2531 3148 2587 haec
3175 2532 3242 2588 de
3271 2531 3590 2590 hominibus
3617 2533 3829 2602 dicere,

2225 2637 2351 2678 cum
2410 2632 2557 2678 astra
2612 2639 2833 2695 quoque
2877 2624 2974 2680 Dei
3013 2625 3248 2695 justitia:
3295 2637 3620 2696 comparata
3653 2669 3668 2693 ,
3718 2643 3832 2683 non

2226 2718 2339 2772 sint
2373 2717 2604 2782 munda,
2647 2725 2706 2772 et
2748 2717 3040 2773 adversum
3081 2719 3324 2789 Angelos
3349 2733 3484 2775 suos
3513 2735 3833 2788 perversum

2226 2810 2356 2880 quid
2381 2811 2786 2882 excogitaverit
2813 2809 2975 2883 (Job.
3008 2827 3080 2878 Iv,
3112 2811 3228 2884 xv).
3267 2812 3326 2869 Si
3355 2813 3478 2883 quis
3511 2813 3678 2884 igitur
3709 2822 3836 2883 post

2228 2905 2592 2974 Evangelium
2619 2903 2859 2970 Christi,
2893 2913 2951 2961 et
2980 2904 3275 2961 adventum
3311 2906 3408 2961 filii
3431 2907 3528 2962 Dei
3573 2907 3834 2977 paedago-

2225 3015 2308 3070 ga:
2358 2998 2518 3069 Legis
2573 2999 2835 3055 observat
2874 2999 3278 3067 caeremonias,
3337 2999 3528 3056 audiat
3567 3001 3834 3072 populant

2226 3092 2580 3148 confitentem
2602 3136 2616 3158 ,
2687 3093 2833 3164 quod
2865 3093 3046 3148 omnis
3073 3092 3167 3148 illa
3191 3093 3406 3164 justitia
3436 3109 3618 3166 panno
3644 3093 3835 3150 sordi-

527 3195 705 3235 onmes
727 3178 1082 3250 peccavimus:
1114 3177 1308 3230 idcirco
1331 3176 1640 3243 erravimus,
1707 3185 1754 3230 et
1786 3177 1912 3248 facti
1943 3191 2123 3229 sumus
2148 3172 2193 3236 C
2227 3183 2458 3240 dissimo
2503 3193 2877 3254 comparetur,
2921 3185 3012 3240 cui
3039 3193 3097 3241 et
3126 3184 3326 3242 Esther
3354 3185 3609 3243 diadema
3639 3202 3829 3254 suum,

523 3271 672 3344 quasi
723 3271 975 3325 immundi
1021 3286 1197 3325 omnes
1232 3286 1350 3336 nos,
1389 3279 1442 3323 ut
1467 3285 1670 3339 pannus
1699 3269 1928 3322 sedentis
1959 3270 2125 3323 omnis

514 3364 730 3437 justitia
757 3374 973 3418 nostra:
1016 3372 1062 3416 et
1103 3362 1420 3431 deﬂuximus
1460 3362 1611 3431 quasi
1642 3360 1772 3433 folia
1795 3371 2005 3432 propter
2025 3362 2128 3416 ini-

527 3461 750 3531 quitates
774 3467 981 3512 nostras
1006 3473 1024 3510 :
1045 3457 1177 3510 sicut
1201 3465 1382 3510 ventus
1401 3457 1602 3525 auferet
1636 3472 1750 3510 nos.
1791 3454 1942 3511 Ordo
1987 3470 2128 3526 prae-

529 3561 801 3620 posterus.
869 3551 986 3605 Non
1029 3550 1154 3620 quia
1204 3561 1260 3603 tu
1305 3549 1474 3604 iratus
1501 3564 1584 3614 es,
1628 3564 1728 3604 nos
1759 3549 2122 3621 peccavimus;

528 3641 624 3696 sed
655 3641 781 3710 quia
810 3655 910 3696 nos
935 3641 1298 3710 peccavimus,
1337 3649 1392 3694 tu
1419 3640 1590 3695 iratus
1611 3656 1691 3696 es.
1747 3641 1818 3696 Et
1847 3641 1971 3711 quia
2003 3655 2131 3710 pec-

532 3730 796 3798 cavimus,
844 3729 1002 3784 nobis
1027 3729 1202 3785 iratus
1241 3745 1321 3798 es,
1348 3730 1616 3785 Domine:
1651 3739 1942 3802 prOpterea
1970 3747 2126 3788 erra-

533 3824 729 3890 vimus,
779 3830 835 3877 et
873 3829 1076 3876 rectam
1110 3821 1430 3891 reliquimus
1461 3822 1625 3876 viam.
1686 3822 1812 3877 Sive
1836 3823 1991 3892 juxta
2024 3823 2130 3879 lle-

531 3917 800 3987 braicum,
834 3915 927 3987 qui
956 3929 1178 3983 semper
1209 3913 1410 3970 luimus
1434 3915 1487 3969 in
1515 3915 1775 3985 peccatis,
1803 3924 1893 3970 tua
1917 3925 2128 3972 tantum

526 4009 868 4067 salvabimur
912 4007 1291 4064 misericordia
1311 4050 1325 4074 ,
1379 4008 1472 4078 qui
1501 4023 1598 4079 per
1622 4024 1720 4064 nos
1750 4009 2017 4066 immundi
2047 4025 2129 4066 su-

533 4119 684 4169 mus;
730 4113 784 4159 et
835 4101 1098 4173 quidquid
1144 4101 1398 4158 videmur
1440 4101 1642 4158 habere
1671 4103 1919 4172 juStitiae,
1947 4118 2131 4173 panno

535 4195 801 4262 sedentis,
827 4195 940 4249 sive
972 4203 1326 4250 menstruatae
1349 4193 1592 4251 mulieris
1619 4204 1986 4267 comparatur.
2023 4196 2130 4252 Pro

532 4305 644 4360 quo
689 4285 996 4343 Theodotio
1043 4287 1220 4357 ipsum
1282 4288 1512 4344 verbum
1566 4287 1895 4345 llebraicum
1953 4291 2131 4360 posuit

534 4398 739 4440 suum
770 4380 976 4456 (ωιτν)
999 4381 1145 4452 quod
1172 4383 1534 4454 Symmachus
1568 4383 1960 4454 interpretatus
1993 4363 2129 4441 est‘tll

531 4483 763 4547 κυουσῶν
800 4476 850 4530 id
893 4482 1006 4543 cst,
1049 4475 1392 4545 parientium;
1434 4476 1627 4548 Aquila
1658 4487 1974 4556 μαρτυριῶν,
2024 4478 2130 4534 hoc

2229 3277 2374 3347 quod
2399 3287 2514 3334 erat
2545 3277 2711 3348 regiae
2740 3281 3033 3350 potestatis
3062 3280 3294 3352 insigne,
3339 3291 3647 3352 comparat,
3675 3283 3832 3354 quod

2230 3386 2573 3443 nequaquam
2595 3372 2899 3439 voluntate,
2935 3372 3030 3428 sed
3064 3373 3396 3430 necessitate
3428 3376 3700 3445 portabat:
3745 3376 3829 3430 Tu

2228 3466 2328 3519 scis
2349 3465 2706 3519 necessitatem
2732 3481 2898 3520 meam
2926 3481 2946 3520 :
2983 3468 3230 3536 quoniam
3257 3467 3485 3522 detestor
3507 3468 3713 3538 signum
3738 3487 3829 3523 su-

2229 3555 2419 3628 perbia:
2443 3571 2590 3621 meat,
2623 3559 2760 3627 quod
2801 3567 2878 3612 est
2914 3575 3070 3627 super
3117 3569 3274 3627 caput
3323 3575 3496 3614 meum
3537 3561 3590 3614 in
3645 3561 3830 3615 diebus

2231 3649 2537 3703 ostensionis
2564 3657 2728 3705 meae:
2753 3650 3026 3705 abominor
3064 3651 3201 3705 illud
3240 3655 3373 3706 sicut
3417 3669 3648 3722 pannum
3683 3671 3831 3708 meno

2229 3751 2429 3796 struunt
2449 3759 2572 3797 :nec
2587 3752 2738 3813 porto
2749 3746 2802 3798 in
2816 3745 2997 3800 diebus
3010 3747 3194 3814 quietis
3211 3745 3701 3816 mea:(Esther,xtv,
3713 3750 3829 3822 16).

2302 3835 2483 3905 (Vers.
2521 3836 2598 3908 7.)
2653 3837 2774 3891 Non
2817 3847 2892 3893 est
2930 3840 3021 3909 qui
3058 3839 3258 3894 invocet
3301 3857 3492 3896 nomen
3531 3851 3702 3911 tuum,
3744 3845 3830 3913 qni

2232 3939 2514 4002 consurgat
2540 3939 2584 3984 et
2609 3940 2778 3986 teneat
2807 3942 2875 3986 te.
2917 3932 3248 3989 Abscondisti
3279 3936 3467 4006 faciem
3506 3947 3648 3990 tuam
3681 3953 3829 3992 ano-

2230 4023 2330 4092 bis,
2372 4033 2421 4078 et
2449 4024 2664 4080 allisisti
2695 4043 2788 4082 nos
2815 4027 2870 4081 in
2898 4044 3058 4082 manu
3082 4030 3374 4101 iniquitatis
3402 4042 3618 4088 nostra’.
3648 4031 3790 4088 LXX
3814 4049 3827 4086 :

2230 4115 2301 4172 Et
2334 4134 2436 4172 non
2474 4128 2547 4174 est
2577 4120 2668 4192 qui
2690 4121 2886 4176 invocet
2920 4139 3104 4177 nomen
3142 4135 3311 4192 tuum,
3343 4134 3392 4181 et
3413 4128 3506 4196 qui
3532 4128 3825 4182 recordatus

2230 4211 2590 4282 apprehendat
2618 4221 2684 4266 te.
2744 4212 3006 4282 Quoniam
3032 4217 3261 4270 avertisti
3290 4218 3479 4288 {aciem
3510 4229 3656 4274 tuam
3680 4238 3712 4275 a
3739 4236 3827 4275 no-

2233 4300 2330 4366 bis,
2364 4311 2411 4355 et
2434 4303 2699 4357 tradidisti
2729 4321 2823 4360 nos
2844 4316 3056 4378 prapter
3084 4307 3386 4378 iniquitates
3411 4320 3642 4367 nostras.
3694 4312 3823 4381 Quia

2231 4392 2403 4449 instar
2453 4395 2705 4450 foliorum
2759 4396 2829 4453 de
2872 4397 3169 4456 arboribus
3194 4399 3453 4458 ﬂuximus
3481 4419 3608 4475 quas
3633 4413 3824 4460 ventus

2232 4485 2475 4542 arefacta
2505 4487 2792 4559 dispergit,
2819 4501 3112 4562 propterea
3145 4493 3328 4550 nullus
3345 4495 3604 4554 inventus
3626 4508 3709 4553 est
3733 4497 3826 4568 qui

531 4583 637 4636 (εει,
694 4569 1099 4624 testimoniorum
1125 4587 1137 4622 :
1207 4569 1427 4640 quando
1456 4571 1680 4642 sanguis
1705 4573 1756 4626 in
1785 4588 1960 4642 primo
1982 4574 2128 4628 coitu
2156 4563 2211 4625 D
2237 4578 2519 4635 invocaret
2548 4595 2746 4638 nomen
2774 4592 2949 4653 tuum,
2996 4595 3051 4642 et
3077 4601 3420 4659 consurgens
3448 4588 3519 4646 de
3542 4590 3698 4645 ruina
3725 4563 3824 4644 ini-

536 4661 773 4718 maritali
821 4661 1018 4733 virgini
1064 4661 1418 4732 approbatur.
1463 4661 1531 4716 Et
1554 4664 1893 4734 deﬂuximus,
1930 4666 2124 4736 inquit,

534 4755 687 4825 quasi
718 4753 847 4825 folia
877 4754 940 4807 de
959 4752 1250 4822 arboribus,
1283 4769 1406 4822 qua:
1429 4763 1653 4824 propter
1682 4755 1998 4822 iniquitates
2028 4771 2128 4813 no-

534 4856 707 4912 stras,
740 4855 1031 4902 ventorum
1059 4846 1279 4901 ﬂatibus
1311 4845 1725 4917 disperguntur.
1771 4846 1830 4902 In
1865 4865 1975 4920 quo
2005 4864 2131 4905 con-

534 4935 908 5004 siderandum,
935 4939 1084 5008 quod
1109 4940 1320 5008 justitia
1345 4955 1467 5010 qum
1495 4941 1547 4995 in
1572 4940 1718 5012 Lege
1742 4949 1846 5009 est,
1879 4942 1945 4997 ad
1986 4959 2130 4999 com-

534 5027 874 5098 parationem
924 5029 1268 5100 Evangelicaa
1295 5030 1549 5102 puritatis
1573 5033 1920 5090 immunditia
1948 5037 2130 5092 nomi-

530 5127 714 5175 netur.
801 5119 1017 5175 Etenim
1091 5136 1198 5175 non
1249 5131 1334 5176 est
1375 5123 1739 5192 glorificatum
1792 5127 1936 5196 quod
1978 5128 2125 5197 prius

525 5212 891 5285 glorificatum
917 5212 1038 5279 fuit,
1065 5222 1291 5284 propter
1321 5217 1682 5275 excellentem
1709 5220 1959 5290 gloriam.
2014 5220 2127 5277 Un-

528 5305 599 5363 de
650 5314 708 5363 et
755 5304 1037 5376 apostolus
1077 5305 1298 5376 Paulus,
1343 5310 1432 5377 qui
1495 5311 1793 5366 secundum
1829 5314 2117 5383 justitiam,

528 5413 650 5469 qua:
691 5397 745 5452 in
771 5397 916 5468 Lege
973 5407 1079 5466 est,
1137 5400 1392 5455 universa
1438 5404 1834 5473 compleverat,
1887 5408 2019 5464 dicit
2062 5424 2123 5466 se

527 5492 710 5546 omnia
756 5489 981 5547 duxisse
1026 5506 1129 5558 pro
1159 5492 1381 5559 damno,
1411 5504 1470 5550 ut
1495 5495 2125 5561 Christumlucrilicaret

528 5631 868 5758 32:23:3qu
895 5623 1039 5690 449,
1096 5627 1395 5698 Epistolam
1429 5644 1648 5700 quoque
1696 5631 1763 5687 ad
1821 5635 2106 5696 Hedibiam

2231 4670 2500 4741 quitatum
2527 4686 2769 4742 suarum,
2805 4677 3252 4748 apprehenderet
3276 4679 3362 4736 vel
3395 4690 3610 4738 teneret
3639 4692 3708 4749 te,
3742 4681 3824 4736 di-

2231 4771 2491 4834 ceretque
2534 4779 2658 4820 cum
2696 4783 2899 4838 sponsa
2944 4785 2958 4824 :
2995 4771 3180 4828 Inveni
3200 4791 3350 4846 quem
3381 4777 3618 4846 queesivit
3649 4777 3825 4830 anima

2232 4874 2377 4913 mea:
2402 4860 2580 4916 tenebo
2610 4863 2834 4933 illum,et
2858 4884 2960 4923 non
2978 4869 3238 4925 dimittam
3260 4871 3412 4926 illum
3435 4872 3611 4943 (Cant.
3638 4889 3714 4942 tn,
3737 4871 3823 4943 4).

2232 4949 2442 5008 Ventus
2482 4952 2536 5009 in
2567 4953 2866 5026 Scripturis
2889 4960 3182 5031 tripliciter
3214 4965 3468 5034 ponitur;
3514 4975 3607 5022 aut
3633 4967 3685 5022 in
3709 4974 3826 5022 ten-

2231 5044 2498 5100 tationum
2530 5049 2928 5119 magnitudine,
2950 5062 3044 5108 aut
3071 5055 3124 5109 in
3148 5057 3511 5126 perversitate
3533 5059 3819 5126 doctrinae,

2228 5145 2323 5192 aut
2367 5137 2695 5211 simpliciter
2740 5153 2973 5211 ventus,
3020 5161 3132 5218 quo
3173 5148 3356 5204 nubila
3388 5161 3816 5224 congregantur,

2229 5241 2284 5286 et
2310 5247 2407 5288 aer
2437 5233 2490 5289 in
2517 5236 2690 5293 nubes
2711 5239 2946 5310 cogitur.
3018 5241 3096 5298 De
3126 5245 3542 5314 tentationibus,
3575 5246 3700 5302 illud
3729 5254 3819 5302 est

2231 5323 2652 5397 Evangelicum:
2717 5329 2986 5389 Venerunt
3007 5336 3259 5405 ﬂumina,
3291 5339 3549 5406 ﬂaverant
3574 5340 3732 5404 venti,
3768 5349 3817 5393 et

2231 5418 2550 5490 impegerunt
2580 5422 2635 5476 in
2666 5424 2875 5480 domum
2905 5426 3076 5496 illam,
3108 5439 3158 5484 et
3182 5447 3285 5486 non
3310 5441 3591 5504 potuerunt
3613 5435 3813 5489 subver-

2232 5521 2337 5569 tere
2363 5532 2475 5570 eam
2493 5533 2511 5572 :
2551 5517 2714 5590 764
2760 5522 2880 5591 quia
2909 5539 3068 5594 super
3100 5535 3296 5596 petram
3332 5527 3514 5584 stabili
3541 5538 3646 5584 erat
3684 5527 3816 5581 mole

2289 5656 2314 5684 “
2343 5649 2595 5710 Martian.
2638 5658 2870 5715 κυούσων
2897 5668 2954 5718 et
2980 5675 3106 5719 mox
3141 5668 3463 5743 μαρτυρίων.

3386 6291 3450 6300 μή.
3517 6291 3592 6302 ἢ
3627 6289 3662 6296 ἡ.
3723 6279 3891 6304 -——-"
