3972 6344
159 328 273 386 625

660 328 1317 389 COMMENTARIORUM
1353 328 1422 387 IN
1457 327 1692 389 ISAIAM
1731 330 2157 391 PROPIIETAM
2194 332 2324 391 LIB.
2367 333 2530 393 XVII.
2570 333 2727 392 CAP.
2770 334 2957 393 LXIV.

3361 337 3469 395 626

162 447 395 519 fundata
411 443 633 520 (Matth.
658 460 751 513 vn,
783 444 901 517 27).
943 445 1021 501 De
1050 446 1422 530 perversitate
1451 446 1760 530 decu-iure;
1792 451 1845 512 Α
1868 463 1953 515 re,
1976 464 2146 522 quare
2168 449 2247 506 sic
2277 450 2362 507 vel
2394 451 2475 507 sie
2494 449 2699 508 factum
2721 452 2818 507 sit:
2865 461 3046 509 tamen
3074 452 3321 512 scientes
3344 468 3469 512 esse

1518 519 1755 539 ,ου-’ῃ

168 539 244 597 Ut
269 557 377 595 non
412 539 842 619 circumferamur
873 541 1014 595 omni
1034 549 1183 596 vento
1204 541 1457 596 doctrina:
1482 542 1537 595 in
1559 541 1769 598 malitia

163 633 438 690 hominum
478 631 699 705 (Ephes.
730 648 805 701 tv,
839 633 957 705 ib).
1018 634 1096 700 De
1121 642 1290 691 vento
1311 633 1663 705 simpliciter:
1694 633 1772 695 Et

163 743 275 783 non
299 734 533 800 poterant
570 728 848 800 navigare,
908 735 1017 782 erat
1055 727 1193 783 enim
1242 736 1425 783 ventus
1478 728 1771 782 contrarius

164 819 371 894 (Herc.
412 834 487 888 vt,
515 818 645 891 48):
698 834 807 875 non
847 812 961 891 quo
989 828 1046 875 et
1078 818 1183 876 hoc
1218 835 1325 875 non
1372 819 1546 890 possit
1574 819 1771 875 sentiri

136 912 537 984 .tropologice,
562 910 661 968 sed
691 926 800 984 quo
828 910 1091 982 praesenti
1118 912 1307 968 sensui
1336 920 1545 968 tantum
1576 911 1773 968 simili-

161 1003 417 1061 tudinem
456 1003 722 1076 praebeat.
770 1004 1073 1062 Avertente
1113 1005 1261 1063 enim
1304 1005 1543 1061 Domino
1573 1004 1770 1062 faciem

161 1112 323 1155 suam
355 1112 387 1154 a
408 1097 591 1167 nobis,
622 1096 903 1153 allidimur
921 1097 977 1152 in
1009 1112 1175 1154 manu
1215 1098 1521 1169 iniquitatis
1543 1106 1767 1165 nostrae,

138 1191 291 1269 sive
320 1188 587 1246 tradimur
614 1190 1011 1248 tentationibus
1039 1200 1268 1263 propter
1298 1198 1520 1262 peccata
1555 1199 1772 1247 nostra.

138 1281 249 1345 .Ex
299 1296 410 1355 quo
443 1281 744 1352 discimus,
783 1280 928 1354 quod
956 1292 1013 1338 et
1037 1281 1295 1355 iniquitas
1324 1296 1523 1339 manus
1548 1281 1767 1351 habeat,

166 1385 228 1433 et
266 1375 455 1432 omnia
494 1383 739 1447 peccata,
778 1390 902 1447 quin
943 1389 1044 1431 nos
1074 1374 1292 1432 fortiter
1327 1376 1551 1432 strictos
1581 1382 1774 1431 tenere

164 1470 518 1527 desiderant.
540 1469 700 1528 Unde
721 1476 780 1525 et
799 1468 855 1526 in
884 1483 1048 1526 manu
1078 1469 1280 1541 lingua:
1303 1483 1453 1526 mors
1475 1476 1529 1524 et
1549 1468 1659 1525 vita
1690 1475 1776 1525 est

165 1562 367 1638 (Prov.
394 1563 590 1634 xvttt);
623 1571 677 1620 et
705 1571 928 1620 sanctus
956 1571 1217 1635 precatur
1248 1580 1261 1619 :
1295 1562 1419 1618 Non
1458 1564 1624 1618 veniet
1646 1560 1777 1617 mihi

162 1673 263 1729 pes
287 1655 547 1727 superbia:
573 1654 752 1729 (Psal.
782 1671 948 1724 xxxv,
972 1655 1087 1728 l2).
1112 1654 1224 1712 Nos
1249 1665 1451 1723 autem,
1473 1655 1601 1726 quia
1618 1668 1777 1711 aver-

166 1752 238 1807 tit
256 1750 521 1807 Dominus
545 1749 741 1807 faciem
767 1765 919 1806 suam
952 1765 986 1805 a
1010 1750 1190 1819 nobis,
1214 1749 1455 1806 scientes
1476 1748 1609 1805 illud
1627 1747 1775 1819 quod

1870 556 1972 600 nos
1993 541 2159 610 ﬁlios,
2186 542 2454 600 audemus
2476 541 2694 600 dicere:
2727 543 2810 599 Ne
2834 545 3102 611 irascaris,
3126 545 3367 614 Domine,
3382 562 3471 601 sa-

1869 635 1956 692 tis.
1988 633 2108 691 Non
2130 635 2267 691 iram
2298 647 2320 673 ε
2354 643 2618 705 vetamus,
2650 652 2752 695 nec
2780 638 2923 693 ultra
2960 637 3282 710 patientiam
3324 648 3471 695 tuam

1870 726 2191 797 quaerimus,
2228 743 2327 797 per
2344 744 2507 800 quam
2542 728 3034 787 thesaurizavimus
3058 731 3218 787 nobis
3246 732 3380 787 iram
3412 735 3469 788 in

1872 817 1963 875 die
1994 820 2109 875 iras.
2160 819 2268 876 Sed
2303 821 2405 877 hoc
2431 837 2771 894 quaesumus,
2816 839 2886 880 ne
2906 825 3165 881 irascaris
3195 825 3353 885 nobis
3381 839 3473 882 sa-

1874 910 1965 975 tis,
1998 926 2068 967 ne
2111 919 2356 983 tempore
2400 912 2625 971 ultionis
2664 924 2829 986 atque
2858 916 3117 972 vindicta:
3148 917 3473 974 memineris

1874 1002 2178 1075 iniquitatis
2232 1013 2437 1061 nostra:
2470 1023 2485 1060 :
2517 1005 2613 1063 sed
2659 1009 2833 1079 magis
2888 1008 3156 1079 respicias
3206 1009 3472 1081 populum

1874 1102 2049 1163 tuum,
2085 1096 2176 1167 qui
2208 1097 2486 1169 quondam
2516 1107 2642 1155 tuus
2669 1101 2977 1171 appellatus
3003 1111 3088 1158 est
3108 1102 3364 1174 populus.
3399 1103 3471 1159 Et

1873 1188 2113 1244 civitatis
2139 1190 2437 1246 sanctuarii
2465 1191 2542 1247 tui
2575 1190 2913 1261 miserearis,
2948 1193 3001 1249 in
3020 1208 3125 1264 qua
3159 1194 3469 1251 invocatum

1875 1290 1959 1337 est
1986 1296 2186 1338 nomen
2220 1292 2395 1339 tuum.
2424 1283 2557 1351 Quae
2578 1285 2776 1343 civitas
2797 1286 3108 1358 appellatur
3126 1287 3259 1344 Sion
3291 1300 3349 1344 et
3373 1288 3467 1345 Je-

1874 1378 2141 1447 rusalem,
2171 1394 2332 1451 quam
2362 1380 2604 1436 ﬂuminis
2633 1380 2877 1450 impetus
2901 1380 3169 1449 lattiﬁcat;
3199 1390 3255 1438 et
3286 1382 3340 1437 in
3368 1396 3477 1453 qua

1877 1469 2154 1540 quondam
2186 1470 2289 1527 fuit
2312 1473 2534 1544 specula
2570 1474 2835 1530 virtutum
2864 1482 2923 1555 et
2948 1478 3096 1546 pacis
3134 1476 3477 1546 contempla.

1879 1564 1957 1620 tio
1979 1562 2154 1635 (Psal.
2180 1565 2360 1639 mu).
2436 1566 2639 1621 Domus
2680 1581 2900 1638 quoque
2944 1577 3055 1635 tua,
3090 1566 3145 1623 id
3171 1578 3278 1632 est,
3310 1567 3476 1624 Tem-

1877 1656 2028 1729 plum
2070 1658 2528 1714 sanctiﬁeationis
2566 1672 2771 1716 noetrae
2815 1669 2871 1717 et
2891 1661 3104 1732 gloriae,
3137 1661 3193 1717 in
3226 1675 3330 1732 qua
3362 1662 3479 1717 lau-

1879 1751 2147 1809 daverunt
2172 1761 2225 1809 te
2254 1762 2442 1816 patres
2470 1754 2673 1820 nostri,
2698 1754 2751 1809 in
2780 1754 2966 1810 ruinas
2997 1762 3055 1811 et
3081 1753 3304 1812 cineres
3344 1768 3479 1811 con-

164 1843 438 1916 scriptum
463 1852 581 1902 est:
637 1842 819 1900 Omnis
860 1845 947 1917 qui
980 1845 1290 1899 invocaverit
1320 1859 1507 1899 nomen
1533 1841 1769 1909 Domini,
1802 1835 1850 1897 B
1876 1845 2034 1914 cidit,
2063 1856 2115 1902 et
2151 1846 2402 1903 incendio
2451 1856 2720 1915 vastante,
2747 1847 2934 1904 deleta
2956 1855 3065 1914 est;
3090 1846 3168 1903 ita
3195 1855 3252 1902 ut
3280 1860 3484 1917 nequa-

163 1939 349 1994 saluus
378 1939 473 1993 erit
495 1935 657 2011 (Joel.
685 1953 746 2005 tt,
766 1937 882 2009 52),
911 1937 1233 1994 invocemus
1258 1950 1462 1993 nomen
1488 1936 1608 2007 ejus
1635 1977 1650 2002 ,
1692 1944 1774 1991 at-

161 2045 277 2104 que
292 2030 569 2088 dicamus:
601 2028 885 2086 Peccatum
906 2039 1085 2086 notum
1106 2030 1209 2101 [cci
1234 2029 1348 2097 tibi,
1371 2037 1419 2085 et
1444 2029 1774 2101 iniquitatem

163 2140 343 2180 meam
364 2139 469 2178 non
495 2125 699 2196 operui.
727 2121 878 2190 Dixi,
900 2124 1253 2197 pronuntiabo
1270 2123 1546 2178 adversum
1573 2138 1655 2177 me
1679 2121 1775 2177 ini-

166 2218 428 2289 quitatem
454 2233 620 2272 meam
642 2214 892 2283 Domino,
915 2226 967 2273 et
990 2226 1043 2271 tu
1061 2215 1304 2272 dimisisti
1322 2216 1639 2287 impietatem
1660 2230 1775 2269 cor—

169 2314 255 2368 dis
280 2314 383 2368 mei
425 2310 602 2383 (Psal.
635 2326 784 2378 xxxi,
817 2310 934 2382 56).
988 2310 1059 2367 Et
1090 2311 1279 2367 statim
1311 2309 1636 2366 habebimus
1668 2308 1775 2364 Do-

168 2406 387 2464 minum
432 2404 892 2478 respondentem:
918 2403 1115 2460 ’Deleui
1152 2405 1287 2459 sicut
1310 2402 1549 2458 nebulam
1576 2401 1773 2472 iniqui-

173 2512 310 2559 tates
337 2511 474 2569 tuas,
502 2510 550 2557 et
576 2502 710 2557 sicut
730 2500 913 2556 nubem
944 2501 1158 2571 peccata
1186 2509 1274 2554 tua
1301 2496 1462 2571 (lsai.
1495 2495 1769 2567 xuv,22),

171 2606 202 2636 ⁸
226 2606 394 2667 atque
439 2595 709 2664 dicemus,
743 2593 970 2650 Ostende
994 2593 1179 2665 faciem
1206 2602 1369 2660 tuam,
1412 2600 1458 2646 et
1503 2589 1633 2645 salvi
1674 2589 1777 2643 eri-

170 2707 292 2745 mus
329 2688 449 2764 (Ps.
474 2704 659 2756 Lxxtx,
683 2688 775 2756 4):
812 2695 871 2743 ut
898 2701 1244 2760 nequaquam
1275 2685 1447 2740 simus
1469 2683 1614 2739 servi
1647 2696 1777 2753 pec-

170 2785 309 2853 cati,
334 2783 433 2841 sed
456 2782 601 2839 servi
627 2782 726 2838 tui.
778 2779 969 2838 Omnis
1007 2781 1155 2836 enim
1182 2777 1274 2850 qui
1302 2776 1430 2833 facit
1460 2784 1771 2848 peccatum,

171 2893 371 2936 servus
402 2877 522 2949 ejus
548 2885 634 2934 est
666 2876 846 2951 (Joan.
874 2876 1021 2949 vttt).
1692 2888 1697 2893 '

248 2972 436 3044 (νει-ε.
470 2971 504 3028 8
530 2969 718 3042 seqq.)
746 2968 817 3025 Et
845 2985 1003 3036 nunc,
1041 2967 1284 3035 Domine,
1338 2975 1488 3037 pater
1512 2971 1686 3018 noster
1723 2980 1777 3018 es

174 3079 255 3137 tu,
286 3084 383 3123 nos
424 3082 541 3123 vero
570 3066 768 3122 lutum:
821 3073 870 3120 et
899 3065 1050 3134 ﬁctor
1094 3070 1271 3118 noster
1295 3069 1372 3127 tu,
1406 3069 1454 3115 et
1481 3075 1637 3132 Opera
1664 3072 1777 3113 ma-

174 3177 341 3217 nuum
382 3169 589 3216 tuarum
628 3173 807 3214 omnes
837 3173 953 3213 nos.
999 3155 1084 3211 Ne
1112 3154 1383 3219 irascaris,
1410 3151 1656 3220 Domine,
1686 3167 1776 3205 sa-

1878 1955 2039 2010 quam
2064 1940 2118 1996 in
2144 1954 2206 1996 ea
2237 1939 2536 1996 offerantur
2556 1941 2817 2008 victimzc;
2844 1955 2952 1997 non
2983 1939 3194 1996 Pascha
3227 1939 3480 1997 celebre-

1877 2042 1997 2100 tur;
2024 2049 2131 2089 non
2164 2034 2458 2107 quidquam
2486 2035 2580 2091 fiat
2612 2034 2680 2091 de
2708 2035 3078 2102 caeremoniis,
3106 2049 3244 2107 quas
3276 2042 3338 2089 tu
3361 2034 3477 2090 fieri

1877 2130 2219 2201 praecepisti;
2268 2130 2365 2188 sed
2412 2131 2593 2186 omnia
2638 2130 3029 2188 desiderabilia
3081 2139 3270 2185 nostra
3318 2142 3480 2185 versa

1877 2234 2004 2280 sunt
2034 2224 2091 2279 in
2115 2225 2325 2279 ruinas.
2358 2222 2493 2280 Cum
2523 2224 2640 2281 haec
2662 2225 2830 2297 igitur
2853 2224 2925 2280 ita
2954 2224 3288 2290 sehabeant,
3325 2237 3485 2278 num-

1877 2315 2029 2387 quid,
2066 2316 2313 2384 Domine,
2348 2331 2515 2388 super
2553 2316 2640 2372 his
2677 2317 2988 2373 continebis
3036 2315 3474 2372 misericordiam

1879 2418 2052 2476 tuam,
2095 2417 2150 2464 et
2196 2408 2404 2465 tacebis
2450 2408 2782 2465 adversariis
2830 2407 3369 2480 blasphemantibus,
3419 2417 3480 2462 et

1889 2502 2101 2574 afﬂiges
2137 2517 2237 2559 nos
2268 2511 2431 2575 atque
2460 2503 2797 2572 humiliabis,
2846 2518 2953 2559 non
2979 2517 3133 2557 more
3161 2500 3345 2569 solito,
3379 2499 3476 2556 sed

1879 2597 2082 2653 nimis?
2130 2596 2263 2665 Qua:
2284 2598 2466 2652 omnia
2495 2596 2665 2653 Judaei
2692 2597 3041 2669 Assyriorum
3065 2606 3123 2652 et
3142 2594 3478 2667 Babylonio-

1856 2682 1998 2746 rum
2021 2692 2186 2765 766
2209 2692 2542 2763 temporibus
2562 2700 2755 2763 putant
2781 2705 2903 2747 esse
2928 2690 3223 2760 completa.
3252 2688 3361 2743 Nos
3384 2702 3480 2743 au-

1881 2795 1987 2841 tem
2011 2784 2163 2855 juxta
2194 2799 2257 2840 ea
2289 2798 2411 2855 qua:
2440 2799 2507 2840 ex
2542 2798 2775 2853 persona
2814 2781 3119 2838 Salvatoris
3148 2788 3477 2850 sequuntur:

1880 2878 2117 2950 Apparui
2144 2878 2223 2933 his
2250 2879 2339 2949 qui
2364 2894 2467 2933 non
2493 2876 2900 2951 interrogabant.
2971 2875 3222 2932 Inventus
3268 2891 3382 2929 sum
3418 2874 3483 2929 ab

1879 2969 1964 3025 Itis
1990 2969 2078 3041 qui
2118 2985 2199 3025 me
2238 2986 2340 3023 non
2372 2968 2668 3039 quazrebant
2704 2968 2861 3038 (Isai.
2896 2983 3021 3036 va,
3055 2967 3136 3039 1);
3167 2966 3234 3023 ad
3262 2975 3476 3037 tempus

1880 3062 2141 3118 Romana:
2167 3063 2407 3118 victoriae
2436 3062 2689 3117 universa
2722 3061 3035 3130 referimus,
3060 3075 3182 3131 qua:
3208 3058 3480 3130 Iosephus

1888 3153 2131 3210 Iudaica:
2178 3153 2419 3224 scriptor
2460 3153 2725 3221 historiae,
2756 3163 2966 3224 septem
2994 3153 3235 3224 explicat
3253 3152 3486 3209 volumi-

174 3254 273 3319 tis,
319 3263 365 3309 et
400 3269 463 3308 ne
496 3252 636 3307 ultra
671 3252 966 3308 memineris
1005 3249 1315 3321 iniquitatis.
1378 3245 1511 3302 Ecca
1549 3244 1770 3317 respice,
1801 3230 1848 3294 ο
1879 3250 2063 3314 nibus,
2094 3248 2292 3319 quibus
2318 3249 2580 3320 imposuit
2608 3248 2823 3304 titulum
2844 3246 3187 3319 Captivitatis
3215 3247 3478 3317 Judaicte,

177 3350 411 3422 populus
453 3359 574 3403 tuus
611 3363 787 3403 omnes
833 3362 949 3402 nos.
984 3345 1182 3400 Ciuitas
1216 3343 1387 3398 sancti
1418 3342 1494 3396 tui
1520 3344 1659 3413 facta
1702 3347 1776 3394 est

178 3443 389 3498 deserta
410 3483 425 3508 ,
479 3442 611 3498 Sion
644 3440 849 3496 deserta
889 3443 1029 3509 facta
1054 3446 1146 3504 est,
1184 3435 1480 3492 Jerusalem
1506 3432 1777 3489 desolata:

178 3535 369 3591 domus
407 3534 833 3604 sanctiﬁcationis
866 3541 1091 3599 nostra,
1131 3540 1181 3587 et
1214 3530 1400 3601 gloria:
1425 3537 1638 3598 nostrw,
1689 3526 1778 3582 ubi

1885 3342 1938 3401 id
1965 3353 2049 3399 est
2076 3347 2199 3420 περὶ
2228 3343 2468 3405 ἁλώσεως
2494 3360 2506 3397 :
2539 3352 2595 3399 et
2636 3342 2973 3414 superﬂuum
3007 3352 3093 3398 est
3130 3357 3195 3397 ea
3225 3355 3480 3398 sermone

1883 3436 2179 3505 disserere,
2212 3452 2333 3507 qua:
2363 3435 2538 3492 oculis
2560 3445 2802 3507 pateant,
2828 3450 2951 3491 cum
2984 3435 3169 3490 omnia
3196 3434 3481 3490 desidera-

1884 3530 2015 3585 bilia
2044 3544 2232 3585 eorum
2260 3542 2416 3584 versa
2445 3529 2555 3583 sint
2580 3530 2632 3584 in
2652 3528 2862 3600 ruinas,
2894 3539 2951 3585 et
2975 3527 3261 3599 Templum
3283 3527 3481 3591 intoto

181 3630 533 3686 laudauerunt
580 3639 628 3684 te
668 3638 839 3698 patres
874 3628 1069 3695 nostri,
1102 3631 1244 3699 facta
1272 3634 1348 3680 est
1372 3626 1426 3678 in
1458 3624 1780 3679 exustionem
1883 3623 2019 3679 orbe
2038 3621 2397 3692 celebratum,
2436 3621 2491 3676 in
2521 3621 2934 3692 sterquilinium
2970 3621 3122 3676 urbis
3154 3635 3331 3689 novat,
3365 3634 3491 3690 qua:

180 3725 342 3797 ignis,
375 3733 424 3779 et
468 3723 644 3778 omnia
686 3721 1055 3778 desiderabilia
1075 3731 1256 3775 nostra
1281 3734 1428 3773 versa
1452 3717 1649 3773 suntin
1670 3716 1781 3771 rui-
1885 3733 1918 3772 a
1941 3716 2225 3772 conditore
2264 3715 2644 3786 appellabatur
2691 3713 2853 3781 Elia;
2918 3724 2976 3770 et
3008 3714 3061 3768 in
3106 3712 3476 3769 habitaculum

182 3833 331 3873 nam.
395 3813 669 3888 Numquid
709 3831 865 3888 super
895 3813 979 3869 his
1004 3814 1288 3869 continebis
1325 3823 1393 3879 te,
1423 3809 1662 3877 Domine,
1698 3818 1779 3864 ta-
1888 3810 2169 3867 transierit
2198 3818 2560 3865 noctnarum:
2597 3807 2908 3878 frustraque
2928 3805 3174 3878 quotidie
3202 3805 3393 3862 dicunt
3430 3806 3486 3861 in

182 3910 355 3976 cebis;
381 3916 431 3962 et
456 3909 663 3979 efﬂiges
684 3908 1155 3962 nosvehementer?
1182 3905 1354 3960 LXX:
1396 3903 1464 3959 Et
1485 3918 1643 3972 nunc,
1673 3900 1784 3957 Do-
1887 3902 2177 3976 syuagogis
2212 3902 2359 3958 suis:
2421 3902 2597 3973 Super
2622 3900 2707 3956 his
2730 3900 3004 3962 omnibus,
3048 3899 3299 3962 Domine,
3329 3896 3357 3935 ά
3396 3913 3489 3952 su-

184 4005 359 4068 mine,
402 4010 551 4075 pater
591 4011 765 4057 noster
797 4010 891 4056 tu:
931 4017 1027 4055 nos
1058 4009 1229 4054 autem
1257 4000 1448 4066 lutum,
1472 4013 1633 4067 opera
1672 4012 1779 4049 ma-
1888 3995 2119 4052 stinebis
2152 4005 2208 4051 et
2236 3995 2453 4067 afﬂich
2484 4009 2604 4063 nos,
2650 4002 2814 4065 atque
2844 3992 3163 4048 humiliahis
3189 3992 3491 4047 vehemen-

188 4114 355 4153 nuum
377 4106 587 4152 tuarunt
610 4112 782 4152 omnes
811 4112 939 4163 nos;
972 4111 1034 4148 ne
1062 4093 1308 4147 irascaris
1334 4091 1503 4156 nobis,
1538 4089 1782 4153 Domine,
1888 4100 1995 4147 ter.
2025 4090 2321 4146 Possumus
2350 4089 2467 4145 haec
2496 4088 2704 4144 referre
2725 4086 2792 4143 ad
2821 4086 3146 4153 Ecclesiam,
3170 4085 3258 4140 vel
3282 4084 3349 4140 ad
3372 4099 3494 4141 san-

187 4193 367 4259 nimis,
399 4199 448 4245 et
468 4206 533 4245 ne
557 4191 613 4244 in
644 4201 871 4262 tempore
900 4187 1195 4242 memineris
1217 4193 1541 4257 peccatorum
1572 4190 1783 4237 nostro-
1890 4184 1964 4241 (ειί
1988 4182 2094 4239 viri
2117 4183 2378 4248 animam,
2432 4196 2553 4252 quae
2581 4189 2728 4236 recte
2764 4178 3030 4249 appellari
3060 4186 3243 4248 potest
3268 4177 3491 4247 specula

186 4301 327 4340 rum.
403 4283 473 4339 Et
512 4300 648 4339 nunc
684 4285 884 4354 respice
926 4283 1173 4354 quoniam
1209 4279 1433 4353 populus
1461 4286 1582 4331 tuus
1608 4291 1787 4331 omnes
1891 4284 1949 4331 et
1975 4276 2112 4331 visio
2159 4274 2332 4346 pacis,
2376 4272 2594 4344 quando
2649 4272 2812 4326 Pater
2852 4281 2908 4327 et
2955 4268 3131 4326 Filius
3169 4279 3224 4325 et
3253 4269 3492 4341 Spiritus

190 4394 309 4443 nos,
342 4378 520 4432 ciuitas
548 4375 715 4431 sancti
744 4376 820 4431 tui
845 4375 987 4447 facta
1016 4382 1089 4429 est
1112 4373 1311 4427 deserta
1340 4369 1505 4425 Sion:
1529 4367 1681 4441 quasi
1703 4381 1787 4421 so-
1892 4375 2115 4422 sanctus
2145 4364 2509 4421 habitaverint
2551 4365 2606 4420 iu
2642 4379 2727 4420 ea.
2795 4363 2891 4421 Sin
2929 4378 3063 4419 vero
3086 4363 3241 4431 vitio,
3274 4362 3361 4419 vel
3392 4376 3490 4416 nov

190 4468 363 4526 litudo
403 4466 722 4537 Jerusalem,
776 4469 831 4523 in
854 4463 1477 4522 maledictionemdcmus
1502 4460 1790 4516 sanctuarii
1892 4468 2032 4525 stre,
2063 4457 2150 4514 vel
2182 4457 2386 4528 populi,
2420 4455 2797 4526 hujuscemodi
2840 4454 2973 4512 Sion
3001 4469 3030 4508 a
3062 4454 3298 4510 Domino
3328 4453 3491 4508 fuerit

192 4563 361 4618 nostri
386 4571 433 4616 et
457 4562 658 4634 gloriae,
713 4561 794 4615 cui
836 4559 1201 4614 benerlixerunt
1240 4566 1412 4629 patres
1435 4553 1623 4620 nostri,
1648 4555 1791 4623 facta
1817 4626 1864 4634 _
1893 4549 2176 4614 derelicta,
2218 4549 2398 4605 statim
2431 4547 2641 4618 patebit
2685 4546 2939 4602 incendio
2969 4545 3259 4616 ignitarum
3288 4544 3493 4600 diaboli

192 4667 268 4710 est
308 4657 431 4727 igne
454 4626 739 4721 combusta,
781 4660 828 4707 et
859 4651 1033 4727 omnia
1063 4626 1289 4722 gloriosa
1332 4658 1512 4703 nostra
1551 4644 1792 4700 concide-
1817 4626 1873 4688 Ῑ)
1897 4642 2213 4713 sagittarum
2235 4639 2473 4695 :Omnes
2493 4637 2639 4693 enim
2663 4636 3057 4703 adulterantes,
3072 4637 3226 4707 quasi
3251 4634 3499 4691 clibanus

191 4756 338 4802 runt.
400 4745 469 4800 Et
499 4762 653 4818 super
695 4742 932 4800 omnibus
969 4742 1051 4797 Itis
1098 4741 1393 4797 sustinuisti
1428 4738 1482 4806 δ,
1534 4736 1792 4793 Domine:

194 4842 361 4915 765
409 4848 458 4895 et
491 4840 725 4906 tacuisti,
771 4849 820 4894 et
862 4836 1151 4892 Itumiliasti
1184 4852 1278 4891 nos
1313 4834 1483 4889 valde.
1523 4832 1580 4890 Si
1605 4842 1816 4908 nostra

194 4934 613 4992 consideremus
662 4932 887 5001 merita,
934 4928 1340 4999 desperandum
1381 4935 1484 4983 est.
1555 4924 1613 4981 Si
1648 4933 1794 4979 tuam

195 5040 382 5085 autem
413 5026 786 5092 clementiam,
812 5024 907 5095 qui
929 5021 1177 5094 ﬂagellas
1194 5033 1411 5075 omnem
1433 5018 1602 5073 ﬂlium
1632 5031 1794 5088 quem

196 5120 403 5192 recipis
429 5161 445 5185 ,
494 5117 760 5175 audemus
789 5129 983 5188 preces
1013 5112 1251 5170 fundere
1286 5110 1486 5184 (Hebr.
1518 5107 1655 5182 ιιι).
1712 5108 1796 5164 Tu

1898 4736 2063 4794 corda
2094 4749 2308 4792 eorum.
2343 4733 2411 4790 Et
2456 4732 2689 4802 expulso
2734 4729 3005 4803 pudicitia:
3036 4728 3262 4801 frigore,
3316 4728 3498 4784 libidi-

1899 4831 1986 4886 nis
2029 4830 2084 4884 in
2134 4827 2337 4896 templo
2379 4825 2478 4881 Dei
2510 4824 2724 4879 ﬂamma
2756 4822 3110 4895 grassabitur,
3142 4832 3207 4879 ut
3228 4820 3497 4894 quidquid

1900 4924 1955 4978 in
1978 4920 2135 4977 nobis
2178 4920 2479 4991 gloriosum
2537 4915 2689 4987 prius
2724 4924 2782 4972 et
2809 4915 3067 4987 inclytum
3100 4915 3220 4983 luit,
3250 4922 3491 4983 corruat,

1901 5016 2154 5072 deleatur
2181 5022 2235 5069 et
2266 5021 2473 5083 pereat.
2521 5010 2591 5065 Et
2612 5009 2903 5082 impleatur
2930 5008 3062 5064 illud
3091 5008 3238 5079 quod
3266 5008 3319 5063 in
3346 5007 3509 5068 Psalu

1901 5108 2007 5166 mis
2036 5107 2275 5164 dicitur:
2336 5104 2737 5161 Combusserunt
2776 5104 2887 5176 igni
2932 5104 3293 5158 sanctuarium
3330 5110 3501 5167 tuum,

197 5216 344 5272 enim
391 5222 549 5283 pater
603 5219 790 5268 noster
827 5225 909 5273 es,
949 5208 1041 5280 qui
1070 5207 1325 5278 dignatus
1355 5219 1416 5261 es
1437 5204 1651 5260 dicere:
1701 5201 1801 5258 Fi-
1899 5206 2310 5277 profanaverunt
2360 5201 2416 5255 in
2473 5208 2615 5254 terra
2672 5198 3065 5254 tabernaculum
3112 5196 3338 5251 nominis
3397 5195 3499 5249 tui.

199 5304 306 5362 lius
362 5304 737 5376 primogenitus
793 5317 935 5357 meus
981 5298 1151 5355 Israel
1196 5296 1407 5368 (Ezech.
1437 5310 1515 5365 tv,
1549 5294 1666 5367 22).
1736 5295 1803 5351 Et
1904 5296 2062 5365 Quod
2092 5295 2244 5351 solus
2293 5288 2473 5365 potest
2515 5292 2608 5349 ille
2642 5290 3003 5362 restinguere,
3029 5288 3099 5346 de
3126 5288 3283 5358 cujus
3307 5294 3503 5342 ventre

206 5415 542 5473 quamquam
572 5399 747 5455 lutum
776 5397 970 5462 simus,
999 5406 1056 5451 et
1080 5407 1247 5463 opera
1278 5405 1535 5447 manuum
1564 5399 1801 5453 tuarum,
1906 5388 2084 5446 ﬂuunt
2109 5403 2264 5461 aqua:
2292 5387 2528 5444 viventis
2557 5385 2802 5441 ﬂumina.

202 5503 260 5551 et
290 5493 449 5551 ﬂctor
479 5501 671 5549 noster
696 5490 804 5557 sis;
848 5503 950 5546 nec
980 5502 1077 5545 vas
1099 5486 1267 5559 ﬂgulo
1295 5485 1479 5542 valeat
1501 5483 1805 5555 reSponde-

1988 5606 2011 5637 ο
2039 5593 2311 5666 Corrupto
2341 5603 2504 5664 atque
2528 5591 2828 5666 incongrua
2876 5600 3043 5666 sensu
3094 5594 3214 5642 erat
3248 5593 3408 5666 antea
3437 5603 3489 5642 tn

1917 5676 2090 5725 tamus
2130 5657 2239 5737 pro'
2259 5657 2508 5737 velamus.
2538 5657 3044 5737 Ambrosian._eod.
3071 5657 3345 5737 emendat.

1917 5737 2018 5809 ..πά
2052 5727 2252 5796 lterum
2297 5735 2672 5801 Ambrosiam,
2694 5727 3080 5802 sustinebimus,
3111 5739 3160 5787 et
3188 5730 3369 5803 afﬂige
3393 5746 3512 5786 nos.

278 5620 306 5650 α
346 5610 555 5666 Victor.
590 5608 658 5661 al
693 5621 843 5678 quem
875 5618 974 5676 pro
994 5614 1153 5678 atque
1178 5598 1588 5678 meliori_fert_ne
1614 5611 1802 5654 sensu.

214 5744 221 5749 ,
277 5681 311 5722 ι’
348 5669 848 5749 Ambmsiaufcod.
873 5669 1242 5731 sustinebimus
1279 5680 1349 5749 te,
1374 5669 1618 5749 Domine,
1645 5679 1812 5740 atque

211 5744 286 5811 ita
335 5752 560 5825 quidem
623 5748 1017 5819 Complutense
1087 5744 1366 5815 exemplar
1427 5742 1664 5812 ἀνέξομεν
1713 5755 1811 5811 pro

216 5823 447 5897 ἀνάσχω
470 5823 660 5879 habet.
