3972 6342
191 328 305 386 699

702 322 1358 382 COMMENTARIORUM
1395 321 1465 378 IN
1503 320 1740 379 ISAIAH
1780 318 2199 376 PROPHE’I‘AM
2240 319 2371 375 LIB.
2414 318 2605 375 XVIII.
2647 317 2807 375 CAP.
2851 318 3014 375 LXV.

3393 323 3499 377 630

190 460 288 498 sus
312 443 524 512 fratrem
555 451 699 497 tuum
731 439 1042 512 loquebaris,
1064 449 1111 493 et
1138 438 1387 493 adversus
1412 437 1581 506 ﬁlium
1623 436 1802 491 matris
1831 439 1882 498 Α
1906 435 2243 492 revelatioue
2269 447 2611 505 cognoscant
2641 453 2655 490 :
2683 437 2773 507 qui
2815 447 2870 492 et
2919 438 3087 494 Paulo
3120 440 3251 496 dum
3301 440 3501 499 Eccle-

190 546 303 590 tute
327 534 546 608 ponebas
570 532 902 588 scandalum.
943 530 1075 587 Htec
1104 531 1291 599 fecisti,
1323 539 1368 584 et
1404 529 1583 585 tacui:
1616 528 1800 583 existi-

187 629 368 692 masti,
398 627 591 696 inique,
618 625 760 697 quod
802 640 889 677 ero
934 624 1010 679 tui
1037 623 1242 677 similis.
1272 622 1500 696 Arguam
1531 630 1599 685 te,
1627 629 1674 675 et
1704 632 1802 691 pa-

188 734 318 775 nam
350 728 530 775 contra
570 720 759 791 faciem
798 728 939 772 tuam
970 715 1086 789 (Ps.
1109 726 1254 777 χιιι.
1287 715 1381 783 20,
1412 714 1539 781 21);
1583 720 1643 768 ut
1677 728 1800 784 quae

186 814 244 867 in
276 812 399 866 aliis
430 812 769 875 criminaris,
805 810 923 880 ipse
969 809 1169 864 habere
1200 808 1467 863 docearis.
1496 806 1551 861 Si
1572 805 1663 860 cui
1703 820 1801 858 au-

182 913 301 960 tem
323 904 766 974 explanationum
792 902 847 957 in
872 901 1179 972 Prophetas
1197 899 1455 969 displicet
1478 897 1795 969 longitudo:

181 998 379 1053 audiat
414 998 609 1064 libere,
642 996 815 1051 multo
848 1011 938 1051 me
985 996 1242 1065 pauciora
1276 993 1503 1057 dixisse,
1532 1005 1693 1062 quam
1718 990 1798 1045 rei

183 1090 298 1165 [Αι.
332 1090 542 1165 rerum]
565 1091 874 1146 obscuritas
901 1090 1135 1159 ﬂagitat,
1160 1097 1217 1143 et
1242 1102 1404 1157 posse
1440 1099 1797 1154 unumquem-

180 1200 293 1251 que
322 1187 392 1243 de
419 1194 604 1241 nostra
630 1184 922 1240 latitudine
949 1185 1143 1240 breves
1170 1182 1274 1238 sibi
1298 1179 1796 1236 Commentarlolos

178 1280 391 1341 facere,
420 1279 512 1350 qui
561 1289 741 1333 tamen
788 1278 955 1349 pleno
1007 1276 1305 1331 intellectui
1338 1288 1447 1329 non
1495 1271 1789 1328 sufﬁcient.

179 1372 375 1443 Neque
405 1374 548 1428 enim
590 1372 822 1441 simplex
852 1362 883 1425 3t
918 1369 1209 1440 Prophetis
1239 1367 1489 1431 historia,
1520 1375 1575 1420 et
1610 1373 1796 1436 gesto-

181 1479 308 1519 rum
330 1462 467 1520 ordo
493 1476 782 1520 narratur:
814 1462 911 1518 sed
944 1464 1291 1532 aenigmatum
1323 1460 1479 1530 plena
1510 1464 1640 1513 sunt
1675 1471 1793 1510 om—

180 1559 273 1613 nia
294 1574 310 1623 ;
334 1557 588 1630 aliudque
609 1558 664 1612 lu
699 1558 882 1612 verbis
909 1566 1126 1619 sonant,
1157 1554 1302 1610 aliud
1333 1563 1551 1609 tenetur
1583 1552 1636 1604 in
1666 1564 1794 1606 seu-

1904 528 2039 584 siam
2065 529 2409 585 credentium
2430 531 3088 599 persequitur,revelatus
3120 542 3198 588 est
3225 534 3363 605 (Act.
3396 536 3498 606 ιχ).

1904 624 1972 677 Et
1996 625 2252 692 apostolo
2273 623 2438 678 Petro
2470 624 2543 678 ait
2579 641 2591 678 :
2624 622 2819 680 Beatus
2845 643 2930 691 es,
2970 625 3153 681 Simon
3212 624 3446 696 Barjona
3475 644 3497 685 :

1900 719 2024 789 quia
2047 735 2171 772 caro
2197 731 2240 772 et
2261 720 2475 790 sanguis
2516 736 2619 774 non
2665 722 3017 776 revelarerunt
3044 723 3169 789 tibi;
3216 724 3308 777 sed
3333 723 3498 779 Pater

1900 825 2043 865 meus
2065 811 2159 881 qui
2182 820 2253 864 est
2277 811 2330 863 in
2360 811 2501 864 ctelis
2534 811 2750 880 (Matth.
2778 828 2883 878 xu,
2930 812 3043 881 l7).
3097 814 3251 869 Hunc
3278 830 3499 886 quaere-

1901 902 1992 957 bat
2023 912 2075 957 et
2107 901 2323 974 Moyses
2345 902 2576 973 loquens
2614 903 2722 959 Deo
2759 903 2868 969 :,Si
2904 906 3074 959 inveni
3102 907 3321 977 gratiam
3351 908 3495 979 apud

1897 1002 1967 1056 te,
2015 992 2227 1047 ostende
2278 1002 2325 1047 te
2369 992 2497 1045 mihi
2544 994 2835 1064 manifeste,
2886 1003 2940 1048 ut
2986 996 3188 1049 videam
3217 1010 3265 1050 te
3294 996 3493 1070 (Exod.

1897 1100 2107 1151 xxxut,
2165 1086 2278 1153 15).
2340 1085 2571 1154 Maiores
2626 1084 2849 1139 divitias
2894 1085 3168 1141 thesauris
3229 1088 3495 1160 Egypti,

1894 1176 2097 1233 Christi
2124 1179 2485 1248 approhrium
2515 1178 2844 1250 praestolans
2869 1220 2883 1245 ,
2919 1179 3048 1234 dum
3079 1162 3495 1240 retributionem

1895 1269 2170 1327 desiderat
2193 1271 2603 1338 futurorum,et
2626 1273 2953 1328 invisibilem
2983 1273 3155 1328 Deum
3200 1276 3358 1341 quasi
3409 1279 3494 1332 vi-

1894 1364 2074 1432 deret,
2104 1367 2289 1421 auimo
2320 1366 2811 1435 contemplabatur.
2848 1368 2925 1422 De
2948 1382 3056 1438 quo
3086 1378 3140 1423 et
3169 1368 3223 1423 in
3254 1368 3486 1427 Psalmis

1896 1454 2093 1525 legitur
2127 1472 2138 1506 :
2175 1453 2307 1526 Spes
2336 1455 2568 1508 omnium
2600 1454 2785 1525 ﬁnium
2816 1465 2987 1518 terra},
3018 1464 3065 1509 et
3092 1456 3145 1509 in
3172 1458 3303 1511 mari
3342 1457 3494 1531 longe

1894 1546 2011 1618 (Ps.
2045 1564 2189 1616 thv,
2218 1548 2295 1619 6).
2320 1547 2388 1603 Et
2418 1549 2470 1602 in
2503 1547 2701 1604 Genesi
2735 1567 2746 1602 :
2773 1546 2894 1621 Ipse
2913 1550 3011 1602 erit
3035 1551 3350 1622 exspectatio
3370 1568 3496 1625 gen-

177 1651 340 1705 sibus
366 1667 381 1704 :
409 1659 466 1704 ut
486 1664 604 1721 qua:
625 1649 981 1707 metimaveris
1000 1650 1181 1717 plana,
1205 1645 1543 1703 etinul‘l‘ensa
1566 1657 1790 1700 currere
1890 1639 2019 1693 lium
2048 1638 2203 1711 (Gen.
2239 1655 2386 1709 xm,
2421 1640 2532 1710 10).
2568 1639 2832 1710 Quodque
2854 1642 3099 1712 sequitur
3130 1662 3141 1696 :
3177 1640 3301 1697 Dixi
3324 1660 3343 1696 :
3378 1660 3493 1698 ecce

177 1742 449 1805 lectione;
480 1743 827 1812 sequentium
878 1755 1095 1795 rursum
1151 1737 1574 1795 obscuritatibus
1616 1734 1791 1790 invol-
1891 1746 1984 1801 ego
2005 1747 2123 1785 sum
2149 1746 2167 1785 :
2198 1732 2267 1784 ad
2283 1741 2487 1802 gentem
2516 1748 2630 1800 qua:
2660 1749 2764 1787 non
2806 1733 3077 1787 invocabat
3110 1751 3293 1789 nomen
3322 1752 3489 1790 meum

176 1842 402 1888 vantur.
436 1832 635 1888 Verum
670 1844 881 1903 tempus
904 1840 1010 1898 est,
1046 1843 1105 1885 ut
1137 1829 1299 1885 linem
1333 1831 1604 1898 imponam
1630 1826 1785 1881 volu-
1817 1820 1866 1879 B
1894 1824 2091 1896 (Exod.
2125 1841 2202 1893 ιιι,
2240 1825 2354 1897 il),
2390 1826 2464 1880 illi
2498 1828 2678 1882 sensui
2703 1827 2961 1882 convenit
2993 1846 3004 1881 :
3039 1827 3144 1892 Qui
3192 1837 3301 1895 est,
3349 1829 3491 1884 misit

174 1926 316 1980 mini
350 1925 682 1996 prephetali,
719 1925 772 1980 in
824 1924 979 1994 cujus
1024 1922 1369 1995 expositione
1419 1923 1466 1976 si
1517 1918 1785 1990 prolixior

171 2020 345 2075 solito
396 2020 568 2087 luero,
612 2020 877 2075 extremis
917 2018 1162 2087 partibus
1215 2013 1626 2071 concedendum
1674 2020 1780 2080 est,

170 2128 316 2182 quas
358 2111 603 2168 dividere
653 2112 826 2177 nolui,
876 2126 945 2166 ne
998 2109 1263 2165 librorum
1315 2120 1571 2162 numerus
1619 2118 1784 2174 auge-

172 2216 352 2260 retur.

248 2384 409 2459 (Cap.
442 2385 603 2441 LXV.
634 2414 706 2426 —
736 2385 892 2441 Vers.
930 2384 1007 2453 1.)
1043 2383 1372 2451 Qutesierunt
1419 2396 1499 2435 me
1542 2381 1631 2451 qui
1660 2390 1781 2436 ante

172 2494 256 2533 me
281 2496 387 2533 non
424 2477 806 2551 interrogabant
833 2494 851 2531 :
874 2478 1200 2541 invenerunt,
1223 2476 1312 2547 qui
1335 2492 1435 2529 non
1466 2475 1777 2544 quesierunt

172 2588 273 2625 me.
311 2569 439 2625 Dixi
471 2587 490 2625 :
530 2587 645 2625 ecce
672 2587 789 2643 ego,
824 2586 939 2624 ecce
968 2587 1063 2641 ego
1091 2570 1160 2623 ad
1183 2577 1317 2641 gentt
1335 2585 1385 2621 nt
1406 2583 1523 2638 qua:
1568 2583 1670 2620 non
1695 2567 1772 2621 in-

174 2662 391 2717 vocabat
422 2679 606 2717 nomen
638 2679 828 2716 meum.
854 2661 999 2716 LXX
1030 2679 1041 2714 :
1075 2660 1312 2733 Apparui
1354 2675 1453 2712 non
1499 2659 1777 2728 querenti-

173 2756 269 2810 bus
300 2771 381 2809 me
409 2756 682 2809 :inventus
727 2770 843 2808 sum
886 2754 948 2808 ab
979 2753 1057 2806 Itis
1095 2753 1183 2824 qui
1224 2767 1435 2804 menon
1490 2750 1777 2823 interroga-

173 2856 317 2901 bant.
344 2845 471 2902 Dixi
495 2862 515 2901 :
536 2863 650 2901 ecce
670 2863 763 2918 ego
788 2847 841 2900 in
862 2856 1014 2920 gente
1034 2861 1151 2917 qua:
1172 2861 1275 2897 non
1307 2844 1559 2897 invocavit
1592 2859 1776 2898 nomen

174 2955 373 2996 meum.
404 2940 486 2996 Ad
519 2942 823 2994 orationem
874 2938 1057 3008 populi
1110 2939 1335 2992 mixtum
1386 2935 1770 3007 querimoniis,

176 3033 231 3086 iu
280 3048 384 3103 qua
410 3031 627 3088 dixerat
663 3050 675 3086 :
719 3032 890 3098 Quare
932 3048 1023 3085 nos
1052 3046 1228 3085 errare
1259 3030 1468 3102 fecisti,
1531 3028 1772 3096 Domine,
1816 3098 1817 3101 η

177 3124 340 3196 771
366 3125 428 3179 de
456 3126 537 3177 via
566 3136 656 3178 tua
686 3141 704 3178 :
732 3125 993 3179 iudurasti
1031 3122 1192 3177 corda
1220 3134 1420 3189 nostra,
1477 3132 1531 3175 ut
1578 3138 1682 3176 non
1714 3122 1775 3174 ti-

1890 1934 1968 1971 me
2008 1916 2077 1971 ad
2117 1934 2223 1972 ros.
2253 1917 2355 1985 Qui
2389 1933 2517 1972 cum
2548 1918 2602 1972 in
2635 1917 2807 1972 forma
2856 1918 2955 1972 Dei
3004 1926 3187 1983 esset,
3242 1935 3350 1974 non
3403 1928 3490 1975 est

1886 2011 2134 2079 rapinam
2163 2010 2463 2065 arbitratus
2494 2010 2760 2079 aequalem
2788 2026 2847 2065 se
2872 2025 2995 2065 esse
3023 2010 3154 2075 Deo,
3189 2020 3297 2067 etc.
3331 2009 3489 2082 (Phi-

1884 2102 2016 2172 lipp.
2048 2103 2147 2176 ιι);
2185 2104 2281 2159 sed
2315 2105 2481 2160 totius
2510 2104 2698 2160 mundi
2729 2118 3035 2175 provocans
3073 2115 3288 2174 gentes,
3322 2119 3485 2161 unam

1884 2194 2012 2251 fecit
2038 2197 2119 2251 sui
2151 2197 2394 2253 nominis
2420 2208 2640 2268 gentem
2672 2195 3137 2253 Christianorum.

1954 2284 2117 2361 772
2143 2288 2331 2361 (Vers.
2365 2288 2447 2361 9.)
2478 2287 2727 2360 Expandi
2768 2305 2953 2343 manus
2984 2305 3122 2343 meas
3151 2296 3260 2342 tota
3302 2289 3386 2342 die
3415 2288 3485 2341 ad

1884 2381 2132 2455 populant
2162 2382 2522 2449 incredulum,
2569 2383 2661 2454 qui
2688 2383 2928 2451 graditur
2974 2383 3029 2436 in
3086 2383 3170 2436 via
3200 2398 3304 2436 non
3348 2381 3486 2436 bona

1884 2485 1995 2544 post
2043 2477 2378 2546 cegitationes
2428 2493 2569 2530 suas.
2615 2474 2760 2530 LXX
2797 2494 2807 2528 :
2839 2473 3089 2543 Expandi
3121 2492 3303 2530 manus
3346 2492 3482 2529 ineas

1881 2578 1990 2623 tota
2006 2570 2090 2624 die
2106 2570 2176 2623 ad
2201 2569 2455 2641 populum
2477 2569 2805 2624 incredulum
2833 2580 2880 2622 et
2905 2569 3365 2632 contradicenlem,
3392 2568 3483 2640 qui

1882 2678 1983 2715 non
2011 2660 2405 2716 ambulaverunt
2430 2662 2479 2714 in
2513 2662 2595 2715 via
2623 2661 2757 2714 bona
2789 2677 2808 2715 :
2830 2665 2921 2714 sed
2948 2671 3061 2733 post
3098 2671 3307 2730 peccata
3353 2678 3474 2716 sua.

1881 2752 1994 2807 Iloe
2022 2755 2167 2823 quod
2199 2770 2362 2824 supra
2393 2753 2600 2809 dictum
2628 2762 2713 2809 est
2739 2772 2749 2807 :
2784 2752 3021 2823 Apparui
3050 2752 3130 2807 his
3160 2756 3249 2825 qui
3276 2771 3483 2808 menon

1879 2847 2265 2917 interrogabant
2296 2863 2316 2903 .'
2349 2849 2583 2902 iuventus
2612 2865 2725 2902 sum
2757 2848 2821 2901 ab
2851 2846 2931 2901 Itis
2962 2849 3052 2919 qui
3100 2864 3179 2900 me
3208 2865 3310 2901 non
3339 2865 3483 2917 qtae-

1880 2938 2073 3000 rebanl,
2108 2938 2391 3008 apostolus
2418 2939 2616 2994 Paulus
2639 2939 2885 2994 scribens
2911 2941 2974 2992 ad
3006 2938 3309 3004 Romanos,
3357 2954 3481 2994 cum

1878 3044 2043 3097 super
2086 3032 2334 3100 gentium
2382 3046 2620 3103 persona
2665 3030 3050 3100 crpus-uisset,
3097 3031 3338 3103 adjecit:
3400 3031 3483 3085 Ad

1878 3122 2048 3179 Israel
2064 3137 2236 3180 autem
2251 3127 2377 3181 dicit
2412 3143 2429 3180 :
2458 3125 2709 3199 Expandi
2752 3143 2937 3181 manus
2962 3143 3099 3180 meas
3118 3127 3187 3181 ad
3214 3127 3470 3199 papulum

177 3234 429 3273 meremus
460 3228 507 3271 te
537 3217 691 3289 (lsai.
723 3232 876 3285 Lxut,
912 3215 1037 3289 l7)?
1069 3215 1375 3286 respondit,
1402 3213 1645 3270 utludtei
1679 3231 1743 3266 vo
1803 3209 1847 3268 C
1882 3216 2207 3272 incredulum
2236 3228 2281 3272 et
2302 3219 2741 3272 contradicentcm
2770 3217 2950 3291 (Rom.
2984 3234 3040 3289 ιι,
3074 3217 3201 3290 2i),
3235 3219 3325 3289 qui
3352 3233 3475 3273 cum

179 3312 328 3379 lunt,
365 3311 504 3367 Deus
530 3311 722 3377 Pater;
755 3321 812 3365 ut
842 3326 942 3365 nos
972 3310 1288 3381 probamus,
1325 3308 1587 3363 Dominus
1616 3315 1776 3376 atque

178 3404 429 3461 Salvator
464 3422 477 3458 :
508 3406 560 3459 in
590 3415 797 3460 tantum
828 3420 939 3458 non
968 3419 1086 3458 sum
1137 3401 1343 3472 rigidus
1392 3408 1448 3455 et
1494 3398 1728 3454 crudelis
1755 3442 1770 3466 ,

177 3500 267 3567 qui
300 3497 446 3551 tnalo
474 3498 852 3568 paenitentiam
897 3497 1201 3566 peccatoris
1232 3536 1245 3560 ,
1302 3510 1462 3564 quam
1495 3501 1726 3547 mortem
1757 3507 1771 3544 :

178 3608 279 3647 nec
311 3592 523 3662 repello
546 3591 686 3646 tilias
721 3590 1050 3659 Interritcutes
1075 3633 1090 3657 ,
1139 3590 1230 3661 qui
1264 3600 1442 3643 tamen
1475 3586 1559 3642 sui
1593 3586 1772 3640 nomi-

179 3688 263 3741 nis
291 3688 636 3741 servaveriut
662 3685 1010 3756 dignitatem,
1041 3693 1100 3739 ut
1128 3685 1292 3739 etiam
1325 3684 1531 3736 alienos
1562 3679 1775 3735 salvare

183 3780 346 3834 velint
380 3778 600 3849 (Ezech.
627 3779 848 3851 sum).
880 3780 980 3845 Qui
1009 3778 1154 3833 enim
1189 3792 1274 3832 me
1298 3792 1401 3831 ιιοιι
1432 3775 1772 3846 qutct'ebant,

180 3888 280 3928 nec
311 3871 497 3927 dicere
526 3881 778 3942 poterant
805 3890 815 3923 :
848 3873 1007 3936 Quem
1030 3869 1232 3941 scripsit
1258 3867 1465 3940 Moyses
1495 3868 1547 3921 in
1599 3864 1734 3939 Lege
1757 3908 1771 3933 ,

176 3974 222 4019 et
249 3963 531 4037 prophetw,
562 3964 848 4018 invenimus
873 3962 1054 4016 Jesum
1083 3960 1264 4032 (Joan.
1300 3976 1338 4024 t,
1365 3956 1481 4029 45);
1516 3959 1649 4028 ipsis
1681 3971 1775 4026 apo

180 4059 374 4128 parui,
417 4056 485 4112 de
527 4056 725 4128 quibus
754 4067 807 4109 et
859 4053 988 4109 alibi
1042 4051 1317 4122 PrOpheta
1365 4059 1604 4104 testatus
1644 4057 1771 4103 est:

180 4153 384 4220 Quibus
429 4167 534 4207 non
578 4161 656 4206 est
705 4149 1072 4203 annuntiatum
1125 4147 1188 4198 de
1217 4161 1297 4208 eo,
1324 4143 1533 4197 audient
1566 4159 1583 4195 :
1611 4151 1659 4197 et
1688 4143 1777 4213 qui

178 4263 281 4302 non
317 4247 627 4309 audierunt,
668 4242 959 4314 intelligent
992 4239 1129 4312 (Isa.
1161 4254 1253 4303 ιιι,
1289 4238 1399 4299 15).
1438 4226 1544 4291 Vos
1592 4246 1774 4292 autent

179 4343 269 4411 qui
305 4345 476 4409 legem
509 4335 603 4394 Dei
633 4338 724 4393 die
750 4352 813 4391 at:
845 4343 1005 4391 nocte
1031 4331 1373 4389 meditamini
1395 4374 1410 4398 ,
1440 4333 1636 4385 l’rustra
1663 4331 1780 4399 jac-

181 4437 310 4492 tatis
338 4434 752 4505 paenitentiam,
787 4432 943 4501 cujus
981 4447 1145 4499 opera
1200 4444 1306 4483 non
1364 4427 1562 4483 facitis.
1622 4425 1777 4483 Unde

181 4526 552 4598 Evangelista:
574 4537 628 4581 et
663 4525 922 4595 apostoli.
956 4538 1172 4592 semper
1201 4522 1495 4575 adventum
1541 4517 1772 4585 Domini,

1878 3310 2160 3365 beneﬁciis
2194 3311 2403 3366 Domini
2439 3311 2753 3365 vinceretur
2777 3352 2790 3373 ,
2824 3319 2879 3365 et
2927 3311 3069 3364 ultra
3099 3313 3375 3365 hominem
3405 3311 3481 3364 si—

1877 3419 1981 3473 gna
2003 3403 2385 3473 conspiceret,
2435 3403 2796 3474 loquebatur:
2831 3401 2937 3458 Iste
2967 3420 3072 3457 non
3114 3405 3255 3476 ejicit
3285 3405 3479 3459 daemo-

1879 3499 1987 3562 nia,
2013 3499 2113 3551 nisi
2150 3498 2205 3551 in
2235 3497 2519 3552 Beelzebub
2542 3499 2773 3569 principe
2793 3482 3167 3552 dtenioniorum
3217 3496 3371 3568 (Luc.
3395 3512 3476 3565 xl,

1881 3590 1995 3655 l5).
2026 3591 2093 3644 Et
2121 3592 2313 3646 iterum
2343 3610 2356 3645 :
2380 3590 2748 3646 Samaritanus
2776 3608 2827 3644 es
2853 3601 2928 3660 ιιι,
2959 3602 3005 3644 et
3038 3591 3351 3649 dwntonium
3378 3589 3478 3643 Ita:-

1880 3684 1964 3738 bes
1994 3682 2175 3750 (Joan.
2211 3700 2322 3750 vttt,
2357 3683 2475 3753 48).
2512 3685 2579 3740 Ει
2606 3700 2824 3739 rursum
2858 3701 2870 3738 :
2906 3702 3019 3739 cum
3044 3686 3115 3738 sis
3138 3685 3313 3753 homo,
3349 3684 3479 3753 facis

1878 3788 1925 3832 te
1956 3777 2119 3832 Deum
2145 3776 2328 3848 (Joan.
2358 3795 2412 3845 ιι,
2448 3778 2565 3848 55).
2612 3777 2678 3832 Ει
2703 3778 2833 3832 alibi
2862 3796 2872 3831 :
2902 3776 3010 3831 Iste
3031 3776 3185 3831 homo
3216 3793 3316 3831 non
3344 3786 3417 3830 est
3446 3793 3481 3831 α

1882 3870 2011 3936 Deo,
2063 3872 2153 3941 qui
2199 3870 2466 3924 sabbatum
2513 3885 2617 3923 non
2665 3869 2892 3923 custodit
2927 3868 3110 3939 (Joan.
3139 3885 3216 3935 ιχ,
3266 3868 3376 3937 10).
3411 3869 3480 3923 Et

1882 3966 2050 4017 multa
2084 3965 2210 4022 alia.
2242 3979 2361 4033 quae
2398 3964 2615 4031 longum
2669 3970 2754 4016 est
2801 3971 3013 4016 texere.
3058 3961 3299 4030 Denique
3354 3976 3479 4016 cum

1879 4055 1973 4110 ille
2003 4056 2053 4110 in
2078 4070 2242 4109 cruce
2263 4055 2581 4109 extenderet
2608 4068 2797 4109 manus
2827 4052 2894 4108 ad
2928 4052 3183 4121 populum
3219 4067 3327 4105 non
3356 4066 3479 4105 cre-

1880 4147 2121 4216 dentem,
2148 4156 2202 4203 et
2222 4146 2432 4202 diceret
2458 4164 2467 4199 :
2497 4144 2675 4213 Pater,
2700 4147 2907 4216 ignosce
2932 4146 3003 4197 eis
3033 4144 3211 4214 :quod
3239 4143 3373 4197 enim
3400 4147 3484 4215 [a-

1880 4247 2041 4305 ctunt,
2065 4241 2303 4294 nesciunt
2332 4238 2487 4311 (Luc.
2519 4255 2669 4302 χχιιι,
2703 4235 2797 4310 5t)
2831 4254 2849 4292 :
2881 4238 2962 4292 illi
2995 4253 3026 4292 e
3056 4238 3283 4309 regione
3330 4237 3478 4292 dice-

1882 4319 2009 4385 bant
2041 4350 2053 4384 :
2096 4329 2242 4384 Vah!
2267 4331 2354 4399 qui
2382 4331 2595 4385 destruit
2623 4328 2921 4401 Templum,
2955 4341 3004 4385 et
3034 4332 3087 4385 in
3114 4331 3275 4385 tribus
3302 4327 3483 4384 diebus

1879 4422 2108 4493 cedi/icat
2136 4421 2269 4476 illud
2296 4438 2313 4476 :
2343 4422 2620 4477 descendat
2646 4437 2785 4476 nunc
2814 4422 2877 4477 de
2906 4439 3059 4476 cruce
3078 4463 3093 4487 ,
3138 4432 3186 4475 et
3214 4421 3476 4477 credimur

1882 4516 1947 4567 ei.
1974 4511 2119 4567 Alios
2147 4514 2315 4567 salvos
2340 4512 2481 4577 fecit,
2512 4515 2743 4580 seipsum
2780 4514 2983 4567 salvum
3011 4517 3185 4585 facere
3238 4529 3341 4566 non
3387 4528 3479 4581 po-

181 4596 389 4675 veteris
414 4618 749 4673 Testamenti
779 4616 1071 4685 cupientes
1122 4614 1454 4668 testimoniis
1486 4611 1772 4674 rohorare,
1808 4598 1853 4657 D
1885 4616 1977 4661 test
2002 4596 2218 4676 (Matth.
2257 4620 2432 4671 xxvu,
2464 4604 2580 4674 40).
2616 4606 2693 4660 De
2728 4605 2833 4659 hoc
2869 4616 2923 4659 et
2963 4605 3190 4661 Simeon
3232 4606 3287 4660 in
3340 4604 3488 4660 ulnis

179 4711 445 4768 dicebant
475 4728 488 4764 :
517 4708 585 4765 Ut
608 4708 912 4776 impleretur
933 4707 1070 4777 quod
1094 4707 1290 4759 dictum
1320 4714 1392 4759 est
1423 4721 1515 4776 per
1546 4699 1778 4772 Draphe-

181 4816 288 4858 tant
319 4790 544 4871 (Matth.
575 4817 616 4869 t,
652 4796 767 4873 2'2).
801 4800 1066 4855 Centurio
1096 4798 1386 4853 Dominum
1424 4812 1529 4851 non
1570 4809 1787 4866 quaere-

180 4896 293 4957 bat.
323 4905 380 4949 et
406 4893 611 4947 audivit
643 4908 674 4947 a
704 4892 941 4947 Domino
976 4909 986 4944 :
1021 4889 1205 4960 Neque
1257 4890 1313 4943 in
1359 4887 1531 4943 Israel
1583 4895 1785 4940 tantam

181 4989 340 5057 [idem
372 4986 543 5042 inveni
568 4985 719 5058 (Luc.
756 5002 851 5047 \‘ll.
876 4986 947 5049 9;
982 4983 1166 5037 Matth.
1204 4996 1319 5047 vtu,
1349 4982 1460 5051 10).
1487 4982 1783 5052 Syrophoe-

183 5081 328 5135 uis‘sa
386 5078 588 5135 mulier
619 5079 1021 5148 Prophetarum
1080 5076 1297 5144 eloquia
1351 5074 1671 5139 nesciebat,
1725 5080 1782 5128 et

184 5174 401 5230 Domini
424 5188 556 5228 vaec
580 5174 832 5228 laudatur
857 5190 870 5226 :
893 5171 939 5226 0
961 5173 1170 5235 mulier,
1193 5184 1385 5238 magna
1409 5178 1485 5222 est
1508 5168 1639 5236 ﬁdes
1669 5176 1778 5221 tua.

183 5267 424 5339 Regulus
481 5265 662 5335 (laan.
696 5265 793 5336 tv).
855 5266 945 5333 qui
996 5263 1188 5318 Graece
1245 5261 1446 5316 dicitur
1492 5260 1781 5333 βασιλικὸς,

183 5379 213 5431 q
239 5377 344 5414 .cm
372 5374 472 5414 nos
499 5358 569 5414 de
597 5358 716 5413 aula
774 5357 916 5427 regia
948 5354 1151 5411 rectius
1182 5352 1534 5421 inter-preari
1591 5362 1786 5421 possu-

187 5470 303 5507 mus
326 5451 645 5526 palatinum,
672 5466 778 5503 non
808 5450 980 5503 solum
1011 5448 1126 5513 lilii,
1151 5448 1250 5503 sed
1283 5447 1559 5501 universa:
1587 5442 1782 5499 domus

185 5560 297 5601 sua:
318 5548 533 5617 reperit
556 5544 867 5598 sanitatem.
890 5541 1047 5608 Quod
1066 5551 1245 5595 autem
1271 5539 1421 5606 juxta
1452 5536 1783 5591 llehraicum

188 5637 389 5694 dieitur
425 5654 439 5691 :
476 5638 802 5706 Quasierunt
830 5651 908 5689 me
931 5634 1021 5706 qui
1062 5644 1180 5687 ante
1228 5648 1331 5685 non
1370 5628 1785 5703 interrogabant,

192 5734 256 5787 ad
286 5732 545 5789 eumdem
579 5746 801 5786 sensum
835 5729 1072 5784 refertur
1104 5746 1116 5782 :
1150 5737 1204 5782 ut
1233 5725 1382 5798 prius
1414 5726 1505 5779 Dei
1537 5724 1787 5779 notitiam

196 5842 301 5903 non
331 5827 619 5895 habentes,
653 5833 845 5899 postea
902 5831 1146 5895 qnmrant
1190 5819 1472 5877 Dominum
1503 5862 1516 5907 ἶ
1572 5826 1627 5873 et
1664 5831 1788 5875 eum

1887 4711 2081 4755 tenens
2117 4698 2403 4768 parvulum
2440 4698 2801 4767 prophetahat
2835 4695 3011 4751 :Ecce
3042 4698 3125 4750 hic
3154 4699 3353 4768 positus
3409 4704 3486 4751 est

1885 4791 2172 4845 in'ruinam
2199 4800 2246 4844 et
2274 4790 2327 4844 in
2357 4790 2775 4845 resurrectionem
2799 4790 3103 4853 multorum,
3132 4797 3181 4843 et
3204 4788 3259 4843 in
3280 4791 3486 4861 signum

1881 4885 1966 4937 cui
1993 4883 2381 4937 contradicetur
2411 4880 2566 4953 (Luc.
2598 4897 2659 4949 ιι,
2687 4881 2801 4953 54).
2829 4882 3023 4936 Roma:
3051 4880 3228 4937 Judati
3252 4882 3486 4952 loquun-

1889 4988 1974 5030 tur
2005 4976 2071 5029 ad
2103 4975 2330 5029 Paulum
2370 4991 2382 5027 :
2418 4972 2496 5027 De
2526 4983 2666 5028 secta
2688 4973 2786 5028 hac
2810 4982 2987 5028 notum
3017 4983 3094 5027 est
3143 4974 3313 5040 nobis,
3346 4973 3486 5044 quod

1889 5068 2074 5138 ubique
2097 5068 2141 5121 ei
2171 5067 2563 5121 contradicatur
2600 5066 2737 5138 (Act.
2769 5076 2935 5122 xitvttt
2961 5107 2976 5134 ,
3007 5062 3123 5139 41).
3186 5064 3487 5121 Possumus

1889 5175 2164 5230 expausas
2219 5175 2416 5215 manus
2445 5171 2499 5215 et
2529 5159 2582 5214 in
2616 5160 2873 5230 largitate
2901 5160 3167 5215 donantis
3217 5162 3494 5229 accipere,

1889 5254 2034 5322 quod
2066 5252 2199 5305 uiltil
2224 5252 2305 5307 eis
2333 5251 2649 5322 petentibus
2690 5252 2984 5321 denegarit
3012 5268 3025 5304 :
3059 5252 3156 5306 sed
3179 5252 3364 5306 statim
3401 5260 3491 5303 ro-

1893 5346 2040 5417 gauli
2074 5351 2293 5415 leproso
2318 5345 2624 5402 reddiderit
2659 5348 2955 5402 sanitatem
2989 5343 3208 5416 (Matth.
3243 5340 3361 5405 un)
3396 5358 3408 5392 :
3437 5342 3495 5395 et

1883 5454 2065 5494 czccus
2107 5455 2137 5494 a
2182 5440 2469 5495 nativitate
2497 5441 2785 5508 acceperit
2815 5435 3003 5494 oculos
3050 5433 3233 5505 (Joan.
3289 5433 3363 5503 ιιι)
3393 5449 3407 5485 ;
3434 5434 3489 5490 εὶ

1887 5532 2187 5587 esurientia
2239 5533 2293 5587 itt
2335 5534 2584 5595 deserto,
2639 5529 2885 5598 exceptis
2917 5527 3106 5597 pueris
3133 5541 3197 5580 ac
3243 5525 3495 5580 mulieri.

1892 5626 2011 5689 hos,
2068 5625 2396 5693 pepulerunt
2429 5631 2672 5678 saturata
2729 5623 2842 5676 sint
2892 5619 3065 5674 millia
3099 5618 3320 5691 (Matth.
3349 5619 3487 5691 xiv).

1892 5716 2215 5791 Signiﬁcant
2245 5734 2503 5789 expansa:
2530 5731 2724 5772 manus
2749 5726 2802 5771 ct
2830 5712 3079 5786 parentis
3101 5713 3482 5780 clementiam,

1901 5828 2035 5869 suos
2072 5812 2218 5873 tilios
2273 5812 2327 5871 in
2359 5812 2485 5869 sinu
2537 5810 2786 5885 recipere
2828 5806 3140 5883 gestientis.
3168 5807 3276 5893 Qui
3306 5824 3337 5866 e
3368 5821 3501 5883 cons
