3972 6328
2084 196 2085 201 η
3390 196 3401 207 ¹
3407 194 3429 234 ι

505 290 610 344 651
1751 286 1810 341 S.
1854 284 2072 342 EUSEB

2181 283 2540 341 llERONYMl
3709 290 3819 349 632

511 407 685 461 trario
714 404 1137 460 ambulaverunt
1168 403 1221 458 in
1250 402 1336 458 via
1369 417 1481 459 non
1511 402 1675 471 bona,
1705 411 1761 459 et
1784 403 1957 460 secuti
1981 410 2108 458 sunt
2131 401 2184 465 Α
2210 399 2328 456 bum
2375 411 2545 456 autem
2596 400 2810 458 Domini
2836 446 2851 473 ,
2903 405 3047 476 quod
3079 405 3138 460 in
3167 406 3418 463 ecclesiis
3458 404 3811 478 prmdicatur,

506 497 885 568 cogitationes
937 509 1088 550 suas.
1138 494 1351 564 Quibus
1409 494 1675 551 Dominus
1731 496 1981 567 loquitur
2008 510 2072 567 pe

2206 502 2469 565 permanet
2499 494 2552 548 in
2577 503 2826 550 teternum
2853 494 3013 567 (Isai.
3047 512 3138 568 XL,
3181 498 3234 565 6,
3264 498 3346 567 7).
3378 497 3494 555 Hos
3520 498 3716 556 hortos
3750 515 3815 557 ex

508 587 842 658 Prophetam
872 605 885 642 :
915 586 1097 644 Averte
1117 588 1294 660 pedem
1317 598 1462 643 tuum
1488 605 1520 642 a
1549 589 1631 642 via
1660 605 1862 661 aspera
1918 587 2103 661 (Prov.
2204 582 2364 640 vinea
2391 599 2490 641 sua
2519 586 2713 643 nolens
2733 584 2853 643 ﬁeri
2882 587 3122 657 Nabotb,
3139 589 3330 647 Achab
3350 590 3688 664 impiissimo
3704 595 3815 665 regi

510 696 589 748 tv,
619 679 736 751 27).
767 678 1087 737 Dilexerant
1112 681 1258 737 enim
1289 679 1521 749 alienos,
1546 691 1602 737 et
1629 682 1809 737 instar
1853 679 2107 738 merelri—
2205 679 2530 749 sanguinem
2561 679 2739 736 tundit
2791 680 2883 750 (lIl
2909 681 3045 757 Reg.
3095 685 3257 756 χιιι).
3287 683 3475 757 Neque
3502 686 3654 742 enim
3683 701 3816 743 cou-

502 771 587 826 cis
614 770 871 828 dixerant
901 789 915 827 :
952 772 1159 829 Vadam
1186 784 1301 843 post
1327 785 1582 829 amatores
1609 791 1746 830 meos
1770 772 1918 847 (Ose.
1952 775 2101 846 ",5).
2203 782 2396 839 gruum
2429 781 2569 840 erat,
2603 782 2660 827 ut
2690 782 2917 842 paterna
2948 776 3161 845 periret
3205 776 3499 834 bacreditas
3531 797 3546 834 :
3579 788 3637 834 et
3663 781 3812 836 exci-

503 862 975 935 Etrclinquentes
993 866 1139 921 viam
1163 865 1745 937 bonam,qna:dicitin
1761 867 2061 941 Evangelio
2087 886 2099 924 ε
2203 862 2280 918 sis
2312 865 2505 934 vineis,
2532 881 2658 938 quas
2684 866 2920 924 afferunt
2947 868 3183 927 fructum
3236 872 3403 946 774
3442 876 3536 946 qui
3572 873 3815 932 laetiﬁcat

499 953 615 1028 Ego
632 973 748 1012 sum
771 958 852 1011 ria
870 957 1051 1030 (Joan.
1072 974 1183 1028 XIV,
1199 958 1277 1032 6),
1296 959 1718 1017 ambulaverunt
1739 977 1837 1032 per
1855 962 2022 1017 latam
2044 978 2072 1019 e

2202 969 2300 1011 cor
2330 956 2589 1026 hominis,
2623 959 2675 1015 in
2709 960 2831 1017 loco
2870 963 3157 1033 virtutum,
3183 965 3505 1023 deliciarum
3528 978 3705 1039 atque
3733 970 3814 1025 vi-

501 1050 801 1116 spatiosam
833 1052 1007 1121 viam,
1034 1068 1157 1122 qua:
1185 1052 1418 1110 ducitad
1434 1065 1760 1124 mortcm,et
1783 1058 1955 1113 secuti
1976 1073 2072 1114 sun

2203 1047 2404 1104 tiorum
2435 1050 2586 1107 olera
2610 1064 2989 1111 nascerentur.
3014 1054 3218 1114 Fertur
3246 1059 3643 1131 sapientissimi
3669 1063 3813 1134 apud

2202 1138 2428 1197 Graecos
2461 1143 2658 1200 merito
2705 1145 2982 1203 celebrata
3033 1157 3090 1205 et
3135 1149 3351 1207 laudata
3382 1154 3684 1223 sententia,
3721 1158 3813 1228 qui

2201 1244 2392 1288 omnes
2417 1235 2604 1291 saeculi
2649 1237 2959 1308 voluptates
2983 1283 2998 1306 ,
3031 1251 3087 1297 et
3136 1257 3391 1314 pompam
3422 1246 3619 1303 mundi
3649 1257 3811 1320 atque

2201 1322 2473 1382 luxuriam
2520 1327 2783 1387 celeriter
2837 1342 3253 1403 transeuntem,
3307 1336 3501 1394 hortos
3544 1338 3812 1397 Adonidis

2203 1427 2383 1473 vocat.
2435 1419 2761 1479 Sacriﬁcant
2796 1440 3012 1498 quoque
3057 1426 3305 1485 haeretici
3361 1445 3529 1502 super
3577 1432 3810 1505 lapides,

501 1141 866 1213 cogitationes
887 1158 1037 1209 suas,
1052 1160 1190 1216 quas
1208 1144 1486 1217 PrOpheta
1500 1147 1772 1216 devitans,
1807 1149 2098 1205 Dominum

493 1234 828 1305 deprecatur
844 1255 858 1291 :
874 1238 948 1292 Ab
972 1239 1189 1294 occultis
1205 1240 1367 1312 773
1384 1243 1507 1297 meis
1521 1242 1715 1297 munda
1733 1260 1830 1309 me,
1854 1241 2096 1311 Domine,

496 1338 545 1383 et
575 1328 639 1383 ab
661 1330 847 1385 alienis
871 1348 1025 1404 parce
1045 1349 1193 1389 servo
1230 1344 1341 1389 tuo.
1370 1335 1434 1391 Si
1453 1338 1553 1390 mei
1578 1353 1683 1392 non
1710 1339 1901 1417 fuerint
1932 1339 2100 1393 domi-

493 1423 644 1488 nati,
693 1431 815 1477 tunc
856 1425 1222 1481 immaculatus
1243 1443 1331 1482 ero
1366 1427 1487 1494 (Ps.
1531 1445 1685 1499 xvm,
1738 1431 1827 1498 l5,
1876 1432 1990 1505 14).
2030 1433 2100 1489 Et

500 1509 799 1584 Apostolus
830 1531 925 1574 eos
946 1516 1040 1590 qui
1066 1534 1177 1575 non
1205 1519 1516 1577 habuerunt
1539 1524 1791 1579 notitiam
1822 1525 1939 1593 Dei,
1958 1527 2095 1582 tradi

502 1603 671 1661 docet
695 1607 938 1678 reprobo
962 1612 1151 1666 sensui
1175 1620 1229 1667 ct
1246 1613 1508 1682 operibus
1536 1615 1782 1682 malis,ut
1803 1614 2004 1672 faciant
2030 1633 2094 1674 ea

493 1713 621 1768 quae
645 1715 754 1756 non
783 1702 1124 1759 conveniunt
1146 1704 1325 1776 (Rom.
1358 1704 1421 1778 ι).
1454 1707 1564 1763 Nos
1590 1718 1770 1765 autem
1794 1710 2095 1768 Psalmistte

2199 1510 2418 1580 quando
2439 1527 2658 1570 errores
2680 1529 2811 1573 suos
2833 1525 2889 1572 et
2905 1520 3174 1590 exquisita
3204 1521 3812 1591 mendacia,dialectica

2204 1604 2461 1660 nituntur
2484 1614 2605 1663 arte
2628 1606 2871 1679 firmare,
2902 1621 2957 1666 et
2986 1613 3039 1667 in
3071 1613 3342 1683 quadrum
3393 1623 3690 1674 exstruere
3718 1637 3733 1674 :
3762 1628 3811 1675 et

2202 1704 2228 1733 “
2260 1707 2611 1774 γραμμικαῖς,
2666 1712 2727 1757 ιιι
2756 1702 2949 1774 aiunt,
2999 1706 3268 1782 ἀνάγκαις,
3317 1709 3370 1765 id
3425 1719 3533 1779 est,
3563 1713 3708 1770 secti
3757 1713 3812 1771 in

490 1804 629 1847 voce
654 1791 930 1849 dicamus:
952 1793 1135 1849 Dcduc
1157 1812 1237 1850 me
1254 1798 1307 1850 in
1322 1799 1407 1851 via
1422 1808 1561 1853 recta
1579 1798 1699 1873 (Ps.
1715 1801 2072 1875 cxxxvmﬂi)

2208 1791 2381 1848 latere
2408 1793 2647 1864 pulveris
2673 1808 2838 1869 atque
2859 1797 3124 1872 descripti
3156 1802 3317 1859 lineis
3336 1804 3627 1864 roborare.
3653 1807 3811 1877 Quod

560 1882 742 1956 (Vcrs.
777 1885 859 1956 5.)
883 1884 1119 1959 Pupulus
1145 1888 1234 1958 qui
1259 1890 1329 1943 ad
1356 1889 1681 1946 iracundiam
1707 1904 1948 1965 provocat
1981 1912 2092 1965 me,

488 1986 611 2031 ante
637 1979 821 2048 faciem
848 1996 1017 2034 meam
1045 1997 1246 2053 semper
1275 1999 1294 2036 :
1328 1983 1416 2053 qui
1440 1984 1709 2040 immolant
1738 1987 1791 2041 in
1816 1986 2004 2057 hortis,
2048 1999 2096 2043 et

491 2069 790 2140 sacriﬁcant
816 2088 972 2142 super
988 2073 1173 2128 lateres
1197 2072 1309 2148 (Ea:
1335 2072 1506 2130 Exod.
1525 2093 1624 2144 xx,
1654 2076 1737 2151 4).
1768 2078 1911 2135 LXX
1945 2098 1958 2133 :
1991 2078 2095 2135 Ρο-

487 2158 645 2231 pulus
693 2160 781 2216 hic
815 2165 905 2234 qui
942 2166 1217 2222 exacerbat
1251 2184 1331 2223 me
1381 2169 1437 2224 in
1484 2182 1758 2245 conspectu
1805 2189 1919 2228 meo
1946 2190 1965 2229 :
1994 2175 2094 2247 ipsi

481 2269 684 2324 semper
707 2257 980 2313 immolant
1012 2259 1064 2314 in
1092 2260 1282 2329 hortis,
1310 2272 1359 2317 et
1390 2264 1599 2320 adolent
1634 2266 1902 2322 incensum
1939 2286 2093 2342 super

476 2345 690 2402 laterem
708 2354 760 2414 ἐ-
779 2349 1103 2408 dtemom'bus
1116 2354 1205 2425 qui
1232 2371 1337 2410 non
1357 2365 1497 2411 sunt.
1517 2360 1554 2423 ⁶,
1575 2357 1801 2416 Dicente
1828 2360 2088 2417 Domino:

486 2436 615 2493 Non
644 2441 805 2511 facies
837 2444 929 2498 tibi
948 2445 1173 2515 idolum,
1215 2464 1380 2519 neque
1418 2449 1813 2507 similitudinem
1863 2454 2091 2509 omnium

482 2546 599 2601 quia
622 2533 676 2587 in
708 2536 835 2590 caelo
860 2547 999 2607 sunt,
1026 2547 1073 2592 et
1088 2556 1206 2609 qua:
1231 2557 1385 2613 super
1408 2544 1617 2597 terram.
1649 2543 1718 2598 Et
1740 2559 1839 2615 per
1868 2544 2087 2619 Moysen

480 2623 803 2696 increpante
834 2627 1101 2687 facientes
1132 2650 1145 2686 :
1177 2631 1525 2689 Irritaveruut
1552 2653 1633 2691 me
1653 2637 1707 2692 in
1738 2638 1838 2693 diis
1865 2640 2051 2696 alienis
2071 2684 2086 2710 ,

480 2725 530 2770 et
556 2717 612 2771 in
636 2717 1111 2776 abominationibus
1134 2724 1244 2778 suis
1264 2740 1347 2780 me
1374 2727 1446 2779 ad
1475 2728 1875 2785 amaritudinem
1899 2747 2086 2803 provo-

476 2821 741 2867 cavcrunt.
788 2811 1197 2871 Immolaoerunt
1241 2817 1532 2886 daemoniis,
1557 2829 1606 2875 et
1632 2836 1735 2876 non
1761 2820 1876 2878 Deo
1902 2823 2084 2895 (Deut.

480 2916 655 2971 xxxu,
684 2904 775 2971 16,
803 2903 918 2978 17),
940 2907 1017 2963 illi
1044 2909 1226 2966 studio
1247 2909 1602 2984 delinquendi
1624 2916 1781 2986 quasi
1804 2917 2087 2976 irritarent

481 3003 541 3050 et
569 3007 936 3066 provocarent
961 2999 1157 3071 Deum,
1181 3018 1289 3060 non
1312 3004 1490 3060 solum
1521 3004 1769 3064 fecerunt
1797 3009 1946 3079 quod
1976 3028 2083 3067 non

475 3089 707 3163 licebat,
738 3092 833 3149 sed
868 3094 1072 3166 jugitcr
1120 3112 1450 3171 semperque
1494 3100 1763 3173 fecerunt,
1794 3116 2084 3176 peccantes

471 3180 528 3235 in
561 3193 856 3255 conspectu
876 3186 1117 3258 Domini,
1151 3191 1307 3261 cujus
1333 3192 1508 3249 oculis
1536 3206 1728 3251 cuncta
1754 3205 1960 3268 patent,
1994 3199 2082 3256 vel
2111 3182 2157 3247 C

473 3270 532 3328 in
559 3273 790 3346 Templo
818 3277 956 3348 ejus,
974 3279 1134 3336 idolis
1155 3282 1364 3340 hostias
1386 3284 1840 3345 immolantes.“
1863 3305 1930 3346 ne
1952 3291 2079 3363 quid

472 3380 606 3424 vero
648 3368 867 3427 deesset
895 3373 1184 3446 sacrilegio
1208 3420 1224 3446 ,
1278 3377 1639 3437 immolabant
1675 3383 1728 3437 in
1780 3382 1954 3440 hortis
1980 3428 1995 3453 ,
2028 3397 2083 3442 et

473 3456 773 3517 adolebant
798 3463 960 3519 thura
990 3479 1155 3536 super
1192 3470 1415 3540 lateres,
1439 3472 1732 3544 jungentes
1755 3474 2080 3535 idololatria:

469 3547 771 3621 luxuriam,
803 3564 863 3609 et
891 3558 1175 3614 sacrificiis
1202 3561 1556 3631 voluptatem,
1582 3574 1637 3621 et
1665 3580 1764 3637 pro
1785 3582 1894 3623 uno
1922 3569 2077 3626 altari

470 3641 616 3709 quod
650 3642 913 3711 impolitis
941 3648 1215 3719 lapidibus
1245 3651 1338 3708 Dei
1367 3664 1487 3710 erat
1515 3655 1633 3726 lege
1672 3668 2071 3729 cmtstructum,

472 3740 662 3787 coctos
691 3733 899 3792 lateres
925 3748 979 3794 et
1016 3755 1270 3812 agrorum
1311 3748 1567 3817 cespites,
1600 3750 1901 3808 hostiarum
1950 3769 2077 3812 san-

466 3827 633 3898 guine
654 3832 1037 3889 cruentabant.
1090 3834 1202 3892 Hoc
1224 3838 1429 3895 dictum
1475 3843 1547 3897 sit
1588 3842 1739 3913 juxta
1787 3846 2071 3905 litteram:

463 3920 704 3995 alioquin
737 3926 1038 3983 secundum
1061 3930 1471 4003 intelligentiam
1500 3935 1868 4007 spiritualem,
1896 3945 2074 4000 omnis

465 4014 764 4075 haereticus
792 4019 861 4075 ad
890 4021 1231 4078 iracundiam
1283 4035 1541 4096 provocat
1569 4026 1894 4099 Dominum,
1926 4044 1980 4090 et
2019 4037 2072 4092 in

465 4108 1029 4186 falsitatedogntatum
1054 4133 1277 4175 suorum
1301 4120 1462 4177 otl'ert
1480 4123 1756 4181 immunda
1780 4128 2071 4197 saerilicia,

465 4217 810 4276 nequaquam
841 4209 993 4265 lirma
1035 4220 1092 4266 et
1133 4228 1391 4270 mansura
1424 4224 1711 4287 perpetuo,
1758 4220 1852 4276 sed
1901 4221 2073 4279 instar

465 4292 749 4351 hortorum
774 4298 840 4354 ad
880 4299 1048 4359 breve
1079 4305 1350 4372 virentia,
1391 4310 1575 4366 carnis
1621 4310 1834 4370 deliciis
1886 4319 2069 4385 provi-

462 4385 621 4444 dens.
650 4388 749 4446 Cui
768 4390 1005 4450 dicitur:
1040 4396 1224 4455 Omnis
1261 4417 1387 4458 caro
1404 4404 1604 4474 fenum,
1625 4416 1675 4461 et
1703 4410 1870 4466 omnis
1896 4412 2068 4484 gloria

2200 1894 2379 1942 autem
2432 1886 2486 1942 in
2543 1888 2905 1963 Septuaginta
2955 1894 3155 1966 legitur
3187 1914 3201 1951 :
3235 1899 3557 1957 dwmonibus
3587 1904 3681 1975 qui
3710 1921 3811 1960 non

2197 1990 2339 2051 sunt,
2372 1992 2430 2039 et
2474 1984 2529 2040 in
2585 1986 2855 2045 llebraico
2886 2004 2995 2046 non
3025 1990 3286 2062 habetur,
3320 1995 3417 2053 illo
3446 2011 3620 2054 sensu
3660 2001 3808 2056 acci-

2198 2076 2639 2150 piendum,un
2673 2080 2827 2151 juxta
2854 2083 3118 2154 litteram,
3141 2101 3196 2142 ct
3218 2088 3370 2159 juxta
3397 2089 3680 2161 spiritum,
3707 2107 3806 2150 nec

2196 2167 2469 2226 dzemonia
2494 2172 2816 2245 subsistant,
2849 2177 2975 2249 quia
2997 2178 3114 2249 jam
3145 2196 3176 2235 a
3225 2182 3361 2250 Deo,
3392 2185 3486 2256 qui
3510 2201 3646 2243 vere
3673 2196 3761 2243 est
3786 2231 3804 2257 ,

2195 2262 2548 2320 exciderunt:
2584 2281 2687 2324 nec
2711 2279 2876 2326 secta:
2902 2271 3291 2331 haereticorum
3318 2292 3441 2348 qua:
3470 2279 3679 2336 nullam
3719 2296 3811 2339 re-

2196 2357 2373 2415 tinent
2416 2360 2724 2430 veritatem,
2757 2364 2856 2420 sed
2913 2366 2965 2422 in
3019 2368 3338 2426 umbrarum
3379 2373 3806 2433 similitudinem

2194 2460 2477 2510 transeunt
2499 2463 2667 2527 atque
2698 2458 2999 2516 intereunt.
3039 2460 3196 2519 Unde
3235 2472 3291 2518 et
3332 2463 3533 2522 Esther
3561 2467 3805 2540 loquitur

2192 2544 2257 2600 ad
2292 2545 2575 2604 Dominum
2603 2566 2618 2603 :
2673 2548 2758 2605 Ne
2787 2552 2968 2609 tradas
3013 2553 3366 2611 luereditatem
3396 2566 3544 2613 tuam
3592 2559 3675 2615 Itis
3709 2565 3802 2634 qui

2191 2654 2295 2693 non
2318 2651 2437 2695 sunt
2461 2640 2676 2715 (Esther
2695 2659 2811 2714 xw,
2840 2647 3028 2719 ll).Et
3047 2659 3270 2705 sanctus
3292 2661 3549 2721 precatur
3569 2652 3625 2710 in
3653 2656 3802 2724 psal-

2190 2746 2280 2787 mo
2308 2750 2323 2787 :
2357 2731 2581 2805 Ignosce
2610 2737 2758 2803 mihi,
2781 2748 2839 2793 ut
2865 2739 3150 2811 refrigerer
3176 2742 3480 2815 priusquam
3505 2744 3709 2815 abeam,
3751 2757 3802 2803 et

2188 2826 2455 2882 ultranon
2479 2828 2755 2885 subsistant
2786 2830 2903 2901 (Ps.
2936 2847 3164 2900 xxxvtu,
3196 2834 3312 2905 14).
3346 2835 3448 2904 Qui
3474 2838 3624 2895 enim
3663 2840 3798 2898 dum

2187 2918 2243 2973 in
2272 2918 2376 2977 hoc
2404 2921 2536 2979 vivit
2562 2938 2820 2996 corpore,
2851 2930 3075 2983 veniam
3107 2941 3459 3000 peccatorum
3491 2948 3600 2990 non
3631 2934 3802 2994 fuerit

2186 3025 2545 3084 consecutus,
2574 3016 2636 3075 'et
2664 3018 2745 3075 sic
2767 3019 2834 3076 de
2854 3021 2965 3077 vita
2995 3025 3333 3093 excesserit,
3361 3026 3475 3083 Deo
3499 3029 3684 3100 perit,
3733 3042 3792 3088 et

2185 3124 2311 3167 esse
2328 3110 2563 3184 desistit,
2595 3110 2722 3169 licet
2747 3114 2851 3171 sibi
2888 3115 3153 3172 subsistat
3179 3117 3233 3173 in
3267 3120 3462 3188 poenis.

2259 3200 2438 3273 (Vers.
2468 3203 2524 3269 4,
2557 3202 2641 3275 ὅ.)
2672 3203 2773 3270 Qui
2792 3204 3029 3262 habitant
3057 3208 3113 3264 in
3142 3210 3418 3279 sepulcris,
3451 3221 3503 3268 et
3536 3220 3593 3268 in
3636 3214 3797 3271 delu-

2187 3296 2292 3352 bris
2318 3298 2575 3354 idolorum
2595 3300 2858 3357 dermiunt
2874 3318 2893 3357 :
2913 3303 3002 3374 qui
3026 3305 3300 3361 comedunt
3318 3322 3528 3363 carnem
3549 3309 3792 3380 suillam,

2185 3398 2233 3444 et
2267 3391 2359 3462 jus
2387 3392 2663 3463 profanum
2706 3392 2763 3448 in
2798 3394 2936 3449 rasis
2979 3396 3087 3451 suis
3110 3412 3129 3451 :
3154 3397 3242 3469 qui
3286 3398 3493 3469 dicunt,
3525 3403 3705 3458 recede
3747 3421 3787 3458 a

2183 3499 2287 3550 me,
2316 3499 2419 3538 non
2449 3485 2834 3557 apprOpinques
2860 3488 3007 3557 mihi,
3036 3489 3161 3559 quia
3181 3490 3486 3549 immundus
3516 3511 3589 3551 es.
3614 3495 3783 3553 LXX:

2181 3575 2249 3630 In
2275 3575 2523 3648 sepulcris
2542 3586 2591 3633 et
2614 3578 2668 3632 in
2695 3580 2948 3651 specubus
2992 3581 3257 3638 dormiunt
3290 3596 3507 3655 propter
3531 3589 3730 3643 somnia
3764 3606 3787 3645 :

2177 3668 2267 3738 qui
2297 3668 2568 3724 comedunt
2591 3686 2798 3725 carnem
2834 3672 3045 3728 suillam
3089 3684 3141 3730 et
3166 3678 3261 3749 jus
3281 3675 3606 3747 hostiarum,
3652 3696 3783 3752 pro-

2177 3761 2304 3832 fana
2353 3763 2531 3818 omnia
2576 3780 2699 3819 vasa
2724 3781 2899 3820 eorum
2928 3782 2948 3822 :
2974 3768 3065 3839 qui
3091 3769 3292 3839 dicunt,
3317 3770 3405 3826 abi
3436 3774 3589 3846 longe
3615 3791 3649 3828 a
3672 3791 3780 3842 nte,

2175 3873 2241 3911 ne
2265 3860 2649 3932 appropinques
2679 3861 2832 3925 mihi,
2873 3863 3121 3934 quoniam
3173 3866 3404 3921 mundus
3455 3883 3594 3922 sum.
3634 3867 3781 3925 Nihil

2176 3948 2281 4005 luit
2310 3951 2581 4024 sacrilegii
2621 3953 2764 4024 quod
2797 3952 2966 4011 lsrael
3016 3955 3245 4027 populus
3292 3952 3775 4029 praetermitteret,

2177 4058 2286 4100 non
2308 4045 2486 4102 solum
2516 4047 2570 4103 in
2596 4046 2769 4104 hortis
2790 4049 3099 4118 immolans,
3120 4061 3175 4108 et
3196 4066 3364 4124 super
3382 4053 3589 4112 lateres
3624 4056 3777 4112 thura

2175 4140 2549 4208 succendens,
2581 4142 2676 4198 sed
2720 4142 2921 4199 sedens
2949 4159 3197 4216 quoque,
3217 4146 3304 4202 vel
3323 4145 3585 4205 habitans
3606 4150 3660 4205 in
3688 4165 3775 4205 se-

2176 4230 2406 4301 pulcris,
2433 4231 2560 4289 etin
2586 4232 2834 4291 delubris
2855 4234 3124 4294 idolorum
3144 4236 3449 4304 dormiens.
3477 4241 3571 4298 ubi
3595 4242 3777 4298 stratis

2171 4323 2411 4394 pellibus
2433 4326 2734 4383 hostiarum
2768 4328 3026 4387 incubare
3048 4330 3200 4387 soliti
3221 4340 3412 4400 erant,
3445 4342 3506 4388 ut
3545 4335 3773 4392 somniis

2171 4412 2355 4473 futura
2408 4416 2438 4457 ιι
2493 4429 2908 4490 cognoscerent.
2951 4422 3109 4490 Quod
3176 4422 3230 4479 in
3276 4423 3405 4482 lano
3465 4424 3770 4499 Esculspii

458 4482 577 4553 ejus
600 4483 752 4553 quasi
774 4485 874 4556 [tos
897 4488 1023 4559 feni.
1048 4490 1200 4548 Aruit
1228 4497 1430 4566 fenum,
1473 4508 1522 4553 et
1548 4499 1650 4570 ﬂos
1679 4502 1874 4559 decidit
1901 4482 1925 4561 ﬁ:
1955 4522 2068 4561 ver-
2092 4498 2149 4561 D
2174 4524 2271 4583 usq
2281 4526 2347 4568 ue
2365 4511 2531 4569 hodie
2552 4482 2711 4570 error
2735 4515 2980 4573 celebrat
2996 4518 3341 4576 ethnicorum
3363 4520 3769 4594 multorumque

530 4699 557 4727 ⁸
581 4702 918 4777 ,Γρᾳμμξκαῖς
942 4738 958 4763 ,
991 4704 1098 4754 etc.
1144 4700 1264 4777 iam
1298 4702 1444 4777 mihi,
1466 4704 1775 4762 concedant
1809 4707 1951 4777 αηιηί
1990 4724 2053 4767 ac

461 4761 760 4830 prudentes
792 4761 1056 4835 lectores,
1085 4772 1323 4827 nondum
1361 4774 1568 4830 editum
1602 4761 1769 4833 fuisse
1796 4761 2053 4837 anile—nos

459 4847 649 4917 verum
675 4842 1067 4917 et__genn_inum
1117 4842 1506 4917 Hieronymum
1550 4848 1709 4916 :ipse
1757 4851 1907 4903 enim
1949 4851 2053 4907 hoc

464 4903 588 4988 loco
629 4903 1092 4988 vocibusﬁraecis
1136 4928 1265 4969 usus
1293 4903 1396 4988 est,
1431 4932 1552 4988 qua:
1601 4903 1803 4987 ignota:
1833 4903 2051 4978 luet-nni

465 4971 787 5052 Erasmoac
831 4977 1091 5052 Mariano,
1126 4999 1233 5040 non
1262 4971 1501 5043 multum
1532 4971 2051 5051 sutiléiié'lé’ciiéi'é

460 5058 598 5131 mss:
628 5045 899 5129 codicum.
930 5045 1621 5131 Prodemonstrationibus
1647 5045 1811 5131 igitur
1839 5045 2052 5121 Matii-e1

459 5115 698 5204 malicis,
744 5119 862 5204 sive
903 5124 1165 5204 causis_et
1217 5129 1513 5204 rationibus
1534 5115 2053 5204 urgentibusrquas

456 5186 773 5273 signilllicant
802 5197 1095 5273 ﬂammai
1109 5265 1121 5273 _
1140 5196 1390 5273 ἆνὰγχας,
1414 5200 1518 5273 ipsi
1553 5186 1869 5273 posuerunt,
1889 5186 2054 5261 lineas

455 5257 515 5351 in
538 5259 747 5351 pulvere
778 5257 1088 5351 deicri'ptas,
1107 5265 1211 5351 hoc
1242 5257 1403 5351 illaab
1430 5257 2054 5351 legenteswilitiqaosioir

454 5336 513 5418 ut
555 5330 734 5418 aiunt,
767 5330 1060 5418 vappae,
1121 5336 1175 5418 id
1205 5347 1313 5412 est,
1357 5330 1572 5418 sectivin
1608 5344 1772 5401 latere

450 5407 604 5484 atque
638 5403 887 5484 descripti
910 5403 1058 5462 lineis
1084 5403 1347 5484 robor-are.
1380 5413 1510 5480 Qure
1537 5403 1881 5484 quantumvis
1909 5403 2035 5476 sen-

449 5471 535 5554 sui
558 5470 718 5554 hujus
743 5470 844 5554 loci
870 5491 1170 5554 congruere
1198 5470 1503 5554 videantur,
1532 5470 2030 5549 ausis—uatium}.

447 5548 504 5594 et
548 5542 869 5631 adventitia,
898 5542 1025 5618 quia
1056 5552 1109 5607 in
1140 5553 1290 5631 nullo
1333 5542 1682 5631 reperiuntur
1702 5542 2026 5631 "éiéln’piir'i

444 5616 814 5704 meliuscr-ipto
836 5616 1005 5704 :_cum
1027 5622 1232 5704 omnia,
1278 5641 1346 5681 ne
1371 5616 1591 5697 quidem
1622 5645 1732 5704 uno
1762 5616 2021 5704 exce'pto,

443 5688 712 5763 retineant
739 5688 883 5763 quod
917 5705 1016 5745 nos
1044 5688 1333 5750 edidimus.
1388 5688 1404 5697 ’
1642 5688 1912 5757 Mannqu

512 5775 587 5790 -—
612 5750 703 5808 Sic
733 5750 1233 5821 demonstrationes
1290 5782 1418 5824 suus
1473 5750 2022 5832 vocanti—"(immense

2159 4715 2449 4799 ἵξαμμιπεᾷες
2470 4715 2695 4789 ἀνάγκας
2729 4720 2923 4799 {unde
2945 4728 3001 4799 et
3037 4721 3413 4799 Quintilianus
3439 4726 3538 4799 lib.
3573 4744 3616 4796 ι,
3646 4743 3764 4799 cap.

2163 4785 2339 4850 'to,'et
2371 4785 2465 4872 np.
2493 4803 2546 4872 γ,
2573 4785 2697 4872 cap.
2733 4789 2834 4872 ιοὶ
2855 4793 2993 4872 dixit
3019 4785 3314 4872 γραμμρκάς
3341 4785 3654 4872 ἀποδεξεά.
3698 4785 3764 4857 ἐι

2157 4864 2466 4938 ἵραμμικῶς
2489 4857 2915 4938 ἀποδείδνυσθαι.
2947 4857 3510 4938 δθῖωὲἘιιιργτὶθυε
3540 4857 3760 4928 'eontra

2209 4931 2696 5010 eometras,__quod'
2715 4938 2935 5003 protirie
2954 4946 3042 5010 est
3061 4931 3422 5010 dentomirare
3450 4958 3547 5010 per
3576 4943 3757 5005 lineas.

2160 5011 2220 5084 ut
2247 4998 2475 5084 exponit
2502 4998 2892 5084 Hieronjtmus,
2917 5008 3044 5084 secti
3068 5007 3123 5060 in
3153 5007 3327 5064 [αισι-ἓ
3347 4998 3577 5084 pulueris
3610 4998 3758 5084 atque

2156 5071 2400 5155 descripti
2424 5070 2577 5155 lineis
2619 5070 3074 5155 robbrarelnSunt
3104 5090 3285 5135 autem
3330 5070 3424 5155 qui
3477 5070 3755 5155 legant'tn

2157 5144 2341 5198 latera.
2373 5141 2687 5200 Lectionem
2717 5160 2849 5201 vero
2881 5148 3127 5204 Grteeam
3180 5166 3306 5206 cum
3341 5141 3607 5210 Erasmus
3647 5172 3749 5210 non

2157 5215 2856 5301 asseqqeretnrﬁngeqiose
2870 5227 2922 5301 ta
2928 5235 3049 5276 men
3060 5222 3404 5295 ,ἐγκωμίοις-,ιιι
3419 5225 3750 5301 αἱηηιῃραμ-

2156 5292 2316 5357 μαιζς,Δ
2341 5285 2499 5352 fecit;
2531 5285 2691 5357 quem
2718 5287 2993 5345 Victorius
3016 5285 3236 5348 secutus
3262 5285 3367 5350 est.

2232 5354 2259 5394 δ
2292 5354 2560 5439 Appositc
2577 5356 2946 5417 Theodoritns
2966 5363 3281 5439 ‘i_n_quadam
3332 5368 3542 5424 Catena
3586 5368 3740 5439 Regia

2137 5441 2243 5513 ms.
2276 5426 2420 5513 apud
2453 5427 2713 5513 Djtceum.
2745 5432 3001 5513 ταῖςκασ
3029 5426 3225 5513 ὕᾶςνονς
3249 5440 3541 5513 γςνομᾶνᾳις
3562 5426 3740 5513 φανῖα-

2135 5501 2274 5561 σὶαις
2303 5500 2653 5588 ἁξολρρθοῦςις
2679 5505 2763 5559 καὶ
2793 5506 2984 5588 roderet)
3016 5508 3179 5584 xépni
3209 5500 3297 5588 nisi
3324 5500 3476 5588 τίαρά
3502 5500 3624 5588 rei):
3652 5513 3737 5568 τά·

2132 5590 2254 5653 φφς
2281 5569 2867 5654 καθεύδεινκάνέχρνται.
2902 5569 3125 5654 Specira
3153 5588 3202 5631 et
3228 5581 3364 5646 visa,
3402 5569 3512 5654 qua
3531 5582 3586 5636 in
3601 5569 3733 5636 som-

2129 5642 2214 5725 nis
2233 5650 2504 5725 apparent,
2534 5642 2816 5725 sectantur,
2843 5655 2895 5702 et
2925 5642 3021 5705 hac
3042 5649 3107 5704 de
3126 5664 3287 5705 causa
3303 5642 3473 5723 juxia
3500 5654 3727 5725 sepulcra

2127 5711 2356 5767 dormire
2375 5714 2603 5769 contenti
2622 5723 2768 5769 sunt.
2802 5711 2811 5714 ⁷
3303 5711 3324 5723 ⁸
3555 5711 3568 5725 ’
3710 5748 3717 5759 .
