3972 6336
123 311 247 369 633

641 309 1295 369 COMMENTARIORUM
1342 308 1408 365 IN
1447 305 1686 366 ISAIAM
1728 304 2146 363 PROI’HETABI
2184 307 2315 364 LIB.
2360 306 2544 365 XVIII.
2583 307 2742 365 CAP.
2782 307 2948 366 LXV.

3338 308 3447 367 634

125 428 402 495 aliorum,
450 442 572 500 quae
612 442 719 484 non
776 428 941 502 775
990 438 1119 483 sunt
1155 424 1302 483 aliud
1325 467 1343 495 ,
1395 425 1497 482 nisi
1552 424 1747 480 tumuli
1768 430 1830 492 Α
1853 423 2190 481 dementiam
2221 425 2472 494 veniunt,
2498 427 2907 499 utquicnmque
2933 442 3129 484 eorum
3154 442 3263 485 non
3286 427 3451 487 fuerit

127 530 511 579 mortuorum.
558 520 673 577 Nec
698 520 804 576 hoc
831 529 991 577 erant
1019 520 1316 592 impietatis
1344 518 1452 575 line
1473 518 1738 584 contenti,

128 616 234 673 sed
272 629 566 687 porcorum
597 628 814 686 quoque
862 614 1126 671 carnibus
1154 613 1527 670 vescebantur
1550 654 1565 679 ,
1597 610 1743 683 quod

125 712 262 783 lege
314 710 647 781 prohibitum
679 717 838 777 erat,
874 717 931 766 et
975 719 1002 747 ιι
1056 711 1145 779 jus
1196 712 1553 775 hesternum,
1594 706 1740 775 quod

124 804 323 863 Graeci
395 811 600 860 vocant
652 804 806 860 ἕωλον
862 802 1038 860 avidis
1094 802 1345 858 faucibus
1399 798 1743 856 devorabant

131 898 336 972 (Leuit.
367 898 496 967 xu).
531 896 688 954 Unde
734 905 845 953 tam
887 896 990 968 ipsi
1049 911 1214 969 quam
1265 910 1392 951 vasa
1423 909 1614 951 eorum
1643 894 1742 949 im-

126 992 345 1050 munda
371 1001 555 1060 erant,
585 999 642 1046 et
670 992 725 1047 in
761 1000 970 1047 tantum
1003 990 1354 1063 procacitatis
1379 1004 1444 1045 ac
1466 988 1743 1061 superbia:

128 1087 390 1161 quotidie
415 1096 709 1159 augmenta
729 1086 1047 1158 capiebant,
1076 1096 1135 1143 ut
1179 1085 1511 1157 quicumque
1528 1098 1638 1141 non
1667 1083 1741 1139 si-

127 1182 251 1239 mili
270 1183 569 1239 duceretur
590 1196 802 1248 errore,
818 1196 943 1237 eum
962 1178 1738 1246 arbitrarenturimmundum,

126 1284 570 1346 contactumque
600 1274 719 1343 ejus
747 1273 1022 1343 fugerent,
1056 1271 1512 1343 quemadmodum
1550 1272 1742 1327 Sama-

126 1367 306 1423 ritani
337 1374 395 1423 et
420 1365 593 1423 Judmi
627 1366 789 1423 nobis
818 1367 1063 1433 faciunt,
1107 1380 1410 1437 omnesque
1456 1365 1700 1420 barretici
1722 1410 1736 1434 ,

125 1460 333 1534 quales
387 1475 562 1531 nuper
613 1458 763 1515 subb
812 1460 1071 1531 magistro
1104 1458 1401 1515 cerebroso
1456 1459 1508 1512 in
1564 1456 1738 1515 Gallia

127 1554 502 1625 pullularunt,
527 1552 901 1618 qui'basilieas
929 1552 1226 1626 Martyrum
1255 1551 1741 1615 declinantes,nos

126 1647 227 1720 qui
257 1645 335 1702 ibi
361 1646 645 1703 orationes
667 1660 734 1702 ex
764 1660 915 1702 more
946 1645 1471 1715 celebramus,quasi
1504 1644 1741 1698 immun-

125 1740 236 1797 dos
266 1740 499 1813 fugiunt.
528 1739 643 1795 Hoc
670 1748 849 1795 autem
901 1754 1007 1794 non
1061 1748 1171 1793 tam
1201 1736 1284 1793 illi
1317 1737 1540 1801 faciunt,
1575 1751 1735 1806 quam

1846 517 2067 583 similis,
2091 533 2217 574 eum
2241 519 2397 589 quasi
2430 518 2703 589 perditum
2731 520 3096 578 detestentur.

1918 608 2104 680 (Vcrs.
2140 608 2194 674 6,
2227 610 2306 682 7.)
2341 609 2443 665 Isti
2460 609 2633 681 fumus
2665 622 2814 667 erunt
2861 613 2915 668 in
2941 613 3120 684 furore
3140 630 3275 681 meo,
3306 613 3444 685 ignis

1845 702 2196 765 ardens,.tota
2225 702 2328 757 die.
2389 700 2525 757 Ecce
2541 706 2794 776 scriptum
2837 715 2913 762 est
2937 723 3111 762 coram
3158 724 3239 763 me
3263 723 3283 763 :
3316 706 3442 764 Non

1848 791 2045 862 tacebo,
2078 792 2167 847 sed
2186 793 2400 848 reddam
2425 803 2471 849 et
2499 795 2781 852 retribuam
2811 797 2868 852 in
2895 798 3013 853 sinu
3041 809 3225 854 eorum
3252 799 3443 872 iniqui-

1844 894 1972 941 tates
1991 896 2205 953 vestras,
2230 898 2277 942 et
2299 888 2595 959 iniquitates
2618 899 2823 959 patrum
2850 899 3132 948 vestrorum
3142 891 3322 962 simul,
3353 880 3438 948 dt"-

1844 980 1912 1034 cit
1936 979 2214 1046 Dominus,
2247 982 2337 1049 qui
2365 982 2788 1053 sacriﬁcaverunt
2817 1001 2973 1050 super
2997 996 3194 1041 montes
3214 997 3261 1040 et
3285 1002 3441 1057 super

1844 1074 2023 1141 colles,
2053 1075 2495 1141 exprobraverunt
2523 1078 2682 1142 mihi,
2739 1087 2786 1133 et
2812 1080 3051 1133 remetiar
3095 1095 3225 1151 opus
3263 1095 3440 1134 eorum

1844 1169 2070 1239 primunt
2089 1170 2145 1223 in
2173 1170 2346 1224 sinum
2369 1170 2730 1227 eorum.I..XX
2756 1188 2771 1226 :
2801 1171 2911 1228 Iste
2930 1182 3005 1227 est
3046 1174 3219 1243 fumus
3248 1173 3441 1244 furoris

1843 1262 1945 1315 mei
1969 1278 1990 1316 :
2009 1262 2144 1333 ignis
2169 1262 2317 1318 ardet
2348 1264 2401 1318 in
2423 1280 2485 1320 eo
2514 1266 2714 1321 cunctis
2730 1265 2929 1322 diebus.
2949 1264 3087 1321 Ecce
3117 1268 3366 1337 scriptum
3385 1267 3440 1322 in

1843 1363 2118 1425 conspectu
2140 1371 2288 1410 meo:
2305 1354 2430 1411 Non
2460 1359 2661 1427 tacebo,
2676 1359 2839 1413 donec
2858 1360 3073 1415 reddam
3094 1368 3142 1413 et
3162 1358 3439 1414 retribuam

1842 1448 1898 1503 in
1916 1448 2036 1503 sinu
2073 1464 2250 1505 eorum
2288 1462 2499 1523 peccata
2519 1469 2638 1522 sua,
2667 1464 2715 1509 et
2758 1464 2966 1527 patrum
3014 1470 3228 1511 suorum
3256 1497 3272 1523 ,
3314 1455 3441 1511 dicit

1846 1541 2128 1600 Dominus:
2158 1545 2249 1616 qui
2269 1546 2546 1602 adolebant
2574 1548 2841 1605 incensum
2860 1565 3017 1621 super
3054 1559 3254 1605 montes
3285 1557 3332 1604 et
3353 1564 3440 1605 su-

1842 1652 1935 1707 per
1962 1636 2141 1707 calles,
2175 1639 2615 1710 exprobrauerunt
2642 1643 2772 1697 mihi
2788 1660 2808 1709 ;
2836 1643 3053 1698 reddam
3082 1659 3242 1715 opera
3266 1659 3442 1699 eorum

1842 1732 1895 1787 in
1924 1734 2097 1789 sinum
2119 1752 2295 1790 eorum
2321 1736 2433 1810 [AL
2471 1738 2665 1812 suum].
2691 1740 2925 1813 Propter
2953 1754 3120 1812 opera
3152 1749 3359 1807 vestra,
3386 1749 3442 1796 et

126 1833 451 1890 habitantes
484 1833 537 1887 in
568 1833 651 1889 eis
677 1831 974 1900 dmniones,
1008 1831 1381 1887 fortitudinem
1419 1839 1474 1886 et
1522 1828 1734 1899 ﬂagella
1770 1835 1817 1900 Β
1842 1823 2219 1885 incredibilem
2273 1833 2472 1887 mentis
2526 1834 2895 1903 arrogantiam
2929 1876 2944 1902 ,
3002 1841 3060 1890 ut
3130 1833 3442 1902 immundi,

128 1929 313 1985 sancti
336 1925 539 1983 cineris
566 1942 673 1982 non
707 1926 963 1983 ferentes.
986 1925 1121 1996 Quis
1149 1934 1330 1980 autem
1354 1923 1735 1980 haereticorum

128 2038 245 2079 non
279 2022 579 2093 requiescit
608 2023 660 2078 in
690 2022 993 2090 memoriis,
1023 2038 1129 2079 non
1158 2021 1360 2079 dormit
1383 2022 1439 2077 in
1463 2020 1738 2092 specubus

133 2117 570 2189 magistrorum?
596 2115 785 2185 Qualis
818 2118 913 2171 fuit
949 2116 1187 2173 Marcion
1218 2124 1274 2173 et
1303 2115 1649 2181 Valentinus,
1684 2126 1738 2171 et

134 2224 314 2281 nuper
336 2209 659 2277 Eunomius,
679 2208 880 2265 mentis
901 2208 1301 2264 immunditiam
1333 2209 1549 2280 leprosa
1572 2221 1738 2264 carne

134 2310 481 2368 contestans,
516 2300 609 2373 qui
652 2301 836 2357 lumen
869 2302 1043 2357 sancti
1075 2302 1311 2373 Spiritus
1332 2302 1734 2374 relinquentes,

134 2406 191 2452 et
214 2396 560 2452 cmnaeulum
590 2395 646 2450 in
673 2410 780 2466 quo
810 2394 1060 2467 Apostoli
1112 2394 1495 2461 versabantur,
1539 2395 1592 2448 in
1621 2392 1739 2449 dia-

135 2489 246 2545 boli
274 2488 519 2544 tenebris
545 2496 980 2554 commorantur,
1029 2497 1085 2544 et
1138 2489 1430 2558 speluncas
1477 2487 1732 2559 diligunt,

138 2595 271 2654 quas
300 2580 571 2638 Jeremias
601 2580 834 2653 mystico
873 2595 1133 2637 sermone
1158 2581 1491 2637 condemnat
1521 2598 1535 2634 :
1569 2578 1736 2635 Facta

138 2688 213 2731 est
235 2676 517 2732 Iurreditas
539 2692 655 2732 mea
684 2677 813 2731 mihi
838 2677 987 2747 quasi
1013 2676 1263 2748 spelunca
1287 2675 1488 2748 hyama:
1515 2674 1732 2730 (Jerem.

137 2784 238 2838 xu,
270 2770 353 2839 8),
402 2785 562 2840 quam
598 2771 773 2825 nostri
822 2769 1050 2825 belluam
1098 2777 1331 2825 vocant:
1362 2767 1504 2839 quod
1530 2768 1735 2823 animal

138 2858 359 2936 semper
402 2863 669 2921 cadavera
731 2869 1104 2935 persequitur,
1162 2874 1216 2919 et
1275 2863 1413 2919 vivit
1462 2878 1628 2919 succo
1673 2877 1737 2919 ac

136 2960 291 3014 sanie
318 2971 614 3029 corporum
660 2966 1026 3016 mortuorum.
1084 2957 1390 3013 Adversum
1437 2957 1536 3013 hos
1567 2998 1583 3019 .
1645 2955 1736 3026 qui

138 3052 387 3109 habitant
430 3052 482 3108 in
529 3053 839 3122 speluncis,
887 3052 1186 3108 ctAbacue
1239 3050 1573 3108 lamentabili
1604 3065 1737 3107 voee

138 3145 358 3202 dicebat
390 3162 405 3201 :
444 3143 538 3201 Va:
577 3146 669 3217 qui
722 3155 903 3217 potum
937 3145 1026 3200 dat
1056 3147 1297 3219 proximo
1328 3156 1349 3183 ο
1382 3161 1477 3198 suo
1508 3143 1736 3215 potionis

1843 1918 2076 1975 mundos
2132 1923 2403 1992 putaretis
2455 1925 2789 1993 iuuuuudos,
2840 1926 2995 1983 eritis
3050 1926 3255 1996 fumus,
3294 1927 3438 1999 ignis

1840 2011 2175 2087 ardens[At.
2206 2014 2500 2089 ardentis],
2521 2018 2613 2087 qui
2646 2017 2718 2074 de
2748 2033 2872 2075 meo
2901 2019 3090 2076 furore
3141 2033 3441 2076 succensus

1839 2114 1945 2161 est.
1981 2106 2246 2165 Furorem
2278 2122 2490 2177 autem,
2523 2112 2888 2183 oblivionem,
2943 2115 3105 2183 iram,
3141 2116 3437 2186 paenitudi-

1840 2213 1991 2267 nem,
2018 2202 2089 2257 ita
2123 2201 2179 2258 in
2198 2203 2311 2260 Deo
2340 2204 2609 2262 debemus
2637 2208 2917 2279 accipere,
2939 2208 3221 2280 quomodo
3244 2208 3437 2281 pedes,

1841 2311 2058 2364 manus,
2083 2299 2299 2367 oculos,
2333 2315 2521 2369 aures,
2544 2310 2601 2357 et
2626 2310 2825 2358 cmtera
2855 2304 3123 2370 membra,
3170 2319 3293 2374 quae
3345 2304 3440 2360 lia-

1839 2386 1974 2444 bere
2025 2389 2231 2445 dicitur
2279 2390 2647 2464 incorporalis
2676 2404 2732 2450 et
2781 2394 3084 2452 invisibilis
3118 2397 3285 2453 Deus.
3314 2397 3434 2453 Non

1838 2495 1949 2552 quo
1971 2481 2054 2538 bis
2090 2493 2267 2553 pateat
2296 2488 2829 2556 perturbationibus,
2860 2491 2953 2560 qui
2983 2504 3079 2547 eas
3117 2490 3265 2548 dono
3306 2507 3433 2565 gra-

1842 2575 1927 2629 tia:
1950 2590 2063 2632 suae
2083 2579 2386 2649 exstinguit
2410 2582 2461 2635 in
2487 2581 2670 2647 nobis;
2688 2581 2786 2638 sed
2809 2598 2919 2655 quo
2940 2599 3037 2655 per
3058 2595 3244 2642 nostra
3268 2586 3437 2643 verba

1842 2668 1937 2725 Dei
1967 2685 2099 2742 erga
2134 2688 2236 2728 nos
2256 2673 2628 2746 intelligamus
2652 2675 3126 2747 allectum.Ncque
3154 2679 3298 2735 enim
3332 2681 3436 2746 ira,

1836 2779 1961 2835 quae
1981 2775 2071 2821 est
2102 2765 2327 2823 ultionis
2354 2767 2549 2837 libido,
2595 2770 2665 2824 ita
2709 2770 2975 2826 delinitur
2999 2771 3056 2827 in
3090 2773 3227 2838 Deo,
3271 2782 3332 2828 ut
3378 2772 3435 2829 iu

1839 2857 2176 2926 hominibus,
2199 2875 2323 2932 qua:
2360 2862 2648 2918 materiam
2701 2863 2867 2920 liabet
2923 2865 2976 2919 in
3002 2865 3208 2921 nostris
3246 2864 3392 2921 vitiis
3422 2906 3438 2933 ,

1838 2969 1944 3011 non
1980 2956 2031 3010 in
2064 2955 2281 3012 Domini
2314 2957 2600 3013 voluntate
2633 2975 2647 3012 :
2678 2958 2768 3029 qui
2808 2958 3245 3016 tltesaurizamus
3276 2960 3441 3017 nobis

1840 3047 1977 3102 iram
2003 3048 2056 3103 in
2087 3048 2179 3103 die
2209 3050 2330 3116 iraa,
2362 3057 2417 3105 et
2450 3049 2810 3107 revelationis
2844 3050 2976 3122 justi
3003 3052 3194 3122 judicii
3229 3054 3347 3121 Dei,
3381 3064 3443 3110 ut

1843 3141 2073 3199 tribulos
2100 3152 2320 3198 nostros
2349 3151 2403 3198 et
2430 3144 2647 3215 spinas,
2680 3153 2738 3200 et
2770 3146 3003 3213 zizania,
3051 3163 3175 3219 quas
3219 3164 3317 3220 pro
3357 3164 3448 3207 se-

139 3240 359 3297 turbidce
382 3257 402 3295 :
433 3249 479 3296 et
511 3240 729 3296 inebriat
774 3257 913 3304 eum,
946 3249 1002 3294 ut
1051 3240 1295 3309 respiciat
1339 3239 1408 3292 ad
1457 3238 1734 3309 speluncas
1761 3231 1807 3295 C
1842 3235 1991 3291 mine
2020 3234 2115 3291 Dei
2137 3235 2449 3305 attulimus,
2478 3235 2621 3307 ligna
2646 3254 2885 3309 quoque.
2944 3238 3132 3296 fenum
3164 3251 3220 3297 et
3259 3243 3442 3313 stipu-

138 3349 258 3389 suas
286 3332 470 3405 (Αὸαε.
505 3348 565 3400 n,
600 3331 714 3404 l5).
753 3332 829 3388 De
861 3330 947 3386 his
977 3330 1259 3399 speluncis
1282 3341 1338 3387 et
1362 3330 1627 3386 Dominus
1656 3329 1735 3384 la-

138 3427 445 3499 quebatur:
483 3426 750 3497 Scriptum
776 3435 847 3481 est
873 3467 888 3490 ,
941 3425 1125 3480 domus
1157 3427 1320 3496 patris
1363 3425 1501 3491 mei,
1551 3425 1737 3479 domus

139 3520 390 3575 orationis
412 3518 678 3575 vocabitur
700 3534 720 3574 :
752 3535 840 3572 ros
870 3527 1041 3575 autem
1068 3519 1263 3590 fecistis
1291 3534 1406 3573 eam
1432 3518 1736 3589 speluncam

136 3612 401 3670 latronum
427 3612 651 3684 (Matth.
686 3627 802 3679 xxt,
837 3610 953 3685 I3),
984 3612 1035 3667 in
1076 3612 1279 3684 quibus
1303 3611 1518 3667 animas
1559 3612 1735 3667 inter-

138 3707 301 3763 ficitis
322 3706 708 3777 deceptorum,
741 3713 798 3760 ut
827 3721 934 3760 non
972 3705 1215 3761 videatis
1255 3704 1307 3759 in
1339 3705 1421 3760 eis
1468 3705 1731 3772 visiones,

136 3801 205 3857 de
234 3801 441 3872 quibus
468 3798 610 3856 idem
641 3797 903 3855 Salvator
930 3800 1043 3852 ait:
1081 3797 1197 3867 Ego
1228 3798 1451 3854 risiones
1475 3796 1734 3869 multipli-

135 3894 265 3957 cari,
320 3903 368 3947 et
422 3893 477 3947 in
532 3892 768 3947 manibus
818 3888 1206 3960 Prophetarum
1253 3888 1575 3945 assimilatas
1618 3906 1734 3944 sunt

136 3985 284 4057 (Ose.
324 4001 424 4053 xu,
462 3983 574 4057 10).
602 3985 670 4040 Et
696 3986 835 4041 alius
864 3984 931 4040 ad
970 4001 1094 4040 eum
1130 4002 1144 4038 :
1181 3982 1411 4040 Locutus
1441 3983 1731 4054 es,inquit.

133 4082 187 4136 in
211 4083 405 4137 visione
433 4079 559 4151 ﬁliis
580 4082 681 4136 tuis
712 4079 886 4152 (Psal.
925 4094 1196 4146 Lxxsvut,
1219 4078 1314 4152 20)
1334 4120 1348 4145 ,
1373 4079 1471 4133 sed
1503 4079 1734 4135 somniis

136 4175 302 4249 776
338 4174 570 4231 creditis
600 4184 656 4231 et
679 4172 1174 4245 phantasmatibus,
1224 4174 1425 4243 quibus
1466 4175 1734 4245 praecepit

133 4268 396 4324 Dominus
428 4282 536 4324 non
560 4283 693 4342 esse
722 4267 1079 4324 credendum.
1109 4266 1202 4322 Isti
1235 4281 1531 4337 porcorum
1564 4281 1734 4323 carne

130 4370 449 4429 vescuntur,
474 4360 543 4417 de
572 4362 770 4432 quibus
799 4361 1003 4417 dicitur
1035 4377 1048 4415 :
1107 4358 1192 4414 Ne
1244 4360 1488 4414 miseritis
1518 4374 1735 4432 marga-

130 4459 256 4511 ritas
283 4464 476 4509 vestras
501 4462 620 4509 ante
641 4470 823 4525 porcos
857 4452 1079 4526 (Matth.
1113 4469 1207 4521 vu,
1229 4453 1347 4523 27).
1382 4451 1453 4507 Et
1476 4451 1568 4523 jtts
1603 4466 1732 4522 pro-

1840 3325 1978 3392 lam,
2006 3342 2130 3397 qua:
2158 3341 2328 3398 super
2352 3326 2772 3384 fundamentum
2805 3328 2966 3403 777
2990 3331 3142 3387 Pauli
3200 3332 3439 3390 :edifica—

1838 3418 2019 3475 vimus
2049 3418 2115 3492 (I.
2172 3417 2297 3476 Cor.
2328 3418 2437 3492 ut),
2484 3420 2710 3492 sapiens
2737 3421 2951 3478 ﬂamma
2996 3433 3313 3480 consumat.
3363 3425 3442 3481 De

1841 3516 1947 3571 boe
1990 3516 2116 3586 igne
2167 3524 2441 3587 perpetuo
2488 3524 2544 3571 et
2572 3516 2626 3570 in
2662 3516 2837 3588 Moysi
2893 3519 3111 3574 cantico
3155 3519 3438 3590 legimus:

1837 3604 1986 3677 Ignis
2008 3623 2252 3661 accensus
2279 3617 2351 3663 est
2382 3608 2445 3661 de
2472 3612 2651 3677 furore
2684 3626 2819 3675 meo,
2852 3619 2903 3664 et
2933 3611 3134 3665 ardebit
3177 3627 3339 3681 usque
3365 3611 3435 3666 ad

1833 3702 2097 3774 infernum
2119 3702 2378 3758 deorsum.
2405 3700 2683 3758 Devorabit
2707 3715 2898 3759 terram
2925 3714 2973 3760 et
3004 3706 3268 3777 genimina
3289 3707 3440 3777 ejus:

1834 3797 2100 3852 comburet
2130 3796 2471 3868 fundamenta
2530 3800 2806 3862 montium,
2835 3808 2884 3853 et
2911 3800 3117 3872 saqitta:
3168 3816 3296 3855 mea:
3315 3817 3440 3855 con-

1836 3901 2040 3947 sument
2065 3908 2151 3947 eos
2184 3891 2366 3963 (Deut.
2396 3890 2695 3963 xxxuﬂﬁ).
2717 3892 2887 3963 Cujus
2906 3894 3212 3949 testimonii
3238 3908 3441 3949 sensus

1836 3996 1942 4053 est,
1973 3985 2118 4058 quod
2149 3985 2287 4056 ignis
2317 3985 2412 4039 Dei
2465 3994 2632 4056 atque
2672 3985 2920 4042 vindicta
2977 4001 3200 4056 semper
3250 3985 3443 4042 ardeat

1836 4078 2222 4149 peccatoribus
2244 4118 2259 4142 ,
2298 4085 2354 4132 et
2379 4091 2474 4132 eos
2507 4091 2683 4147 usque
2714 4077 2780 4132 ad
2815 4077 3021 4133 inferos
3051 4087 3435 4148 persequatur.

1835 4169 2025 4239 Qualis
2045 4178 2165 4225 erat
2198 4177 2255 4225 et
2276 4167 2428 4224 dives
2461 4169 2554 4225 ille
2574 4168 2629 4223 in
2655 4169 2949 4239 Evangelio
2979 4168 3134 4243 (Luc.
3159 4170 3274 4243 xvi)
3301 4187 3435 4243 pur-

1836 4262 2207 4334 puratus,qui,
2237 4263 2623 4332 requiescente
2655 4260 2866 4318 Lazaro
2895 4262 2945 4317 in
2973 4264 3097 4319 sinu
3129 4264 3436 4331 Abraham,

1835 4359 2059 4414 mternis
2086 4357 2449 4427 torquebatur
2480 4356 2796 4413 ardoribus.
2839 4358 3066 4414 'l‘erram
3093 4374 3338 4431 quoque,
3388 4361 3439 4415 id

1834 4461 1939 4520 est,
1961 4469 2184 4509 carnem
2225 4465 2492 4524 nostram,
2527 4467 2578 4514 et
2605 4458 2886 4529 genimina
2913 4458 3059 4527 ejus,
3094 4458 3146 4515 id
3175 4468 3282 4527 cst,
3312 4474 3438 4516 car—

132 4547 321 4605 fanum
349 4546 821 4619 comedunt,quod
847 4548 900 4603 in
930 4548 1085 4604 libris
1109 4563 1301 4604 eorum
1325 4546 1580 4604 ltmretica
1614 4555 1733 4603 arte
1835 4546 1923 4602 nis
1954 4545 2253 4612 desideria,
2286 4548 2476 4603 eadem
2530 4548 2749 4604 ﬂamma
2780 4550 3063 4606 comburet
3085 4591 3100 4617 ,
3131 4561 3185 4606 et
3235 4550 3437 4606 funda-

132 4640 416 4697 conditum
457 4648 565 4697 est.
598 4639 845 4710 Quorum
876 4653 1010 4695 vasa
1035 4639 1316 4695 immunda
1351 4648 1484 4696 sunt
1512 4640 1721 4707 omnia,
1757 4619 1804 4679 [δ
1832 4650 2019 4695 menta
2058 4641 2324 4696 montium
2376 4657 2497 4713 quae
2544 4657 2606 4698 se
2655 4643 2882 4699 elevant
2920 4652 3112 4699 contra
3148 4644 3436 4700 scientiam

136 4744 243 4791 tam
276 4732 496 4790 scilicet
520 4746 779 4803 corpora,
812 4746 978 4802 quam
1005 4730 1302 4798 doctrinm,
1329 4740 1381 4788 et
1428 4732 1481 4787 in
1515 4740 1720 4787 tantam

202 4889 229 4918 ι
258 4878 578 4937 Pridiauum
610 4876 841 4945 scilicet,
886 4875 1004 4930 sive
1036 4872 1352 4945 hesternum
1401 4872 1588 4930 cibum
1639 4882 1733 4929 aut

205 4961 337 5007 tum.
375 4949 698 5018 Prtecipitur
735 4948 882 5003 enim
909 4944 1083 5001 Exod.
1135 4960 1242 5007 xvt.
1296 4946 1366 5018 9.5
1390 4986 1407 5012 ,
1464 4956 1520 4999 ut
1553 4944 1730 5015 pridie

205 4966 337 5007 tum.
376 4966 698 5018 l'rmmptlur
735 4966 882 5003 enlm
910 4966 1083 5001 nxnu.
1135 4966 1242 5007 xVI,
1297 4966 1407 5012 πο,
1464 4966 1520 4999 ut
1553 4966 1725 5015 prtute

130 4966 349 5081 gblmti
413 5028 777 5093 coquantur,
834 5027 891 5073 et
936 5025 1274 5093 reponantur
1335 5015 1389 5069 in
1444 5022 1725 5084 pbsterum

130 5095 296 5161 diem,
323 5109 447 5166 qua:
481 5087 598 5162 ipso
628 5090 869 5166 Sabbato
889 5087 1226 5166 comedenda
1243 5096 1399 5166 sunt;
1425 5097 1546 5166 et_c._
1562 5103 1723 5166 xxxv,

129 5169 187 5231 5,
230 5157 447 5223 veta'tur
500 5157 678 5233 ignem
707 5161 923 5233 incendi
969 5175 1064 5233 per
1103 5158 1298 5233 domos
1348 5157 1401 5211 iu
1448 5157 1720 5233 _Sab_bato.

129 5227 310 5296 ’έωλον
338 5227 765 5296 ἀίωιιῖῧηιεοί.
815 5227 1061 5287 υιιόάὃ.
1103 5229 1346 5297 Ignatius
1376 5227 1605 5297 epistola
1653 5231 1720 5285 ad

131 5309 465 5379 Magnesiam
525 5309 635 5384 aiax
662 5306 819 5384 fulta
864 5303 1270 5384 ἔρρων-γῆμε
1299 5298 1720 5384 'I‘halmudicutu

132 5372 418 5437 tractatum
452 5380 521 5434 de
546 5372 810 5444 sabbato,
844 5376 936 5432 ubi
977 5386 1033 5430 et
1070 5374 1140 5431 de
1180 5372 1405 5429 fornace
1451 5372 1628 5441 agitur
1662 5372 1720 5427 in

129 5469 232 5524 qua
257 5462 477 5524 servant
490 5448 895 5524 ur_calidi_cibi.

1829 5090 2003 5145 reudo
2026 5090 2202 5145 colis?
2230 5089 2298 5144 Et
2321 5108 2528 5145 rursum
2548 5092 2602 5146 in
2634 5092 2815 5148 eodem
2858 5093 2991 5148 libro
3015 5110 3035 5149 :

1826 5176 1943 5216 rem
1976 5161 2295 5237 linteamine
2325 5163 2745 5237 circumdatum,
2808 5161 3112 5237 adorando'
3140 5161 3430 5237 oscularis,

1825 5242 1938 5309 etc.
1980 5232 2251 5309 Maurum.
2276 5264 2348 5309 -_—
2380 5233 2514 5309 Vide
2539 5250 2661 5306 qua:
2688 5237 2756 5309 de
2787 5237 2905 5306 ejus
2947 5236 3139 5293 lueresi
3170 5254 3235 5295 ac
3260 5232 3430 5309 patria

1827 5302 2066 5359 diximus
2088 5305 2142 5359 in
2176 5306 2399 5375 praeﬁxa
2431 5302 2749 5381 Hieronymi
2781 5302 2936 5367 libris
2961 5319 3149 5365 contra
3178 5302 3430 5365 eumdem

1827 5375 2219 5429 admonitione.

1827 5386 2024 5431 admon
2033 5386 2044 5427 l
2053 5386 2219 5433 tione.

1830 4732 1952 4789 Dei.
1983 4733 2139 4805 Ipsos
2168 4749 2390 4807 quoque
2413 4746 2632 4791 montes
2653 4735 2754 4792 Dei
2782 4734 2965 4806 jaeula
2996 4735 3339 4806 disperdent,
3385 4746 3445 4792 ut

1832 4875 1970 4948 ntiee,
1999 4876 2101 4931 ista
2119 4892 2321 4948 quoque
2343 4877 2597 4932 dicentem
2616 4894 2635 4932 :
2654 4877 2791 4945 Quid
2817 4892 3044 4935 necesse
3073 4888 3177 4947 est,
3212 4889 3263 4936 te
3285 4888 3439 4937 tanto

1834 4947 2079 5015 honore,
2127 4947 2233 5003 non
2291 4948 2468 5003 solum
2514 4948 2824 5015 honorare,
2861 4952 2955 5004 sed
2990 4949 3154 5006 etiam
3201 4952 3435 5009 adorare

1832 5016 1991 5084 illud,
2023 5019 2209 5074 nescio
2240 5020 2393 5105 quid,
2426 5020 2571 5090 quod
2606 5021 2656 5075 in
2691 5021 2907 5076 modico
2950 5024 3172 5078 vasculo
3203 5025 3435 5079 transie-

1832 5090 2007 5163 reudo
2026 5089 2298 5163 colis‘ibt
2321 5108 2528 5145 rursum
2548 5092 2602 5146 in
2634 5092 2815 5148 eodem
2858 5093 2991 5148 libro
3015 5110 3035 5149 :
3074 5096 3212 5163 Quid
3248 5096 3431 5163 pulve-

3124 5112 3212 5150 uia
3248 5112 3431 5166 pulve-

1904 5456 1926 5484 ο
1960 5447 2282 5504 Addebatur
2306 5449 2475 5504 amico
2501 5450 2645 5519 quod
2666 5464 2866 5506 nomen
2896 5449 2986 5505 hic
3033 5448 3294 5517 abundat,
3321 5462 3431 5508 cst-

200 5523 526 5580 l*Cerebroso
550 5522 606 5575 in
629 5520 802 5575 Gallia
821 5518 1169 5590 pullularunt,
1199 5513 1481 5573 etc.Ilaud
1500 5513 1723 5591 dubium
1828 5534 1936 5591 que
1984 5519 2091 5574 huc
2126 5522 2451 5577 translatqu
2506 5513 2538 5575 ὁ
2591 5521 2779 5576 Latina
2828 5520 3102 5587 versione,
3131 5532 3241 5575 tum
3278 5513 3430 5580 'vero

131 5597 256 5667 quiin
287 5588 938 5667 intelligatrVigilant‘ium
977 5591 1237 5667 adversus
1263 5588 1679 5667 qucm‘scripsit
1710 5606 1723 5667 ς

1830 5590 2131 5647 abundabit
2177 5593 2438 5662 proximo.
2496 5591 2631 5647 Tum
2682 5606 2815 5663 vero
2857 5592 2985 5662 legit
3016 5592 3430 5663 Vietorius,dnt

133 5658 315 5724 Gallia:
335 5658 681 5738 vernaculum
699 5663 895 5738 hostem
916 5658 1573 5738 sustinent,___ethominem
1603 5662 1727 5738 moti
1829 5665 2067 5738 proximo
2094 5658 2191 5717 suo
2213 5663 2562 5718 subversionis
2593 5662 2837 5738 turbidca
2856 5658 2934 5717 ei
2952 5663 3098 5720 LXX
3121 5706 3138 5731 ,
3181 5666 3277 5738 qui
3299 5658 3432 5727 'lle-

130 5741 331 5817 capitis,
348 5747 520 5818 atque
553 5735 894 5818 Hippocfatis
917 5735 1133 5818 vinculis
1157 5732 1725 5818 alligattdtfrrt.;‘sedert-

131 5802 223 5867 tem
251 5802 475 5869 cernunt
502 5809 557 5865 in
583 5802 822 5871 ecclesia,
850 5816 896 5860 et
936 5806 1069 5861 inter
1092 5802 1284 5863 cratera
1312 5803 1462 5860 verba
1482 5802 1724 5873 blasphe-

1833 5737 2068 5791 braicam
2103 5749 2293 5792 vocem
2320 5739 2490 5797 unum
2514 5744 2797 5792 verterunt
2815 5736 3122 5813 ἀνατροπὴν.
