3972 6328
577 273 683 327 65Ξί

1826 266 1885 323 s.
1932 263 2201 323 EUSEBII
2238 221 2618 320 attenuarat
3753 256 3840 313 εδδ

583 387 849 441 humiliuti
891 386 943 439 in
988 383 1199 453 poenis,
1234 390 1449 437 montes
1495 397 1620 437 8558
1667 380 1951 437 desisrant.
2003 377 2161 443 Ecce,
2195 378 3002 448 Asimplicitatem,sacriﬁcat
3041 377 3096 434 in
3127 377 3418 445 montibus,
3465 387 3522 433 et
3571 377 3839 447 exprobrat

583 478 773 547 inquit,
805 477 1051 546 scriptum
1082 484 1154 529 est
1190 490 1370 529 coram
1420 491 1519 528 me.
1556 473 1752 528 Omnia
1789 473 1932 528 enim
1984 480 2171 526 nostra

580 578 797 640 peccata
817 570 909 623 Dei
934 580 1121 640 putent
1142 570 1401 636 oculis,et
1430 570 1482 622 in
1508 567 1592 622 his
1611 553 1812 636 scripta
1840 573 1968 621 aunt
1996 565 2171 631 libris,

580 666 646 720 de
680 666 875 732 quibus
907 667 958 719 in
1002 665 1227 720 Dattiele
1265 666 1494 734 legitnus
1528 680 1543 718 :
1582 660 1776 717 Tltroni
1819 661 1974 729 positi
2006 669 2173 725 sunt,

583 768 632 813 et
658 757 774 812 libri
800 758 968 829 aperti
996 769 1115 812 sunt
1141 756 1307 829 (Dan.
1331 760 1430 821 vn,
1458 754 1571 828 t0).
1620 756 1695 811 De
1726 754 1926 825 quibus
1981 752 2036 807 in
2066 751 2175 806 alio

583 855 706 908 loco
734 853 938 908 dicitur
966 870 979 906 :
1007 853 1178 921 Super
1200 861 1394 905 terram
1420 849 1716 905 scribantur
1764 846 1985 921 (Jerern.
2021 859 2130 901 xvu
2158 868 2173 909 ι

584 948 695 1008 I5).
724 947 788 1001 Et
820 960 1164 1016 nequaquam
1192 945 1331 999 ultra
1366 943 1618 999 retieehit
1639 943 1729 1014 qui
1758 944 1909 1012 prius
1939 941 2174 1005 dixerat,

583 1038 745 1093 Tacui
772 1056 784 1092 :
810 1039 1058 1109 numquid
1089 1053 1288 1105 semper
1317 1036 1532 1092 tarebo?
1559 1034 1684 1089 dicit
1716 1032 1970 1090 Dominus
2014 1030 2171 1105 (Isaia

588 1147 717 1195 xui,
757 1132 865 1201 14).
906 1130 1011 1185 Sed
1040 1129 1225 1202 reddet
1259 1129 1553 1200 tttticttiqne
1577 1127 1723 1199 quod
1780 1136 2039 1196 Operatus
2093 1135 2178 1180 est

583 1224 637 1278 iit
662 1224 783 1277 sinu
813 1224 953 1293 ejus,
980 1223 1085 1278 hoc
1115 1230 1197 1278 est
1228 1222 1281 1276 in
1311 1222 1493 1277 cordis
1524 1232 1921 1281 arcano.uteos
1956 1219 2175 1288 propria

585 1323 836 1385 torqueat
864 1316 1217 1369 conscientia.
1253 1314 1329 1369 De
1354 1329 1456 1383 qua
1485 1322 1540 1367 et
1571 1311 1711 1367 Osee
1738 1311 2002 1381 propheta
2031 1311 2141 1365 vati
2160 1342 2171 1350 ο

586 1410 801 1462 cinatur
836 1425 848 1460 :
891 1405 1087 1462 Cadent
1127 1408 1180 1460 in
1214 1406 1391 1479 gladio
1442 1405 1705 1475 principes
1753 1419 1931 1457 eorum
1965 1412 2177 1475 propter

586 1499 1111 1572 indisriplinationent
1140 1500 1331 1568 lingua:
1376 1514 1548 1551 eorum
1597 1495 1741 1568 (Ore.
1774 1511 1867 1555 Vtt.
1899 1495 2011 1566 16).
2051 1495 2177 1551 llaec

585 1604 672 1651 est
702 1593 969 1649 detractio
992 1596 1230 1663 ipsnrutn
1262 1595 1312 1647 itt
1339 1593 1461 1645 situt
1490 1606 1702 1654 eorum,
1745 1606 1868 1660 qum
1896 1591 1964 1645 de
1992 1591 2179 1645 utrius-

586 1687 853 1757 t-ujnsque
884 1688 1049 1741 corde
1074 1685 1338 1754 procedit.
1373 1684 1564 1739 Simile
1593 1683 1721 1753 quid
1756 1693 1813 1738 et
1842 1682 1895 1737 in
1943 1681 2175 1737 Prover-

2282 470 2413 537 Deo,
2439 471 2568 525 dtttn
2598 471 2717 540 ejus
2747 477 3020 542 praecepta
3047 462 3376 526 contemnit.

2352 561 2535 633 (Vers.
2563 562 2647 633 8.)
2681 561 2812 618 Htl’C
2858 563 2981 617 dicit
3017 560 3273 616 Dominus
3301 578 3320 617 :
3354 561 3629 629 Quomodo
3658 561 3701 614 si
3725 563 3838 616 iure.

2278 655 2452 708 niatur
2476 672 2699 725 granum
2724 657 2779 709 in
2809 655 2975 718 botro,
3008 664 3053 708 et
3082 655 3316 711 dicatur:
3349 672 3410 710 ne
3444 654 3671 725 dissipes
3696 653 3834 723 illud,

2276 750 2521 820 quoniam
2576 750 2860 805 benedictio
2912 760 3019 817 est;
3074 752 3150 804 sic
3205 751 3394 818 faciam
3442 759 3656 820 prapter
3697 766 3839 805 sertos

2278 860 2417 898 meos
2442 884 2457 911 ,
2483 853 2538 898 ut
2570 861 2685 915 non
2716 843 3017 916 disperdam
3045 853 3226 898 totum.
3260 842 3405 898 LXX
3437 860 3450 897 :
3486 841 3582 898 Sic
3608 843 3720 896 dicit
3751 840 3838 897 Do-

2281 939 2494 991 minus:
2537 936 2805 1002 Quomodo
2856 936 2900 991 si
2946 937 3240 990 inveniatur
3279 935 3492 988 acinum
3517 934 3569 987 in
3607 933 3776 998 botro,
3800 941 3837 987 et

2280 1031 2485 1085 dicatur
2508 1048 2527 1085 :
2554 1047 2619 1085 ne
2639 1033 2908 1103 contingas
2936 1031 3068 1085 illud
3084 1069 3099 1094 ,
3129 1033 3253 1100 quia
3279 1028 3566 1084 benedictio
3588 1035 3657 1081 est
3681 1029 3728 1080 in
3753 1044 3836 1082 eo:

2278 1127 2351 1179 sic
2382 1126 2573 1197 faciam
2623 1135 2832 1198 propter
2861 1142 3066 1180 seruum
3096 1141 3290 1190 meum,
3335 1133 3391 1178 ut
3435 1140 3541 1177 non
3572 1123 3836 1192 dispertiunt

2282 1238 2479 1276 omnes.
2511 1221 2727 1277 Dixerat
2754 1222 3013 1277 Dominus
3038 1263 3053 1285 ,
3085 1220 3253 1278 Israel
3282 1234 3407 1275 esse
3432 1221 3726 1290 periturum
3745 1261 3759 1284 ,
3793 1226 3836 1273 et

2281 1315 2461 1367 omnia
2507 1324 2725 1383 peccata
2775 1314 2921 1369 illius
2967 1314 3083 1369 suis
3127 1326 3315 1384 patere
3363 1312 3837 1383 conspectibus.et

2283 1406 2697 1464 redditurumse
2725 1422 2892 1478 opera
2921 1408 3258 1479 singulorum
3288 1406 3343 1462 in
3358 1406 3481 1461 sinu
3505 1422 3707 1461 eorum.
3736 1405 3837 1459 Post

2283 1496 2399 1553 haec
2430 1498 2596 1555 infert
2635 1499 3044 1555 similitudinem
3072 1542 3086 1569 ,
3123 1506 3181 1554 et
3226 1498 3657 1569 comparationis
3683 1512 3837 1552 exent-

2285 1590 2470 1659 plum,
2503 1608 2609 1662 quo
2648 1592 2845 1649 doceat
2892 1608 3336 1666 unumquemque
3378 1609 3485 1650 suo
3532 1593 3703 1664 perire
3737 1606 3839 1662 pec-

2282 1696 2435 1752 cato,
2472 1694 2527 1742 et
2569 1687 2784 1742 etiamsi
2816 1688 3154 1757 peccantium
3182 1688 3254 1742 sit
3281 1686 3516 1758 plurima
3560 1685 3835 1752 multitudo,

504 1820 515 1829 .
589 1784 689 1838 biis
712 1784 1004 1848 scribitur;
1054 1783 1117 1836 in
1146 1782 1263 1835 sinu
1297 1779 1587 1835 redduntur
1630 1795 1723 1833 suo
1773 1779 1964 1848 iniquis
2001 1777 2177 1832 omnia
2209 1777 2255 1838 B
2283 1794 2449 1833 unum
2473 1778 2682 1849 justum
2711 1792 3036 1836 cunctorum
3066 1780 3198 1835 vitio
3227 1796 3337 1836 non
3381 1780 3582 1851 perire.
3613 1778 3666 1835 Si
3709 1779 3837 1849 quis,

589 1875 770 1945 (Prov.
801 1892 855 1945 v,
887 1874 1003 1947 2i).
1039 1876 1141 1943 Qui
1173 1875 1328 1929 siuas
1368 1886 1596 1944 propter
1646 1874 1845 1926 anima:
1873 1871 2180 1942 principale

586 1968 779 2039 (Grtec.
809 1968 1245 2042 n'yajaowxov)ttlio
1269 1967 1487 2022 nomine
1513 1966 1820 2036 appellatur
1841 1974 2024 2034 caput.
2063 1964 2183 2020 Vitis

588 2078 766 2116 eorum
805 2063 923 2116 dedi
952 2062 1006 2115 in
1038 2062 1213 2127 capita
1239 2076 1412 2115 eorum
1435 2059 1742 2131 (lfzeclms,
1773 2059 1881 2131 ID).
1911 2058 1975 2112 Et
2006 2058 2135 2114 alibi
2164 2074 2176 2111 :

589 2155 924 2210 Cotwertetur
949 2153 1099 2209 dolor
1128 2157 1240 2227 ejus
1261 2155 1313 2208 in
1342 2163 1499 2223 caput
1525 2156 1660 2225 ejus,
1692 2162 1737 2206 et
1769 2167 1926 2220 super
1948 2151 2179 2205 verticem

583 2248 727 2302 illius
756 2248 1000 2318 iniquitas
1019 2249 1135 2316 ejus
1161 2248 1426 2301 descendet
1457 2244 1575 2317 (Ps.
1608 2261 1701 2309 vit,
1734 2244 1847 2316 I7).
1877 2243 1968 2298 Est
1998 2253 2179 2300 autem

586 2351 643 2396 et
674 2342 847 2395 bonus
874 2343 1048 2407 sinus,
1076 2343 1166 2412 qui
1199 2342 1495 2396 sanctitate
1534 2338 1753 2394 fruetur
1783 2338 2176 2403 conscientiae,

589 2435 659 2491 de
680 2450 787 2505 quo
807 2434 1099 2490 Psalmista
1126 2434 1342 2490 dicebat
1375 2456 1385 2487 :
1421 2432 1487 2486 Et
1506 2434 1677 2488 oratio
1708 2433 1891 2487 meain
1919 2432 2038 2485 sinu
2069 2446 2180 2485 meo

589 2538 915 2581 convertetur
948 2528 1068 2595 (Ps.
1115 2543 1276 2582 xxstv
1308 2569 1322 2592 ,
1378 2527 1483 2597 15).
1545 2526 1873 2596 Intelligitur
1919 2524 2072 2579 sinus
2126 2526 2179 2579 in

589 2622 891 2691 quemlibet
918 2620 1142 2677 allectus
1165 2630 1329 2690 atque
1358 2619 1599 2685 dilectio,
1639 2629 1692 2673 ut
1720 2618 1941 2689 quando
1968 2618 2035 2672 ad
2067 2634 2177 2673 ma-

591 2715 758 2768 ritum
790 2728 970 2769 sermo
1001 2713 1275 2783 dirigitur,
1317 2711 1462 2767 Uror
1488 2727 1606 2784 qua:
1631 2722 1703 2767 est
1734 2714 1784 2766 in
1818 2713 1937 2766 sinu
1970 2723 2095 2780 tuo;
2127 2722 2182 2768 et

589 2806 655 2858 ad
691 2806 1275 2874 parentem,Addncent
1304 2806 1443 2876 ﬁlios
1472 2814 1588 2860 tuos
1620 2807 1671 2860 in
1708 2795 1825 2860 sinu
1856 2805 2008 2878 (Luc.
2044 2809 2176 2877 xvr).

592 2896 745 2953 Unde
775 2908 831 2953 et
861 2914 1051 2952 omnes
1084 2899 1174 2967 qui
1203 2911 1410 2970 patrem
1436 2894 1958 2967 habetttAbraltattt,
1988 2910 2045 2956 et
2067 2903 2176 2958 virv

589 2999 762 3045 tutum
793 2991 911 3060 ejus
942 2991 1154 3047 similes
1184 3008 1307 3047 esse
1336 3004 1687 3061 mrrUct'unt,
1732 2994 2083 3062 requiescunt
2126 2991 2179 3046 in

585 3082 711 3136 sinu
741 3082 879 3151 ejus.
911 3082 1097 3153 Neque
1125 3085 1270 3139 enim
1306 3096 1511 3154 patres,
1546 3101 1779 3155 quorum
1812 3102 1953 3140 nunc
1979 3084 2173 3154 iniqui-

2285 1870 2400 1936 ait,
2434 1871 2485 1926 in
2520 1872 2674 1928 botro
2704 1882 2760 1929 et
2785 1889 2919 1941 uva,
2954 1891 3070 1943 quae
3097 1873 3164 1929 ad
3199 1873 3569 1929 maturitatem
3595 1872 3837 1943 pervenire

2285 1978 2389 2016 non
2424 1965 2599 2033 potuit
2623 2008 2637 2033 ,
2660 1976 2713 2020 et
2743 1976 3060 2023 acescentes
3084 1967 3271 2022 attulit
3301 1968 3515 2022 fructus
3543 2010 3559 2034 ,
3586 1966 3663 2021 vel
3686 1964 3837 2035 aliquo

2284 2055 2425 2110 aeris
2451 2071 2514 2111 ac
2543 2066 2701 2112 terrae
2738 2072 2992 2130 corrupta
3022 2069 3106 2116 est
3131 2060 3297 2129 vitio,
3332 2075 3502 2115 unttm
3529 2074 3742 2129 granum
3769 2072 3839 2112 re-

2287 2146 2425 2215 perit
2450 2147 2711 2216 illaesum,
2746 2151 2889 2220 quod
2914 2164 3066 2222 Spem
3092 2152 3291 2208 habeat
3316 2140 3502 2207 adhuc
3532 2152 3697 2220 majus
3722 2148 3835 2215 ﬁeri,

2284 2248 2340 2294 et
2369 2239 2435 2294 ad
2474 2244 2839 2299 maturitatem
2872 2245 3089 2300 eolilam
3120 2244 3407 2316 pervenire
3436 2289 3452 2313 ,
3483 2244 3626 2301 dicat
3663 2242 3836 2310 alteri,

2285 2355 2355 2394 ne
2378 2348 2564 2405 tangas
2597 2339 2729 2394 illud
2758 2382 2772 2408 ,
2799 2339 2895 2395 sed
2938 2340 3153 2396 dimitte
3198 2349 3256 2395 ut
3286 2352 3532 2410 crescat,
3562 2341 3678 2411 quia
3703 2341 3837 2393 bene

2285 2431 2450 2486 dictio
2476 2429 2688 2486 Domini
2716 2442 2799 2487 εει
2819 2473 2834 2497 ,
2869 2441 2925 2486 ιιι
2944 2432 3000 2487 in
3044 2441 3188 2487 tanta
3215 2434 3504 2488 acinorum
3534 2431 3837 2487 multitudine

2284 2524 2456 2579 solum
2488 2525 2746 2579 eraderet
2772 2526 3070 2580 siccitatem
3098 2543 3110 2579 :
3144 2527 3223 2580 sic
3248 2567 3263 2592 ,
3307 2526 3490 2596 inquit
3517 2571 3531 2595 ,
3562 2526 3629 2581 de
3654 2523 3836 2580 Judzco-

2288 2635 2401 2673 tum
2437 2619 2821 2674 inutttuerabili
2853 2620 3200 2676 multitudine
3226 2665 3240 2689 ,
3265 2636 3388 2691 qua:
3411 2618 3640 2676 oﬂ'eudit
3665 2620 3833 2684 Dentri,

2284 2715 2327 2765 si
2364 2729 2560 2783 paucos
2584 2714 2761 2783 justos
2793 2714 3055 2769 invenero
3086 2752 3101 2778 ,
3138 2713 3385 2768 liberabo
3415 2730 3512 2769 eos
3545 2712 3612 2769 de
3651 2708 3837 2766 interitu

2286 2806 2450 2877 779
2493 2808 2870 2874 plurimorum.
2922 2810 2984 2859 Et
3031 2806 3132 2860 hoc
3186 2804 3380 2860 faciam
3432 2817 3652 2875 pr0pter
3680 2814 3837 2857 servos

2287 2915 2438 2954 meos
2466 2899 2771 2966 Abraham,
2803 2899 2955 2955 Isaac
2998 2909 3053 2956 et
3079 2901 3251 2957 Jacob
3279 2945 3293 2969 ,
3340 2900 3406 2953 ad
3446 2917 3583 2970 quos
3612 2898 3736 2954 facta
3770 2903 3837 2950 est

2287 2992 2671 3060 repromissio,
2706 2995 2822 3048 sive
2856 3002 3078 3063 promer
3106 3007 3205 3048 eos
3232 3034 3247 3058 ,
3279 3000 3370 3063 qui
3426 2995 3569 3048 inter
3611 2992 3837 3061 plurimos
3888 3050 3905 3071 Q

2287 3095 2608 3153 peccatores
2637 3085 2884 3140 serviunt
2911 3085 3063 3139 mihi.
3097 3086 3231 3140 Tale
3257 3084 3387 3157 qiud
3416 3097 3473 3140 et
3503 3086 3555 3139 iit
3582 3081 3758 3138 Genesi
3776 3079 3837 3134 le-

587 3187 728 3232 tates
748 3178 906 3232 nobis
929 3189 983 3234 et
1014 3191 1237 3249 peccata
1270 3181 1595 3246 redduntur,
1614 3195 1710 3235 eos
1745 3180 2008 3235 debemus
2037 3180 2177 3235 acci—
2208 3172 2253 3233 C
2287 3175 2461 3244 giutus
2485 3216 2503 3243 ,
2556 3178 2773 3244 quando
2802 3179 2870 3233 de
2916 3179 3307 3249 quinquaginta
3358 3194 3532 3249 usque
3585 3178 3645 3231 ad
3680 3178 3835 3230 decem

587 3286 740 3340 pere,
764 3271 832 3327 de
860 3287 1091 3343 quorum
1123 3274 1332 3327 semine
1370 3282 1553 3328 nostra
1587 3282 1711 3328 nata
1758 3284 1887 3327 sunt
1917 3287 2170 3341 corpora.

587 3365 751 3438 178
782 3367 1029 3435 Alioquin
1061 3376 1117 3421 et
1144 3368 1261 3435 ipse
1286 3366 1500 3439 Moyses
1536 3367 1628 3435 qui
1659 3366 1907 3431 dixerat,
1958 3374 2179 3435 peccata

584 3470 797 3527 patrum
825 3459 949 3514 [iliis
980 3476 1101 3513 esse
1131 3459 1411 3514 reddenda
1465 3460 1518 3513 in
1561 3459 1779 3513 tertiam
1831 3469 1886 3512 et
1929 3467 2179 3527 quartam

582 3554 1017 3619 generationem,
1046 3552 1128 3602 his
1158 3553 1248 3620 qui
1276 3550 1510 3604 oderunt
1539 3551 1707 3604 lleum
1736 3548 1934 3621 (Exod.
1956 3550 2073 3618 xx),
2102 3551 2184 3603 iu-

588 3650 925 3708 terpretatur
955 3644 1286 3695 sententiam
1320 3658 1505 3708 sitam,
1533 3642 1722 3698 dicens
1757 3660 1770 3695 :
1805 3642 1929 3696 Non
1958 3648 2178 3698 morien-

587 3741 673 3785 tur
702 3731 801 3801 ﬁlii
827 3743 1035 3806 pmpter
1063 3744 1273 3804 peccata
1301 3745 1509 3806 patrum
1540 3753 1559 3791 :
1589 3737 1679 3791 sed
1732 3738 2081 3808 unusquisque
2128 3738 2181 3791 in

588 3842 682 3880 suo
712 3836 920 3899 peccato
952 3829 1197 3881 morietur
1226 3828 1407 3892 (Deut.
1443 3844 1596 3895 xxiv,
1632 3828 1735 3892 l6).
1769 3828 2026 3884 Eamdem
2055 3832 2182 3885 Eze-

588 3916 766 3973 chiele
793 3919 1132 3989 approbante
1162 3922 1515 3986 sententiam,
1546 3922 1691 3990 quod
1726 3937 2067 3992 nequaquam
2100 3921 2183 3978 di-

586 4026 742 4065 catur
777 4013 868 4065 illa
922 4013 1183 4081 parabola
1215 4031 1227 4067 :
1265 4011 1451 4067 Patres
1481 4029 1635 4066 uvam
1674 4014 1913 4067 acerbam
1944 4012 2182 4067 comede—

586 4113 726 4173 runt,
757 4115 802 4161 et
831 4108 1007 4160 dentes
1036 4108 1268 4178 ﬁliorum
1295 4106 1901 4179 obstupuet'unt(lfzcch.
1920 4123 2071 4171 xvttt,
2096 4107 2178 4180 2),

586 4198 682 4252 sed
706 4199 826 4268 ejus
850 4208 1056 4255 tantum
1080 4200 1274 4258 dentes
1286 4204 1701 4272 obStupescere,
1727 4205 1816 4272 qtti
1843 4200 2176 4259 comederit:

584 4301 637 4345 et
665 4294 847 4359 perire
884 4295 1120 4348 animam
1154 4297 1538 4363 peccatricem,
1594 4314 1695 4352 ttec
1737 4305 1963 4352 externa
2026 4297 2179 4354 luere

589 4400 829 4452 peccata.
859 4391 931 4445 Ex
951 4406 1059 4461 quo
1082 4390 1461 4461 intelligimus,
1492 4393 1578 4448 vel
1604 4393 1654 4447 itt
1689 4392 1889 4449 bonam
1932 4401 2175 4463 partem,

586 4486 668 4539 vel
694 4486 747 4539 in
770 4486 1127 4546 eotttrariant.
1177 4502 1274 4541 eos
1328 4486 1675 4558 accipit-udos
1724 4495 1931 4556 patres.
1977 4485 2174 4556 quibus

2288 3268 2544 3337 paulatim
2578 3278 2896 3338 quaeruntur
2918 3270 3051 3341 justi
3080 3316 3094 3337 ,
3129 3272 3218 3341 qui
3267 3271 3335 3326 de
3364 3282 3590 3342 peccato
3642 3265 3836 3325 micarent

2285 3363 2557 3420 civitatem
2590 3362 2746 3435 (Gen.
2778 3367 2957 3437 xvut),
2984 3379 3035 3421 et
3079 3365 3179 3420 Lot
3211 3369 3278 3421 de
3306 3366 3564 3421 Sodomis
3592 3382 3702 3421 cuiu
3727 3363 3835 3416 filia-

2287 3457 2386 3513 bus
2413 3457 2526 3512 suis
2565 3459 2712 3513 SttlIlS
2735 3458 2916 3529 justus
2943 3459 3176 3528 eripitur
3200 3457 3357 3532 (Gen.
3391 3460 3532 3527 xu).
3563 3459 3632 3513 De
3674 3473 3765 3527 quo
3790 3454 3832 3508 in

2287 3561 2311 3587 α
2342 3551 2619 3607 Catholica
2655 3554 2894 3623 Epistula
2928 3554 3185 3608 scribitur
3208 3553 3275 3624 (Il
3313 3553 3460 3608 Petr.
3482 3554 3561 3625 tt),
3591 3552 3716 3621 qttod
3735 3564 3835 3605 cru-

2286 3644 2523 3700 riarctur
2543 3646 2721 3701 anima
2751 3646 2920 3714 ipsius
2954 3645 3187 3702 videntis
3217 3645 3451 3701 nefanda
3494 3642 3764 3709 committi,
3791 3647 3834 3693 et

2285 3739 2479 3792 animae
2511 3738 2618 3811 [ΑΙ.
2651 3739 2817 3794 animi
2844 3739 2942 3812 tui]
2966 3740 3257 3810 judicium,
3283 3742 3538 3810 corporis
3560 3735 3834 3793 habitudine

2284 3833 2707 3890 tleumttstraret.
2736 3834 2919 3889 Enoch
2952 3849 3168 3905 quoque
3197 3835 3336 3889 inter
3366 3836 3694 3903 peccantium
3733 3829 3833 3897 pitt-

2286 3922 2477 3977 rimam
2504 3924 2903 3981 multitudinem
2926 3927 3077 3981 Sttitts
3105 3938 3291 3997 raptus
3322 3926 3389 3981 ad
3420 3927 3587 3981 Deum
3613 3920 3829 3994 est(Gett.

2287 4019 2362 4087 ν).
2400 4018 2467 4075 Et
2508 4017 2623 4074 Noe
2668 4033 2794 4073 cutn
2830 4019 3017 4075 liberis
3047 4019 3195 4089 suis,
3246 4032 3477 4090 propter
3505 4018 3828 4075 declinantem

2283 4128 2501 4168 omnem
2530 4128 2751 4169 carnem
2774 4131 2801 4167 a
2827 4114 3038 4168 Domini
3069 4115 3332 4169 servitute
3353 4153 3367 4176 ,
3393 4113 3658 4168 Diluvium
3681 4107 3827 4162 delere

2286 4223 2391 4262 non
2426 4209 2599 4279 potuit
2627 4207 2778 4276 (Gen.
2813 4204 2927 4280 vtt).
2963 4209 3069 4266 Sed
3086 4218 3141 4265 et
3169 4209 3447 4265 Abraham
3470 4209 3537 4264 de
3568 4209 3678 4279 igne
3695 4196 3825 4258 Chal-

2283 4304 2524 4359 datorum
2551 4347 2566 4372 ,
2594 4304 2720 4359 litIei
2753 4304 3065 4375 integritate
3094 4315 3343 4360 servatus
3369 4316 3457 4359 εει
3484 4302 3632 4376 (Gen.
3672 4296 3756 4368 xi).
3782 4292 3825 4346 lu

2283 4413 2441 4470 quem
2478 4415 2699 4455 sensum
2733 4409 2790 4455 et
2817 4401 3076 4455 Jeremize
3107 4400 3269 4454 verba
3301 4413 3366 4453 ex
3399 4410 3623 4468 persona
3651 4384 3825 4445 Dontitti

2284 4492 2516 4547 dicentis
2542 4490 2897 4547 consentiunt
2928 4509 2941 4546 :
2972 4491 3134 4558 Quasi
3182 4489 3411 4545 calidum
3451 4490 3504 4543 in
3526 4489 3708 4542 deserto
3730 4523 3741 4545 ,
3764 4479 3826 4530 itt-

583 4579 958 4648 unusquisqtte
983 4578 1298 4647 apponitur,
1332 4596 1453 4634 cum
1487 4581 1552 4635 de
1576 4580 1679 4634 hac
1715 4579 1826 4634 vita
1851 4579 2172 4634 excessi-rit.
2210 4550 2261 4612 Β
2288 4584 2399 4637 veni
2422 4582 2590 4638 Israel
2617 4599 2735 4636 cum
2760 4584 2942 4638 occisis
2970 4582 3150 4655 gladio
3199 4582 3415 4654 (Jerent.
3451 4594 3665 4644 xxxviii,
3692 4575 3721 4628 Ξ
3742 4585 3824 4626 δεῦε

573 4672 917 4727 Sztcritieavit
945 4684 1128 4728 autem
1181 4688 1346 4744 super
1376 4684 1594 4729 montes
1644 4684 1701 4729 et
1746 4674 1917 4730 colles
1956 4674 2171 4736 Israel;

568 4767 798 4837 quando
833 4769 885 4821 in
909 4767 1092 4823 Bethel
1113 4778 1168 4822 et
1198 4767 1312 4821 Dan
1336 4784 1533 4822 aureos
1557 4769 1756 4823 vitulos
1781 4770 2056 4837 posuit.Et
2080 4785 2175 4824 ex-

576 4859 861 4929 probravit
886 4860 999 4914 Deo
1025 4866 1190 4930 Super
1215 4859 1504 4928 prmteptis
1532 4860 1649 4914 Suis
1684 4903 1697 4927 ,
1748 4862 1875 4913 tittin
1930 4859 2050 4930 ejus
2081 4868 2177 4916 ne-

575 4952 745 5023 glexit
768 4955 1205 5020 cieretnoniasxt
1228 4955 1433 5010 coltttm
1465 4951 1561 5009 Dei
1589 4938 1931 5009 daernonihus
1955 4954 2169 5010 tribuit:

618 5060 810 5098 norum
835 5060 997 5114 opera
1029 5046 1307 5102 reddenda
1337 5056 1467 5102 sunt
1495 5047 1547 5102 in
1566 5049 1687 5101 sinu
1706 5056 1895 5103 eorum
1920 5046 2174 5119 (θεων).

576 5138 875 5209 Omnisque
948 5139 1240 5195 haereticus
1302 5150 1667 5196 contemnens
1737 5140 2175 5198 lictlesiasticath

647 5286 673 5317 η
705 5275 973 5333 Catholica
1018 5276 1255 5342 Epistola
1298 5280 1560 5335 scribitur.
1610 5280 1743 5337 Cum
1795 5281 2061 5344 Victoria,
2109 5288 2178 5340 ex

575 5351 919 5405 Ambrosiam
940 5349 1143 5403 codici~
1163 5354 1505 5419 auctoritate,
1520 5354 1863 5422 reposuimus
1880 5353 2173 5410 Catholica.

574 5422 820 5497 Martia“.
853 5438 974 5497 cttttt
1011 5422 1238 5476 Erasmo
1266 5425 1496 5479 retinuit
1525 5427 1799 5479 canonica.
1826 5425 1993 5481 Multa
2025 5443 2171 5497 varo,

570 5495 675 5546 hoc
700 5496 763 5545 tle
796 5494 1034 5555 nomine,
1067 5506 1167 5547 suo
1199 5496 1317 5549 loco
1346 5497 1573 5551 dicenda
1600 5497 1751 5551 nobis
1772 5506 1953 5553 erunt.

641 5564 1136 5633 --I’r;rtetj_morem
1157 5568 1451 5622 secundam
1470 5560 1769 5633 Epistulam
1786 5569 2000 5625 B.Pelri
2019 5576 2176 5626 vocat

572 5626 1291 5713 GanotticamHieronymus,
1323 5626 1585 5713 rumalibl
1620 5636 1828 5713 septem
1862 5642 2174 5707 l'tujltSittotli

589 5708 861 5783 tipistolas
906 5707 1202 5779 Catholica;
1243 5725 1457 5781 semper
1488 5707 1745 5781 appellet.
1776 5711 1957 5783 Neque
1991 5726 2170 5771 tamen

587 5776 725 5877 banc
745 5776 1031 5852 laetionem
1046 5792 1253 5844 mutare
1266 5776 1454 5843 debuit
1472 5776 2173 5877 MarialtusViCIoritts,nttl-

2282 4675 2456 4741 LXX;
2488 4677 2541 4729 in
2576 4674 2725 4746 Vulg.
2759 4692 2891 4731 xm
2918 4719 2933 4741 ,
2964 4678 3043 4746 2).
3076 4677 3209 4731 Cum
3242 4677 3382 4730 enim
3407 4719 3422 4743 ,
3460 4674 3654 4745 inquit,
3680 4662 3825 4722 omnis

2282 4768 2513 4824 mundus
2560 4768 2879 4824 idololatria:
2905 4770 3098 4840 gladiis
3140 4771 3458 4824 vulneratus
3484 4769 3676 4836 jaceret
3714 4771 3823 4814 etta-

2282 4864 2477 4929 nitnis,
2512 4862 2691 4917 inveni
2742 4862 2910 4918 Israel
2962 4865 3014 4917 in
3065 4863 3334 4918 Abraham
3384 4862 3584 4917 habere
3621 4854 3823 4911 calorem

2284 4954 2404 5009 [ἰαιιί
2425 4999 2440 5024 ,
2472 4957 2623 5028 quasi
2656 4946 2931 5026 medicus,
2962 4956 3052 5027 qui
3086 4963 3207 5026 past
3255 4954 3501 5026 praelium
3534 4955 3664 5007 inter
3690 4942 3822 5002 cada-

2283 5063 2411 5103 vera
2462 5056 2843 5115 mortuorum,
2893 5050 2981 5103 ubi
3033 5064 3197 5119 quem
3250 5046 3481 5104 senserit
3530 5036 3821 5116 pulsantibus

2280 5141 2433 5196 venis
2465 5141 2670 5213 aliquid
2704 5141 2904 5197 habere
2937 5141 3130 5209 vitale,
3161 5141 3377 5197 adhibet
3407 5153 3589 5195 curant
3621 5125 3823 5189 vulneri¢

2288 5286 2396 5342 lum
2423 5286 2629 5345 habens
2657 5288 2760 5344 hoc
2783 5289 2833 5343 in
2870 5290 3111 5345 locutus.
3137 5267 3817 5342 codicemrestitutionisttti-

2286 5359 2636 5434 ﬁngatur-cm,
2658 5360 2781 5434 Ego
2813 5361 3047 5434 verttqui
3076 5359 3211 5414 ttihil
3240 5362 3457 5428 possunt
3481 5355 3815 5434 adt'er'sufgl'g‘

2284 5420 2524 5496 ritatem,
2572 5433 2667 5487 sed
2701 5420 2883 5486 munia
2932 5420 3028 5500 pio
3059 5420 3307 5495 veritate,
3343 5442 3448 5500 non
3480 5422 3648 5500 putavi
3690 5420 3815 5500 dissic

2282 5503 2600 5557 mutandum
2648 5497 2974 5558 enttsenSufn
3029 5502 3265 5555 tthttllunt
3308 5497 3811 5575 eieutplarlttmtttfi-

2281 5576 2381 5628 etsi
2444 5576 2777 5646 aliquantum
2832 5575 3145 5628 contrarius
3197 5580 3473 5646 appareat
3534 5566 3812 5646 ρρηᾶσξθίξξῗξ

2279 5654 2440 5717 quam
2471 5632 2728 5717 proposui
2752 5650 2804 5703 itt
2841 5632 3299 5701 Annotationibtis'
3322 5644 3455 5717 meis
3480 5632 3808 5717 smmum?)

2280 5707 3120 5801 lita'jl'xitm"septetnnEpistolis
3160 5708 3441 5773 Canonicils
3494 5711 3656 5784 primo
3692 5707 3809 5801 torno

2280 5789 2532 5861 editionis
2559 5800 2778 5869 nostrae.
2809 5789 3078 5857 “tanta.
