3972 6336
576 228 685 287 659

579 435 640 493 ln
673 439 809 495 locis
826 439 1099 510 quondam
1129 442 1476 503 silvestribus
1493 457 1659 519 atque
1682 453 1992 524 turbarum,
2015 459 2177 534 782

576 531 633 585 in
669 531 804 586 locis
825 533 1115 602 gentilium
1143 546 1302 593 erunt
1322 541 1503 596 caulae
1529 543 1735 612 ovium,
1763 548 1812 603 id
1835 559 1939 616 est,
1995 552 2180 610 Eccle-

577 621 674 678 sia:
716 623 786 680 de
831 633 946 682 toto
976 627 1112 685 orbe
1141 631 1502 692 credentium.
1537 637 1644 695 Vos
1675 651 1857 699 autem
1884 687 1899 712 ,
1932 662 1964 702 ο
1993 649 2179 720 populi

573 713 770 780 lsrael,
802 718 894 789 qui
923 717 1296 794 dereliquistis
1321 727 1635 800 Dominum,
1667 734 1805 790 etad
1833 735 2175 796 iracundiam

573 809 921 876 provocastis
955 810 1222 871 Sanctum
1245 815 1439 887 lsrael,
1469 825 1563 892 qui
1587 824 1742 882 obliti
1773 830 1906 886 estis
1933 842 2175 891 montem

572 907 826 956 sanctum
855 901 994 973 ejus,
1028 904 1096 961 de
1116 922 1224 976 quo
1252 911 1450 968 crebro
1475 913 1737 986 diximus,
1765 921 1849 977 vel
1884 923 2173 983 Dominum

573 991 947 1063 Salvatorem,
978 999 1068 1068 qui
1102 1003 1371 1060 montium
1415 1023 1574 1064 mons
1595 1021 1702 1080 est,
1753 1026 1808 1071 et
1860 1031 2173 1078 sanctorum

573 1091 820 1146 omnium
852 1102 1082 1151 sanctus
1111 1140 1125 1164 ,
1179 1099 1267 1154 vel
1327 1113 1569 1160 montem
1619 1107 1776 1180 Sion,
1808 1122 1862 1167 et
1893 1115 2174 1174 civitatem

574 1178 672 1236 Dei
700 1183 934 1239 viventis
963 1185 1272 1244 Jerusalem
1305 1193 1622 1266 coalestem,
1653 1202 1743 1272 qui
1795 1202 1913 1260 hare
1954 1218 2009 1262 et
2060 1210 2175 1265 haec

568 1269 777 1341 facitis,
813 1276 1024 1333 tradam
1056 1280 1285 1351 gladio,
1328 1294 1598 1346 utomnes
1649 1269 1922 1353 interfecti
1966 1301 2175 1370 pariter

573 1369 867 1426 corruatis.
901 1371 1001 1439 Qui
1031 1373 1104 1429 sit
1129 1376 1363 1447 gladius,
1405 1379 1650 1440 dicemus
1682 1398 1868 1457 postea
1900 1409 1912 1445 :
1948 1393 2170 1466 Ponitis,

571 1458 792 1530 inquit,
848 1466 1074 1534 fortuna:
1110 1485 1361 1539 mensam,
1402 1482 1448 1528 et
1479 1475 1650 1532 libatis
1677 1495 1834 1551 super
1871 1501 1982 1539 eam
2016 1505 2034 1541 :
2057 1490 2173 1545 sive

563 1552 725 1622 juxta
753 1554 1113 1629 Septuaginta
1145 1580 1158 1617 :
1196 1561 1404 1620 Paratis
1434 1569 1661 1638 fortuna:
1701 1590 1930 1632 mensam
1951 1621 1966 1646 ,
2016 1591 2061 1636 et
2084 1585 2173 1639 im-

564 1643 717 1714 pletis
742 1643 968 1702 dazmoni
989 1653 1259 1721 poculum,
1285 1665 1377 1713 aut
1403 1661 1638 1737 κέρασμα
1660 1705 1676 1731 ,
1711 1668 1856 1737 quod
1880 1643 2074 1730 omnes
2103 1677 2170 1731 si-

569 1736 773 1792 militer
796 1735 1218 1812 transtulerunt,
1246 1747 1302 1803 id
1333 1735 1465 1818 est,
1499 1735 2025 1830 mixtam—potionem.
2067 1767 2167 1826 Est
2196 1757 2242 1818 Β

566 1838 751 1884 autem
781 1830 834 1885 in
861 1836 1076 1890 cunctis
1100 1839 1328 1896 urbibus
1351 1884 1366 1910 ,
1393 1853 1449 1899 et
1478 1847 1715 1906 maxime
1743 1850 1799 1906 in
1823 1853 2085 1930 Egypto,
2111 1872 2166 1918 et

564 1919 621 1975 in
639 1921 970 1980 Alexandria
988 1928 1313 1988 idololatria:
1334 1945 1492 1994 vetus
1508 1945 1869 2014 consuetudo,
1895 1959 1954 2006 ut
1973 1953 2166 2013 ultimo

563 2012 656 2069 die
676 2017 804 2073 anni
838 2029 893 2074 et
917 2023 1125 2078 mensis
1147 2040 1337 2082 eorum
1377 2031 1468 2099 qui
1497 2042 1772 2093 extremus
1794 2055 1914 2112 est,
1961 2062 2165 2116 ponant

565 2121 814 2164 mensam
846 2112 1103 2170 refertam
1141 2119 1282 2174 varii
1319 2126 1537 2192 generis
1559 2129 1771 2197 epulis,
1805 2145 1860 2190 et
1906 2141 2161 2208 poculum

564 2200 749 2256 mulso
774 2202 1028 2274 mixtum,
1060 2209 1145 2265 vel
1177 2214 1446 2282 praeteriti
1477 2219 1630 2284 anni,
1658 2222 1744 2278 vel
1786 2224 1958 2285 futuri
2006 2233 2159 2291 ferti-

557 2290 769 2349 litatem
798 2299 1168 2368 auSpicantes.
1209 2305 1326 2363 Hoc
1356 2320 1540 2369 autem
1571 2309 1847 2378 faciebant
1875 2323 2158 2397 Israelitaz,

562 2387 808 2443 omnium
839 2391 1260 2454 simulacrorum
1291 2414 1542 2473 portenta
1574 2427 1924 2486 venerantes,
1966 2430 2022 2476 et
2069 2439 2162 2480 ne-

558 2492 829 2550 quaquam
861 2483 1022 2542 altari
1053 2489 1338 2559 victimas,
1399 2499 1498 2556 sed
1549 2502 1924 2576 hujuscemodi
1958 2529 2162 2570 mensae

557 2571 669 2628 liba
699 2575 1024 2635 fundebant.
1051 2583 1321 2658 Quodque
1361 2571 1716 2668 Septuaginta
1760 2608 2164 2666 transtulerunt

560 2665 810 2734 dwmoni,
836 2669 889 2725 in
921 2672 1189 2734 ilebraico
1225 2679 1388 2739 habet
1416 2665 1768 2766 uenat—(7:12),
1799 2701 1946 2770 quod
2003 2704 2161 2776 Sym-

559 2757 788 2812 machus
821 2761 1219 2834 iuterpretatus
1245 2782 1351 2841 est,
1383 2777 1573 2851 absque
1599 2801 1677 2838 me
1699 2803 1719 2840 :
1743 2800 1798 2844 ιιι
1825 2793 1896 2846 sit
1921 2757 2118 2852 sensdus
2143 2815 2153 2851 :

552 2845 657 2914 Qui
688 2852 895 2919 paratis
923 2855 1157 2916 fortuna:
1189 2879 1456 2938 mensam,
1486 2885 1540 2929 et
1570 2877 1807 2950 impletis
1833 2886 2038 2960 absque
2071 2909 2157 2950 me

557 2940 837 3008 potionem
889 2964 904 3013 ;
934 2957 991 3004 ut
1040 2951 1236 3012 doceat
1283 2975 1388 3016 non
1417 2964 1523 3022 sibi
1554 2970 1670 3026 ﬁeri
1698 3015 1713 3040 ,
1765 2979 1860 3033 sed
1893 2940 2150 3043 dtjemoni.

555 3033 783 3093 Gladius
814 3051 997 3100 autem
1027 3064 1134 3116 quo
1158 3049 1584 3131 interficiuntur,
1633 3083 1732 3137 pro
1762 3075 2030 3144 supplicio
2063 3097 2155 3137 ac-

557 3129 783 3198 cipitur.
813 3133 1001 3208 Neque
1047 3142 1192 3198 enim
1242 3154 1420 3208 omnis
1466 3129 1701 3228 populus
1749 3129 2221 3241 Israel‘gladi'oc

553 3223 787 3280 traditus
808 3239 916 3297 est,
949 3248 1182 3302 quorum
1232 3242 1480 3302 videmus
1509 3263 1710 3320 quanta
1758 3261 1926 3316 millia
1949 3263 2004 3318 in
2035 3275 2150 3322 toto

551 3315 686 3370 orbe
717 3316 969 3390 dispersa
1001 3325 1146 3396 sint;
1199 3333 1296 3389 sed
1358 3341 1539 3407 ptenis
1567 3354 1735 3416 atque
1790 3355 2147 3426 cruciatibus,

549 3407 850 3477 captivitati
901 3425 956 3470 et
1009 3418 1215 3479 ultimae
1258 3431 1551 3502 servituti,
1615 3407 1767 3510 juxta
1819 3447 1950 3504 illud
2001 3456 2145 3524 quod

549 3500 682 3524 -.τις
1009 3509 1030 3524 .
1133 3515 1142 3524 .
1206 3518 1236 3524 .,

1539 3500 1545 3502 .
1615 3500 1633 3510 ν
1847 3500 1850 3501 ⁷
1887 3500 1950 3504 ⁷-⁷*
2003 3500 2145 3524 Ί“”“¹’“¹

548 3500 682 3556 alibi
709 3502 912 3562 dicitur
955 3509 1270 3584 :Ingladio
1291 3528 1581 3586 morientur
1629 3551 1806 3594 omnes
1853 3558 2148 3615 peccatores

546 3596 732 3665 populi
760 3603 859 3654 mei
896 3621 915 3656 :
943 3615 997 3659 et
1025 3608 1080 3661 in
1116 3611 1530 3679 Deuteronomii
1565 3625 1797 3688 Cantico
1827 3596 2146 3699 z'lnebriabo

545 3688 765 3757 sagittas
800 3709 938 3748 meas
969 3698 1022 3751 in
1055 3707 1308 3773 sanguine
1334 3752 1349 3776 ,
1381 3723 1431 3766 et
1458 3716 1671 3787 gladius
1725 3741 1869 3782 meus
1915 3736 2144 3792 comedet

545 3795 724 3835 carnes
752 3783 1146 3848 vulneratorum
1179 3797 1365 3868 (Deut.
1401 3783 1572 3877 xatxrt,
1599 3814 1717 3885 42).
1769 3820 1920 3878 llaud
1968 3830 2147 3883 credi-

542 3871 653 3928 bile
675 3889 800 3932 esse
825 3890 1032 3950 potest,
1061 3889 1292 3956 sagittas
1339 3895 1553 3956 Domini
1607 3905 1874 3968 inebriari
1921 3923 2142 3990 sangui.

544 3977 610 3990 ...s
670 3977 717 3990 Α.
754 3967 935 3990 ..ΙΑΔΞη
1023 3975 1104 3990 ouo
1287 3983 1298 3990 .

541 3977 632 4030 ne,
667 3977 720 4020 et
751 3967 994 4038 gladium
1020 3975 1176 4034 illius
1209 3983 1624 4051 vulneratorum
1671 4007 1906 4062 saturari
1963 3967 2146 4068 culini-

535 4053 657 4112 bus.
710 4059 788 4117 De
821 4063 905 4119 his
935 4067 1151 4138 sagittis
1183 4089 1307 4144 qua:
1343 4079 1447 4137 Job
1502 4100 1603 4155 per
1628 4089 1838 4164 singula
1885 4098 2140 4162 horarum

542 4163 826 4208 momenta
867 4161 1216 4232 pungebant,
1268 4169 1528 4243 loquitur.
1573 4161 1796 4256 Sagittae
1837 4188 2051 4250 Domini
2089 4200 2142 4254 in

540 4256 763 4312 corpore
809 4264 923 4303 meo
971 4264 1091 4308 sunt
1124 4274 1144 4311 :
1167 4277 1385 4330 quarum
1435 4273 1588 4340 furor
1633 4278 1787 4335 ebibit
1828 4291 1854 4319 ι
1897 4288 2141 4356 spiritum

537 4347 748 4403 meum;
780 4355 895 4394 cum
924 4345 1060 4399 enim
1088 4366 1284 4422 σωρετο
1315 4355 1492 4432 loqui,
1546 4368 1816 4429 stimulant
1864 4394 1945 4438 me
1985 4381 2138 4452 (Job.

537 4439 587 4452 ...
654 4428 699 4452 ιι
937 4446 948 4452 -
1100 4443 1111 4452 ·
1192 4446 1203 4452 -

535 4439 611 4494 vt,
643 4428 720 4500 4).
746 4429 904 4488 Juxta
936 4443 1298 4516 tr0pologiam
1325 4428 1505 4512 autem
1525 4460 1688 4536 783
1715 4464 1821 4524 hoc
1847 4428 2136 4534 di'cet‘tdutti

538 4529 644 4585 est,
678 4525 823 4593 quod
854 4543 1045 4588 omnes
1071 4538 1164 4607 qui
1196 4540 1502 4607 Ecclesiam
1530 4525 1798 4617 deserunt
1843 4525 2139 4628 et‘oblivi-
2166 4541 2216 4602 Β

532 4624 764 4672 scuntur
787 4632 1027 4680 montem
1057 4642 1304 4691 sanetum
1336 4639 1455 4711 Dei,
1511 4658 1567 4703 et
1591 4665 1654 4707 se
1700 4656 1924 4715 tradunt
1969 4665 2140 4734 spiri-

537 4707 682 4734 Iil.....
722 4717 909 4734 --._-_-,
1022 4731 1030 4734 -
1081 4723 1093 4734 ι
1228 4730 1239 4734 -

537 4707 682 4764 tibus
715 4717 946 4786 erroris,
979 4731 1034 4777 et
1061 4723 1334 4787 doctrinis
1363 4735 1796 4818 daemoniorum,
1828 4752 1917 4809 isti
1946 4707 2139 4827 parant

537 4797 718 4827 (2....--—
741 4823 767 4827 -A
819 4825 825 4827 -
1138 4821 1172 4827 ⁸-
1200 4823 1233 4827 ·“
1322 4826 1330 4827 '

1618 4797 1658 4800 ,_
1679 4797 1796 4818 ---,
1828 4797 1917 4809 .-..
1947 4797 2134 4827 ,μω-..ι

535 4797 773 4861 ΐοιοιιιηιυ
801 4825 1068 4878 mensam.
1097 4821 1234 4878 nihil
1265 4826 1334 4882 ad
1370 4830 1538 4889 Deum
1571 4842 1848 4906 pertinere
1901 4853 2134 4910 creden-

534 4903 617 4948 tes
648 4936 662 4958 ,
711 4902 808 4955 sed
865 4907 951 4963 vel
1004 4913 1287 4974 Stellarum
1331 4936 1496 4981 cursu
1523 4970 1538 4995 ,
1571 4932 1657 4986 vel
1713 4938 1980 4999 varietate
2018 4944 2132 5002 for-

537 4993 685 5042 tuna:
712 4995 892 5050 omnia
929 5001 1222 5068 gubernari
1255 5030 1268 5066 :
1303 5032 1439 5084 quos
1465 5020 1663 5080 Paulus
1697 5027 1950 5103 increpat
1979 5077 1994 5104 ,
2047 5039 2131 5095 di-

539 5090 667 5104 Λη-ι-
699 5099 708 5104 -
755 5082 798 5104 ‘7
840 5103 845 5104 ν
988 5102 993 5104 ‘
1085 5097 1095 5104 ⁸

1321 5082 1331 5084 ν
1765 5082 1804 5086 -_
1830 5082 1950 5103 _r.__
1979 5082 1994 5104 ,
2049 5082 2128 5095 ,η

537 5090 668 5134 cens
698 5099 708 5134 ⁵
743 5082 866 5141 Non
905 5097 1121 5160 Ροιεδῑὶδ
1156 5117 1347 5161 mensa:
1400 5109 1615 5171 Domini
1667 5124 1990 5194 participare
2015 5174 2028 5199 ,
2078 5142 2128 5187 et

537 5185 726 5199 ICIAM-m
757 5175 880 5199 J_.__
903 5197 909 5199 Α
964 5184 975 5194 ι
1179 5193 1224 5199 _-

1667 5175 1678 5191 ι
1815 5175 1825 5177 ‘
1841 5175 1886 5194 'I'
1901 5175 1943 5180 τ’·
1964 5175 1985 5182 '
2015 5175 2028 5199 9
2078 5175 2127 5187 ν’

533 5185 726 5227 menste
752 5175 1142 5242 dwmoniorum.
1171 5193 1292 5251 Non
1318 5206 1534 5269 potestis
1555 5209 1768 5269 calicem
1799 5214 2018 5275 Domini
2052 5225 2130 5277 bi-

527 5268 664 5342 bere,
689 5286 739 5332 et
767 5280 980 5340 calicem
1007 5268 1382 5355 dtemoniorum
1400 5304 1444 5376 (l
1479 5306 1598 5364 Cor.
1633 5329 1691 5383 x,
1713 5315 1805 5386 20,
1837 5319 1929 5392 21)
1963 5341 1974 5376 :
2002 5327 2128 5396 quia

530 5377 753 5434 aeternis
782 5383 1069 5444 tradentur
1098 5395 1380 5465 suppliciis
1403 5443 1418 5468 ,
1451 5402 1524 5460 ita
1583 5419 1640 5465 ut
1678 5377 1875 5474 qullus

526 5465 737 5526 caedem
770 5481 826 5529 et
847 5480 1061 5537 ruinam
1088 5489 1263 5555 possit
1289 5495 1548 5556 evadere.

528 5652 1515 5760 ι.ι.ῖ..9¹ἷ.¹ξῗ..ᾗῖξ¹ἶῖἷῗῗῗψέἕηθαίπεηπ
1537 5685 1699 5744 habet
1723 5704 1821 5758 Ιπο
1841 5693 2080 5760 spiritum
2101 5714 2120 5753 :

527 5715 688 5786 idque
727 5715 1293 5803 rectitis'iusiaﬂliiiu.‘

1837 249 1898 305 S.
1941 249 2218 314 EUSEBII
2256 255 2635 322 HIERUNYMI

581 359 679 416 ego
707 347 912 402 tradam
934 363 1019 402 vos
1046 348 1099 401 in
1121 347 1398 420 gladium:
1422 367 1596 410 ontnes
1619 357 1876 430 interfecti
1905 366 2176 422 corruetis.
2206 371 2260 432 Α

3786 293 3879 351 614)

2355 372 2539 445 (Vers.
2571 378 2689 451 12.)
2714 379 2824 438 Pro
2845 401 2904 441 eo
2931 390 3071 459 quod
3100 397 3274 450 vocavi
3304 440 3319 465 ,
3374 408 3424 452 et
3466 415 3577 456 non
3605 406 3880 476 respondi-

2281 466 2395 535 stis,
2430 467 2637 526 locutus
2660 489 2794 544 sum,
2824 487 2872 531 et
2903 495 3008 535 non
3034 485 3254 541 audistis
3290 505 3308 542 :
3338 490 3429 545 sed
3451 491 3654 563 fecistis
3696 466 3876 568 (Vulg.

2279 567 2326 612 et
2353 560 2646 637 faciebatis]
2674 567 2871 623 malum
2895 572 2951 626 in
2975 575 3139 631 oculis
3166 580 3312 649 meis,
3346 593 3394 636 et
3416 560 3534 655 qua?
3560 560 3738 652 nolui,
3789 560 3879 646 el;-

2277 651 2446 722 gistis.
2501 653 2645 711 LXX
2699 677 2710 712 :
2763 659 2900 729 Quia
2947 668 3122 722 vocari
3160 684 3288 739 vos,
3344 683 3393 726 et
3428 651 3552 730 ⁷ηοη
3611 680 3875 737 audistis:

2276 745 2480 806 locutus
2509 769 2645 822 sum,
2661 766 2709 810 et
2731 764 3136 833 contempsistis,
3165 776 3210 822 et
3235 772 3428 840 fecistis
3456 775 3659 830 malum
3692 779 3747 833 in
3767 797 3877 836 con-

2277 853 2450 913 spectu
2472 863 2604 914 meo,
2635 859 2682 903 et
2702 869 2818 922 qum
2843 855 3082 914 nolebam
3101 859 3355 933 elegistis.
3375 866 3597 935 Gladto,
3623 870 3723 937 ait,
3754 876 3875 931 estis

2280 933 2484 1002 traditi,
2518 939 2647 1005 quia
2691 957 2802 999 non
2850 947 3026 1004 solum
3082 953 3385 1026 reliquistis
3426 933 3672 1029 me,vet
3733 966 3874 1023 obliti

2277 1028 2409 1082 estis
2435 1032 2565 1098 mei,
2596 1044 2651 1089 et
2673 1035 2907 1096 fortuna;
2935 1044 3190 1112 poculum
3220 1051 3553 1120 miscuistis,
3607 1057 3709 1112 sed
3759 1073 3876 1115 cum

2275 1133 2453 1176 essem
2481 1122 2808 1198 Emmanuel,
2845 1131 2898 1188 id
2928 1143 3036 1202 est,
3066 1138 3333 1196 nobiscum
3361 1142 3535 1214 Deus,
3569 1146 3642 1203 de
3695 1165 3807 1220 quo
3831 1163 3875 1208 et

2273 1211 2512 1272 Joannes
2539 1221 2731 1278 scribit
2760 1239 2776 1279 :
2821 1223 3038 1284 Verbum
3067 1247 3190 1286 caro
3212 1235 3406 1303 factum
3431 1249 3528 1306 est,
3577 1248 3629 1294 et
3682 1242 3878 1298 habita-

2275 1312 2343 1365 vit
2372 1314 2423 1368 in
2456 1316 2602 1372 nobis
2633 1318 2815 1390 (Joan.
2849 1340 2888 1390 ι,
2916 1326 3005 1397 14)
3033 1369 3048 1394 ,
3081 1346 3323 1399 [παίδευε
3370 1351 3468 1393 vos
3516 1342 3714 1397 vocavi
3752 1361 3766 1398 :
3795 1361 3876 1398 re-

2275 1407 2532 1463 vertimini
2552 1410 2621 1464 ad
2645 1429 2725 1469 me
2751 1416 3177 1485 ﬁliirevertentes
3228 1425 3447 1497 (Jerem.
3492 1445 3577 1499 tu,
3626 1435 3746 1507 M).
3773 1436 3872 1492 Et:

2281 1504 2461 1562 Venite
2511 1512 2581 1565 ad
2625 1531 2705 1570 me
2753 1534 2930 1576 omnes
2975 1525 3065 1588 qui
3106 1525 3355 1584 laboratis
3399 1542 3446 1585 et
3497 1538 3709 1590 onerati
3763 1542 3875 1594 estis

2273 1597 2495 1667 (Matth.
2549 1620 2626 1672 XI,
2656 1607 2772 1681 28),
2813 1622 2869 1667 et
2911 1617 3250 1686 respondere
3302 1623 3577 1684 noluistis.
3639 1628 3876 1688 Locutus

2271 1702 2394 1746 sum
2422 1693 2475 1748 in
2509 1698 2802 1769 parabolis,
2833 1713 2887 1760 et
2912 1709 3094 1764 omnia
3120 1711 3221 1768 feci
3244 1729 3365 1785 qua:
3395 1717 3581 1775 facere
3604 1720 3797 1791 debui,
3827 1735 3875 1781 et

2270 1798 2377 1840 non
2409 1787 2640 1847 audistis
2673 1809 2789 1865 me,
2825 1797 2998 1856 immo
3028 1813 3085 1859 et
3110 1813 3549 1880 contempsistis.
3585 1814 3704 1886 Ego
3732 1821 3873 1874 enim

2269 1889 2390 1932 sum
2425 1879 2515 1949 qui
2538 1890 2594 1937 et
2624 1898 2791 1956 supra
2817 1889 2938 1946 dixi
2971 1911 2982 1946 :
3021 1893 3171 1961 Veni,
3206 1909 3254 1954 et
3282 1879 3386 1956 non
3415 1915 3524 1959 erat
3552 1908 3709 1962 homo
3742 1925 3761 1962 :
3788 1927 3874 1966 vo-

2267 1973 2402 2038 cavi,
2427 1983 2600 2031 etnon
2625 1990 2738 2035 erat
2764 1984 2854 2053 qui
2883 1985 3113 2045 obediret
3142 1990 3302 2065 (Isai.
3333 2013 3388 2062 L,
3429 1997 3513 2066 2).
3574 2000 3686 2058 Nec
3719 2005 3872 2060 vobis

2269 2061 2386 2120 haec
2414 2067 2719 2126 sufficiebat
2748 2076 3027 2148 impietas,
3063 2093 3118 2138 ut
3151 2061 3240 2143 me
3269 2100 3603 2158 praesentem
3626 2106 3874 2151 contem-

2267 2160 2493 2229 neretis,
2519 2173 2574 2218 et
2603 2165 2829 2223 missum
2851 2171 2918 2227 ad
2944 2189 3040 2230 vos
3065 2179 3397 2237 occideretis
3429 2184 3706 2243 haeredem
3732 2208 3747 2255 ;
3773 2191 3870 2247 sed

2267 2246 2474 2307 fecistis
2507 2255 2711 2312 malum
2737 2258 2790 2316 in
2823 2276 3126 2336 conSpectu
3161 2286 3318 2340 meo,
3347 2284 3403 2330 et
3447 2292 3568 2348 qua:
3617 2281 3871 2370 nplebam

2267 2339 2504 2370 ΔΙΛη-ἶηιζι.
2565 2359 2609 2370 -.
2643 2349 2753 2370 ιι--
2777 2354 2813 2370 ,n
3017 2360 3030 2370 .
3113 2361 3218 2370 .....-
3348 2368 3374 2370 ῃ

2264 2339 2526 2414 elegistis,
2559 2359 2612 2404 et
2638 2349 3062 2423 blasphemastis
3113 2339 3312 2421 Filium
3346 2339 3487 2440 Dei,
3520 2381 3575 2426 ut
3599 2344 3870 2443 peteretis

2263 2433 2417 2490 vobis
2436 2436 2739 2498 Barabbam
2793 2446 3097 2520 latronem,
3132 2453 3413 2514 homicidii
3465 2471 3522 2517 et
3572 2464 3869 2524 seditionis

2261 2537 2576 2596 auctorem;
2608 2545 2664 2590 et
2690 2536 2868 2596 adhuc
2891 2544 3104 2600 audetis
3148 2549 3337 2607 dicere
3374 2553 3590 2622 :Quare
3639 2575 3737 2614 nos
3786 2578 3869 2616 er-

2260 2635 2380 2674 rare
2400 2623 2569 2692 fecisti
2597 2644 2629 2682 a
2656 2629 2738 2683 via
2760 2640 2850 2687 tua
2874 2632 3031 2707 (lsai.
3066 2655 3216 2710 ωιιιι,
3254 2641 3380 2716 i7)?
3407 2645 3468 2702 Si
3490 2649 3633 2703 enim
3655 2652 3756 2720 qui
3779 2668 3868 2709 me

2262 2712 2580 2772 nesciebant
2613 2720 2943 2783 invenerunt
2991 2747 3110 2800 me,
3140 2745 3194 2789 et
3225 2736 3315 2805 qui
3345 2753 3437 2793 me
3480 2755 3586 2796 non
3641 2743 3868 2801 invoca-

2259 2805 2413 2876 bant,
2447 2825 2807 2886 susceperunt
2835 2837 2944 2892 me,
2968 2826 3166 2895 quibus
3193 2843 3291 2886 vos
3313 2831 3458 2904 digni
3486 2836 3620 2891 estis
3643 2842 3866 2896 crucia-

2260 2900 2448 2971 tibus,
2506 2909 2600 2978 qui
2633 2910 2862 2969 missum
2912 2917 2982 2973 ad
3023 2935 3119 2977 vos
3165 2933 3329 2995 atque
3373 2900 3645 2986 dicentem
3681 2951 3696 2987 :
3735 2933 3861 2991 Non

2257 2996 2374 3048 ueni
2420 2999 2522 3052 nisi
2549 3000 2618 3054 ad
2648 3018 2762 3059 oves
2787 3007 3020 3077 perditas
3046 3011 3234 3071 domus
3281 3015 3454 3074 Israel
3482 3019 3697 3091 (Matth.
3766 3043 3863 3091 xv,

2255 3085 2374 3156 24),
2405 3093 2690 3163 suscipere
2714 3099 2998 3172 noluistis,
3057 3109 3153 3162 sed
3175 3109 3415 3182 insuper
3445 3114 3699 3173 affixistis
3735 3135 3866 3175 cru-

2254 3178 2862 3248 ci'tConsiderandum
2900 3198 3031 3267 quid
3081 3178 3362 3272 significet
3414 3208 3560 3277 quod
3593 3211 3668 3264 ait
3729 3231 3741 3265 :
3799 3213 3863 3267 Et

2249 3285 2366 3340 qua-
2397 3278 2640 3334 nolebam
2667 3284 2942 3356 elegistis;
2982 3301 3078 3347 aut
3120 3310 3243 3364 quae
3291 3297 3367 3352 sit
3415 3301 3672 3358 voluntas
3729 3305 3860 3362 Filii

2251 3363 2369 3432 Dei,
2399 3370 2491 3439 qui
2520 3371 2764 3444 loquitur
2794 3379 2848 3434 in
2880 3363 3178 3454 Evangelia
3209 3405 3223 3442 :
3269 3388 3393 3443 Non
3422 3395 3590 3448 omnis
3612 3397 3701 3465 qui
3731 3399 3860 3452 dicit

2251 3457 2401 3529 mihi,
2439 3461 2677 3533 Domine,
2706 3466 2956 3538 Domine,
2988 3476 3308 3548 ingredietur
3338 3483 3388 3535 in
3433 3502 3647 3556 regnum
3694 3490 3861 3546 cwlo-

2247 3567 2365 3606 rum
2389 3572 2408 3609 :
2438 3557 2530 3611 sed
2552 3562 2641 3627 qui
2671 3565 2798 3631 facit
2845 3568 3164 3624 voluntatem
3220 3571 3399 3630 Patris
3427 3580 3528 3632 mei
3547 3581 3634 3650 qui
3682 3593 3764 3636 est
3806 3586 3855 3638 in

2249 3646 2391 3699 caelis
2432 3647 2652 3718 (Matth.
2678 3670 2769 3722 vn,
2804 3657 2918 3729 21).
2953 3661 3119 3735 784
3175 3664 3250 3721 De
3275 3682 3382 3737 qua
3443 3679 3502 3726 et
3554 3646 3670 3743 ipse
3714 3677 3854 3732 dicit

2248 3735 2397 3818 Deus
2455 3758 2469 3796 :
2527 3742 2595 3798 Ut
2641 3750 2862 3817 facerem
2911 3756 3227 3811 voluntatem
3278 3735 3421 3814 luant
3468 3764 3608 3819 uolui
3653 3766 3850 3839 (Psal.

2246 3813 2434 3900 xxstx,
2468 3833 2545 3906 9).
2575 3813 2702 3895 llaec
2731 3851 2814 3897 est
2846 3846 3122 3916 voluntas,
3154 3850 3224 3906 de
3277 3868 3385 3923 qua
3411 3865 3467 3911 et
3500 3857 3615 3928 ipse
3654 3813 3852 3916 \Domi-

2249 3938 2351 3978 nus
2382 3926 2713 3998 loquebatur
2761 3924 3001 3992 {Inveni
3047 3939 3220 3997 David
3274 3944 3442 4016 ﬁlium
3491 3949 3657 4018 Jesse,
3685 3954 3847 4007 virum

2234 4028 2398 4090 quam
2429 4039 2518 4076 cor
2556 4043 2755 4096 meum,
2801 4033 2891 4101 qui
2933 4033 3094 4102 faciat
3144 4052 3320 4094 omnes
3370 4042 3667 4099 voluntates
3710 4064 3844 4101 meas

2244 4112 2383 4184 (Act.
2421 4133 2536 4184 xm,
2566 4119 2681 4192 22).
2722 4123 2877 4182 Unde
2903 4135 2958 4182 et
2995 4138 3218 4186 sanctus
3247 4145 3508 4201 precatur
3561 4147 3618 4193 et
3668 4139 3798 4195 dicit
3828 4159 3839 4193 :

2242 4205 2388 4263 Doce
2410 4228 2488 4265 me
2512 4223 2566 4267 ut
2593 4215 2787 4284 faciam
2817 4220 3136 4277 voluntatem
3165 4233 3338 4294 tuam,
3370 4230 3499 4300 quia
3533 4231 3678 4288 Deus
3708 4251 3840 4289 ineas

2241 4317 2293 4354 es
2321 4311 2376 4356 tu
2399 4302 2575 4373 (Psal.
2607 4323 2776 4378 exui,
2812 4311 2926 4382 10).
2957 4315 3154 4372 Omnia
3192 4319 3335 4374 enim
3369 4321 3559 4390 licent,
3590 4326 3687 4381 sed
3737 4341 3837 4381 non

2240 4397 2423 4451 omnia
2453 4399 2782 4469 expediunt.
2818 4404 2887 4460 Et
2908 4406 2976 4463 de
3009 4409 3311 4481 virginibus
3337 4419 3837 4489 narratApostolus

2240 4501 2302 4545 se
2328 4488 2540 4548 Domini
2572 4509 2679 4550 non
2705 4495 2914 4555 habere
2942 4513 3277 4574 prteceptum
3298 4548 3314 4573 ,
3344 4507 3468 4565 vult
3511 4518 3690 4567 tamen
3740 4527 3838 4568 nos

2241 4598 2367 4641 esse
2395 4588 2539 4644 sicut
2561 4591 2803 4661 seipsum
2833 4596 2880 4669 (l
2903 4596 3028 4655 Cor.
3069 4600 3168 4671 vt).
3214 4604 3291 4659 Ex
3331 4621 3444 4677 quo
3471 4611 3718 4666 ostendit
3743 4625 3838 4666 ne-

2237 4691 2511 4750 quaquam
2556 4683 2955 4757 indulgentiam
3019 4695 3264 4766 magistri
3311 4701 3635 4757 sectandam
3692 4717 3833 4769 esse,

2236 4771 2332 4826 sed
2369 4773 2713 4833 voluntatem
2757 4781 2798 4849 (Ι
2825 4781 2946 4838 Cor.
2980 4785 3116 4856 vn);
3168 4797 3225 4844 et
3259 4804 3322 4845 ea
3357 4806 3458 4848 nos
3487 4793 3689 4850 debere
3726 4795 3832 4850 eli-

2234 4879 2367 4935 gere
2396 4881 2517 4936 quaa
2546 4870 2872 4942 expediunt,
2903 4892 3008 4932 non
3040 4893 3164 4949 quae
3197 4880 3386 4950 licent,
3423 4894 3482 4939 ut
3505 4885 3636 4940 illud
3658 4886 3833 4943 estde

2231 4957 2495 5028 digamia,
2537 4961 2664 5019 Volo
2687 4967 3104 5026 adulescentulas
3131 4977 3344 5040 nubere,
3373 4977 3515 5046 ﬁlios
3539 4995 3828 5049 procreare,

2237 5052 2657 5122 matresfamilias
2697 5073 2805 5113 esse
2838 5059 2885 5130 (Ι
2913 5059 3054 5116 Tim.
3079 5079 3138 5130 v,
3169 5064 3287 5136 14).
3315 5066 3585 5139 Ponitque
3613 5085 3826 5137 causas,

2223 5159 2321 5201 cur
2346 5147 2448 5203 ista
2471 5152 2737 5208 concedat
2769 5172 2782 5209 :
2809 5153 2932 5210 Jam
2958 5158 3094 5211 enim
3124 5161 3366 5230 quardam
3409 5165 3645 5220 abierunt
3685 5175 3824 5219 retro

2225 5247 2339 5309 post
2388 5241 2662 5300 Satanam.
2725 5245 2877 5316 Ergo
2923 5264 3030 5304 non
3091 5262 3178 5307 est
3224 5252 3482 5309 voluntas
3542 5271 3672 5326 pura
3719 5269 3819 5310 sc-

2227 5333 2391 5388 cundi
2418 5337 2777 5409 matrimonii,
2807 5355 2932 5411 quae
2956 5341 3344 5402 fornicationis
3361 5345 3390 5385 ι)
3413 5348 3819 5420 comparatione

2228 5425 2464 5485 vilescit.

2299 5521 2484 5593 (Vers.
2520 5525 2607 5594 l5,
2643 5525 2761 5600 14.)
2799 5527 3023 5602 Propter
3075 5532 3173 5587 hoc
3227 5533 3337 5588 Ιιωσ
3385 5534 3516 5590 dicit
3570 5533 3811 5589 Dominus

2301 5700 2328 5740 δ
2359 5704 2504 5761 Idem
2540 5709 2920 5788 ambrosiam,
2945 5727 3060 5785 qum
3091 5717 3457 5788 fornicationis
3485 5735 3654 5787 causa,
3675 5719 3809 5773 roni-

2225 5777 2495 5840 paratione
2518 5779 2737 5837 vilescit.
