3972 6394
106 369 211 426 ϐΗ

607 362 1262 425 COMMENTARIORU.“
1301 362 1370 421 lN
1408 361 1643 422 ISAIAM
1671 360 2109 423 'PROPHETAM
2148 359 2283 421 LIB.
2322 359 2514 421 XVIII.
2553 361 2711 422 CAP.
2751 362 2919 423 LXV.

3312 366 3422 424 642

107 484 256 540 Deus
281 497 301 539 :
322 481 461 537 Ecce
490 482 622 537 servi
648 483 748 537 mei
775 481 1064 548 comedent,
1094 489 1141 536 et
1169 496 1257 536 vos
1283 481 1543 537 esurietis.
1578 479 1714 535 Ecce
1741 481 1795 543 Α
1820 489 2013 537 sancto
2043 481 2256 552 Spiritu
2295 480 2658 552 proplretabat
2685 500 2697 537 :
2732 482 3032 537 Esurientes
3077 482 3305 556 implevit
3335 483 3427 540 bo-

105 578 246 634 servi
274 578 373 632 mei
395 576 587 642 bibent,
604 582 660 629 et
687 591 776 629 vos
801 575 1008 630 sitietis.
1031 573 1163 629 Ecce
1187 573 1321 628 servi
1341 574 1439 628 mei
1467 572 1723 628 laetabun-

105 683 219 742 tur,
253 682 303 728 et
331 687 418 727 vos
456 670 875 743 confundentini.
930 667 1067 724 Ecce
1112 668 1246 722 servi
1287 668 1390 721 mei
1432 664 1722 721 laudabunt
1783 664 1787 669 ’

110 780 229 831 pra:
259 762 608 820 exsultatione
634 761 834 826 cordis,
859 769 906 815 et
932 775 1023 816 vos
1049 758 1345 814 clamabitis
1393 773 1502 827 pra:
1547 756 1726 812 dolore

110 856 320 923 cordis,
363 862 411 908 et
439 869 549 924 prie
599 853 911 908 contritione
952 853 1169 924 spiritus
1199 849 1491 905 ululabilis.
1530 846 1672 906 LXX
1708 863 1724 903 :

111 950 409 1024 Propterea
422 948 534 1005 lucc
545 948 671 1004 dicit
686 946 946 1002 Dominus
974 962 993 1001 :
1020 944 1155 1002 Ecce
1173 949 1306 1001 servi
1320 944 1417 999 mei
1436 941 1726 1012 comedent,

111 1062 206 1102 vos
231 1052 413 1101 autem
434 1045 695 1099 esurietis.
726 1039 862 1097 Ecce
886 1042 1019 1096 servi
1040 1040 1139 1094 mei
1165 1038 1374 1104 bibent,
1426 1052 1514 1092 vos
1556 1044 1730 1091 autem

114 1139 332 1197 sitietis.
357 1136 495 1192 Ecce
521 1137 653 1191 servi
678 1136 777 1194 mei
800 1132 1098 1206 gaudebunt
1120 1174 1135 1198 ,
1178 1147 1269 1188 vos
1302 1139 1479 1185 autem
1505 1130 1731 1200 confun-

116 1236 340 1291 dcmini.
364 1234 646 1289 Ecceservi
663 1233 760 1286 mei
780 1229 1116 1287 exsultabant
1140 1230 1195 1284 in
1214 1228 1428 1300 gaudio,
1450 1242 1538 1282 vos
1559 1233 1732 1281 autem

117 1328 417 1385 clamabitis
444 1335 655 1399 propter
684 1325 918 1380 dolorem
960 1323 1136 1379 cordis
1185 1321 1371 1389 vestri,
1430 1326 1478 1375 et
1526 1325 1735 1392 prapter

120 1421 492 1476 contritionem
512 1418 730 1491 spiritus
756 1417 912 1471 vestri
940 1413 1236 1471 ululabilis.
1260 1413 1380 1470 Non
1410 1411 1593 1469 solum
1616 1410 1730 1482 gla-

121 1518 221 1574 dio
243 1516 520 1574 eorruetis
547 1529 649 1570 vos
670 1514 763 1583 qui
793 1510 1179 1583 dereliquistis
1208 1508 1533 1573 Dominum,
1585 1516 1641 1562 et
1660 1504 1749 1563 fe-

121 1614 285 1671 cistis
308 1611 516 1669 malum
541 1611 594 1665 in
613 1614 922 1679 conspectu
942 1605 1089 1676 ejus,
1119 1613 1176 1661 et
1191 1612 1523 1676 praesentem
1553 1599 1739 1657 nolui-

126 1707 234 1764 stis
297 1704 538 1771 audire,
604 1700 703 1759 sed
756 1699 985 1757 multam
1037 1697 1186 1753 inter
1234 1710 1334 1753 vos
1382 1703 1443 1752 et
1493 1693 1742 1766 gentium

126 1796 544 1857 multitudinem
588 1792 832 1851 cernetis
870 1789 1262 1847 dill‘erentiam.
1313 1788 1395 1844 llli
1448 1786 1595 1844 enim
1647 1784 1741 1855 qui

1826 575 1908 631 nis
1935 572 2091 647 (Luc.
2117 590 2158 642 ι,
2184 573 2303 647 55),
2334 573 2428 645 qui
2452 576 2608 645 prius
2637 576 2817 631 cibum
2840 574 3058 632 Domini
3110 590 3218 631 non
3252 574 3425 631 habe-

1826 667 1960 722 bant
1984 686 1995 722 :
2025 677 2073 722 et
2102 666 2288 723 divites
2316 667 2516 723 dimisit
2546 670 2748 736 inanes,
2776 669 2871 739 qui
2899 668 3015 725 dati
3050 678 3177 724 sunt
3198 683 3299 740 pro
3334 684 3423 725 se-

1827 760 1984 829 pnttu
1993 774 2051 813 ra
2065 758 2211 828 ejus;
2228 767 2286 816 et
2299 774 2461 833 quem
2476 759 2768 831 Prophetas
2787 761 3174 832 promiserant,
3193 775 3427 833 respue-

1829 860 1981 906 runt.
2009 850 2089 906 De
2119 851 2317 921 quibus
2341 858 2399 908 et
2426 850 2483 908 in
2506 850 2619 907 alio
2649 851 2772 908 loco
2800 851 3095 910 Psalmista
3119 853 3379 911 decantat
3409 870 3425 908 :

1829 941 2032 998 Divites
2060 955 2353 1017 eguerunt,
2395 952 2444 1000 et
2477 944 2774 1000 esurierunt
2795 943 2980 1017 (Psal.
3004 961 3198 1013 χχχιιι,
3225 945 3340 1018 Η),
3375 943 3432 1002 id

1830 1044 1938 1105 est,
1973 1036 2210 1109 populus
2229 1035 2570 1094 Judzeorum.
2596 1038 2698 1106 Qui
2724 1047 2906 1095 autem
2940 1049 3194 1110 quterunt
3244 1038 3434 1096 Domi-

1832 1144 1987 1195 num,
2019 1128 2125 1185 hoc
2148 1140 2265 1198 est,
2311 1130 2473 1186 turba
2500 1130 2817 1201 gentilium,
2874 1147 2983 1187 non
3033 1131 3250 1205 egebant
3299 1130 3440 1186 omni

1834 1222 1989 1277 bono.
2013 1219 2270 1295 Cumque
2309 1222 2624 1279 servientes
2654 1221 2910 1292 Christo,
2953 1230 3013 1280 et
3049 1222 3344 1281 credentes
3384 1222 3438 1280 ei

1836 1315 2007 1372 laetati
2030 1315 2258 1384 fuerint,
2284 1328 2342 1374 et
2362 1317 2901 1375 laudaverintDeum
2932 1333 3047 1391 pra:
3069 1319 3444 1377 exsultatione

1836 1409 2029 1466 cordis
2057 1417 2117 1466 et
2136 1411 2342 1483 gaudio
2370 1428 2384 1465 :
2417 1419 2551 1468 tunc
2575 1411 2653 1467 illi
2682 1411 3101 1469 conluudentur
3125 1454 3141 1482 ,
3187 1413 3444 1472 videntes

1839 1501 1897 1558 in
1927 1518 2087 1559 suum
2116 1503 2295 1561 locum
2324 1504 2465 1561 alios
2491 1506 2868 1573 successisse;
2896 1515 2952 1563 et
2977 1506 3296 1564 clamabunt
3329 1523 3445 1579 pra:

1840 1594 2033 1652 dolore
2056 1596 2261 1662 cordis,
2293 1596 2589 1668 implentes
2632 1597 2765 1654 illud
2807 1598 2953 1670 quod
3000 1600 3269 1671 scriptum
3316 1609 3445 1657 est:

1841 1685 1928 1742 Ibi
1954 1688 2051 1743 erit
2077 1688 2232 1758 [lctus
2268 1696 2318 1743 et
2345 1690 2541 1745 stridor
2586 1690 2823 1747 dentium
2861 1690 3082 1764 (Matth.
3132 1708 3253 1759 xm,
3299 1693 3394 1763 50)
3428 1708 3444 1749 :

1842 1779 2062 1851 quando
2073 1782 2331 1838 steterint
2349 1781 2478 1853 agni
2494 1782 2740 1854 gentium
2763 1784 3215 1855 atquejustorum
3229 1786 3297 1841 ad
3311 1786 3453 1842 dex-

126 1895 281 1954 servi
328 1900 495 1952 erunt
522 1890 683 1953 mihi,
718 1887 1033 1953 comedent,
1059 1894 1114 1942 et
1138 1884 1352 1952 bibent,
1389 1882 1738 1947 laetabuntur,
1769 1865 1820 1927 Β
1848 1882 2044 1940 teram,
2080 1882 2139 1930 et
2161 1873 2306 1930 hmdi
2333 1873 2655 1931 Judaeorum
2687 1885 2856 1947 atque
2884 1877 3182 1947 impiorum
3228 1892 3259 1933 a
3317 1876 3456 1933 sini-

131 2000 190 2047 et
219 1986 527 2044 laudabunt
554 1999 666 2055 pra:
693 1981 1063 2039 exsultatione
1099 1976 1306 2035 cordis.
1355 1974 1467 2033 Vos
1498 1983 1681 2030 autem
1712 1986 1745 2029 e

131 2079 456 2146 contrario,
487 2074 749 2132 esurietis
780 2082 946 2145 atque
968 2070 1192 2138 sitietis,
1244 2065 1665 2124 conluudemini
1691 2075 1748 2121 et

134 2190 255 2247 pra:
295 2173 497 2230 dolore
528 2169 714 2227 cordis
740 2178 796 2224 et
821 2164 1163 2224 contritione
1181 2163 1413 2235 spiritus
1440 2160 1748 2217 ululabitis.

135 2266 278 2336 Qua:
319 2263 506 2320 omnia
535 2263 812 2336 χιλιασταί
849 2257 904 2314 in
956 2256 1113 2314 mille
1154 2255 1316 2312 annis
1368 2259 1563 2324 putant
1623 2265 1750 2308 esse

138 2355 467 2429 complenda
497 2398 513 2424 ,
580 2353 765 2409 cibum
816 2359 873 2407 et
921 2358 1153 2422 potum,
1207 2362 1437 2420 regnum
1482 2344 1582 2401 Dei
1628 2356 1753 2400 esse

140 2450 462 2516 credentes,
493 2461 595 2504 nec
617 2444 990 2516 iutelligentes
1019 2441 1154 2499 illud
1175 2440 1325 2513 quod
1351 2438 1614 2511 scriptum
1637 2447 1750 2493 est:

149 2543 463 2617 Operamini
487 2558 592 2597 non
614 2541 786 2596 cibum
810 2538 899 2610 qui
923 2538 1079 2611 perit,
1112 2535 1202 2592 sed
1228 2551 1415 2615 panem
1432 2535 1553 2590 vita:
1597 2542 1645 2588 et
1672 2547 1757 2586 ve-

147 2638 327 2693 ritatis
357 2633 629 2711 (Joanm,
657 2633 780 2704 27),
813 2639 873 2689 et
898 2645 1121 2687 carnem
1149 2627 1380 2694 Christi,
1434 2633 1491 2682 et
1520 2626 1753 2680 lruetum

147 2729 285 2802 ligni
318 2728 449 2783 vitae
478 2723 779 2798 comedere
803 2722 1116 2794 cupientes.
1145 2720 1221 2776 De
1241 2734 1350 2790 quo
1394 2717 1649 2775 Salvator
1673 2716 1758 2771 lo-

148 2821 378 2893 quitur:
413 2817 529 2891 Ego
552 2815 717 2890 785
763 2831 882 2869 sum
927 2815 1080 2886 panis
1117 2812 1205 2882 qui
1229 2814 1292 2865 de
1336 2809 1463 2866 coelo
1518 2806 1763 2863 descendi

150 2913 338 2987 (Joan.
364 2927 440 2980 Vl,
468 2908 584 2982 '53).
610 2908 681 2964 Et
701 2906 1070 2964 Ecclesiastes
1096 2921 1112 2959 :
1144 2904 1305 2976 Aperi
1345 2902 1523 2958 oculos
1548 2910 1686 2969 tuos,
1716 2908 1762 2953 et

154 3015 394 3064 saturare
422 3002 647 3075 panibus
678 2998 863 3074 (Prov.
894 3016 987 3065 xx,
1025 2996 1137 3070 15).
1184 2997 1254 3053 Et
1301 2995 1590 3052 Psalmista
1626 2992 1766 3049 :Ju-

156 3103 324 3170 venis,
353 3100 553 3171 inquit,
577 3096 654 3170 {ui
674 3107 723 3151 et
751 3111 858 3151 non
884 3096 1056 3160 senui,
1077 3104 1124 3149 et
1151 3109 1253 3149 non
1280 3092 1386 3147 vidi
1397 3095 1603 3165 justum
1618 3089 1769 3145 dere-

157 3196 364 3263 lictum,
413 3208 575 3262 neque
621 3205 796 3245 semen
833 3189 948 3261 ejus
975 3203 1212 3259 quierens
1256 3201 1464 3260 panem.
1506 3183 1642 3239 Tota
1683 3184 1767 3238 die

160 3286 435 3343 miseretur
462 3293 510 3340 et
538 3287 773 3355 fenerat,
808 3291 856 3336 et
894 3297 1067 3336 semen
1100 3282 1214 3353 ejus
1258 3279 1313 3333 in
1360 3277 1767 3333 benedictionem

162 3381 259 3437 erit
283 3376 466 3450 (Psal.
497 3391 686 3443 xxxvr,
708 3372 826 3448 25).
851 3373 929 3430 De
959 3374 1068 3429 isto
1090 3387 1231 3445 pane
1269 3380 1328 3428 et
1370 3370 1629 3427 convivio
1654 3370 1770 3441 spi-

168 3472 382 3539 rituali,
410 3469 725 3542 discipulos
747 3468 1057 3525 instruebat
1089 3486 1100 3521 :
1131 3466 1238 3522 Vos
1278 3467 1368 3538 qui
1409 3464 1770 3536 perseverastis

167 3581 370 3621 mecum
394 3564 451 3617 in
471 3561 840 3618 tentationibus
862 3562 1025 3627 meis,
1056 3558 1219 3616 edetis
1265 3560 1318 3613 in
1368 3574 1547 3613 mensa
1589 3556 1772 3612 Patris

167 3659 264 3713 mei
294 3659 352 3712 in
380 3671 541 3730 regno
581 3654 829 3711 ctelorum
856 3652 1015 3726 (Luc.
1062 3667 1193 3722 xx“,
1240 3648 1362 3723 ‘28).
1405 3649 1561 3719 Quod
1604 3649 1652 3705 si
1703 3648 1773 3706 de

170 3750 407 3823 simplici
430 3763 574 3821 pane
603 3747 966 3820 accipiamus,
994 3745 1272 3818 quomodo
1299 3743 1438 3800 illud
1481 3742 1775 3815 explanare

169 3844 475 3917 poterimus
514 3860 527 3897 :
581 3840 709 3897 Non
752 3840 1021 3911 interﬁciet
1065 3842 1203 3911 fame
1244 3837 1501 3893 Dominus
1547 3836 1777 3891 animam

165 3943 370 4011 justam
398 3936 589 4010 (Prov.
618 3952 674 4006 x,
698 3935 776 4007 5).
819 3935 887 3989 Et
937 3935 1137 3990 iterum
1170 3950 1184 3986 :
1212 3930 1489 4005 Cognoscit
1520 3927 1776 3984 Dominus

175 4032 286 4087 vias
306 4028 787 4095 immaculatorum;
810 4033 857 4080 et
879 4024 1151 4081 htereditas
1176 4038 1356 4078 eorum
1387 4023 1481 4077 erit
1506 4021 1563 4075 in
1589 4021 1778 4093 sempi-

173 4132 404 4179 ternum.
437 4120 563 4178 Non
598 4117 983 4191 confundentur
1004 4117 1061 4172 in
1085 4126 1310 4189 tempore
1358 4116 1599 4187 pessimo,
1638 4122 1688 4169 et
1723 4116 1778 4169 in

177 4216 359 4273 diebus
404 4216 561 4288 famis
602 4212 974 4269 saturabuntur
1018 4209 1193 4284 (Psal.
1255 4223 1459 4277 xxxvr,
1509 4209 1613 4278 18,
1661 4208 1777 4280 19).

180 4310 388 4383 Quanti
415 4309 565 4367 enim
586 4308 761 4365 sancti
787 4307 843 4363 in
869 4305 1257 4378 persecutione
1296 4304 1607 4359 moriuntur
1638 4302 1782 4361 tame

181 4414 239 4461 et
265 4411 515 4476 egestate
553 4400 831 4467 conlecti;
862 4399 1059 4472 quanti
1082 4397 1219 4469 justi
1241 4397 1519 4463 esuriant,
1547 4406 1602 4451 et
1630 4396 1786 4468 impii

181 4494 552 4554 cruditatibus
580 4492 996 4551 distenduntur!
1045 4492 1219 4549 Potus
1268 4498 1453 4548 autem
1498 4490 1593 4547 ille
1641 4490 1786 4547 acci-

186 4588 425 4661 piendus
450 4597 557 4657 est,
584 4588 678 4660 qui
712 4587 966 4644 hauritur
993 4586 1062 4645 de
1099 4585 1345 4644 fontibus
1385 4585 1590 4650 Israel;
1620 4598 1784 4656 quem

185 4685 280 4756 qui
322 4683 561 4750 biberit,
607 4680 830 4739 habebit
854 4681 909 4737 in
939 4694 1000 4738 se
1025 4680 1235 4737 fontem
1266 4694 1422 4752 aquai
1460 4677 1708 4736 salientis
1732 4679 1786 4734 in

187 4778 358 4834 vitam
388 4785 650 4833 aeternam
675 4775 858 4848 (Joan.
883 4789 973 4840 tv;
1004 4771 1136 4829 Luc.
1168 4774 1325 4846 xm).
1376 4772 1548 4843 Quem
1585 4782 1642 4831 et
1668 4772 1791 4830 Sal-

191 4881 351 4929 vator
380 4871 438 4927 in
460 4884 631 4942 regno
659 4868 842 4926 Patris
879 4882 940 4925 se
978 4866 1287 4924 bibiturum
1320 4883 1464 4924 .cum
1514 4867 1796 4940 Apostolis

195 4965 489 5046 pollicetur
518 4983 531 5020 :
554 4965 648 5036 qui
673 4963 917 5020 laetiﬁcat
941 4976 1040 5019 cor
1066 4961 1304 5017 hominis
1325 4959 1502 5032 (Psal.
1526 4977 1641 5031 cur,
1674 4962 1791 5034 14),

190 5061 272 5118 ita
301 5068 366 5117 ut
391 5057 654 5116 bibentes
697 5056 919 5128 possint
965 5054 1153 5111 dicere
1184 5072 1196 5109 :
1222 5046 1424 5110 Dedisti
1455 5053 1690 5111 ltetitiam
1737 5055 1793 5110 in

198 5154 355 5211 corde
391 5167 505 5207 meo
531 5150 708 5223 (Psal.
734 5166 810 5219 tv,
843 5150 921 5221 7).
966 5148 1046 5205 De
1074 5147 1180 5205 hoc
1217 5147 1343 5205 cibo
1381 5156 1439 5204 et
1482 5159 1615 5220 potu
1654 5149 1798 5206 inter

200 5256 333 5307 octo
356 5244 737 5304 beatitudines
764 5244 972 5301 dicitur
1021 5262 1032 5299 :
1064 5242 1216 5298 Beati
1249 5243 1341 5315 qui
1368 5243 1602 5298 esuriunt
1647 5251 1695 5298 et
1724 5246 1799 5298 si-

193 5342 332 5398 tiunt
361 5340 621 5408 iustitiam
649 5336 871 5410 (Matth.
895 5353 949 5405 v,
975 5336 1054 5409 6).
1084 5337 1153 5393 Et
1176 5347 1355 5394 mater
1387 5336 1605 5393 Domini
1636 5337 1797 5408 plena

1845 1966 1978 2021 stris
2011 1983 2025 2019 :
2056 1965 2183 2022 aliis
2202 1966 2596 2038 recipientibus
2611 1978 2818 2024 aeterna
2833 1970 3082 2040 prtemia,
3097 1969 3219 2026 aliis
3239 1978 3453 2028 aeterna

1846 2059 2139 2130 supplicia.
2163 2057 2441 2117 Contritio
2468 2069 2657 2117 autem
2685 2059 2923 2132 spiritus
2970 2077 3080 2131 prae
3107 2061 3301 2120 dolore
3327 2078 3455 2120 cor-

1848 2153 1935 2208 dis
1965 2151 2322 2223 intelligenda
2369 2153 2425 2208 in
2482 2153 2829 2210 conscientia
2857 2155 3025 2228 786
3074 2165 3457 2226 peccatorum,

1844 2246 2002 2317 juxta
2034 2246 2171 2303 illud
2219 2246 2365 2318 quod
2395 2248 2666 2320 scriptum
2697 2257 2780 2306 est
2806 2265 2821 2304 :
2849 2249 3171 2324 Cognoscent
3222 2261 3456 2308 errantes

1849 2341 2044 2412 spiritu
2063 2342 2466 2413 intelligentiam
2489 2340 2631 2414 (Isa.
2675 2358 2834 2411 xxtx,
2863 2342 2985 2415 24).
3013 2346 3080 2401 Et
3127 2362 3140 2400 :
3175 2344 3275 2402 Cor
3302 2361 3458 2405 .con-

1852 2436 2032 2490 tritum
2070 2444 2120 2491 et
2174 2434 2509 2492 humiliatum
2558 2435 2704 2494 Deus
2754 2455 2858 2494 non
2906 2438 3159 2512 despicies
3186 2438 3366 2512 (Psal.
3401 2457 3457 2510 ι,

1857 2528 1975 2599 19).
2015 2526 2336 2586 Conteritur
2383 2530 2620 2602 spiritus
2678 2530 2901 2603 quando
2955 2532 3124 2588 fuerit
3173 2533 3462 2601 elevatus;

1855 2621 2004 2693 quod
2026 2621 2096 2678 de
2115 2636 2248 2693 rege
2270 2623 2499 2680 inimico
2520 2623 2693 2681 Israel
2720 2625 2984 2681 scribitur
3011 2644 3025 2680 :
3055 2624 3334 2682 lnduravit
3357 2626 3467 2683 Do-

1859 2713 2031 2768 minus
2056 2713 2302 2784 spiritum
2325 2716 2443 2787 ejus
2471 2715 2561 2787 (ιγ
2586 2714 2721 2790 Reg.
2768 2732 2903 2784 xvn,
2936 2716 3054 2789 14).
3092 2717 3160 2773 Et
3185 2719 3257 2775 de
3284 2718 3463 2792 Baby-
3490 2753 3494 2759 -

1863 2807 2136 2864 loniorum
2167 2808 2449 2880 principe,
2472 2809 2695 2880 quando
2734 2810 3011 2867 elevatum
3035 2820 3122 2868 est
3167 2827 3266 2868 cor
3313 2813 3466 2884 ejus,

1862 2911 1923 2958 et
1948 2901 2238 2960 induratus
2259 2902 2611 2975 spiritus,,ut
2655 2905 2989 2977 superbiens
3042 2905 3303 2989 dicerer:
3337 2907 3470 2965 Haec

1863 3002 1941 3048 est
1962 2992 2225 3065 Babylon,
2256 3004 2302 3050 et
2323 3011 2416 3069 ego
2449 2997 2550 3069 feci
2581 3013 2693 3052 eam
2718 2996 2887 3071 (Dan.
2916 3015 2995 3067 tv,
3028 2999 3144 3072 27).

1938 3082 2122 3154 (Vers.
2152 3086 2247 3153 15,
2282 3085 2401 3160 16.)
2429 3086 2501 3141 Et
2528 3087 2799 3146 dimittetis
2830 3105 3020 3147 nomen
3050 3101 3273 3149 vestrum
3304 3094 3358 3150 in
3371 3098 3472 3169 ju~

1869 3189 2104 3239 ramento
2136 3179 2321 3252 [Vulg.
2374 3183 2755 3257 juramentum]
2794 3184 2969 3242 electis
2998 3190 3148 3258 meis,
3173 3199 3223 3245 et
3272 3191 3477 3262 interﬁ-

1871 3279 1967 3333 ciet
2004 3285 2052 3331 te
2075 3273 2336 3330 Dominus
2382 3274 2546 3343 Deus,
2589 3286 2636 3332 et
2662 3294 2834 3334 servos
2873 3296 2997 3336 suos
3044 3282 3241 3339 vocabit
3269 3286 3477 3341 nomine

1870 3366 2002 3433 alio,
2039 3366 2096 3421 in
2114 3382 2215 3438 quo
2243 3367 2333 3438 qui
2353 3365 2649 3424 benedictus
2672 3380 2749 3425 est
2768 3386 2925 3441 super
2956 3381 3167 3441 terram,
3210 3374 3479 3433 benedice-

1872 3471 1956 3514 tur
1983 3454 2037 3514 in
2070 3457 2177 3514 Deo
2196 3474 2347 3514 amen
2374 3474 2394 3513 :
2414 3469 2463 3515 et
2491 3463 2583 3532 qui
2596 3464 2748 3534 jurat
2769 3463 2824 3517 in
2856 3472 3014 3534 terra,
3030 3466 3234 3538 jurabit
3264 3467 3479 3543 [A|.ju-

1874 3552 1976 3628 rat]
2028 3555 2082 3609 in
2140 3553 2250 3609 Deo
2289 3570 2462 3609 amen.
2508 3553 2656 3612 LXX
2687 3574 2701 3611 :
2737 3556 3062 3631 Relinquetis
3112 3562 3250 3617 enim
3291 3579 3480 3622 nomen

1874 3657 2096 3703 vestrum
2119 3647 2174 3701 in
2205 3648 2539 3704 saturitatem
2566 3649 2743 3706 electis
2766 3651 2912 3707 meis.
2949 3651 3056 3708 Vos
3076 3663 3245 3709 autem
3280 3656 3484 3726 interfi-

1876 3745 1975 3799 ciet
2001 3742 2258 3799 Dominus
2290 3760 2310 3800 :
2337 3744 2679 3800 servientibus
2714 3754 2886 3801 autem
2926 3746 3055 3803 mihi
3090 3748 3357 3805 vocabitur
3384 3765 3481 3805 no-

1877 3854 1994 3895 men
2021 3854 2227 3907 novum,
2258 3839 2345 3893 cui
2373 3837 2704 3895 benedicetur
2724 3855 2882 3913 super
2907 3848 3101 3896 terram
3132 3857 3152 3896 :
3184 3841 3486 3899 benedicent

1878 3933 2016 3989 enim
2056 3931 2229 3989 Deum
2253 3948 2451 4001 verum,
2474 3942 2524 3988 et
2546 3934 2637 4006 qui
2657 3935 2844 4004 jurant
2872 3950 3031 4007 super
3063 3944 3259 3992 terram
3286 3953 3307 3992 :
3324 3936 3488 4006 jura-

1879 4025 2004 4082 bunt
2025 4023 2194 4083 Deum
2219 4041 2415 4082 verum.
2444 4025 2555 4083 Pro
2580 4028 2875 4094 saturitate,
2908 4036 2936 4066 ει
2955 4042 3078 4099 qua:
3104 4028 3370 4085 llebraiee
3400 4029 3486 4086 di-

1878 4122 2025 4178 eitur
2050 4135 2217 4177 sssu
2240 4121 2520 4194 (me),
2549 4121 2737 4177 caeteri
2758 4124 3119 4194 juramentum
3137 4122 3485 4199 interpretati

1881 4213 2209 4285 sunt;quod
2252 4213 2488 4269 verbum
2537 4212 2742 4269 multas
2779 4211 2946 4269 habet
2987 4213 3398 4286 intelligentias,
3431 4225 3489 4273 et

1885 4324 1985 4380 pro
1995 4308 2313 4365 diversitate
2328 4305 2356 4347 ιι
2371 4315 2699 4363 accentuum
2714 4306 2976 4364 variatur.
2993 4305 3321 4380 lntelligitur
3340 4309 3486 4365 enim

1885 4410 1939 4457 et
1958 4403 2341 4474 juramentum,
2369 4408 2423 4456 et
2452 4399 2723 4467 saturitas,
2746 4406 2802 4456 et
2841 4399 3074 4470 satietas,
3104 4409 3162 4457 et
3206 4400 3406 4473 plures,
3435 4412 3493 4460 et

1886 4506 2101 4570 septem.
2131 4495 2208 4552 De
2236 4509 2346 4566 quo
2366 4494 2422 4550 in
2445 4494 2586 4551 libro
2611 4495 2896 4553 Geneseos
2922 4494 3185 4561 diximus,
3219 4506 3276 4553 et
3306 4498 3359 4553 in
3388 4498 3493 4554 huc

1888 4589 2167 4647 volumine
2195 4588 2301 4660 (Ad
2329 4603 2448 4658 cap.
2482 4589 2584 4659 tv),
2627 4588 2721 4644 ubi
2756 4595 2967 4659 septem
3002 4589 3268 4647 mulieres
3298 4605 3498 4661 appre-

1896 4682 2207 4739 henderunt
2236 4695 2404 4736 unum
2442 4680 2642 4736 virum.
2668 4680 2907 4737 Rursum
2936 4695 3037 4751 pro
3079 4697 3148 4738 eo
3177 4682 3324 4754 quod
3356 4682 3497 4754 Sep-

1878 4776 2133 4849 ‘tuaginta
2165 4774 2799 4843 transtulerunt,verum,
2816 4783 2873 4833 et
2901 4775 2956 4832 in
2979 4776 3250 4835 Hebraico
3269 4777 3493 4847 dicitur,

1898 4885 2044 4927 Αιιει(
2290 4879 2314 4908 °
2344 4867 2545 4941 Aquila
2563 4869 2733 4927 venit
2755 4874 3180 4945 πεπιστωμένως,
3210 4871 3265 4929 id
3295 4884 3400 4944 est,
3433 4874 3501 4946 Ιί-

1900 4961 2104 5018 deliter.
2124 4958 2281 5028 Quod
2308 4968 2490 5018 autem
2514 4960 2673 5029 dicit,
2707 4961 2811 5018 hoc
2838 4972 2924 5019 est
2949 4979 2965 5021 :
2997 4963 3120 5021 aliis
3165 4965 3221 5021 in
3252 4973 3499 5023 vestrum

1899 5056 2318 5115 succedentibus
2340 5056 2542 5122 locum,
2573 5071 2778 5113 nomen
2809 5066 3057 5115 vestrum
3085 5059 3193 5116 erit
3218 5059 3505 5133 jurameno

1902 5160 2018 5208 tum
2048 5149 2241 5207 electis
2269 5150 2431 5219 meis,
2464 5158 2523 5206 ut
2550 5164 2650 5222 pro
2678 5150 2950 5209 malorum
2978 5152 3237 5226 exemplo
3281 5169 3380 5212 vos
3407 5155 3504 5211 ha-

1904 5243 2070 5301 beant
2112 5253 2167 5300 et
2204 5241 2549 5301 detestentur
2580 5242 2710 5300 talia
2737 5244 3036 5312 sustinere,
3075 5257 3132 5302 et
3176 5246 3365 5317 jurent
3390 5246 3504 5314 sic;

1905 5355 2014 5397 non
2042 5337 2161 5394 haec
2188 5337 2369 5409 patiar
2399 5352 2523 5408 qua:
2549 5351 2747 5410 passus
2783 5347 2871 5396 est
2900 5341 3136 5413 pepulus
3169 5340 3509 5398 Iudaeorum.

273 5465 303 5496 ι
329 5456 463 5524 Qui:
484 5452 742 5511 Hebraice
757 5453 948 5525 dicitur
976 5454 1171 5522 Sabaa,
1196 5462 1304 5510 etc.
1326 5451 1444 5525 Non
1462 5450 1594 5525 legit
1613 5451 1807 5511 Hiero-
1912 5452 2213 5525 Genesim.
2234 5452 2504 5525 Murus.

202 5543 401 5602 nymus
429 5540 583 5583 more
605 5525 877 5602 hodierno
903 5524 1099 5602 Seb_ua_,
1128 5525 1250 5602 quia
1291 5524 1642 5602 Hebraeisuo
1669 5535 1836 5602 tem-3

203 5595 338 5670 pore
368 5613 495 5655 raro
522 5596 739 5670 vocales
766 5596 977 5670 litteras
1005 5595 1363 5670 habebantin
1400 5595 1584 5670 medio
1607 5596 1806 5653 verbo-

1983 5524 2013 5596 b
2038 5524 2173 5596 Vide
2202 5524 2259 5596 in
2274 5523 2478 5596 Genes.
2503 5538 2629 5596 cap.
2656 5540 2776 5592 xu,
2805 5524 2900 5592 29,
2920 5534 2975 5580 et
3004 5540 3126 5596 quae
3153 5525 3223 5582 de
3247 5537 3510 5587 accentus

1912 5595 2166 5654 Hebraiei
2195 5594 2505 5667 signiﬁcatu
2533 5594 2634 5653 nos
2659 5594 3048 5667 annotavimus
3075 5596 3130 5651 in
3168 5596 3415 5667 ejusdem
3443 5600 3510 5656 li-

204 5665 351 5754 rum,
376 5678 438 5727 ut
461 5670 578 5754 ipse
599 5667 908 5754 alibintestis
935 5667 1092 5754 nobis
1112 5677 1220 5754 est.
1257 5666 1643 5754 Mssicodices
1676 5682 1811 5754 con:-
1913 5668 1996 5754 [ξιξ
2025 5681 2146 5754 cap.
2190 5665 2383 5754 {1,25,
2412 5665 2854 5724 Commentarios
2898 5681 3119 5739 quoque
3165 5665 3224 5724 in
3271 5683 3394 5741 cap.
3433 5686 3513 5730 ιιι

210 5738 424 5799 stanter
451 5738 692 5797 retinent
721 5739 918 5808 Sabaa,
941 5739 1085 5811 quod
1106 5738 1421 5811 nossecuti
1451 5751 1659 5811 sumus,
1684 5739 1814 5797 licet
1916 5738 2303 5811 Ecclesiastes.

210 5815 268 5898 i_n
305 5811 551 5898 margine
575 5809 993 5898 apposuerimus
1008 5810 1209 5898 Isebua
1219 5809 1808 5898 jtltxtanpunetationem

214 5881 559 5945 hodiernam.
610 5881 849 5942 Consule
898 5882 967 5939 de
1008 5883 1114 5941 hoc
1156 5882 1325 5940 verbo
1361 5881 1707 5952 Quaestiones
1755 5882 1810 5940 in

1991 5820 2014 5850 ο
2257 5810 2405 5863 vertit
2425 5810 2850 5884 παπιστωμένως.
2870 5807 3021 5865 Idem
3038 5810 3237 5868 asserit
3251 5811 3512 5889 Hierony-

1991 5895 2060 5934 ιε.
2112 5879 2238 5934 .dttt
2268 5878 2410 5934 male
2433 5881 2620 5934 letrunt
2640 5882 2985 5934 πιστοιιένως.
3009 5881 3279 5934 Murrum.

1917 5895 2060 5938 mus.
2096 5878 2238 5936 Editi
2268 5878 2410 5936 male
2433 5881 2620 5952 legunt
2640 5878 2985 5954 τὲιστομένως.
3009 5881 3279 5943 Maurus.
