3972 6334
585 254 693 309 (³47

1837 245 1897 302 S.
1939 241 2214 304 EUSEBII
2256 242 2634 303 illERONYMl

3788 248 3871 307 618

538 454 543 459 _
580 401 747 464 atque
777 393 965 449 eodem
1009 402 1277 446 annorum
1323 388 1534 462 spatio,
1586 402 1786 444 novum
1832 388 2092 461 populum
2126 388 2165 442 ir

2285 364 2388 429 eis,
2444 364 2532 421 vel
2588 362 3051 436 peregrinatione,
3101 362 3189 421 vel
3241 362 3475 421 alterius
3514 362 3714 437 rapina
3741 408 3757 433 ,
3797 367 3868 421 vel

577 486 866 557 juventute
895 484 1192 555 persistere
1218 524 1232 550 ,
1261 490 1318 540 ct
1347 491 1595 539 veterem
1631 483 1683 537 in
1715 481 2035 538 inﬁdelitate
2063 496 2179 538 mo-

582 578 651 643 ri,
679 587 734 635 ct
754 592 877 634 esse
908 575 1279 633 maledictum.
1306 576 1421 633 lioc
1446 576 1601 648 juxta
1624 575 1980 649 Septuaginta
2003 576 2175 631 inter-

578 679 762 745 pretes
817 671 1087 738 diximus,
1132 685 1361 742 quorum
1407 669 1579 727 editio
1630 677 1744 726 toto
1785 670 1920 726 orbe
1961 669 2178 741 vulgata

577 773 662 821 cst
693 782 706 820 :
740 780 810 820 ne
846 763 899 819 in
929 764 1050 821 loco
1088 763 1459 820 famosissimo
1500 762 1818 820 videremur
1841 762 1906 818 ad
1934 761 2178 818 Hebraea:

576 857 739 931 792
778 857 975 929 lingure
1002 869 1186 913 arcem
1224 854 1542 927 confugere.
1585 854 1742 923 Quod
1770 855 1886 910 sive
1936 863 2060 924 post
2085 868 2175 909 re-

576 952 974 1010 surrectionem
1007 950 1357 1009 intellexeris
1385 950 1438 1006 in
1462 949 1710 1007 secundo
1749 948 2053 1006 Salvatoris
2082 946 2179 1003 ad—

578 1053 764 1115 ventu,
794 1046 910 1102 sire
948 1052 1074 1117 post
1118 1044 1447 1117 baptismum
1481 1043 1535 1099 in
1574 1042 1749 1115 prima
1774 1041 2179 1099 resurrectione

576 1139 933 1207 credendum,
966 1154 1076 1195 non
1117 1138 1378 1195 abhorret
1408 1138 1477 1193 ab
1518 1136 1772 1195 Ecclesia:
1804 1135 1929 1192 fide.
1963 1133 2178 1192 Hebraei

577 1233 696 1291 haec
742 1241 869 1291 ante
906 1231 1363 1289 resurrectionem
1406 1231 1461 1286 in
1508 1229 1659 1286 mille
1702 1243 1968 1285 annorum
2006 1241 2176 1298 regno

578 1340 743 1397 super
775 1334 976 1381 terram
1002 1323 1180 1379 futura
1211 1321 1574 1388 contendunt,
1603 1329 1661 1377 et
1699 1329 1810 1375 tam
1844 1320 2005 1387 longa
2033 1318 2179 1374 futu-

577 1434 653 1475 rae
677 1418 805 1474 vita:
832 1415 1004 1488 spatia
1038 1415 1371 1488 repromitti,
1419 1422 1480 1469 ut
1510 1422 1732 1470 centum
1763 1412 1893 1469 anni
1919 1418 2178 1482 reputen-

577 1522 666 1569 tnr
704 1509 975 1576 infantiae;
1011 1516 1357 1580 peccatorem
1412 1516 1598 1563 autem
1646 1506 1956 1562 centesimo
1999 1503 2177 1560 aetatis
2210 1536 2215 1537 ί

573 1621 687 1663 sua:
711 1619 858 1661 anno
886 1618 1012 1661 esse
1037 1603 1363 1659 moriturum
1398 1618 1411 1655 :
1442 1615 1510 1657 ne
1539 1597 2022 1671 videlicetparatis
2051 1598 2174 1667 Opi-

574 1700 680 1757 bus
710 1698 1051 1770 perfruatur;
1098 1696 1194 1752 sed
1224 1695 1295 1751 ob
1328 1703 1636 1766 peccatum,
1672 1690 2021 1747 maledictum
2050 1703 2173 1745 esse

2281 467 2462 515 morte
2504 458 2795 515 subtracti.
2837 459 3024 527 Qualis
3084 457 3187 514 fuit
3231 458 3355 527 Job,
3396 459 3488 530 qui
3529 459 3693 516 dives
3730 460 3868 516 Carne

2280 559 2336 606 et
2373 549 2612 622 spiritu,
2663 552 2717 607 in
2761 559 2968 607 tantam
3013 551 3282 609 deductus
3336 561 3425 609 est
3475 560 3867 624 paupertatem,

2280 649 2340 696 ut
2400 642 2456 697 in
2525 642 2877 715 sterquilinio
2938 643 3158 700 sederet
3219 653 3373 701 extra
3428 654 3648 716 portam
3707 646 3872 702 civita-

2282 734 2351 792 tis
2372 734 2516 808 (Job.
2554 734 2638 808 tt).
2668 738 2709 792 E
2734 739 3016 794 contrario
3035 738 3190 796 dives
3220 739 3315 797 ille
3345 739 3399 795 in
3431 739 3742 813 Evangelia
3772 758 3871 814 pur-

2279 837 2501 900 puratus
2521 830 3151 902 aaditlcavitdomum,ct
3167 832 3431 889 habitavit
3458 836 3514 890 in
3540 850 3629 901 ea,
3661 839 3752 891 cui
3776 853 3873 893 rec-

2280 924 2491 980 tissime
2517 924 2625 980 dici
2656 932 2872 995 poterat
2905 942 2919 978 :
2958 922 3150 993 Stulte,
3183 928 3280 982 hac
3304 935 3452 982 nocte
3478 927 3757 1000 auferetur
3778 931 3874 985 ani-

2284 1032 2371 1071 ma
2420 1024 2509 1071 tua
2558 1035 2591 1071 a
2644 1027 2734 1086 te;
2775 1035 2892 1091 quae
2926 1028 3102 1075 autem
3150 1022 3487 1093 praeparasti,
3537 1025 3700 1096 cujus
3747 1032 3872 1079 erant

2280 1110 2433 1183 (Luc.
2485 1126 2581 1183 ιιι,
2625 1112 2768 1185 20)?
2796 1113 2918 1170 Non
2947 1114 3126 1171 solum
3158 1127 3343 1172 autem
3387 1117 3489 1184 ait,
3533 1117 3872 1175 mdilicabunt

2278 1204 2474 1262 domos
2497 1248 2514 1272 ,
2547 1216 2602 1262 et
2632 1205 2965 1264 habitabunt
3005 1209 3059 1264 in
3092 1209 3217 1266 eis:
3249 1209 3346 1267 sed
3390 1210 3726 1281 plantabunt
3754 1227 3873 1283 quo-

2276 1315 2385 1371 que
2411 1301 2622 1369 vineas,
2656 1310 2715 1358 et
2743 1302 2847 1373 ipsi
2877 1303 3175 1360 comedent
3214 1303 3453 1361 fructum
3476 1321 3698 1363 earum.
3730 1309 3871 1363 Juxta

2276 1392 2412 1449 illud
2462 1395 2607 1465 quod
2661 1394 2717 1451 in
2772 1395 3000 1453 Michata
3051 1397 3257 1454 dicitur
3309 1415 3323 1452 :
3366 1398 3675 1471 Requiescet
3728 1420 3873 1457 unus.

2278 1490 2491 1559 quisque
2519 1488 2612 1545 sub
2641 1490 2789 1546 uinea
2828 1509 2926 1546 sua
2953 1502 3002 1548 et
3045 1493 3140 1548 sub
3181 1493 3286 1563 ficu
3317 1509 3437 1561 sua;
3459 1503 3507 1550 et
3538 1512 3644 1551 non
3670 1498 3771 1551 erit
3804 1498 3874 1568 qui

2278 1590 2533 1639 exterreat
2563 1581 2753 1656 (Mich.
2782 1600 2855 1649 tv,
2890 1583 2973 1656 4).
3006 1584 3135 1640 Haec
3160 1594 3246 1642 est
3273 1586 3431 1642 vinea
3459 1602 3584 1658 qua:
3615 1588 3672 1643 in
3717 1588 3872 1644 Evan-

2277 1674 2422 1744 gelio
2454 1673 2789 1745 loquebatur
2827 1674 2981 1749 :Ego
3008 1694 3123 1733 sum
3149 1678 3290 1747 vitis,
3332 1688 3379 1734 et
3403 1694 3492 1735 vos
3532 1681 3798 1751 palmites,
3836 1693 3872 1735 et

577 1808 638 1850 se
666 1755 903 1850 nbverit.
934 1789 1091 1860 Quod
1121 1790 1167 1846 si
1199 1790 1273 1845 ita
1313 1755 1419 1856 est,
1468 1788 1561 1845 ubi
1591 1788 1696 1845 erit
1736 1784 2016 1843 beatitudo
2046 1799 2165 1857 per-

2282 1764 2440 1821 Pater
2461 1784 2604 1823 meus
2630 1769 2866 1843 agricola
2883 1767 3069 1841 (Joan.
3096 1786 3187 1841 xv,
3211 1770 3293 1842 5).
3324 1769 3509 1827 Omnis
3522 1774 3618 1845 qui
3643 1790 3752 1829 non
3770 1774 3871 1847 facit

572 1889 712 1946 lecta
732 1931 748 1958 ,
781 1902 905 1960 quas
937 1895 1161 1958 peccato
1190 1884 1430 1941 violatur
1473 1895 1639 1954 atque
1682 1884 2084 1954 corrumpitur,
2116 1891 2175 1938 et

575 1990 861 2054 peccatum
891 1982 1183 2037 immatura
1208 1987 1383 2035 morte
1412 1977 1680 2049 punitur?

652 2076 834 2148 (Vera.
862 2073 954 2140 21,
1002 2071 1125 2145 εξ.)
1167 2071 1235 2127 Et
1272 2070 1605 2142 aedificabant
1645 2069 1845 2138 domos,
1891 2078 1939 2123 et
1968 2067 2175 2123 habita-

575 2171 741 2235 bunt;
771 2178 820 2224 et
849 2165 1370 2237 plantabuntvineas,
1393 2173 1440 2219 et
1460 2162 1723 2219 comedent
1751 2163 1951 2234 fructus
1972 2177 2167 2216 earum.

574 2261 699 2318 Non
728 2259 1091 2331 wdiﬁcabunt,
1123 2268 1173 2314 et
1202 2258 1341 2313 alius
1368 2256 1621 2313 habitabit
1652 2275 1664 2311 :
1695 2273 1798 2311 non
1841 2254 2170 2326 plantabunt,

571 2363 618 2409 et
648 2354 787 2409 alius
824 2350 1073 2408 comedet.
1114 2349 1259 2406 LXX
1298 2349 1573 2406 similiter.
1611 2349 1688 2404 De
1718 2347 1805 2402 his
1827 2355 1853 2384 ι
1885 2346 2170 2415 domibus,

573 2456 630 2504 et
658 2447 714 2503 in
752 2446 1102 2519 sexagesimo
1122 2452 1317 2501 octavo
1355 2442 1568 2514 psalmo
1601 2456 1784 2498 sermo
1824 2439 2175 2511 propheticus

573 2541 884 2613 pollicetur,
908 2540 1098 2597 dicens
1124 2556 1138 2594 :
1170 2538 1305 2606 Quia
1334 2536 1479 2593 Deus
1515 2537 1716 2592 salvam
1742 2535 1895 2605 faciet
1923 2533 2055 2591 Sion
2082 2553 2094 2589 :
2126 2545 2173 2589 et

574 2634 975 2707 wdiﬁcabuntur
1017 2632 1244 2687 ciuitates
1302 2629 1493 2699 ludat,
1535 2637 1583 2684 et
1636 2627 1939 2682 habitabant
1984 2626 2076 2695 ibi,
2126 2636 2175 2682 et

573 2730 875 2787 haereditate
924 2729 1192 2801 acquirent
1228 2724 1399 2789 illam.
1443 2736 1490 2781 et
1539 2742 1710 2781 semen
1753 2739 2016 2781 servorum
2063 2723 2175 2794 ejus

573 2821 855 2895 possidebit
878 2838 992 2876 eam
1020 2835 1040 2874 :
1067 2828 1114 2873 et
1139 2819 1229 2889 qui
1251 2818 1479 2891 diligunt
1500 2832 1683 2872 nomen
1712 2820 1849 2889 ejus,
1874 2810 2174 2871 habitabant

570 2916 627 2971 in
656 2931 738 2970 ea.
764 2915 897 2984 Quae
922 2912 1104 2969 omnia
1145 2910 1318 2968 Judaei
1348 2909 1624 2982 accipiunt
1652 2908 1970 2976 carnaliter,
1994 2916 2052 2963 ut
2081 2907 2178 2964 Jc-

572 3009 808 3067 rusalem
858 3008 1132 3079 urbesque
1161 3005 1365 3064 Judtea:
1394 3006 1758 3062 restituantur
1796 3005 1851 3061 in
1884 3003 2173 3076 pristinum

568 3113 793 3161 statum.
831 3102 986 3173 Quod
1023 3101 1070 3159 si
1097 3102 1178 3159 eis
1207 3100 1543 3167 dederimus,
1584 3100 1809 3157 audiant
1850 3112 1960 3155 non
1988 3098 2172 3154 solum

2276 1862 2505 1931 fructum
2526 1860 2815 1929 excidetur,
2843 1862 3149 1935 etinlignem
3172 1863 3400 1918 mittetur
3418 1864 3644 1935 (Matth.
3662 1881 3748 1935 ιιι,
3780 1866 3869 1937 10).

2276 1950 2451 2022 llnjus
2483 1953 2693 2009 fructus
2724 1953 3093 2010 comeduntur
3122 1962 3179 2011 et
3207 1955 3487 2023 bibuntur,
3521 1958 3873 2019 et.l:etiﬁcant

2275 2060 2373 2102 cor
2395 2047 2656 2116 hominis,
2691 2056 2750 2105 et
2778 2047 3050 2104 inebriant
3079 2049 3285 2103 amicos
3307 2049 3523 2121 sponsi,
3548 2059 3607 2106 et
3634 2051 3691 2106 in
3724 2065 3873 2123 regno

2278 2141 2375 2198 Dei
2418 2142 2678 2199 bibuntur
2721 2144 2989 2215 quotidie.
3027 2143 3140 2200 Sub
3181 2145 3282 2200 ﬁcu
3322 2154 3507 2203 autem
3543 2147 3872 2218 requiescit,

2276 2244 2331 2290 et
2360 2235 2567 2291 nullius
2599 2236 2826 2292 insidias
2867 2222 3219 2307 reformidat,
3253 2237 3343 2309 qui
3374 2236 3672 2297 dulcedine
3716 2241 3873 2297 sancti

2278 2327 2514 2399 Spiritus
2545 2328 2767 2398 fruitur,
2802 2340 2857 2387 et
2890 2331 3037 2388 illius
3068 2331 3331 2388 fructibus
3358 2342 3679 2402 saturatur,
3710 2336 3873 2392 chari-

2278 2432 2412 2492 tate,
2439 2425 2688 2497 gaudio,”
2714 2439 2870 2496 pace,
2915 2426 3042 2494 title,
3072 2427 3442 2491 continentia,
3478 2429 3775 2498 patientia.
3814 2430 3875 2486 De

2277 2517 2663 2590 hujuscemodi
2715 2518 2914 2576 dicitur
2970 2521 3283 2592 plantatore
3339 2541 3353 2577 :
3414 2523 3517 2590 Qui
3576 2526 3875 2595 plantarerit

2276 2614 2455 2684 ﬁcum,
2484 2614 2715 2670 comedet
2758 2616 2964 2687 fructus
3005 2618 3118 2690 ejus
3147 2614 3331 2690 (Amos
3354 2633 3433 2686 tx,
3465 2617 3581 2689 14).
3608 2618 3731 2688 Qut’
3755 2620 3875 2676 tales

2276 2707 2630 2766 aediﬁcaverit
2658 2708 2873 2778 domos,
2905 2720 2960 2766 et
2986 2712 3323 2781 plantaverit
3351 2712 3562 2782 vineas,
3593 2713 3667 2771 de
3692 2714 3875 2788 quibus

2276 2814 2334 2860 et
2371 2804 2668 2876 Apostolus
2703 2805 2946 2877 loquitur
2978 2792 3139 2881 {Ego
3170 2807 3425 2878 plantavi,
3452 2809 3650 2880 Apollo
3676 2812 3872 2885 rigavit,

2278 2899 2416 2955 Deus
2459 2901 2835 2956 incrementum
2865 2900 3007 2956 dedit
3051 2901 3095 2975 (ι
3127 2901 3250 2957 Cor.
3281 2918 3362 2973 nt,
3398 2903 3480 2974 6),
3517 2905 3777 2963 comedet
3804 2906 3873 2960 la-

2276 2993 2443 3051 bores
2488 3011 2746 3052 manuum
2804 3010 3028 3053 suarum
3075 2996 3251 3070 (Psal.
3301 2998 3554 3073 cxxvn);
3605 3012 3666 3058 et
3717 3003 3873 3059 senti-

2277 3102 2414 3143 nans
2463 3088 2518 3144 in
2559 3089 2781 3161 spiritu,
2840 3089 2911 3146 de
2958 3089 3155 3161 spiritu
3197 3099 3363 3148 mctet
3400 3092 3569 3149 vitam
3621 3103 3871 3151 mternam

516 3192 521 3199 ’
569 3199 676 3256 hoc
717 3198 1053 3265 Jerusalem,
1113 3194 1210 3252 sed
1275 3203 1332 3251 et
1378 3193 1632 3253 Sodoma:
1692 3191 2043 3264 repromitti,
2084 3189 2167 3245 di-
2193 3177 2237 3240 C
2274 3179 2453 3255 (Joan.
2486 3182 2603 3255 1V):
2638 3199 2740 3240 nec
2773 3183 2981 3241 diaboli
3004 3194 3060 3241 et
3096 3184 3396 3243 satellitum
3442 3187 3564 3255 ejus
3599 3188 3870 3247 fraudibus

566 3301 724 3350 ceute
771 3289 1059 3348 Ezechiele
1096 3305 1110 3343 :
1154 3288 1473 3344 Restituetur
1520 3284 1754 3343 Sodoma
1799 3284 1854 3339 in
1895 3283 2166 3353 antiquum

566 3382 785 3459 (Ezech.
815 3398 931 3451 xw,
963 3379 1082 3454 55).
1119 3379 1264 3453 Ergo
1295 3378 1515 3445 domus,
1545 3378 1597 3432 in
1624 3376 1824 3448 quibus
1866 3373 2164 3430 ltabitaturi

564 3491 691 3537 sunt
729 3478 822 3552 qui
875 3476 1148 3535 tedilicant
1193 3488 1308 3541 eas,
1359 3473 1452 3530 vel
1500 3472 1744 3528 Virtutes
1793 3467 2166 3541 intelligenda:

565 3583 716 3642 sunt,
747 3574 831 3630 vel
861 3573 1093 3629 diversa:
1123 3571 1441 3627 mansiones
1470 3565 1614 3638 apud
1641 3565 1885 3631 Patrem;
1918 3578 2056 3636 quas
2078 3561 2167 3633 ju-

560 3665 707 3737 giter
749 3663 1078 3734 possidebit,
1126 3662 1220 3733 qui
1260 3674 1356 3716 eas
1378 3658 1756 3715 aedificaverit.
1803 3655 2006 3726 Quales
2058 3654 2165 3710 sibi

565 3756 874 3815 aediﬁcasse
916 3764 972 3811 et
1009 3754 1332 3810 obstetrices
1378 3752 1634 3808 dicuntur
1674 3751 1727 3806 in
1768 3747 1990 3816 Exodo,
2040 3762 2164 3819 quae

563 3851 832 3909 timebant
878 3850 1085 3908 Deum:
1128 3847 1255 3905 licet
1283 3847 1547 3920 scriptum
1586 3845 1656 3901 sit
1695 3846 1751 3901 in
1799 3843 2089 3910 l-lebraico,
2120 3857 2161 3913 _a

562 3948 677 4005 Dco
725 3946 809 4005 eis
854 3943 1152 4002 adificatas
1203 3940 1435 4006 domos,
1490 3937 1621 4010 quia
1675 3938 1973 3993 timuerunt
2035 3948 2162 3992 eum

561 4039 762 4117 (Exod.
792 4038 857 4110 ι).
882 4036 955 4095 Et
990 4035 1161 4093 Jaeob
1182 4033 1309 4106 quia
1331 4032 1567 4101 simplex
1588 4040 1725 4099 erat,
1754 4029 1870 4086 sive
1889 4038 1946 4083 ut
1974 4026 2163 4085 Graece

557 4137 757 4194 dicitur
782 4131 1073 4201 ἄπλαστος,
1120 4130 1174 4187 id
1203 4139 1311 4196 est,
1347 4142 1669 4201 nequaquam
1696 4125 1882 4196 ﬁctus;
1912 4137 2013 4179 nec
2038 4120 2162 4177 talis

556 4230 747 4300 quales
767 4229 818 4283 in
840 4227 988 4283 Petri
1012 4224 1253 4296 Epistola
1272 4222 1735 4287 condemnantur,
1752 4217 1820 4274 de
1838 4217 2038 4289 quibus
2053 4214 2158 4270 ait:

559 4326 629 4382 In
650 4324 870 4381 avaritia
895 4322 1031 4394 ﬁctis
1065 4318 1386 4376 sermonibus
1413 4318 1477 4372 de
1500 4315 1664 4389 793
1706 4312 1850 4369 vobis
1893 4311 2162 4386 negotian-

559 4431 644 4477 tur
679 4418 750 4493 (ll
779 4417 927 4474 Petr.
951 4432 1012 4485 ιι,
1031 4414 1113 4488 3);
1130 4413 1340 4471 idcirco
1367 4411 1692 4468 habitabant
1712 4411 1768 4465 in
1788 4406 1973 4473 domo,
1997 4419 2159 4475 quam

552 4514 732 4581 Esau,
779 4512 873 4585 qui
916 4510 1051 4567 feris
1095 4506 1477 4565 delectabatur
1523 4511 1580 4561 et
1634 4501 1815 4568 silvis,
1873 4498 2160 4571 possidere

2271 3275 2736 3347 supplantabitur.

2340 3365 2536 3438 (Vers.
2568 3367 2640 3423 23
2668 3369 2861 3442 seqq.)
2892 3370 3194 3427 Secundum
3235 3372 3345 3428 dies
3384 3374 3521 3428 enim
3549 3372 3704 3448 ligni,
3733 3386 3870 3431 erant

2268 3459 2379 3514 dies
2406 3458 2589 3532 populi
2611 3461 2733 3530 mei,
2760 3472 2809 3518 et
2837 3480 2995 3535 Opera
3023 3480 3270 3520 manuum
3297 3464 3477 3520 eorum
3508 3465 3537 3505 δ
3566 3476 3867 3522 veterascent

2268 3550 2442 3608 electis
2474 3554 2617 3608 meis.
2644 3552 2769 3609 Non
2791 3554 3100 3612 laborabunt
3125 3561 3347 3630 frustra,
3376 3574 3540 3630 neque
3560 3560 3867 3632 generabant

2265 3650 2321 3704 in
2342 3651 2733 3707 conturbatione
2757 3668 2776 3707 :
2799 3653 2923 3725 quia
2943 3669 3114 3709 semen
3137 3653 3523 3711 benedictorum
3542 3654 3758 3712 Domini
3776 3665 3863 3721 est,

2268 3751 2329 3825 et‘
2356 3754 2565 3814 nepotes
2588 3759 2768 3800 eorum
2795 3761 2914 3801 cum
2938 3746 3035 3802 eis.
3083 3746 3295 3817 Eritqne
3323 3758 3601 3820 antequam
3628 3749 3862 3816 clament,

2267 3852 2360 3907 ego
2385 3836 2657 3891 exaudiam
2681 3853 2701 3892 :
2729 3838 2900 3894 adhuc
2923 3837 3029 3893 illis
3058 3837 3363 3906 dicentibus,
3395 3840 3561 3915 795I
3585 3858 3680 3914 ego
3705 3858 3859 3898 exau-

2267 3930 2408 3986 diam
2437 3931 2619 4005 [Vulg.
2643 3933 2899 4006 audiam].
2925 3932 3103 4006 Lupus
3130 3943 3179 3990 et
3198 3951 3367 4008 agnus
3385 3946 3665 4006 pascentur
3689 3936 3857 4001 simul,

2265 4033 2313 4079 et
2341 4022 2422 4078 leo
2443 4035 2490 4080 et
2521 4024 2612 4079 bos
2644 4025 2913 4081 comedent
2948 4025 3148 4097 paleas,
3186 4036 3232 4082 et
3261 4029 3491 4098 serpenti
3520 4029 3690 4100 pulvis
3721 4029 3858 4102 panis

2264 4120 2398 4191 ejus.
2453 4116 2577 4173 Non
2606 4117 2881 4186 nocebunt,
2912 4135 3073 4189 neque
3115 4119 3347 4175 occident
3399 4122 3455 4175 in
3506 4122 3649 4175 omni
3696 4132 3855 4174 monte

2262 4221 2443 4267 sancto
2471 4228 2608 4279 meo,
2648 4212 2774 4267 dicit
2804 4211 3081 4268 Dominus.
3119 4212 3294 4269 LXX:
3328 4211 3539 4269 Etenim
3578 4213 3852 4269 secundum

2263 4306 2374 4361 dies
2401 4306 2531 4380 ligni
2561 4305 2698 4375 uitta,
2737 4306 2847 4361 dies
2891 4304 3075 4379 populi
3101 4306 3243 4361 mei:
3284 4322 3449 4374 apera
3477 4305 3713 4362 laborum
3738 4322 3856 4359 suo-

2262 4417 2376 4455 rum
2396 4400 2765 4456 inveterascere
2793 4400 2985 4473 facient
3010 4399 3157 4456 electi
3184 4400 3282 4455 mei
3310 4415 3328 4456 :
3357 4416 3462 4455 non
3482 4398 3784 4455 laborabunt
3805 4399 3855 4453 in

2262 4509 2500 4563 vacuum,
2549 4510 2711 4567 neque
2754 4493 2895 4563 ﬁlios
2943 4493 3262 4569 generabant
3304 4494 3360 4549 in
3405 4494 3852 4550 maledictionem:

557 4623 664 4666 non
695 4577 896 4680 potuit.
927 4602 1121 4661 Talem
1150 4600 1377 4658 domum
1405 4606 1461 4655 et
1488 4595 1796 4655 Salvatoris
1824 4594 1878 4649 in
1904 4591 2156 4663 Evange-
2183 4577 2236 4639 D
2259 4591 2385 4661 quia
2413 4606 2586 4646 semen
2607 4588 2932 4645 benedictum
2957 4589 3237 4646 aDomino
3256 4599 3356 4659 est,
3377 4599 3426 4645 et
3452 4598 3660 4662 nepotes
3680 4603 3851 4643 eorum

553 4704 630 4761 lio
654 4702 824 4760 verba
848 4697 1169 4756 describunt
1204 4711 1218 4750 :
1246 4693 1429 4750 Omnis
1458 4691 1547 4763 qui
1568 4690 1705 4745 venit
1734 4689 1803 4743 ad
1830 4702 1911 4741 me
1929 4725 1946 4755 ,
1976 4694 2024 4739 et
2052 4700 2153 4739 au-

553 4799 631 4856 dit
671 4812 929 4855 sermones
979 4808 1139 4858 meos,
1163 4798 1211 4845 et
1249 4787 1375 4861 facit
1399 4801 1507 4852 eos,
1545 4782 1731 4838 similis
1765 4780 1863 4835 erit
1880 4779 1994 4834 uiro
2029 4793 2155 4848 pru-

553 4892 718 4959 denti,
773 4888 863 4962 qui
904 4884 1185 4957 tediﬁcavit
1242 4880 1456 4939 domum
1519 4893 1670 4932 suam
1715 4889 1873 4943 super
1925 4878 2148 4942 petram,

554 4981 771 5057 (Matth.
802 4995 900 5048 vn,
922 4978 1040 5051 24),
1065 4985 1122 5036 et
1149 4975 1386 5047 reliqua.
1410 4968 1672 5042 Alioquin
1694 4967 1851 5038 juxta
1883 4965 2143 5032 litteram,

551 5077 712 5137 mttlti
761 5075 937 5132 sancti
993 5072 1270 5130 aedificant
1313 5070 1530 5136 domos,
1585 5075 1642 5123 et
1671 5079 1778 5121 non
1815 5060 2066 5119 habitant
2092 5060 2147 5116 in

544 5234 905 5311 cimquando
935 5240 1148 5311 mortua
1175 5235 1282 5311 est,
1321 5226 1455 5311 hue.
1493 5238 1623 5311 viti;
1647 5230 1704 5279 et
1732 5216 2145 5311 haemorrhqusa

546 5291 722 5369 anuis?
727 5291 1017 5366 duodecim
1050 5303 1224 5358 fuerat
1251 5300 1307 5356 in
1348 5291 1913 5371 infirmitate_quando
1956 5296 2146 5371 sanata

550 5360 898 5450 fu'i't-Thlatth.
920 5360 1012 5444 Ix,
1043 5375 1179 5430 Luc.
1214 5386 1282 5439 v;
1310 5378 1361 5426 et
1394 5369 1471 5424 ita
1510 5360 1728 5450 quando
1746 5374 1895 5450 nata
1920 5360 2143 5450 estfilia

546 5435 1010 5526 ἐιῑὲιίἰίέῡιιειερείιζ
1026 5451 1127 5526 ista
1155 5435 1617 5526 πετδωτθηοαξρῑι
1649 5447 1795 5526 3,91
1809 5435 2031 5526 “alii”!
2057 5447 2144 5526 if!“

545 5507 806 5588 aliisin.
829 5507 939 5578 ῆιᾶ
957 5507 1095 5576 obiit
1117 5507 1369 5573 mortem.
1398 5507 1600 5588 Trahit
1640 5517 1820 5588 autem
1852 5507 2036 5588 divino
2063 5507 2145 5558 itt-

546 5574 1323 5668 genia-hancisimilitudinem
1344 5584 1413 5641 ad
1436 5584 1575 5668 duos
1617 5579 1855 5668 populos
1865 5574 2147 5668 ,JJt—ltif-Q:

549 5646 1025 5731 Féiii'sc'iﬁeétjet
1040 5646 1339 5734 gentilium
1368 5674 1384 5710 :
1412 5646 1766 5725 quippe’ctim
1795 5646 2146 5734 surgentibus

547 5736 618 5793 ad
640 5735 807 5791 ﬁdem
833 5725 1575 5802 Judaeisfgentes‘tegrotare
1590 5730 1877 5792 eruperunt
1902 5738 1914 5772 ε
1940 5725 2145 5802 sanata;

543 5787 1137 5872 ἶιῖηῖὶῦῖεὼῖέίῷξέι
1164 5801 1236 5858 ad
1273 5787 1438 5857 ﬁdém
1481 5787 1773 5861 venerunt,
1811 5805 1935 5849 cum
1967 5787 2138 5848 Judaei

2259 4698 2380 4739 cum
2406 4684 2500 4738 eis.
2526 4680 2595 4736 Et
2621 4682 2720 4737 erit
2744 4691 3020 4754 antequam
3048 4681 3292 4751 clament,
3310 4698 3404 4755 ego
3430 4682 3705 4738 exaudiant
3723 4695 3809 4735 eos
3829 4695 3848 4732 :

2258 4775 2431 4832 adhuc
2460 4774 2788 4847 loquentibus
2816 4773 2924 4831 illis
2951 4774 3143 4842 dicam,
3174 4775 3301 4848 quid
3325 4783 3403 4830 est
3425 4774 3453 4829 .9
3490 4772 3637 4830 Tunc
3665 4771 3773 4844 lupi
3802 4778 3848 4825 et

2257 4872 2381 4943 agni
2418 4878 2695 4940 pascentur
2736 4867 2934 4924 simul:
2972 4867 3055 4924 leo
3098 4877 3270 4924 autem
3311 4867 3462 4937 quasi
3490 4865 3580 4921 bos
3625 4862 3845 4919 comedet

2256 4964 2455 5035 paleas,
2488 4970 2536 5018 et
2562 4978 2772 5037 serpens
2793 4973 2984 5018 terram
3005 4962 3155 5035 quasi
3184 4977 3391 5033 panem.
3422 4958 3551 5015 Non
3576 4954 3836 5020 nocebunt,

2251 5075 2413 5131 neque
2427 5068 2778 5132 corrumpent,
2800 5058 2854 5113 in
2877 5066 3050 5113 monte
3068 5067 3247 5113 sancto
3263 5072 3396 5122 meo,
3420 5055 3550 5110 dicit
3566 5052 3835 5109 Dominus.

2254 5213 2439 5281 tidem,
2474 5214 2526 5269 in
2551 5230 2656 5284 qua
2688 5213 2804 5271 nati
2824 5211 3065 5279 fuerant,
3110 5210 3470 5283 perdiderunt
3512 5227 3527 5266 :
3567 5217 3622 5266 et
3649 5208 3716 5263 ita
3740 5204 3830 5261 ubi

2254 5302 2394 5344 unus
2422 5284 2641 5354 desivit,
2665 5286 2809 5342 alter
2836 5285 3023 5357 coepit.

2323 5389 2350 5418 α
2375 5378 2651 5435 Rescribit
2693 5378 2964 5436 Victorius
3003 5376 3239 5433 omnibus
3282 5390 3381 5448 pro
3424 5374 3681 5448 dentibus;
3720 5384 3824 5448 non

2250 5451 2419 5519 enim,
2454 5450 2652 5522 inquit,
2680 5449 2752 5507 de
2774 5449 3027 5522 domibus
3049 5439 3351 5522 tanmmfiu
3385 5462 3454 5502 eo
3481 5445 3699 5517 psalmo,
3728 5439 3824 5496 sed

2248 5524 2318 5580 de
2346 5519 2602 5579 omnibus
2623 5538 2743 5592 qute
2772 5530 2902 5578 sunt
2925 5521 3015 5577 hic
3046 5521 3098 5576 in
3130 5519 3402 5590 Propheta
3431 5526 3722 5573 enarratur.

2316 5617 2345 5657 ι’
2384 5618 2443 5675 In
2493 5616 2653 5689 Vulg.
2689 5626 2746 5673 et
2776 5614 2925 5672 Hier.
2971 5614 3228 5671 versione
3255 5612 3610 5668 inveterabunt
3632 5626 3651 5664 :
3685 5603 3818 5689 electi

2247 5714 2346 5769 mei
2356 5728 2458 5768 non
2474 5680 2808 5779 laborabunt,
2825 5708 3004 5765 minus
3016 5716 3167 5764 recte
3176 5704 3244 5762 ad
3260 5702 3547 5761 Hebraeum
3561 5680 3812 5763 ’νηλής-ν
