3972 6372
100 306 225 367 649

625 310 1280 374 COMMENTARIURUM
1320 315 1385 372 IN
1426 314 1667 373 lSAIAM
1708 309 2132 369 PRUPIIETAM
2173 310 2307 370 LIB.
2352 313 2538 372 XVIII.
2578 316 2736 374 CAP.
2778 317 2942 374 LXV.

3339 324 3445 383 650

104 420 355 477 Eterna
388 422 498 480 erit
526 424 799 482 habitatio
847 437 1011 499 alque
1057 429 1321 499 plantatio
1342 429 1643 501 justornm,
1678 439 1735 484 ut
1760 429 1811 491 Α
1839 439 2144 496 agnoscere
2171 426 2399 485 dicens:
2435 428 2511 483 De
2556 430 2825 486 Nasareth
2876 441 3037 503 potest
3077 434 3281 508 aliquid
3325 439 3445 496 boni

104 511 244 570 dies
282 515 412 572 vitae
432 516 617 586 populi
646 518 752 573 mei
784 517 977 576 diebus
1002 521 1127 575 vita:
1153 521 1287 593 ligni
1311 530 1730 592 comparentur,

104 607 187 665 de
237 624 357 680 quo
386 609 438 665 in
470 609 702 668 Psolmis
731 611 935 669 dicitur
963 631 976 667 :
1008 613 1193 669 Justus
1239 625 1294 670 ut
1325 615 1502 685 palma
1531 616 1733 688 ﬂoreln'l

105 702 314 772 (Psal.
350 704 588 779 set,l5),
624 708 866 780 quotidie
898 708 1242 781 triumphans
1275 710 1345 767 de
1374 710 1730 775 adversariis,

102 804 171 852 et
205 795 426 868 insigne
464 798 708 857 victoria:
737 800 1056 873 praeferens.
1107 802 1204 860 Sin
1245 812 1425 860 autem
1453 803 1604 876 juxta
1633 802 1733 860 Se-

105 890 405 961 ptuaginta
425 891 690 964 legimus,
725 894 837 950 dies
865 895 998 968 ligni
1014 896 1151 964 uiue,
1182 896 1278 967 qui
1311 898 1482 969 magis
1507 911 1730 954 sensum

107 999 183 1041 ex
209 985 452 1043 Hebraeo
465 997 703 1058 vertere,
717 1005 883 1061 quam
902 990 1086 1059 verba,
1102 992 1306 1064 lignum
1325 992 1450 1049 vita:
1469 993 1732 1064 intelligi-

106 1092 269 1143 mus,
299 1080 447 1150 quod
478 1081 533 1136 in
556 1083 813 1153 paradiso
835 1084 999 1140 situm
1030 1093 1137 1142 est.
1164 1085 1247 1142 Ad
1269 1086 1413 1158 quod
1444 1103 1514 1143 ne
1540 1096 1730 1144 exten-

106 1170 280 1228 deret
311 1173 483 1229 Adam
525 1190 744 1232 manum
773 1191 928 1233 suam
956 1186 1017 1233 ut
1052 1179 1282 1247 viveret,
1312 1179 1520 1251 ejectus
1546 1189 1632 1235 est
1660 1180 1730 1236 de

108 1266 380 1336 paradiso
406 1265 629 1341 (Cenes,
664 1268 778 1342 ιιι).
810 1270 867 1326 In
901 1271 1057 1342 cujus
1086 1271 1388 1328 custodiam
1427 1270 1725 1339 Clterubim,

108 1357 169 1414 id
205 1368 317 1425 est,
359 1360 588 1416 scientitz
628 1362 933 1429 multitudo,
979 1373 1033 1420 et
1082 1363 1253 1436 ignita
1300 1363 1508 1420 framea
1552 1364 1725 1435 posita

108 1462 225 1522 est,
266 1464 324 1509 ut
348 1464 631 1511 servarent
654 1455 797 1512 viam
820 1457 952 1528 ligni
973 1458 1119 1525 vitae,
1153 1475 1222 1515 nc
1249 1459 1305 1514 in
1328 1468 1555 1529 peccato
1579 1459 1728 1530 posi-

109 1554 208 1602 tus
241 1546 439 1615 Adam,
464 1555 518 1603 et
550 1547 783 1604 necdum
811 1564 907 1604 sua
940 1550 1142 1607 delicta
1156 1565 1515 1623 cognoscens,
1546 1566 1728 1607 come-

110 1637 279 1695 deret
323 1654 392 1695 ex
436 1654 524 1710 eo,
554 1646 610 1696 et
646 1640 1066 1711 impaenitendae
1109 1643 1623 1716 desperationisque
1663 1658 1727 1700 ac

110 1732 398 1804 superbia:
449 1741 623 1789 morte
675 1743 999 1792 moreretur.
1044 1736 1201 1805 Quod
1242 1737 1315 1793 sit
1358 1735 1463 1793 hoc
1517 1737 1724 1807 lignum

1833 521 1989 574 esse?
2017 519 2088 576 Et
2114 528 2202 577 est
2232 535 2464 577 sensus:
2491 523 2777 590 Quomodo
2807 525 2942 582 mihi
2986 526 3239 585 Messian]
3271 532 3442 590 addu-

1832 615 1959 670 citis
1983 614 2053 671 de
2074 614 2319 683 Galilma,
2356 624 2413 673 et
2437 616 2729 687 Nazareth,
2753 635 2919 691 quem
2947 635 3049 692 ego
3071 621 3142 678 de
3159 622 3440 682 Bethleem

1832 708 1972 763 Juda
2001 709 2117 763 scio
2161 724 2285 765 esse
2313 711 2688 780 promissum?
2725 713 2978 785 Apostoli
3017 717 3183 785 igitur
3220 729 3274 775 et
3312 735 3443 792 apo-

1831 799 2012 855 stolici
2043 800 2143 856 viri
2197 801 2273 858 ita
2312 802 2454 860 ﬁlios
2500 806 2860 876 generabunt,
2917 817 2977 864 ut
3023 809 3091 867 de
3141 811 3442 884 Scripturis

1832 892 2039 948 sanctis
2078 893 2374 961 instruant,
2410 905 2470 951 ut
2513 915 2624 953 non
2676 898 2959 956 imitentur
2996 904 3440 965 maledictionem

1831 982 2174 1054 Judzeorum,
2205 986 2302 1043 sed
2331 1003 2455 1044 cum
2482 990 2756 1062 Pr0phela
2782 992 3004 1050 dicant:
3036 997 3081 1051 A
3106 999 3288 1055 timore
3329 1010 3438 1067 tuo,

1837 1075 2075 1141 Domine,
2098 1079 2152 1132 in
2176 1086 2320 1133 utero
2341 1082 2695 1152 concepimus,
2722 1093 2768 1137 et
2785 1086 3157 1157 parturiointus
3174 1098 3220 1144 et
3243 1093 3445 1164 peperi-

1834 1187 1947 1224 mus
1993 1169 2159 1243 (Isai.
2194 1187 2351 1240 xxvi,
2383 1172 2507 1246 18).
2565 1175 2643 1231 De
2701 1175 2787 1231 his
2835 1178 2981 1233 enim
3030 1179 3234 1236 dictum
3285 1196 3439 1239 erat:

1832 1261 2129 1318 Benedicta
2157 1265 2456 1335 progenies
2480 1267 2622 1323 uteri
2642 1267 2717 1323 tui
2741 1265 2932 1341 (Deut.
2961 1287 3150 1340 xxun,
3170 1272 3259 1345 4).
3280 1274 3446 1332 Tales

1831 1363 1960 1409 sunt
2006 1354 2101 1410 ﬁlii
2149 1356 2448 1427 Abraham,
2495 1360 2589 1430 qui
2639 1359 2851 1417 iaciunt
2882 1377 3049 1433 opera
3081 1368 3239 1434 ejus:
3288 1377 3345 1423 et
3389 1369 3443 1424 in

1831 1447 2006 1503 veteri
2044 1448 2276 1505 historia
2305 1451 2653 1521 appellantur
2680 1454 2776 1509 ﬁlii
2806 1455 3203 1527 Prophetarum
3246 1457 3440 1529 (Joan.

1834 1540 1958 1611 vm)
1983 1556 1996 1596 :
2028 1542 2216 1612 quales
2238 1555 2292 1597 et
2322 1544 2375 1598 in
2395 1559 2536 1600 novo
2556 1545 2936 1603 Instrumento
2961 1550 3209 1620 Apostoli
3234 1566 3445 1623 genue-

1832 1640 1961 1689 runt
1982 1633 2126 1707 (Act.
2144 1650 2233 1689 xvr
2247 1634 2291 1708 ),
2307 1635 2508 1694 Paulus
2521 1637 2894 1709 Timotheum,
2920 1641 3146 1711 Lucam,
3161 1653 3217 1699 et
3235 1644 3439 1715 Titum,

1831 1724 2142 1797 multosque
2182 1727 2359 1795 alios;
2403 1728 2601 1785 Petrus
2653 1730 2891 1789 Marcum
2932 1737 3361 1807 evangelistam,
3392 1749 3449 1795 et

111 1825 273 1891 vita,
302 1823 561 1881 Salomon
591 1826 820 1897 exponit
844 1826 1209 1894 manifestius,
1249 1828 1339 1898 qui
1369 1828 1438 1883 de
1464 1829 1722 1899 sapientia

1832 1819 2019 1874 caeteri
2033 1828 2535 1894 caeteros,quorum
2555 1823 2900 1882 benedictum
2916 1842 3106 1884 semen
3117 1836 3224 1896 est,
3237 1841 3296 1887 et
3308 1831 3443 1888 huc-

117 1916 222 1973 Dei
250 1916 538 1988 disputans
565 1918 678 1973 ait:
710 1918 935 1992 Lignum
955 1921 1071 1975 uitta
1095 1929 1171 1975 est
1200 1920 1434 1975 omnibus
1455 1921 1547 1993 qui
1576 1936 1726 1975 acce-

117 2008 255 2064 dunt
282 2010 354 2064 ad
382 2026 516 2073 eam,
548 2020 597 2065 et
622 2011 712 2082 qui
746 2012 1038 2068 innituntur
1066 2028 1219 2085 super
1259 2012 1428 2077 illam,
1460 2012 1609 2084 quasi
1637 2028 1728 2067 su-

117 2119 212 2175 per
243 2101 530 2158 Dominum
557 2102 782 2173 ﬁrmitas
809 2103 1013 2175 (Prov.
1060 2119 1142 2173 ιιι,
1171 2102 1306 2176 18),
1355 2118 1457 2161 nec
1500 2104 1725 2160 dubium

119 2198 256 2269 quin
288 2197 527 2254 Verbum
558 2198 654 2255 Dei
687 2197 982 2270 signiﬁcet,
1011 2199 1102 2269 qui
1153 2199 1272 2269 ipse
1312 2207 1399 2254 est
1430 2198 1514 2252 via
1564 2206 1727 2268 atque

116 2290 413 2360 sapientia,
448 2299 503 2346 et
527 2290 597 2346 de
622 2306 683 2347 se
712 2290 990 2362 loquitur:
1023 2290 1137 2364 Ego
1165 2306 1277 2346 sum
1300 2290 1404 2345 vita
1431 2288 1620 2364 (Joan.
1645 2305 1723 2356 ιιι,

118 2384 247 2459 25).
279 2387 346 2442 Et
372 2386 439 2442 de
456 2402 558 2457 qua
576 2386 843 2456 Propheta
864 2386 1115 2443 decantat
1140 2404 1152 2439 :
1185 2384 1374 2440 Omnia
1397 2385 1453 2439 in
1471 2385 1727 2457 sapientia

119 2477 329 2549 fecisti:
356 2477 645 2551 repleta'est
675 2490 812 2535 terra
836 2479 1097 2534 creatione
1123 2488 1211 2533 tua
1237 2476 1421 2551 (Psal.
1445 2493 1561 2544 ctu,
1589 2475 1722 2546 24);

121 2579 177 2626 et
200 2571 486 2642 apostolus
517 2570 757 2627 Paulus:
793 2569 1032 2627 Christus
1060 2569 1160 2625 Dei
1189 2570 1375 2639 virtus,
1423 2580 1472 2625 et
1505 2568 1600 2624 Dei
1635 2585 1721 2624 sa-

121 2662 316 2734 pientia
342 2662 402 2733 (I
428 2662 549 2718 Cor.
576 2679 615 2730 I,
660 2662 731 2718 24
750 2660 993 2737 ).’,Opera
1020 2678 1241 2734 quoque
1273 2662 1457 2732 populi
1488 2662 1582 2717 Dei
1617 2676 1724 2717 non

121 2762 485 2824 veterascent,
508 2755 604 2812 sed
621 2756 1023 2812 innovabantur
1036 2754 1304 2827 quotidie,
1328 2762 1390 2810 ut
1403 2769 1510 2809 non
1532 2754 1725 2809 ambu-

120 2848 237 2906 lent
284 2848 341 2902 in
390 2857 658 2904 vetustate
698 2848 917 2913 litterte,
971 2846 1067 2903 sed
1116 2847 1171 2902 in
1212 2847 1455 2903 novitate
1499 2845 1727 2916 spiritus

121 2938 310 3013 (Rom.
359 2940 487 3012 vn).
538 2939 611 2998 Ut
639 2940 912 3011 quomodo
956 2955 1056 3018 per
1104 2938 1531 2995 inobedientiam
1563 2940 1726 2995 unius

121 3011 381 3099 hominis,
408 3043 721 3101 peccatores
753 3011 1044 3090 constitil'li
1071 3040 1205 3089 sunt
1234 3032 1456 3105 plurimi
1485 3051 1496 3086 :
1523 3032 1602 3088 sic
1629 3047 1726 3103 per

123 3123 494 3180 obedientiam
512 3123 675 3181 unius
695 3124 953 3188 hominis,
966 3124 1099 3195 justi
1120 3122 1527 3181 constituantur
1540 3124 1720 3179 multi.

1832 1923 2005 1981 usque
2039 1910 2413 1981 benedicitur,
2447 1925 2502 1971 et
2525 1927 2850 1986 permanent
2878 1919 2974 1975 ﬁlii
2997 1921 3162 1994 796
3181 1921 3439 1979 ﬁliorum.

1832 2000 1908 2058 De
1917 2003 2113 2074 quibus
2124 2003 2395 2076 Propheta
2408 2006 2539 2063 dicit
2555 2028 2566 2062 :
2581 2007 2774 2064 Beatus
2787 2010 2865 2065 vir
2878 2012 2966 2082 qui
2979 2013 3121 2067 timet
3134 2012 3440 2087 Dominum,

1829 2096 1885 2149 in
1918 2096 2179 2152 mandatis
2203 2101 2317 2170 ejus
2346 2097 2477 2154 volet
2496 2100 2667 2156 nimis.
2700 2100 2894 2158 Potens
2912 2104 2969 2158 in
2990 2114 3130 2160 terra
3154 2106 3250 2160 erit
3269 2123 3443 2162 semen

1829 2186 1963 2256 ejus,
1995 2189 2258 2258 generatio
2287 2200 2546 2246 rectorum
2566 2191 2891 2249 benedicetur
2918 2193 3103 2266 (Psal.
3128 2211 3242 2262 cst,
3270 2198 3325 2265 1,
3351 2198 3444 2269 2).

1830 2279 1900 2335 Ει
1929 2280 2061 2336 alibi
2088 2299 2101 2335 :
2135 2280 2265 2337 Filii
2294 2287 2375 2338 tui
2418 2286 2555 2340 sicut
2595 2284 2813 2342 novella:
2840 2285 3096 2342 olivarum
3125 2290 3179 2344 in
3222 2291 3442 2345 circuitu

1830 2388 2020 2428 mensa:
2049 2382 2171 2430 tute.
2204 2373 2341 2431 Ecce
2364 2376 2439 2432 sic
2469 2377 2793 2432 benedicatur
2838 2378 2992 2434 homo
3016 2382 3104 2452 qui
3135 2383 3280 2436 timet
3328 2381 3444 2437 Do-

1830 2467 2029 2521 minam
2053 2465 2238 2541 (Psal.
2260 2484 2473 2538 cxxvu,
2501 2471 2558 2540 4,
2590 2471 2678 2544 5).
2707 2471 3035 2529 Econtrario
3059 2474 3126 2528 de
3152 2474 3290 2530 Juda
3311 2475 3444 2532 dici-

1828 2569 1918 2615 tur
1939 2560 2240 2631 proditore,
2267 2572 2323 2619 et
2349 2564 2607 2620 omnibus
2636 2565 2733 2635 qui
2750 2565 2960 2622 similes
2973 2566 3089 2637 ejus
3110 2577 3256 2633 sunt,
3279 2567 3443 2624 Fiant

1828 2651 1928 2723 ﬁlii
1956 2656 2066 2727 ejus
2094 2654 2300 2727 pupilli,
2335 2666 2382 2711 et
2407 2672 2541 2711 uxor
2566 2658 2678 2728 ejus
2707 2657 2881 2713 vidua.
2922 2656 3357 2716 Contmoveuntur
3394 2672 3444 2716 et

1828 2746 2215 2817 transferantur
2239 2747 2340 2819 ﬁlii
2369 2751 2506 2821 ejus,
2530 2759 2578 2805 et
2601 2752 2912 2819 mendicent,
2950 2754 3231 2826 ejiciantur
3261 2756 3326 2811 de
3351 2756 3443 2811 do-

1828 2838 1994 2894 mibus
2040 2840 2151 2895 suis
2202 2839 2391 2914 (Psal.
2429 2857 2578 2908 cvm,
2608 2842 2666 2909 9,
2701 2843 2827 2914 l0).
2880 2842 3266 2901 Ceuerationis
3295 2847 3440 2903 enim

1829 2934 1986 2989 malae
2018 2933 2144 2990 ﬁnis
2167 2942 2252 2991 est
2282 2937 2577 3005 pessimus.
2608 2936 2712 3003 Qui
2742 2937 3064 3008 concipiunt
3092 2938 3360 3005 dolorem,
3393 2951 3445 2996 et

1830 3027 2046 3098 pariunt
2091 3028 2455 3099 iniquitatem.
2491 3030 2570 3085 De
2598 3044 2828 3099 quorum
2863 3032 3130 3101 scriptum
3164 3040 3247 3087 est
3297 3034 3446 3103 prin-

1827 3121 1984 3191 cipe:
2019 3120 2154 3177 Ecce
2184 3124 2426 3193 parturiit
2453 3123 2790 3194 injustitiam,
2827 3126 3063 3193 concepit
3108 3125 3364 3193 dolorem,
3396 3137 3442 3181 et

125 3216 218 3275 Vel
248 3227 402 3273 certe
433 3218 536 3273 hoc
583 3218 895 3286 dicendum,
939 3217 1101 3292 795
1145 3218 1290 3290 quod
1320 3233 1486 3288 opera
1528 3232 1717 3273 eorum
1745 3227 1791 3290 ρ
1824 3212 2018 3285 peperit
2039 3212 2364 3283 iniquitatem
2396 3215 2416 3284 (
2435 3212 2586 3268 Psal.
2621 3229 2715 3280 vn,
2747 3214 2872 3287 15).
2901 3214 2960 3271 Si
2997 3226 3177 3273 autem
3221 3216 3325 3272 hoc
3373 3217 3442 3273 de

123 3319 495 3379 veterascant,
525 3328 757 3383 quorum
788 3313 987 3368 domus
1015 3312 1239 3368 fundata
1283 3327 1451 3383 super
1482 3321 1721 3383 petram,

124 3415 410 3477 permanet
435 3403 490 3459 in
523 3415 812 3472 :eternum,
841 3413 899 3461 et
925 3405 1015 3477 qui
1044 3404 1384 3460 (edificarunt
1405 3419 1570 3473 super
1593 3402 1718 3458 fun-

125 3496 439 3553 damentum
467 3494 694 3565 Christi,
742 3512 960 3562 aurum,
1003 3507 1313 3566 argentum,
1349 3494 1556 3567 lapides
1599 3511 1721 3565 pre-

125 3590 290 3644 tiosos
317 3586 371 3659 (l
394 3585 518 3644 Cor.
538 3586 635 3658 ιιι)
663 3597 738 3644 :et
754 3587 1061 3645 econtrario
1098 3601 1292 3644 eorum
1312 3601 1480 3657 opera
1506 3586 1721 3658 disper-

122 3688 280 3748 eant,
314 3694 546 3750 quorum
579 3680 780 3735 domus
812 3679 1036 3735 fundata
1057 3694 1223 3750 super
1252 3693 1503 3745 arenam,
1540 3678 1719 3734 subita

124 3782 447 3845 tempestate
471 3773 833 3839 subvertitur;
866 3782 923 3829 et
969 3773 1062 3844 qui
1106 3771 1512 3829 aediﬁcaverunt
1554 3786 1719 3843 super

123 3867 538 3923 fundamentum
579 3863 821 3931 Christi,
869 3865 1040 3935 ligna,
1069 3866 1277 3931 fenum,
1315 3865 1598 3936 stipulam.
1632 3867 1717 3921 An

120 3975 229 4016 non
262 3959 361 4015 tibi
392 3957 607 4014 videtur
635 3957 877 4026 quotidie
922 3957 1233 4013 inveterare
1259 3971 1425 4027 opera
1456 3971 1578 4022 sua,
1625 3956 1717 4026 qui

121 4053 525 4124 praeteritorum
556 4051 784 4114 oblitus,
820 4051 875 4105 iu
908 4048 1147 4106 futurum
1176 4048 1530 4105 extenditur?
1561 4047 1719 4106 Unde

117 4154 359 4201 etvetus
407 4154 462 4199 et
493 4158 691 4200 novum
738 4142 940 4199 dicitur
977 4143 1429 4198 Testamentum:
1471 4155 1578 4197 non
1609 4156 1719 4212 quo

118 4248 277 4294 vetus
303 4246 517 4307 pereat,
548 4236 644 4294 sed
672 4251 781 4308 quo
808 4250 951 4292 novo
976 4234 1125 4289 aliud
1149 4248 1258 4289 non
1288 4232 1569 4289 succedat.
1604 4233 1719 4289 Hoc

119 4344 340 4403 quoque
383 4329 534 4399 juxta
582 4329 907 4386 Hebraicutn
953 4327 1062 4385 dici
1110 4335 1316 4400 potest,
1358 4326 1503 4398 quod
1549 4340 1717 4397 opera

120 4422 305 4494 populi
335 4430 390 4477 et
413 4421 466 4475 in
498 4415 721 4476 Christo
741 4419 1104 4486 credentium,
1133 4420 1339 4475 tructus
1355 4418 1467 4474 sint
1487 4422 1717 4489 Aposto-

115 4517 322 4584 lorum,
355 4515 409 4571 id
437 4524 542 4583 est,
570 4516 868 4572 electorum
898 4515 1018 4581 Dei,
1047 4524 1104 4571 et
1133 4515 1187 4570 in
1225 4514 1496 4571 thesauris
1522 4529 1712 4571 eorum

1822 3304 2011 3376 impiis
2033 3303 2254 3371 dicitur,
2273 3304 2549 3376 quomodo
2572 3305 2817 3373 Samuel,
2844 3305 2927 3361 vir
2949 3307 3143 3362 beatus
3161 3318 3217 3362 et
3234 3308 3439 3379 justus,

1823 3398 1966 3455 ﬁlios
1987 3400 2256 3469 pessimos
2276 3401 2488 3471 genuit,
2505 3400 2595 3471 qui
2616 3415 2725 3454 non
2742 3400 3160 3457 ambulaverunt
3175 3418 3270 3471 per
3286 3404 3430 3458 viam

1823 3491 1996 3563 patris
2027 3491 2086 3565 (ι
2113 3492 2243 3566 Reg.
2270 3490 2400 3563 vni)
2426 3508 2441 3559 ;
2472 3501 2527 3547 et
2552 3492 2749 3559 David,
2780 3493 2848 3549 de
2878 3494 3033 3565 cujus
3063 3495 3315 3551 Christus
3339 3513 3437 3553 na-

1822 3593 1910 3641 tus
1938 3592 2024 3640 est
2052 3585 2286 3651 semine,
2309 3584 2448 3639 duos
2464 3584 2656 3655 genuit
2677 3584 2845 3651 ﬁlios,
2866 3587 3097 3640 Ammon
3118 3596 3174 3642 et
3196 3585 3438 3643 Abessa-

1818 3675 1936 3743 lon,
1965 3691 2196 3746 quorum
2224 3676 2364 3732 alter
2392 3675 2601 3743 fratris,
2649 3676 2789 3732 alter
2815 3676 2983 3747 patris
3025 3678 3234 3733 exstitit
3261 3680 3437 3748 parri-

1820 3767 1943 3824 cida
1971 3768 2051 3839 (Il
2081 3768 2213 3842 Reg.
2248 3784 2364 3837 xm,
2398 3784 2471 3825 xv
2519 3778 2568 3823 et
2606 3766 2773 3841 xu)?
2818 3767 2901 3824 Ex
2938 3768 3139 3840 quibus
3182 3772 3436 3828 omnibus

1820 3860 2104 3931 discimus,
2133 3862 2273 3917 ﬁlios
2298 3870 2355 3919 et
2383 3870 2613 3932 nepotes
2637 3861 2938 3919 secundum
2986 3863 3038 3918 id
3071 3863 3303 3937 intelligi
3335 3865 3432 3922 de-

1822 3956 1953 4013 bere
1980 3955 2127 4027 quod
2154 3955 2415 4012 diximus.
2445 3955 2603 4012 Juxta
2633 3956 2780 4028 quod
2812 3966 2867 4012 et
2896 3956 3099 4012 Paulus
3125 3959 3265 4015 filios
3305 3975 3435 4032 par-

1819 4050 1970 4117 turit,
1996 4049 2171 4105 donec
2198 4048 2449 4105 Christus
2489 4049 2753 4106 formetur
2784 4050 2837 4105 in
2866 4049 2967 4115 eis,
3016 4057 3075 4106 et
3102 4049 3427 4108 Onesimum

1820 4140 1873 4197 in
1904 4141 2133 4197 vinculis
2156 4150 2388 4212 generat
2410 4139 2623 4215 (Galat.
2642 4140 2750 4213 tv).
2775 4140 2877 4208 Qui
2901 4155 3026 4195 cum
3049 4141 3427 4213 clamaverint,

1819 4234 2001 4291 statim
2028 4233 2410 4302 exaudientur,
2440 4244 2496 4291 et
2524 4234 2637 4292 illis
2667 4234 3044 4304 loquentibus,
3069 4235 3217 4292 dicet
3244 4236 3431 4294 Domi-

1818 4343 1944 4396 nus,
1962 4329 2190 4386 Adsum.
2215 4331 2347 4399 Quae
2368 4333 2554 4386 omnia
2577 4331 2744 4387 etiam
2762 4330 2914 4403 juxta
2942 4331 3181 4390 litteram
3206 4334 3259 4389 in
3282 4338 3433 4394 Acti-

1818 4422 1919 4477 bus
1968 4425 2362 4493 Apostolorum
2410 4427 2689 4482 cernimus
2727 4440 2851 4482 esse
2897 4428 3191 4497 completa.
3240 4430 3430 4502 Neque

1816 4515 1964 4570 enim
1994 4516 2302 4585 potuissent
2325 4532 2518 4573 omnes
2545 4526 2738 4589 gentes
2772 4518 2826 4573 in
2860 4527 2968 4575 tam
3000 4520 3152 4576 brevi
3181 4532 3429 4594 tempore

119 4608 510 4667 recondantur.
564 4609 717 4665 Multi
767 4608 910 4664 enim
980 4608 1177 4677 vocati,
1237 4615 1294 4665 et
1342 4606 1503 4678 pauci
1554 4607 1714 4664 electi
1740 4608 2086 4684 peredere,
2121 4610 2229 4665 nisi
2258 4610 2539 4682 signorum
2572 4611 2855 4667 miraculis
2895 4611 3029 4668 fides
3058 4628 3254 4669 eorum
3291 4632 3430 4684 quo-

122 4701 353 4777 (Matth.
389 4700 512 4773 xx).
548 4701 641 4757 Isti
672 4718 780 4759 non
817 4701 1147 4757 laborabunt
1191 4701 1410 4768 frustra,
1445 4710 1502 4759 ut
1541 4717 1716 4771 quon-

118 4798 244 4855 dam
275 4798 590 4853 laboravere
611 4796 781 4853 Judaei
804 4812 820 4862 ;
844 4795 938 4851 sed
970 4796 1180 4851 labores
1208 4811 1464 4852 manuum
1493 4810 1712 4852 suarum

118 4890 548 4948 manducabunt.
593 4889 782 4960 Neque
806 4889 1144 4960 generabunt
1190 4890 1242 4944 in
1273 4890 1712 4955 conturbatione,

119 4985 239 5043 sive
269 4985 323 5039 in
372 4981 780 5047 maledictione,
822 4990 878 5037 et
919 4991 976 5036 ut
1021 4981 1073 5036 in
1106 4980 1376 5036 Hebraico
1404 4983 1716 5053 expressius

118 5079 365 5149 ponitur,
398 5078 469 5150 si;
501 5076 837 5150 δενυπαρξίαν,
873 5072 1022 5144 quod
1064 5072 1246 5144 lingua
1277 5087 1464 5128 eorum
1514 5073 1716 5129 dicitur

119 5143 327 5225 iussu
356 5143 580 5240 (τὺ-τὺ)
603 5143 721 5239 [Αἰ.
756 5143 1029 5238 usitata]
1061 5165 1167 5221 hoc
1200 5175 1304 5231 eat,
1338 5174 1392 5218 ut
1418 5182 1527 5220 esse
1546 5166 1712 5222 desis-

120 5271 256 5332 tant,
306 5271 364 5317 et
414 5260 578 5316 ﬁnem
624 5259 945 5316 substantia:
989 5274 1101 5315 sua:
1148 5256 1430 5315 habeant:
1466 5273 1561 5329 pro
1611 5275 1719 5331 quo

118 5356 343 5430 Aquila,
377 5354 763 5428 Symmachus,
796 5365 852 5410 et
883 5353 1188 5410 Theodotio
1216 5353 1594 5425 festinationem
1631 5353 1715 5409 in-

120 5449 402 5523 terpretati
432 5460 599 5504 sunt:
630 5458 689 5504 ut
726 5463 1070 5520 nequaquam
1110 5447 1367 5505 festinent
1391 5449 1596 5520 absque
1631 5465 1720 5505 ra-

121 5541 271 5599 tione
294 5541 523 5597 credere
552 5541 688 5598 :sed
720 5542 999 5597 imitentur
1019 5541 1346 5608 Nathanael,
1379 5542 1471 5612 qui
1507 5541 1723 5598 Domini

120 5651 255 5691 voce
284 5634 540 5689 laudatus
570 5644 654 5689 est
678 5651 692 5689 :
743 5631 878 5688 Ecce
902 5650 1015 5689 vere
1061 5633 1329 5703 Israelita,
1360 5635 1416 5689 in
1442 5651 1545 5705 quo
1572 5634 1726 5692 dolus

123 5745 223 5782 non
243 5737 319 5783 est
369 5724 560 5799 (Joan.
615 5742 707 5794 xx,
756 5723 885 5798 47),
931 5726 1025 5798 qui
1069 5724 1350 5782 Christum
1403 5726 1727 5784 auctoritate

123 5820 526 5892 Scn'ptum'um
580 5820 878 5890 quam-bat,
929 5831 983 5877 et
1034 5821 1103 5877 de
1150 5820 1441 5895 Prophetis
1472 5824 1729 5895 cupiebat

574 5915 849 5977 Ρηιιοι..
904 5914 1137 5977 XXIV.
1227 5954 1235 5961 -

1812 4700 2111 4758 dammodo
2156 4711 2303 4759 esset
2340 4712 2579 4760 extorta.
2632 4703 3008 4773 Loquentibus
3054 4708 3199 4761 enim
3232 4717 3286 4763 et
3315 4709 3431 4765 cla-

1815 4796 2092 4851 mantibus
2135 4796 2418 4867 Apostolis
2471 4807 2525 4853 et
2578 4797 2900 4867 apostolicis
2945 4799 3102 4867 viris,
3160 4798 3430 4860 Dominus

1815 4890 2098 4962 signorum
2139 4890 2515 4962 magnitudine
2563 4891 2955 4962 resltondebat,
2997 4904 3060 4949 ut
3102 4894 3306 4953 Dorcas
3355 4899 3425 4956 ad

1815 4998 2006 5054 preces
2057 4984 2202 5041 Petri
2235 4992 2485 5055 surgeret
2516 4985 2665 5054 (Act.
2700 4983 2813 5057 rx),
2861 4992 2921 5040 ut
2963 4970 3166 5043 Publii‘
3188 5002 3340 5058 pater
3372 4993 3428 5048 in

1814 5074 1992 5133 insula
2018 5076 2198 5134 Melita
2227 5076 2474 5135 febribus
2495 5088 2550 5133 et
2569 5078 2933 5151 dyssenteria,
2967 5081 3056 5152 qui
3080 5083 3257 5140 morbi
3288 5085 3431 5143 inter

1814 5183 1877 5227 se
1906 5172 2172 5226 contrarii
2196 5178 2345 5236 sunt,
2370 5170 2523 5226 Pauli
2550 5172 2808 5242 precibus
2834 5182 3143 5241 sanaretur,
3163 5184 3218 5231 et
3249 5186 3307 5233 ut
3332 5194 3431 5237 eos

1812 5273 1966 5323 totus
2016 5265 2169 5321 orbis
2210 5264 2348 5322 deos
2402 5265 2543 5321 inter
2594 5266 2846 5322 homines
2892 5266 3104 5325 diceret
3152 5271 3436 5328 ambulare

1817 5356 1970 5431 (Act.
1990 5372 2161 5413 xxvm
2176 5354 2216 5426 ).
2235 5355 2388 5413 Tunc
2406 5356 2567 5429 lupus
2587 5368 2643 5413 et
2662 5373 2833 5429 agnus
2854 5360 3217 5428 pascebantur
3236 5362 3426 5425 simul,

1822 5458 2141 5521 persecutor
2179 5449 2406 5518 Paulus,
2438 5460 2495 5506 et
2524 5452 2763 5507 Ananias
2794 5450 3097 5520 discipulus
3126 5449 3282 5523 (Act.
3316 5453 3429 5525 ιι).

1826 5542 1923 5600 llle
1969 5542 2153 5614 lupus,
2205 5542 2275 5599 de
2319 5558 2427 5614 quo
2469 5544 2728 5614 scriptum
2771 5553 2895 5598 est:
2938 5542 3217 5617 Benjamin
3273 5546 3433 5614 lupus

1827 5653 2016 5710 rapax.
2042 5652 2192 5692 mane
2221 5638 2446 5694 comedet
2493 5638 2746 5710 prwdam,
2788 5644 2836 5691 et
2879 5636 2948 5691 ad
2988 5652 3250 5709 vesperam
3288 5638 3433 5694 dabit

1828 5744 1974 5786 escas
1999 5727 2171 5800 (Gen.
2207 5745 2352 5797 sus,
2383 5728 2530 5800 27);
2568 5729 2684 5785 sive
2713 5736 2770 5783 ut
2806 5727 2859 5782 in
2913 5726 3181 5783 Hebraico
3210 5728 3433 5801 dicitur,

1830 5821 2023 5880 dividet
2045 5822 2236 5894 spolia.
2264 5820 2432 5892 Cujus
2461 5821 2710 5879 doctrina
2754 5819 3051 5971 cibusgfuit
3078 5821 3441 5898 credentium,

2949 5911 2979 5971 1

2949 5911 2979 5975 1
