3972 6320
584 214 684 273 651

1844 201 1903 259 S.
1945 200 2218 261 EUSEBll
2248 201 2639 263 JIIERONYMI

3753 211 3832 273 6ξῖ

580 336 636 384 et
665 326 757 398 qui
806 325 860 383 in
902 331 1014 381 tato
1054 318 1187 376 orbe
1216 315 1285 373 de
1310 316 1583 388 superatis
1630 313 1961 375 adversariis
1990 315 2184 373 trium-
2207 320 2261 387 Δ
2287 325 2340 374 et
2366 317 2595 375 Judaico
2625 317 2968 390 aperiremus
2997 331 3207 387 errore,
3254 320 3345 397 qui
3376 329 3567 395 putant
3590 333 3829 385 exstruen-

582 419 786 492 pltarit.
830 414 970 486 Agni
1014 419 1198 471 autem
1242 408 1505 467 credendi
1555 417 1682 467 sunt
1730 424 1943 476 omnes,
1992 409 2086 480 qui
2126 408 2180 464 in

582 512 827 569 vestibus
856 504 1104 565 candidis
1150 512 1456 574 sequuntur
1479 503 1691 577 Agnum
1722 516 2064 575 quocumque
2091 515 2183 557 va-

576 604 859 676 dit(Apoc.
879 599 1016 672 xlv),
1033 612 1175 673 quos
1199 597 1362 674 797
1388 596 1652 657 Dominus
1673 596 1837 653 Petro
1862 594 2085 655 tradidit
2111 594 2180 653 ad

577 695 911 769 pascendum
940 693 1159 753 dicens:
1182 690 1347 749 Pasce
1359 708 1524 764 agnos
1543 688 1887 765 meos(loan.
1914 705 2028 756 ut,
2048 688 2116 751 10
2134 688 2177 761 ).

574 790 686 848 Leo
717 803 934 863 quoque
966 796 1022 847 ut
1050 786 1152 843 bos
1178 785 1436 845 comedet
1475 785 1681 856 paleas,
1714 782 1933 856 quando
1964 781 2067 839 viri
2095 781 2180 841 di-

570 885 886 956 sertissimi,
949 891 1005 945 et
1057 882 1332 955 quondam
1388 880 1535 953 apud
1578 880 1843 941 amiculum
1904 887 2181 952 potentes,

574 976 982 1051 Scripturarutu
1021 990 1083 1033 se
1129 974 1353 1035 tradunt
1392 972 1707 1038 rusticitati,
1743 980 1803 1029 ut
1838 985 2181 1042 nequaquam

571 1070 824 1128 saeculari
874 1076 1171 1141 pascantur
1219 1067 1555 1138 eloquentia,
1609 1080 1735 1137 qua:
1780 1065 1955 1131 instar
2000 1063 2183 1123 mellis

572 1162 743 1219 stillat
773 1161 842 1219 de
888 1162 1048 1218 labiis
1081 1160 1410 1229 meretricis,
1458 1157 1553 1217 sed
1601 1157 1868 1215 vilitatem
1899 1166 1954 1213 et
1997 1156 2182 1227 paleas

570 1271 872 1331 sequantur
903 1258 1169 1323 historian,
1220 1256 1397 1313 donec
1438 1255 1608 1313 multo
1655 1253 1845 1311 labore
1894 1261 2055 1321 atque
2096 1250 2181 1307 in-

568 1353 777 1416 dustria
800 1363 1118 1419 mereantur
1138 1350 1210 1409 ad
1232 1352 1564 1413 frumentum
1583 1362 1842 1405 sensuum
1867 1345 2176 1417 pervenire.

569 1448 649 1506 De
688 1447 891 1520 quibus
930 1445 1104 1517 paleis
1152 1455 1207 1501 et
1256 1444 1533 1505 frumento
1579 1440 1846 1501 Jeremias
1900 1437 2178 1515 loqaitur:

574 1541 717 1613 Quid
749 1542 915 1614 paleis
944 1540 1015 1601 ad
1036 1540 1293 1606 triticum,
1322 1538 1447 1595 dicit
1485 1536 1744 1595 Dominus
1772 1533 2002 1609 (larem.
2055 1549 2173 1603 aut,

574 1636 723 1708 28)?
754 1637 820 1695 Et
856 1634 1348 1702 considerandum,
1377 1631 1520 1703 quod
1567 1646 1674 1693 non
1703 1632 1803 1691 bos
1844 1638 2089 1689 vertitur
2126 1631 2179 1688 in

570 1732 799 1797 rabiem,
822 1730 919 1789 sed
950 1730 1040 1786 loo
1069 1736 1314 1786 nuttctttr
1335 1728 1390 1785 in
1416 1723 1915 1786 mansuetudinem.
1938 1724 2183 1793 Serpens
2216 1738 2258 1801 Β
2288 1724 2418 1779 nia?
2466 1723 2620 1785 Unde
2651 1735 2705 1781 et
2741 1725 2954 1796 Moyses
3001 1744 3015 1781 :

571 1826 738 1882 etiam
768 1826 862 1896 qui
888 1824 1223 1891 observabat
1260 1822 1502 1879 hominis
1549 1822 1891 1885 calcancuut,
1940 1817 2186 1889 etcujus

568 1921 636 1981 ab
674 1920 903 1976 homine
932 1918 1334 1975 observabatur
1362 1927 1553 1988 caput,
1586 1930 1928 1987 tteqnaquam
1950 1913 2184 1970 aliorum

566 2012 838 2069 nutriatur
869 2013 1117 2080 interitu,
1166 2011 1263 2068 sed
1295 2021 1521 2077 terram,
1554 2011 1673 2066 sire
1704 2008 1983 2079 pulverem
2028 2006 2184 2078 quasi

568 2121 765 2174 panem
808 2104 1063 2161 omnedct
1095 2102 1312 2177 (Gener.
1367 2104 1481 2175 tu).
1528 2101 1641 2158 Aut
1679 2111 1830 2158 certe
1858 2103 1942 2157 sic
1988 2098 2189 2156 intelli-

568 2198 829 2268 gendum,
863 2196 1009 2267 quod
1040 2196 1292 2252 diabolus
1316 2198 1408 2267 qui
1431 2196 1583 2268 prius
1604 2194 1886 2251 hominum
1917 2194 2186 2251 mortibus

566 2292 914 2365 pascebatur,
950 2306 1050 2347 eos
1072 2299 1286 2346 tantum
1315 2290 1590 2357 comedat,
1617 2289 1713 2361 qui
1741 2289 1922 2361 pulvis
1943 2304 2006 2344 ac
2036 2298 2185 2344 terra

565 2396 729 2441 sunt:
766 2401 862 2456 per
887 2400 1009 2457 quae
1035 2386 1220 2441 omnia
1252 2385 1665 2444 demonstratur
1699 2384 1967 2441 malomm
2000 2383 2056 2436 in
2089 2383 2186 2438 ho-

570 2496 698 2537 num
723 2479 1107 2546 commutatio,
1141 2479 1235 2551 qui
1263 2479 1475 2535 innoxii
1505 2488 1690 2544 erunt,
1722 2480 1944 2547 antiqua
1965 2476 2185 2533 let-irate

566 2577 853 2647 deposita:
901 2591 1010 2633 non
1058 2575 1214 2644 foris,
1255 2576 1351 2632 sed
1384 2576 1439 2633 in
1478 2586 1666 2630 monte
1712 2583 1903 2637 saneto
1942 2571 2181 2639 Domini,

567 2670 672 2727 hoc
699 2683 804 2740 est,
836 2673 888 2727 in
912 2671 1181 2735 Ecclesia,
1217 2681 1270 2725 et
1314 2670 1370 2725 in
1402 2669 1751 2726 confessione
1799 2669 1923 2739 ejus
1953 2668 2176 2735 montis,

566 2782 595 2821 a
629 2782 737 2838 quo
774 2767 1097 2823 vulneratus
1136 2774 1222 2820 est
1273 2766 1528 2836 princeps
1566 2764 1727 2836 Tyri,
1760 2774 1814 2822 et
1846 2764 1937 2834 qui
1964 2764 2184 2819 excisus

564 2862 634 2917 de
664 2870 851 2916 monte
879 2862 997 2916 sine
1028 2858 1305 2924 manibus,
1339 2858 1515 2915 crevit
1538 2858 1590 2913 in
1622 2867 1865 2913 montem
1902 2872 2179 2929 magnum,

566 2966 621 3011 et
648 2954 894 3025 implevit
922 2953 1112 3009 orbem
1145 2950 1397 3025 (Daniel.
1428 2952 1523 3025 tt).
1547 2951 1958 3024 Interrogemus
1990 2954 2042 3006 in
2076 2951 2182 3009 hoc

568 3049 690 3105 loco
730 3048 972 3116 Judmos,
1020 3057 1077 3104 et
1115 3061 1308 3104 omnes
1338 3048 1431 3120 qui
1462 3047 1564 3104 sub
1596 3047 1821 3105 nomine
1865 3048 2182 3105 Christiano

2284 410 2407 469 dant
2450 412 2777 479 Jerusalem,
2813 422 2869 469 et
2898 415 3084 471 omnia
3108 431 3236 489 qua
3270 415 3529 473 Dominus
3561 418 3827 490 pollicetur,

2283 504 2356 573 ibi
2379 508 2650 580 explenda
2677 508 2997 577 carnaliter,
3028 510 3209 567 aufert
3243 509 3403 569 nobis
3434 509 3574 571 hanc
3612 514 3831 582 suslticio.

2284 613 2444 676 nem;
2471 609 2526 655 et
2553 600 2711 671 ponit
2745 602 3140 673 testimonium,
3171 616 3281 675 quo
3304 616 3431 663 usus
3457 614 3541 661 est
3569 603 3830 676 Stephanus

2285 694 2491 765 primus
2519 704 2725 768 martyr
2758 696 2808 755 in
2841 695 3060 759 Christo
3096 696 3387 757 adversum
3426 696 3702 761 Judaicant
3729 714 3829 755 coa-

2284 787 2586 849 tentionem
2612 788 2631 865 (
2657 792 2770 853 Act,
2794 805 2868 853 vtt
2890 792 2929 860 ).
2954 788 3217 851 Salomon
3241 790 3532 855 aedificavit
3552 792 3603 851 ei
3626 792 3831 861 domum,

2284 879 2425 938 haud
2456 881 2683 943 dubium
2712 884 2842 956 Quin
2878 882 3031 955 Deo;
3066 884 3161 941 sed
3192 900 3302 942 non
3336 884 3388 941 in
3418 886 3734 947 mannfactis
3760 904 3832 946 ex-

2282 973 2463 1033 celsus
2493 973 2727 1042 habitat,
2760 975 2903 1031 sicut
2932 975 3206 1046 Propheta
3230 978 3347 1035 ait:
3374 977 3565 1039 (Italum
3588 980 3711 1034 mihi
3730 983 3835 1039 thro-

2285 1082 2379 1129 nus
2406 1076 2483 1123 est
2514 1082 2534 1122 :
2564 1075 2701 1123 terra
2746 1077 2921 1124 autem
2966 1068 3250 1127 scabellum
3290 1071 3481 1143 pedum
3531 1089 3759 1129 nieorum.
3786 1075 3836 1133 Et

2285 1158 2483 1215 Paulus
2517 1159 2569 1214 in
2596 1160 2792 1217 eodem
2821 1161 3100 1218 volumine
3126 1181 3139 1218 :
3169 1161 3312 1220 Deus
3336 1166 3425 1239 qui
3461 1166 3583 1237 fecit
3610 1165 3834 1235 inundant,

2284 1262 2331 1309 et
2359 1253 2449 1324 qui
2479 1253 2533 1307 in
2564 1270 2624 1309 eo
2671 1264 2815 1325 sunt,
2868 1272 3191 1325 nequaquam
3228 1257 3282 1312 in
3321 1257 3532 1329 templis
3570 1261 3836 1331 tuanufactit

2285 1345 2478 1400 habitat
2507 1344 2658 1420 (Act.
2690 1362 2818 1416 xm,
2854 1344 2986 1419 24).
3030 1349 3088 1407 Si
3129 1350 3276 1408 enim
3323 1349 3498 1409 instar
3544 1350 3768 1407 sedentis
3790 1351 3832 1409 in

2284 1440 2422 1498 solio
2452 1450 2617 1513 atquc
2642 1442 2951 1513 regnantis,
2984 1443 3185 1501 coelum
3243 1444 3477 1507 thronus
3529 1445 3644 1515 ejus
3669 1455 3760 1514 est,
3798 1458 3838 1503 et

2285 1543 2429 1593 terra
2460 1536 2760 1599 scabellum
2785 1536 2988 1609 pedum
3018 1537 3185 1608 illius,
3214 1540 3500 1612 quomodo
3528 1557 3694 1613 parvo
3720 1541 3839 1597 clau-

2284 1631 2446 1691 datur
2476 1631 2622 1698 loco,
2645 1634 2739 1705 qui
2772 1633 3015 1706 complet
3047 1637 3256 1707 omnia,
3288 1646 3345 1693 et
3377 1637 3430 1693 in
3462 1654 3573 1708 quo
3606 1649 3722 1695 sunt
3750 1655 3842 1697 eat-

3058 1725 3143 1784 Nc
3180 1730 3349 1799 dicas,
3399 1730 3598 1801 inquit,
3637 1733 3688 1787 in
3724 1734 3843 1787 corde

2291 1826 2409 1885 tuo,
2434 1816 2614 1889 Longe
2642 1828 2718 1873 est
2756 1836 2775 1873 .·
2798 1817 2939 1879 Deus
2980 1820 3120 1879 enim
3150 1821 3205 1881 in
3238 1822 3369 1879 caelo
3404 1839 3630 1892 sursum,
3652 1835 3699 1878 et
3724 1841 3844 1892 super

2290 1920 2482 1969 terram
2523 1911 2768 1969 deorsum
2814 1929 2832 1970 .'
2862 1923 2910 1975 cl
2956 1932 3058 1971 non
3090 1925 3164 1979 ast
3208 1915 3350 1977 alius
3375 1928 3566 1989 μνεία
3602 1934 3711 1977 βίαι
3739 1917 3845 1975 Dm

2290 2002 2482 2077 (Deut.
2514 2022 2588 2075 tv,
2614 2005 2739 2079 39).
2780 2006 2841 2065 Et
2876 2007 3161 2071 Psalmista
3189 2028 3201 2063 :
3230 2010 3347 2079 Qu
3372 2012 3459 2069 ibo
3482 2030 3516 2069 a
3553 2012 3729 2082 spiritu
3752 2024 3841 2077 tuo,

2288 2108 2337 2156 et
2360 2115 2395 2155 a
2433 2101 2570 2171 [acie
2602 2110 2692 2157 tua
2720 2117 2823 2171 quo
2866 2102 3113 2176 fugiam?
3160 2102 3224 2161 Si
3251 2106 3537 2167 escendero
3584 2106 3638 2163 in
3677 2102 3844 2172 calca,

2288 2194 2397 2253 illic
2413 2210 2465 2251 es
2483 2212 2502 2250 :
2516 2195 2563 2253 si
2580 2196 2649 2255 ad
2669 2196 2877 2265 inferna
2897 2198 3237 2268 descendere,
3259 2200 3387 2257 ades
3415 2201 3435 2273 (
3454 2200 3605 2259 Psal.
3622 2214 3841 2261 cxmtn,

2288 2288 2319 2347 'l
2339 2287 2380 2359 ).
2404 2288 2578 2351 Clict
2592 2289 2870 2353 Jerenlas
2893 2307 2958 2351 ex
2978 2309 3217 2363 persona
3240 2295 3336 2351 Dei
3356 2297 3635 2367 congruit,
3659 2295 3843 2351 dicem

2288 2380 2431 2443 Deus
2457 2384 2881 2456 apprOpinquans
2900 2403 2997 2459 ego
3024 2402 3043 2443 :
3066 2396 3113 2443 ct
3136 2403 3238 2445 non
3260 2389 3327 2443 de
3349 2389 3505 2459 longe
3530 2388 3680 2446 Deus.
3704 2387 3843 2443 Nem-

2286 2477 2413 2547 qttid
2443 2478 2601 2535 latrrc
2627 2480 2743 2549 quis
2768 2480 2955 2550 poterit
2998 2481 3055 2539 in
3084 2480 3430 2549 abscondita,
3478 2493 3529 2539 et
3552 2498 3649 2554 ego
3674 2497 3765 2541 non
3786 2482 3845 2534 ri-

2288 2570 2421 2646 debo
2462 2572 2621 2626 ctua?
2667 2570 2857 2631 Nomas
2882 2572 3067 2631 casiam
3092 2582 3149 2630 ct
3177 2584 3371 2639 terram
3419 2592 3517 2648 ego
3536 2576 3717 2646 unpleo
3743 2572 3845 2648 (Je-

2288 2684 2413 2724 rem.
2448 2685 2602 2734 nm,
2634 2669 2727 2736 25,
2754 2667 2902 2741 ﬂ)?
2939 2670 2997 2725 in
3029 2670 3151 2740 ipso
3182 2671 3329 2727 enim
3370 2686 3577 2729 omnes
3604 2685 3772 2727 sumus
3805 2676 3846 2724 et

2287 2777 2570 2819 moremur
2590 2763 2746 2837 (Act.
2776 2759 2943 2835 :vu).
2970 2764 3083 2819 Hoc
3110 2774 3296 2820 autem
3325 2764 3485 2833 dicit,
3518 2776 3577 2820 ut
3604 2763 3846 2821 Judaicutl

2284 2857 2578 2913 convincat
2604 2871 2877 2923 errorem,
2906 2856 2997 2926 qui
3020 2865 3217 2927 putant
3243 2857 3608 2923 invisibilent,
3632 2864 3684 2912 et
3703 2856 3850 2911 incor-

2286 2948 2551 3019 poralem,
2588 2959 2644 3004 et
2674 2947 3286 3017 inepmprchans'rbilem
3321 2949 3521 3017 Deum,
3555 2946 3744 3019 templo
3767 2945 3844 3002 leo

2286 3044 2520 3103 tusalern
2566 3057 2730 3113 posse
2757 3041 3028 3098 concludi.
3062 3040 3215 3109 Quod
3248 3041 3474 3115 quidam
3504 3052 3561 3098 ct
3588 3042 3699 3111 ipse
3725 3039 3851 3094 Salo-

566 3143 745 3200 adhuc
786 3143 972 3215 paleas
1005 3142 1305 3200 comedunt
1346 3143 1779 3214 Scripturarum,
1835 3160 1956 3214 quae
2001 3144 2179 3199 venti-
2211 3138 2257 3203 C
2291 3136 3099 3208 mon,oxstructur'l‘emp.ii,in
3125 3137 3378 3195 oratione
3402 3152 3504 3192 sua
3522 3135 3588 3191 ad
3603 3133 3847 3190 Dominum

564 3237 718 3293 labro
746 3235 961 3291 Domini
996 3252 1027 3291 a
1062 3237 1244 3291 tritico
1280 3245 1570 3301 separatae,
1620 3244 1787 3291 vento
1818 3235 2103 3290 tradentur
2129 3242 2185 3290 et

568 3333 824 3398 flammis,
855 3349 974 3404 qua:
1018 3332 1301 3389 beatitudo
1341 3333 1411 3387 sit
1440 3332 1784 3397 aestimanda,
1831 3341 1889 3385 nt
1935 3333 1989 3387 in
2034 3332 2184 3388 mille

566 3442 835 3482 annorum
870 3441 1061 3498 regno,
1089 3426 1140 3481 in
1163 3426 1294 3483 Sion
1321 3435 1527 3489 monte,
1558 3426 1780 3481 civitate
1798 3414 2012 3481 Christi
2046 3441 2186 3495 prae-

569 3521 741 3576 sentis
778 3519 1125 3584 Jcrusalcm;
1161 3529 1217 3575 et
1257 3519 1311 3573 in
1347 3519 1575 3590 Temple
1615 3518 2029 3589 augustissimo,
2070 3516 2181 3587 lupi

572 3621 627 3666 ct
658 3611 807 3680 agni,
837 3611 1030 3667 leones
1052 3620 1106 3665 et
1137 3611 1328 3675 boves,
1360 3621 1647 3680 serpentes
1668 3619 1723 3666 et
1744 3610 1999 3665 homines
2022 3611 2180 3665 simul

571 3703 881 3769 comedunt,
909 3706 1225 3773 pariterque
1255 3705 1709 3759 commercatur?
1751 3713 1806 3759 et
1842 3704 1929 3758 his
1960 3703 2065 3775 (At.
2102 3702 2178 3776 hi]

570 3803 778 3851 tantum
812 3795 1020 3849 innoxii
1055 3795 1182 3861 sint,
1207 3795 1297 3865 qui
1329 3794 1381 3848 in
1408 3806 1594 3851 monte
1619 3805 1811 3850 sancto
1833 3795 2047 3850 Domini
2079 3797 2173 3849 hac

572 3888 920 3943 bitaverint?
964 3886 1042 3942 Ex
1073 3902 1203 3959 .quo
1233 3886 1593 3958 intelligimus
1636 3903 1853 3953 omnes,
1886 3888 1976 3958 qui
2029 3895 2178 3943 extra

567 3989 809 4037 montem
853 3978 1080 4046 fuerint,
1128 3978 1479 4036 occidendos.
1514 3978 1816 4036 Nudabitur
1843 3996 1976 4053 ergo
2009 3980 2175 4051 lupis,

566 4074 817 4130 leonibus
836 4116 850 4137 ,
882 4074 1055 4141 ursis,
1082 4072 1267 4145 pardis
1290 4084 1454 4144 atque
1480 4074 1845 4145 serpentibus,
1878 4084 1933 4130 et
1963 4075 2178 4130 czcteris

567 4167 759 4222 bestiis
784 4167 1066 4222 universus
1088 4166 1237 4221 orbis
1263 4184 1277 4232 ;
1304 4176 1357 4222 ct
1390 4167 1642 4222 immensi
1673 4168 1865 4234 saltus,
1889 4175 1945 4223 et
1970 4167 2176 4240 Egyp-

567 4260 658 4315 tim
703 4259 929 4315 vastitas
959 4260 1292 4329 solitudinis,
1334 4277 1457 4331 quae
1498 4271 1891 4318 venenatorum
1931 4263 2175 4317 animan-

570 4354 703 4409 tium
755 4354 947 4409 fertilis
990 4361 1094 4421 est,
1152 4362 1209 4409 et
1257 4368 1355 4424 pro
1402 4369 1613 4410 summa
1667 4354 1924 4411 felicitate
1976 4355 2172 4412 civitas

564 4457 752 4505 sancta
785 4464 891 4503 non
921 4449 1097 4504 solum
1121 4447 1423 4513 hominum,
1452 4449 1552 4505 sed
1580 4460 1629 4504 et
1665 4447 1959 4504 bestiarum
2006 4460 2171 4521 atque

2290 3232 2555 3303 prolixius
2582 3230 2995 3305 confitctttrUH
3027 3231 3156 3303 Reg.
3184 3232 3336 3301 arm).
3366 3230 3450 3287 Ac
3470 3247 3542 3289 ne
3562 3229 3849 3286 arbitremur

2286 3328 2430 3384 (uelo
2460 3342 2673 3399 quoque
2701 3339 2756 3382 et
2774 3336 2921 3383 terra
2948 3327 3041 3382 Dei
3066 3326 3507 3397 magnitudinem
3534 3323 3847 3389 metiendant,

2287 3422 2338 3476 iu
2391 3422 2498 3479 alio
2527 3420 2647 3478 loco
2677 3420 2745 3477 de
2771 3436 2839 3476 eo
2867 3420 3099 3492 legimus
3125 3438 3141 3475 :
3172 3421 3270 3486 Qui
3297 3431 3435 3477 tenet
3462 3421 3650 3477 calum
3684 3419 3845 3491 palmo,

2285 3522 2333 3569 et
2360 3523 2548 3571 terram
2583 3513 2779 3586 pugillo
2805 3510 2971 3584 (leni.
3002 3528 3093 3579 se,
3131 3512 3197 3566 οἳ
3223 3513 3261 3579 ).
3293 3511 3402 3567 Per
3426 3529 3557 3582 quin
3577 3511 3845 3569 ostenditur

2288 3608 2429 3664 Deus
2452 3607 2621 3680 799
2638 3615 2691 3661 et
2718 3605 3049 3672 forinsecus,
3071 3614 3126 3661 et
3158 3605 3517 3668 intrinsecus,
3542 3616 3595 3661 et
3640 3602 3832 3664 inlusus,

2283 3709 2340 3755 et
2364 3700 2751 3760 circumfusus,
2779 3696 2909 3752 dum
2942 3705 3000 3752 et
3036 3697 3175 3751 solio
3202 3696 3486 3751 arnbiente
3516 3710 3625 3751 non
3652 3691 3843 3749 concita

2283 3792 2450 3857 ditur,
2483 3801 2539 3848 et
2562 3792 2768 3862 pugillo
2796 3788 3079 3846 concludit
3105 3803 3172 3843 ac
3198 3788 3406 3858 palmo.
3432 3788 3549 3855 Qui
3581 3803 3682 3841 non
3702 3785 3844 3839 solun

2281 3885 2407 3942 caeli
2436 3894 2493 3941 et
2515 3894 2706 3951 terrae,
2741 3884 2836 3940 sed
2866 3890 2926 3939 et
2949 3880 3305 3938 invisibilium
3341 3889 3570 3936 creator
3597 3889 3676 3936 est
3698 3876 3845 3945 Ange-

2280 3980 2478 4048 lorum,
2510 3987 2566 4035 et
2592 3977 3083 4048 Archangelorum,
3128 3973 3602 4039 nominationum,
3636 3972 3842 4027 Potesta-

2280 4082 2418 4140 tum,
2450 4081 2507 4128 et
2534 4084 2856 4129 cunctorum
2903 4070 3209 4135 hominum,
3241 4068 3310 4122 de
3340 4069 3548 4133 quibus
3590 4062 3844 4137 Apostolus

2280 4167 2522 4239 loquitur
2546 4165 2783 4239 (Colon.
2808 4167 2861 4235 ι)
2892 4182 2904 4218 :
2934 4178 3058 4235 quae
3080 4162 3260 4217 omnia
3294 4161 3393 4216 Dei
3424 4176 3629 4217 manus
3656 4164 3841 4227 operata

2276 4271 2380 4318 est.
2407 4262 2486 4316 De
2505 4278 2609 4331 qua
2630 4270 2691 4316 et
2710 4259 2815 4315 Job
2837 4267 2896 4317 et
2920 4258 3210 4314 Psalmista
3235 4262 3677 4312 commemorant
3707 4268 3719 4307 :
3753 4248 3841 4304 lla-

2275 4371 2373 4409 nus
2398 4365 2487 4409 tua
2513 4355 2634 4426 fecit
2659 4369 2759 4419 me,
2795 4362 2843 4407 et
2884 4352 3160 4425 plasmauit
3193 4366 3275 4405 me
3300 4348 3462 4424 (Job.
3500 4365 3568 4414 x,
3597 4348 3687 4411 18;
3730 4339 3841 4415 ρωι.

2272 4464 2461 4514 curru,
2492 4448 2619 4519 75).
2665 4447 2857 4501 Omnia
2900 4446 3047 4501 enim
3085 4460 3181 4514 per
3212 4444 3391 4514 ipsum
3450 4443 3593 4498 facta
3637 4438 3845 4503 sunt,et

563 4543 902 4615 serpentium
945 4543 1052 4598 erit
1102 4542 1493 4610 habitaculum,
1540 4552 1602 4597 ut
1626 4544 1776 4613 juxta
1823 4542 2170 4613 superiorem
2198 4531 2249 4592 D
2275 4541 2398 4598 sine
2422 4542 2540 4612 ipso
2570 4540 2774 4595 factum
2800 4548 2885 4594 est
2912 4538 3070 4594 nihil.
3106 4539 3179 4593 De
3204 4552 3316 4608 quo
3346 4551 3567 4591 rursum
3593 4536 3837 4589 Joannes:

566 4638 933 4710 prophetiam,
962 4637 1170 4693 habitet
1192 4637 1350 4708 lupus
1374 4653 1497 4693 cum
1530 4652 1693 4707 agno,
1727 4647 1780 4692 et
1814 4637 2017 4706 pardus
2043 4652 2167 4691 cum

562 4730 743 4800 hat-do,
772 4730 973 4786 vitulus
997 4738 1056 4785 et
1077 4729 1184 4795 leo,
1215 4740 1270 4785 et
1292 4745 1422 4785 oves
1447 4744 1571 4784 cum
1619 4730 1758 4785 ursis
1797 4729 1962 4784 simul
2005 4730 2169 4802 798

565 4835 849 4881 morentur
878 4827 896 4892 (
923 4822 1055 4878 leni.
1108 4824 1231 4893 xt);
1274 4832 1328 4877 et
1374 4837 1511 4891 puer
1543 4822 1799 4892 parvulus
1847 4830 2003 4892 regat
2045 4838 2165 4891 eos,

558 4924 615 4973 et
642 4917 821 4971 infans
845 4916 913 4969 ab
932 4916 1102 4970 ubere
1133 4916 1316 4968 mittat
1342 4929 1561 4968 manum
1588 4912 1645 4967 itt
1664 4912 1911 4968 foramen
1932 4913 2162 4982 aspidis,

557 5017 613 5064 et
647 5008 699 5062 in
745 5021 974 5061 caverna
1012 5019 1110 5060 sua
1142 5004 1435 5061 interﬁciat
1477 5006 1746 5077 regulum.
1780 5006 2063 5076 Causaque
2094 5007 2166 5062 sit

555 5108 721 5155 tanta;
745 5096 1052 5163 felicitatis,
1077 5097 1202 5168 quia
1227 5098 1435 5167 repleta
1456 5107 1543 5154 est
1560 5098 1739 5154 omnis
1763 5108 1905 5154 terra
1933 5100 2159 5155 scicntia

556 5191 794 5249 Domini.

620 5284 791 5356 (Cap.
853 5282 1280 5339 LXVI—Vers.
1334 5282 1429 5354 l.)
1471 5282 1601 5338 Herc
1650 5284 1778 5338 dicit
1846 5281 2155 5339 Dominus:

554 5379 748 5435 Caelum
769 5378 917 5435 sedes
941 5395 1083 5443 mea,
1112 5386 1161 5434 et
1205 5388 1342 5432 terra
1370 5378 1651 5433 embolium
1676 5379 1868 5450 pedum
1892 5396 2146 5435 meorum.

555 5476 685 5539 Qua:
708 5485 782 5529 est
809 5475 914 5528 ista
940 5473 1123 5528 dooms
1147 5488 1301 5545 quam
1322 5471 1651 5541 mdificabitis
1680 5473 1830 5540 mihi,
1860 5483 1911 5527 et
1937 5473 2053 5544 quis
2075 5481 2149 5527 est

2272 4634 2341 4689 In
2367 4633 2585 4702 mundo,
2620 4632 2714 4699 ait,
2740 4644 2886 4702 crat;
2923 4642 2972 4687 et
3010 4631 3233 4686 mundus
3264 4646 3355 4700 per
3396 4630 3574 4701 ipsum
3605 4631 3758 4697 factus
3782 4625 3843 4672 εει

2271 4726 2465 4799 (Ioan.
2490 4727 2566 4794 t).
2599 4723 2722 4796 Ipse
2759 4727 2905 4780 enim
2935 4724 3098 4789 dixit,
3125 4732 3182 4779 et
3215 4723 3355 4777 facta
3386 4729 3541 4784 sunt,
3580 4721 3693 4790 ipse
3713 4728 3845 4770 mu-

2268 4820 2435 4885 davit,
2469 4829 2524 4875 et
2551 4828 2735 4875 creata
2781 4829 2909 4874 sunt
2952 4815 3137 4889 (Psal.
3192 4814 3419 4887 sun).
3469 4815 3540 4869 Et
3578 4813 3679 4868 hoc
3720 4803 3843 4880 quod

2268 4915 2554 4987 Scriptura
2629 4914 2913 4971 Geneseos
2989 4913 3223 4985 mystico
3299 4924 3565 4967 sermone
3643 4906 3844 4962 demon-

2269 5016 2425 5077 strat,
2472 5008 2605 5062 dixit
2637 5006 2801 5075 Deus,
2850 5016 2908 5062 et
2958 5005 3079 5079 fecit
3121 5003 3261 5060 Deus
3305 5001 3530 5075 (Gener.
3571 4998 3644 5073 t).
3686 4993 3840 5050 Verbo

2268 5100 2414 5157 enim
2471 5100 2683 5156 Domini
2725 5099 2852 5157 caeli
2901 5096 3105 5153 ﬁrmati
3158 5103 3316 5163 sunt,
3376 5103 3436 5150 et
3498 5091 3694 5163 spiritu
3746 5083 3840 5141 oris

2264 5192 2384 5264 ejus
2433 5194 2611 5249 omnis
2656 5192 2833 5248 virtus
2887 5205 3102 5248 eorum.
3182 5189 3489 5259 Nullusque
3563 5185 3707 5240 locus
3769 5184 3841 5233 est

2261 5289 2617 5360 requietionis
2648 5288 2887 5353 Domini,
2922 5286 3025 5343 nisi
3066 5288 3173 5343 iste
3215 5298 3379 5356 quem
3430 5281 3699 5352 Propheta
3734 5271 3840 5330 sub-

2251 5384 2440 5441 nectit.

2324 5478 2505 5550 (Vers.
2533 5477 2591 5543 2,
2618 5476 2702 5547 5.)
2729 5476 2808 5531 Ad
2836 5491 2985 5547 quem
3006 5482 3175 5531 autem
3197 5472 3494 5543 respiciam,
3520 5466 3618 5523 nisi
3638 5465 3704 5517 ad
3726 5473 3837 5532 pa-

553 5568 651 5621 iste
694 5568 841 5621 locus
878 5567 1218 5638 reqttictionis
1249 5567 1416 5619 mea?
1442 5564 1638 5620 Omnia
1666 5566 1778 5621 nec
1804 5581 1992 5619 manus
2038 5580 2153 5621 mea
2256 5569 2523 5641 porculum
2563 5579 2609 5623 et
2638 5569 2922 5623 contritum
2956 5567 3174 5636 spiritu,
3197 5575 3247 5621 et
3277 5572 3582 5620 trementem
3600 5563 3831 5613 sermones

550 5660 694 5726 fecit,
718 5671 765 5715 et
793 5664 936 5734 facta
961 5669 1083 5715 sunt
1118 5660 1355 5715 universa
1390 5659 1511 5726 ista,
1541 5659 1667 5713 dicit
1699 5657 1973 5713 Dominus.
2008 5657 2153 5713 LXX
2257 5664 2432 5716 meos?
2452 5662 2555 5727 Qui
2587 5659 2823 5716 immolat
2850 5660 3051 5726 bovem,
3084 5660 3235 5727 quasi
3258 5659 3350 5728 qui
3366 5654 3653 5725 interﬁciat
3681 5641 3829 5702 nomi-

546 5750 820 5809 simiiiter.
856 5754 939 5812 Ne
970 5762 1215 5814 montem
1250 5760 1502 5812 sanctum
1537 5753 1973 5826 intelligeremus
1995 5754 2149 5819 Sion.

2260 5771 2393 5810 nent.
2446 5753 2551 5822 Qui
2577 5763 2763 5811 mactat
2793 5769 2971 5828 pecus,
3015 5752 3166 5824 quasi
3202 5751 3293 5822 qui
3332 5747 3634 5805 merebar
3653 5749 3824 5796 metu.
