3972 6338
519 259 627 316 655

1780 230 1839 287 S.
1885 223 2162 285 EUSEBII
2199 218 2578 280 lllEIlONYMI

3715 207 3809 267 656

515 371 734 427 soribus
761 366 894 431 suis,
926 363 994 416 de
1022 355 1221 428 quibus
1268 352 1471 422 primus
1518 347 1760 419 psalmus
1801 346 1961 416 juxta
2012 342 2121 398 He-
2146 342 2195 404 Α
2224 340 2475 397 centibtts
2504 351 2615 393 non
2645 332 3069 392 remaledicebat
3090 331 3145 402 (l
3176 329 3322 386 Petr.
3348 345 3382 385 ιι
3408 329 3467 400 ):
3499 335 3556 383 ct
3583 340 3812 431 pro-per-

514 465 695 519 brseos
751 456 896 514 canit
931 470 943 505 :
983 450 1046 503 Et
1086 450 1141 503 in
1178 445 1428 500 cathedra
1478 442 1758 498 illusorum
1795 454 1897 493 non
1933 435 2065 491 sedit
2095 451 2115 491 :

518 567 653 623 quos
691 546 969 617 appellant
1002 541 1361 612 Septuaginta
1414 534 1707 605 pestilentes
1730 548 1749 587 :
1776 530 1966 623 quales
1994 527 2114 623 fue-

518 618 641 697 runt
670 639 765 693 ﬁlii
798 637 907 703 Eli,
955 634 1049 689 lilii
1083 629 1434 704 pestilentiae,
1484 640 1583 697 pro
1609 638 1733 704 _qu_o
1765 624 1818 678 in
1848 618 2118 677 chraico

516 694 784 803 scriptum
832 694 919 786 est
956 694 1150 784 scatit.
1194 722 1321 797 [ΑΙ.
1370 694 1559 793 attat]
1589 694 1817 791 (barba),
1865 715 1969 770 hoc
2007 720 2116 780 est,

514 825 739 881 diaboli.
772 822 933 889 Quia,
970 816 1167 887 inquit,
1198 813 1397 882 vocavi,
1439 822 1486 867 et
1512 827 1615 866 non
1645 817 1757 864 erat
1784 808 1874 878 qui
1901 821 2116 875 respon-

516 920 660 973 deret
695 933 713 972 :
764 914 969 971 loculus
1014 927 1151 978 sum,
1184 921 1231 964 et
1271 925 1377 962 non
1429 904 1710 960 audierunt
1740 919 1759 957 :
1785 902 2118 972 feceruntque

515 1012 713 1065 malum
748 1010 804 1063 in
844 1007 1010 1063 oculis
1052 1004 1220 1060 meis:
1246 1012 1291 1057 et
1319 1015 1434 1071 qute
1455 996 1623 1065 nolui,
1661 995 1946 1067 elegerunt.
1969 990 2120 1060 Quos

515 1119 709 1160 versus
739 1099 983 1159 secundo
1032 1097 1183 1169 ponit
1227 1096 1283 1150 in
1325 1091 1585 1164 praesenti
1629 1089 1771 1157 loco,
1822 1095 1876 1142 et
1928 1097 2116 1154 supra,

515 1178 863 1252 ubi‘dicitur:
889 1190 943 1247 Ν
950 1188 1191 1245 umerobo
1214 1203 1301 1242 vos
1328 1188 1383 1240 in
1409 1182 1607 1257 gladio,
1632 1189 1679 1235 et
1703 1194 1880 1235 omnes
1906 1177 1961 1231 in
1980 1177 2121 1231 caede

514 1292 767 1345 corruetis
801 1302 821 1342 :
869 1286 991 1358 quia
1038 1283 1243 1349 vocavi,
1296 1290 1343 1335 et
1399 1295 1503 1333 non
1552 1273 1894 1347 respondistis
1933 1268 2113 1344 (Isai.

515 1398 641 1449 va,
679 1379 803 1454 12),
834 1389 890 1436 et
940 1388 1139 1434 ctetera
1187 1373 1462 1430 similiter.
1508 1368 1666 1438 Quod
1718 1366 2114 1431 testimonium,

512 1491 622 1548 quo
648 1489 817 1531 sensu
850 1473 1020 1543 accipi
1046 1471 1268 1536 debeat,
1310 1467 1383 1523 ibi
1422 1465 1630 1521 dictum
1661 1471 1764 1518 est.

585 1569 783 1643 (Vers.
815 1566 911 1638 5.)
942 1564 1132 1621 Audite
1158 1561 1367 1618 verbum
1396 1556 1631 1623 Domini,
1671 1554 1761 1624 qui
1791 1552 2010 1643 tremitis
2048 1551 2117 1605 ad

509 1677 797 1718 sermonem
867 1657 1084 1732 [Vulg.
1129 1651 1384 1724 verbum]
1422 1652 1554 1721 ejus.
1610 1646 1869 1701 Dixerunt
1926 1648 2114 1717 fratres

2219 432 2562 491 secutoribus
2579 430 2921 502 precabatur.
2949 426 3104 497 Quod
3132 434 3313 481 autem
3341 423 3631 496 praecipit:
3656 419 3812 476 Dicite

2218 525 2466 597 fratribus
2494 523 2671 578 vestris
2703 522 2720 592 (
2750 519 2942 576 Matth.
2974 535 3160 583 xxvttt,
3202 517 3270 572 10
3293 519 3335 587 ),
3364 530 3471 571 non
3493 511 3810 584 simpliciter

2219 617 2596 690 accipiendum
2629 624 2734 681 est,
2768 614 3010 685 alioquin
3059 611 3216 667 multi
3261 611 3455 664 fratres
3497 617 3725 671 vocant,
3766 617 3814 662 et

2220 712 2273 767 in
2303 709 2470 767 corde
2496 724 2604 765 non
2636 706 2875 763 retinent
2906 706 3254 771 cliaritatem,
3294 702 3363 758 de
3391 699 3593 773 quibus
3633 698 3811 754 scribit

2220 804 2511 876 Apostolus
2546 819 2560 857 :
2598 802 2759 857 Deunt
2787 800 3098 871 confitentur
3124 814 3179 853 se
3201 798 3353 865 scire,
3388 794 3630 867 operibus
3654 801 3811 847 autem

2221 905 2409 969 negant
2430 894 2451 968 (
2472 895 2574 951 Tit.
2609 911 2649 965 ι,
2681 894 2748 951 16
2769 893 2812 967 ).
2848 895 2924 948 De
2952 892 3150 965 quibus
3177 900 3233 947 et
3274 888 3541 945 Dominus
3563 885 3813 957 loqueba-

2223 1002 2309 1047 tur
2340 1012 2352 1046 :
2384 988 2507 1043 Non
2550 988 2720 1043 omnis
2764 987 2853 1058 qui
2883 986 3009 1040 dicit
3057 983 3229 1039 mihi:
3276 980 3519 1047 Domine,
3581 978 3812 1039 Domine,

2220 1081 2436 1136 intrabit
2463 1082 2517 1136 in
2537 1096 2750 1153 regnum
2777 1080 3062 1136 caelorum:
3094 1078 3186 1134 sed
3214 1077 3305 1147 qui
3342 1078 3471 1148 facit
3508 1074 3816 1129 voluntatem

2223 1174 2402 1229 Patris
2427 1172 2527 1228 mei
2563 1174 2654 1245 qui
2680 1174 2749 1228 in
2778 1173 2918 1228 caelis
2938 1172 3055 1242 est(
3086 1169 3277 1226 Matth.
3311 1184 3411 1236 vtt,
3456 1166 3593 1240 21).
3628 1165 3818 1237 Sicque

2220 1279 2368 1324 Stare
2391 1276 2571 1337 potest
2600 1266 2690 1321 illa
2713 1264 2988 1322 sententia
3014 1282 3028 1319 :
3062 1263 3236 1319 Nemo
3274 1261 3421 1332 dicit,
3448 1259 3712 1315 Dominus
3733 1257 3815 1314 le-

2219 1380 2332 1429 sus,
2361 1363 2463 1418 nisi
2502 1363 2557 1417 in
2586 1361 2794 1432 Spiritu
2823 1369 3005 1415 sancto
3028 1359 3048 1432 (
3070 1359 3093 1415 Ι
3114 1359 3237 1415 Cor.
3276 1372 3376 1427 xu,
3407 1355 3501 1430 5).
3528 1354 3668 1411 Nam
3698 1369 3814 1410 cum

2221 1457 2462 1514 haeretici
2484 1456 2675 1512 ’dicant
2702 1455 2990 1512 Dominum
3036 1454 3248 1521 Jesum,
3280 1461 3339 1509 et
3360 1451 3519 1508 multi
3549 1452 3604 1507 in
3634 1466 3812 1508 resur-

2219 1549 2464 1606 rectione
2483 1548 2681 1605 dicturi
2706 1556 2873 1604 sunt:
2899 1545 3140 1615 Domine,
3163 1562 3333 1602 nonne
3372 1545 3429 1601 in
3476 1546 3686 1600 nomine
3730 1554 3812 1599 tuo

2219 1641 2659 1715 prophetavimus,
2688 1654 2738 1696 et
2757 1642 2970 1697 virtutes
2998 1641 3191 1696 multas
3217 1639 3433 1712 fecimus
3455 1637 3695 1712 (Matth.
3722 1654 3816 1706 vn,

513 1757 670 1812 vestri
694 1755 781 1827 qui
810 1725 1175 1813 oderunt—vos,
1201 1756 1228 1785 κ
1253 1756 1300 1800 et
1322 1740 1634 1819 abjecerunt:
1664 1750 1881 1811 propter
1928 1753 2115 1793 nomen
2144 1725 2192 1787 Β
2218 1735 2290 1790 22
2312 1734 2332 1807 )
2357 1736 2381 1790 ἲ
2426 1734 2802 1805 Respondebit
2852 1733 2935 1790 eis
2977 1734 3237 1790 Dominus
3270 1750 3285 1787 :
3338 1732 3584 1789 Recedite
3631 1750 3665 1787 a
3713 1751 3815 1798 me,

510 1864 681 1903 meum
703 1862 723 1902 :
775 1844 1112 1915 Gloriﬁcetur
1141 1838 1419 1905 Dominus,
1447 1843 1495 1891 et
1523 1833 1812 1889 videbimus
1842 1832 1898 1885 in
1938 1828 2120 1884 latitia

509 1950 680 1995 vestra
703 1955 722 1993 :
750 1937 852 2008 ipsi
872 1945 1045 1991 autem
1068 1931 1469 2002 confundantur.
1496 1925 1670 1982 LXX:
1695 1925 1888 1979 Audite
1911 1921 2119 1977 verbum

511 2030 746 2098 Domini,
775 2032 862 2103 qui
914 2028 1132 2083 tremitis
1171 2037 1458 2079 sermonem
1487 2024 1622 2095 ejus.
1666 2018 1838 2074 Dicite
1865 2015 2118 2089 fratribus

509 2125 714 2190 vestris,
766 2121 855 2192 qui
896 2120 1117 2175 oderunt
1149 2133 1259 2184 vos,
1313 2125 1359 2170 et
1416 2112 1784 2169 abominantur
1826 2119 1881 2164 ut
1932 2124 2118 2165 nomen

511 2212 830 2285 gloriﬁcetur
858 2209 1111 2265 Domini:
1135 2218 1183 2263 et
1232 2214 1484 2278 appareat
1516 2206 1571 2258 in
1604 2202 1788 2257 ltetitia
1820 2216 2040 2255 eorum:
2071 2208 2117 2253 et

510 2302 590 2358 illi
613 2302 1000 2373 confundantur
1032 2299 1155 2373 [AL
1188 2294 1634 2369 confundantur].
1661 2293 1740 2349 De
1759 2293 1959 2364 quibus
1988 2300 2117 2347 ante

506 2398 621 2468 jam
659 2396 878 2453 dixerat
907 2414 920 2449 :
951 2394 1126 2465 Super
1162 2407 1313 2464 quem
1340 2390 1641 2460 respiciam,
1675 2387 1777 2441 nisi
1821 2401 1979 2454 super
2020 2384 2116 2438 Itu-

512 2488 687 2544 milem
717 2497 762 2543 et
793 2488 1044 2559 quietum,
1075 2495 1125 2540 et
1166 2492 1463 2539 trementem
1488 2494 1748 2535 sermones
1777 2477 1959 2531 meos?
1985 2474 2118 2546 ipsis

458 2640 469 2650 ,
512 2582 760 2653 prmcipit
813 2588 894 2646 ut,
953 2577 1289 2646 contemptis
1335 2573 1574 2629 victimis
1632 2570 1992 2635 Julia-orum,
2061 2576 2117 2622 et

509 2674 659 2730 omni
719 2672 1044 2728 Scribarum
1110 2683 1175 2723 ac
1242 2665 1650 2721 Pharisaorum
1731 2672 1946 2715 tumore
2020 2657 2114 2713 dc-

512 2776 733 2834 specto,
767 2770 1049 2818 transeant
1086 2758 1154 2814 ad
1200 2759 1322 2829 ejus
1350 2756 1583 2821 cultum,
1616 2768 1779 2827 quem
1824 2761 2110 2808 vocantem

514 2860 595 2913 illi
622 2856 815 2913 audire
839 2855 1160 2922 noluerunt,
1191 2862 1356 2923 atque
1383 2854 1856 2919 contempserunt.
1878 2853 1937 2901 et
1965 2844 2110 2901 fece-

508 2960 639 3007 runt
667 2949 869 3006 malum
891 2949 944 3004 in
967 2954 1266 3016 conspectu
1293 2944 1431 3015 ejus.
1456 2942 1568 2999 Nec
1594 2942 1697 2997 hoc
1713 2948 2110 3011 praeceptorum

2223 1830 2393 1885 nescio
2422 1845 2533 1900 vos,
2565 1824 2791 1896 operarii
2810 1828 3119 1900 iniquitatis.
3159 1826 3302 1899 Ergo
3328 1826 3540 1894 dicere,
3572 1842 3682 1883 non
3705 1843 3816 1884 ser-

2222 1939 2405 1991 mone,
2429 1923 2521 1994 qui
2551 1920 2726 1978 facilis
2751 1932 2858 1990 est,
2904 1920 3000 1978 sed
3030 1920 3228 1977 alfectu
3279 1927 3338 1976 et
3382 1920 3645 1991 operibus
3672 1936 3814 1977 com-

2221 2017 2499 2089 probatur.
2534 2016 2611 2073 Ex
2636 2014 2837 2089 quibus
2864 2013 3149 2078 discimus,
3181 2013 3434 2072 eumdem
3465 2027 3593 2070 esse
3623 2014 3817 2069 utrius-

2219 2126 2326 2181 que
2365 2110 2704 2166 Testamenti
2733 2108 3024 2165 Dominum
3055 2108 3146 2180 qui
3184 2107 3452 2177 prtecipit,
3489 2117 3549 2163 ut
3593 2107 3639 2163 si
3669 2107 3816 2164 vide-

2220 2203 2393 2259 rimus
2438 2199 2746 2273 jumentum
2801 2201 3013 2258 inimici
3071 2201 3242 2258 nostri
3293 2199 3493 2258 cadere
3521 2201 3628 2256 sub
3655 2215 3815 2258 onere

2219 2308 2341 2364 auo,
2392 2310 2499 2349 non
2535 2304 2904 2361 transeamus,
2956 2293 3057 2351 sed
3106 2293 3355 2351 levemus
3387 2309 3511 2350 cum
3541 2309 3631 2363 eo,
3680 2304 3736 2350 et
3772 2294 3813 2350 si

2219 2388 2410 2444 bovem
2439 2398 2533 2444 aut
2557 2389 2771 2444 asinum
2793 2388 3168 2445 invenerimus
3194 2398 3497 2455 errantem,
3528 2389 3815 2445 reddamus

2217 2480 2270 2535 ei
2300 2480 2476 2549 (Luc.
2508 2498 2599 2547 xv,
2634 2479 2828 2536 Matth.
2859 2481 3042 2553 xvttt).
3095 2481 3223 2537 litvo
3251 2481 3407 2553 juxta
3449 2481 3619 2538 LXX.
3654 2483 3813 2539 Porro

2211 2573 2366 2645 juxta
2391 2573 2740 2643 Hebraicum,
2785 2574 2873 2631 hic
2906 2575 3037 2631 mihi
3068 2590 3266 2632 sensus
3294 2574 3547 2631 videtur:
3595 2575 3809 2644 Audite,

2214 2668 2484 2739 Apostoli,
2519 2668 2728 2737 audite,
2753 2669 3010 2740 discipuli
3040 2670 3169 2740 mei,
3201 2669 3298 2741 qui
3326 2669 3564 2727 tremitis
3590 2671 3809 2727 verbum

2215 2760 2453 2824 Domini,
2481 2760 2711 2817 narrabo
2732 2760 2859 2833 quid
2884 2761 3122 2818 dixerint
3144 2762 3340 2820 fratres
3372 2764 3537 2820 vestri
3567 2765 3661 2835 qui
3686 2764 3812 2822 ode~

2213 2860 2361 2920 runt,
2394 2860 2449 2909 et
2478 2862 2733 2924 separant
2771 2868 2888 2920 vos,
2943 2862 2999 2908 et
3045 2854 3378 2911 arbitrantur
3429 2856 3666 2925 alienos,
3709 2873 3808 2915 non

2215 2951 2440 3015 propter
2484 2944 2626 3001 mala
2673 2952 2896 3011 vestra;
2943 2946 3039 3002 sed
3090 2957 3316 3018 propter
3359 2963 3561 3006 nomen
3607 2966 3806 3016 meum,

508 3045 616 3099 line
633 3050 925 3098 contentus
950 3050 1062 3106 est,
1092 3037 1190 3095 sed
1213 3038 1446 3107 imperat
1472 3036 1552 3091 eis
1580 3032 1899 3089 mandatum
1925 3030 2113 3086 Evan-
2140 3069 2178 3116 ὲ
2212 3034 2306 3106 qui
2357 3036 2672 3092 immundos
2707 3038 3026 3093 existimant
3062 3048 3289 3096 cunctos
3314 3040 3486 3116 θοι
3531 3042 3602 3099 de
3632 3059 3727 3099 sua
3756 3044 3806 3099 in

502 3135 631 3205 gelii
664 3133 824 3208 (an.
858 3134 974 3204 vt),
1010 3102 1070 3187 ut
1090 3102 1323 3202 diligant
1375 3126 1630 3183 inimicos
1679 3140 1833 3191 suos,
1884 3121 2108 3179 benefa-
2134 3102 2180 3166 Ο
2214 3102 2300 3182 me
2326 3134 2489 3198 gente
2525 3126 2835 3199 credentes,
2875 3138 2930 3186 et
2968 3130 3161 3187 dicunt
3194 3149 3208 3186 :
3252 3102 3481 3188 1:551?
3482 3150 3517 3189 a
3561 3152 3662 3205 me,
3694 3136 3807 3207 quia

500 3229 650 3282 ciant
672 3226 757 3282 his
784 3226 874 3298 qui
902 3225 1143 3281 oderunt
1166 3238 1247 3292 se,
1271 3230 1328 3278 et
1348 3228 1510 3276 orent
1533 3234 1633 3290 pro
1662 3214 2108 3290 persecutoribus

499 3317 637 3385 suis,
671 3329 727 3375 et
757 3319 1044 3374 imitentur
1072 3314 1421 3372 clementiam
1454 3310 1654 3376 Patris,
1684 3309 1778 3380 qui
1818 3306 1950 3364 oriri
1980 3306 2109 3362 facit

503 3415 676 3471 solem
730 3428 886 3469 suum
919 3426 1086 3483 super
1108 3409 1289 3479 justos
1321 3416 1375 3462 et
1401 3405 1634 3476 injustos
1681 3421 1694 3456 :
1752 3400 1822 3458 Ut
1851 3401 2105 3468 videntes,

502 3509 700 3579 inquit.
724 3524 879 3578 opera
910 3515 1101 3572 vestra,
1125 3502 1417 3575 glorificent
1454 3497 1670 3552 Patrem
1689 3504 1916 3551 vestrum
1945 3494 2031 3562 qui
2052 3493 2107 3547 in

513 3601 652 3653 (telis
690 3606 765 3653 est
795 3595 1029 3667 (Matth.
1064 3610 1122 3655 v,
1158 3592 1287 3664 l6).
1332 3589 1488 3657 Quod
1522 3597 1651 3659 post
1678 3586 1996 3658 generalem
2026 3585 2108 3640 in-

504 3688 860 3757 telligentiam
912 3684 941 3723 b
994 3682 1308 3754 specialiter
1357 3678 1633 3749 Apostolis
1684 3676 2003 3748 praccipitur
2052 3682 2110 3729 et

497 3775 818 3848 apostolicis
862 3775 1015 3841 viris,
1076 3784 1135 3827 ut
1178 3772 1409 3842 diligant
1456 3769 1677 3825 Judazos
1725 3776 2107 3837 persecutores

498 3887 652 3939 suos,
683 3882 737 3926 et
768 3884 867 3927 eos
896 3869 987 3939 qui
1020 3882 1080 3924 se
1119 3864 1538 3932 abominantur,
1584 3862 1639 3917 in
1698 3862 1822 3917 loco
1874 3860 2106 3916 fratrum

501 3964 759 4027 habeant,
782 3961 1034 4017 dicentes
1060 3973 1186 4015 cum
1229 3957 1392 4013 Petro
1419 3975 1432 4010 :
1478 3954 1586 4010 Viri
1616 3954 1806 4025 fratres
1837 3961 1885 4008 et
1910 3967 2104 4024 patres,

503 4055 668 4129 803
705 4055 915 4121 audite;
952 4063 1010 4110 et
1050 4050 1219 4108 Paulo
1264 4048 1566 4122 apostolo:
1598 4046 1834 4101 Tristitia
1857 4044 1983 4101 mihi
2006 4054 2101 4113 est,

498 4158 548 4203 et
586 4148 861 4201 continuus
894 4144 1044 4199 dolor
1090 4142 1237 4198 cordi
1275 4158 1390 4197 meo
1431 4156 1526 4209 pro
1556 4139 1808 4212 fratribus
1847 4138 1974 4194 meis
2014 4140 2106 4210 qui

499 4246 619 4291 sunt
658 4234 919 4291 Israelita:
942 4234 1134 4308 (gRom.
1164 4251 1241 4303 ts,
1274 4232 1372 4306 ἓ).
1401 4232 1751 4290 Glorilicatur
1778 4242 1963 4288 autem
2006 4246 2107 4288 no-

501 4344 629 4383 tnen
655 4326 892 4391 Domini,
916 4325 1132 4397 quando
1146 4324 1383 4381 videt-int
1407 4325 1657 4380 homines
1681 4332 2102 4395 persecutorum

2207 3218 2511 3275 immundus
2531 3237 2605 3275 es.
2635 3220 2775 3288 Quid
2806 3237 2936 3293 ergo
2961 3231 3048 3279 est
3083 3223 3231 3294 quod
3280 3240 3380 3282 eos
3426 3225 3637 3283 dixisse
3665 3242 3807 3285 com-

2209 3322 2479 3369 memorat
2508 3330 2522 3367 :
2557 3312 2895 3383 Glorificetur
2923 3314 3201 3387 Dominus,
3233 3327 3280 3373 et
3308 3318 3598 3376 videbimus
3640 3325 3693 3377 in
3714 3323 3801 3378 lat-

2210 3405 2327 3459 titia
2353 3404 2744 3475 vestra?Cujus
2770 3407 3030 3464 versiculi
3053 3407 3142 3464 hic
3172 3424 3365 3466 sensus
3394 3420 3479 3467 cst
3503 3430 3517 3466 :
3545 3412 3686 3482 Quid
3715 3429 3803 3470 no-

2210 3498 2294 3553 bis
2321 3498 2579 3554 humilem
2627 3498 2972 3555 introducitis
3004 3500 3211 3557 Deum?
3237 3502 3368 3573 quid
3408 3505 3727 3561 crucifixum
3749 3513 3800 3562 et

2207 3588 2381 3645 virum
2414 3590 2686 3659 dolorum,
2716 3600 2773 3647 et
2823 3590 3089 3649 scientem
3130 3592 3275 3649 ferre
3302 3594 3687 3652 inﬁrmitates?
3712 3611 3800 3651 vo—

2208 3681 2388 3738 lumus
2417 3698 2542 3740 eum
2574 3684 2629 3739 in
2656 3699 2753 3741 sua
2778 3682 2798 3756 (
2822 3693 2881 3739 ut
2923 3683 3148 3757 dicitis)
3179 3686 3466 3757 majestate
3492 3689 3799 3760 conspicere

2209 3782 2561 3844 regnantem:
2594 3775 2959 3846 suspiciemus
2981 3786 3039 3833 et
3060 3776 3115 3833 in
3146 3792 3239 3832 sua
3262 3777 3435 3849 gloria
3469 3779 3799 3852 triumphan-

2210 3876 2348 3933 tem,
2380 3866 2642 3923 humilem
2671 3876 2837 3939 atque
2862 3868 3136 3939 dejectum
3157 3868 3343 3925 videre
3362 3885 3471 3926 non
3496 3885 3794 3941 possumus.

2210 3958 2513 4028 Statimque
2558 3957 2768 4015 infert:
2803 3957 2917 4031 Ipsi
2942 3969 3117 4014 autem
3162 3960 3578 4031 confundentttr.
3608 3961 3796 4017 subau-

2174 4097 2188 4116 ,
2208 4050 2377 4117 ditur,
2402 4049 2494 4121 qui
2526 4050 2830 4120 loquuntur
2860 4051 3011 4120 talia,
3041 4053 3135 4124 qtti
3169 4067 3275 4110 non
3308 4053 3631 4125 intelligunt
3662 4069 3797 4126 myso

2208 4143 2346 4199 teria
2397 4142 2833 4212 Scripturarum,
2892 4144 3165 4217 malisque
3224 4146 3341 4202 suis
3390 4147 3641 4204 sentient
3690 4148 3797 4219 ejus

2211 4236 2533 4304 potentiam,
2561 4250 2725 4306 quem
2760 4250 2862 4305 pro
2890 4236 3207 4294 humilitate
3232 4246 3714 4309 contempserant.

2282 4326 2465 4400 (Vers.
2496 4327 2579 4393 θ.)
2614 4328 2732 4384 νοω
2757 4328 2948 4402 [ναις.
2982 4329 3198 4403 populi]
3225 4331 3468 4401 fremitus
3490 4334 3562 4390 de
3577 4312 3793 4402 civitate,

497 4420 763 4477 ferociam
810 4427 997 4476 nostra
1056 4417 1236 4490 frangi
1276 4416 1563 4489 patientia,
1614 4425 1672 4472 ct
1722 4416 2099 4473 verberantem
2124 4486 2167 4493 _
2206 4438 2304 4478 υοω
2330 4422 2393 4477 de
2442 4422 2680 4493 Tempta,
2728 4438 2827 4478 υοω
2856 4422 3071 4480 Domini
3113 4425 3377 4481 ηαάεηιίε
3416 4428 3795 4485 retribuam,"

498 4535 742 4585 manum,
772 4516 1001 4573 alterius
1039 4515 1198 4571 make
1226 4486 1558 4570 obversione
1577 4511 1857 4570 confundi.
1893 4512 2101 4581 Quibus
2124 4486 2177 4548 D
2203 4515 2429 4572 inimicis
2457 4486 2588 4570 suis:
2612 4486 2757 4570 LXX
2786 4530 2884 4585 pro
2905 4516 3135 4585 fremitu,
3169 4518 3448 4574 clamorem
3471 4530 3793 4591 posuerunt,

501 4616 555 4667 in
579 4611 876 4682 Evangelia
906 4606 1473 4681 prmeipiturzLuceat
1520 4608 1691 4662 lumen
1740 4613 1963 4661 vestrum
2010 4621 2100 4659 co-

495 4724 609 4762 ram
652 4704 971 4770 hominibus,
1004 4713 1061 4758 ut
1088 4702 1313 4758 videntes
1342 4706 1473 4756 bona
1503 4718 1659 4774 opera
1715 4709 1900 4769 vestra,
1929 4698 2097 4771 glori-

495 4801 648 4869 ficent
679 4798 894 4856 Patrem
915 4810 1137 4854 vestrum
1160 4797 1251 4869 qui
1282 4796 1336 4850 in
1362 4796 1503 4851 caelis
1530 4805 1604 4850 est
1626 4793 1844 4864 (Matth.
1875 4809 1930 4861 v,
1963 4792 2052 4865 16)
2080 4810 2094 4859 ;

496 4904 551 4949 et
588 4893 642 4948 in
672 4891 1001 4964 Apocalypsi
1030 4890 1296 4947 Joannis:
1330 4887 1530 4943 Timete
1570 4886 1759 4953 Deum,
1803 4894 1852 4941 et
1890 4886 2015 4943 date
2049 4887 2098 4941 ei

489 4985 711 5057 gloriam
761 4985 958 5056 (Apoc.
1012 5000 1123 5054 λιν,
1166 4984 1263 5055 7).
1297 4982 1501 5039 Paulus
1521 4996 1739 5051 quoque
1779 4981 1969 5036 scribit
2023 4980 2093 5036 ad

489 5074 827 5145 Corinthios,
888 5090 1190 5146 provocans
1244 5089 1340 5131 eos
1397 5075 1464 5130 ad
1517 5074 1916 5130 continentiam
1963 5091 1977 5128 :
2023 5074 2094 5130 Ut

486 5169 793 5242 glorificetis
825 5168 982 5224 Deum
1008 5169 1062 5223 in
1086 5184 1301 5237 corpore
1322 5176 1490 5222 vestro
1515 5166 1720 5239 (lCor.
1750 5181 1826 5237 vr,
1855 5166 1928 5223 20
1950 5165 1992 5239 ).
2023 5166 2093 5223 Et

486 5277 706 5319 rursum
732 5279 744 5317 :
770 5260 893 5319 Sive
918 5259 1208 5325 comeditis,
1230 5260 1337 5313 sive
1360 5257 1556 5324 bibitis,
1583 5261 1759 5314 omnia
1787 5260 1841 5314 in
1871 5259 2093 5332 gloriam

486 5356 587 5412 Dei
626 5357 781 5430 facite
809 5354 870 5428 (l
897 5353 1017 5411 Cor.
1053 5370 1105 5424 χ,
1135 5353 1200 5410 51
1226 5352 1267 5423 ).
1293 5351 1452 5409 Unde
1477 5360 1535 5408 et
1576 5352 1840 5410 Dominus
1865 5355 2094 5411 maledi-

567 5531 594 5558 ει
625 5520 912 5595 Abjiciunt,
952 5515 1447 5595 inquitﬂictorius,
1477 5530 1584 5570 non
1601 5515 1895 5595 objecerunt
1917 5515 2103 5585 legen-

497 5593 625 5645 dum
654 5586 741 5645 cit
760 5630 777 5654 ,
809 5605 933 5643 nam
968 5598 1024 5645 et
1052 5588 1281 5657 Vulgata
1310 5586 1477 5642 editio
1507 5586 1694 5641 servat
1725 5587 1827 5641 hoc
1859 5596 2095 5657 tempus.

496 5663 623 5714 ilutu
648 5661 807 5729 legit:
827 5657 1089 5715 Dixerunt
1117 5656 1722 5730 fratrest'estriodientes
1750 5667 1936 5730 vos,_et
1965 5656 2101 5730 abji-

495 5732 683 5788 cientes
708 5727 928 5798 propter
950 5727 1134 5784 nomen
1160 5743 1348 5784 meum.
1375 5728 1437 5783 Et
1465 5728 1826 5800 llieronyntus
1850 5727 1976 5784 dum
1998 5727 2095 5794 ait,

2201 4619 2257 4667 et
2279 4617 2478 4666 caetera
2507 4608 2784 4665 similiter.
2827 4609 3093 4668 Volumus
3138 4611 3280 4669 scire
3307 4628 3432 4684 qua:
3453 4614 3527 4670 sit
3552 4614 3796 4673 confusio

2199 4702 2537 4771 Judazorum,
2564 4701 2659 4772 qui
2687 4702 2988 4760 dixerunt:
3019 4703 3376 4762 Glorilicetur
3422 4705 3711 4772 Dominus,
3740 4716 3798 4762 ut

2199 4806 2445 4853 vestram
2474 4794 2722 4851 laetitiam
2750 4794 3059 4862 videamus,
3087 4806 3146 4853 et
3165 4796 3477 4868 triumphos
3502 4798 3653 4870 regis
3681 4812 3798 4854 ves-

2197 4890 2292 4954 tri,
2321 4902 2662 4960 nequaquam
2716 4872 3431 4960 cassis‘promissionibus,
3481 4893 3582 4950 sed
3623 4894 3796 4951 oculis

2193 4980 2651 5049 contemplemur.
2714 4981 2849 5051 Vox,
2907 4983 3108 5056 inquit,
3158 4984 3401 5041 clamoris
3439 4986 3507 5041 de
3551 4988 3793 5043 civitate:

2192 5073 2337 5130 haud
2354 5072 2582 5130 dubium
2604 5075 2741 5147 quin
2757 5074 3066 5134 Jerusalem
3082 5076 3352 5150 significet
3365 5077 3621 5137 Romano
3640 5096 3794 5139 exer-

2190 5170 2301 5225 citu
2333 5168 2753 5237 circumdatam,
2783 5179 2839 5227 et
2884 5170 2939 5226 in
2989 5181 3103 5229 tres
3129 5180 3314 5242 partes
3344 5171 3492 5229 intus
3522 5175 3793 5232 seditione

2192 5260 2450 5329 divisam,
2480 5261 2701 5333 quando
2730 5276 2878 5319 unus
2903 5256 3194 5335 Templum
3220 5262 3484 5331 obtinuit,
3509 5275 3573 5323 et
3608 5266 3787 5323 omnia

2193 5354 2345 5425 prius
2374 5364 2563 5411 sancta
2591 5354 2857 5425 possedit,
2881 5354 3192 5413 forinsecus
3241 5368 3432 5414 contra
3465 5356 3677 5429 hostes,
3708 5358 3787 5416 iac

2211 5514 2318 5586 Qui
2338 5513 2588 5583 oderunt,
2617 5523 2664 5569 et
2690 5523 2936 5585 separant
2973 5531 3079 5571 vos.
3105 5515 3162 5571 in
3192 5529 3354 5586 quem
3383 5529 3607 5573 sensum
3644 5515 3783 5574 LXX

2208 5585 2429 5649 habent,
2450 5588 2552 5654 Qui
2579 5588 2799 5641 oderunt
2819 5602 2927 5652 vos,
2969 5595 3027 5641 et
3043 5586 3426 5642 abominantur.
3450 5586 3562 5642 Nec
3589 5588 3779 5642 mirum

2206 5670 2328 5728 cum
2347 5658 2432 5728 sic
2461 5673 2676 5726 quoque
2703 5657 2756 5712 in
2788 5656 3060 5714 Hebraico
3085 5658 3518 5728 legatum
3546 5662 3774 5715 tam.

2275 5725 2302 5764 ι’
2329 5725 2601 5800 Corrupte
2629 5736 2787 5784 antea
2810 5739 2927 5785 erat
2947 5725 3287 5802 spiritualiter
3313 5744 3410 5800 pro
3430 5728 3737 5802 specialiter.
