3972 6386
178 404 287 462 657

664 404 1313 465 COMMENTARIORUM
1354 404 1419 462 ΙΝ
1458 404 1693 463 ISAIAM
1738 407 2160 470 PROPHETAM
2198 408 2330 468 LIB.
2372 403 2566 462 XVIII.
2603 398 2760 458 CAP.
2801 395 2989 457 LXVI.

3376 382 3483 443 658

175 521 459 578 trinsecus
495 530 685 577 contra
716 521 864 577 cives
909 521 1198 577 dimicans.
1252 521 1332 577 Eo
1360 530 1604 592 tempore
1632 533 1689 579 et
1719 522 1773 578 in
1803 532 1857 592 Α
1882 527 2088 602 (Num.
2122 525 2321 597 xxvii),
2351 524 2455 579 hoc
2486 517 2945 577 considerandum
2978 519 3101 581 est,
3134 508 3279 583 quod
3324 514 3481 602 pater

176 614 343 681 urbe,
368 625 426 671 et
455 613 508 670 in
539 613 793 684 Temple,
827 622 937 669 tam
961 612 1308 669 sacerdotum
1340 622 1397 670 et
1439 613 1777 680 Levitarum,

175 723 346 779 quam
395 706 541 778 vulgi
590 707 874 779 ignobilis,
918 707 1324 779 mulierumque
1370 723 1435 764 ac
1482 722 1781 779 puerorum

177 797 421 853 ululatus
454 796 673 854 auditus
699 808 805 865 est,
854 799 1077 870 quando
1115 798 1355 855 reddidit
1406 798 1668 855 Dominus
1695 815 1780 855 re-

168 887 535 946 tributionem
567 889 804 945 inimicis
834 891 971 960 suis,
1018 890 1257 961 impleas
1298 891 1780 947 comminationem

172 988 282 1050 qua
321 982 576 1038 dixerat:
607 979 953 1051 Relinquetur
982 983 1123 1037 vobis
1150 984 1333 1037 domus
1371 991 1538 1038 vestra
1579 983 1782 1038 deserta

173 1072 353 1146 (Luc.
388 1088 503 1139 stu,
531 1072 668 1145 35);
700 1084 757 1130 et
785 1073 936 1129 illam
972 1075 1316 1145 prophetiam
1344 1093 1357 1130 :
1393 1074 1662 1147 Dereliqui
1687 1077 1782 1130 do-

173 1181 320 1219 mum
352 1181 540 1220 meam.
571 1164 806 1235 Quando
849 1167 1112 1237 praesides
1152 1168 1343 1239 templi
1391 1184 1635 1225 consona
1665 1168 1781 1224 An-

169 1258 283 1329 geli
313 1272 450 1315 voce
497 1257 760 1314 dixerunt
793 1277 806 1314 :
841 1258 1186 1317 Transeamus
1232 1279 1296 1316 ex
1323 1262 1402 1316 his
1445 1262 1669 1320 sedibus.
1702 1262 1781 1319 De

169 1344 376 1415 quibus
406 1353 434 1385 ι
463 1358 571 1401 non
609 1346 788 1402 solum
810 1346 1112 1417 Iosephus,
1140 1347 1384 1404 Judaicm
1404 1349 1640 1419 scriptor
1668 1347 1783 1405 bis-

165 1438 353 1506 toriae,
385 1437 483 1493 sed
509 1438 702 1495 multis
749 1440 902 1511 prius
934 1440 1151 1498 saeculis
1178 1440 1468 1497 Psalmista
1520 1450 1780 1510 testatur,

163 1527 364 1584 dicens
392 1546 407 1583 :
448 1527 568 1584 Vidi
592 1532 916 1602 iniquitatem
938 1542 988 1588 et
1008 1534 1474 1590 contradictionem
1499 1537 1553 1589 in
1576 1536 1782 1591 civitate

162 1619 351 1692 (Psal.
384 1638 493 1692 Liv,
522 1622 655 1695 l0),
685 1640 805 1694 qua:
846 1627 1211 1685 circumdedit
1254 1645 1444 1686 muros
1490 1630 1610 1700 ejus
1663 1639 1777 1687 tota

158 1714 257 1771 die
283 1723 339 1769 et
370 1724 482 1771 tota
512 1724 693 1783 nocte,
728 1717 800 1773 ita
833 1727 894 1773 ut
917 1718 1329 1776 subverteretur
1354 1722 1549 1777 civitas
1572 1722 1773 1796 (Mica.

154 1822 224 1863 ιιι
247 1808 294 1880 ),
321 1816 380 1863 et
404 1807 736 1878 impleretur
763 1809 912 1866 aliud
944 1811 1292 1868 vaticinium:
1319 1813 1452 1869 Sion
1477 1816 1627 1886 quasi
1655 1831 1779 1889 ager

1884 599 2071 677 earum
2102 622 2155 676 in
2187 626 2415 692 peccato
2435 628 2535 671 suo
2562 621 2815 668 mortuus
2841 610 2932 675 sit,
2960 605 3052 679 qui
3076 602 3284 659 nullum
3312 599 3482 655 ﬁlium

1882 716 2107 785 genuit,
2133 724 2190 770 et
2227 712 2442 784 Moyses
2488 707 2626 764 nihil
2671 718 2838 775 super
2882 701 2964 758 eis
3004 712 3168 754 ausus
3200 693 3363 750 luerit
3399 692 3490 761 ju-

1884 808 2089 875 dicare,
2122 806 2219 862 sed
2249 804 2437 861 retulit
2486 801 2554 856 ad
2589 799 2877 855 Dominum
2904 839 2919 862 ,
2949 793 3042 864 qui
3066 805 3161 848 eas
3194 803 3265 845 ne
3296 789 3487 857 inopes

1887 905 2313 970 permanerent,
2354 896 2517 965 jussit
2570 890 2827 947 fratribus
2883 884 3147 956 copulari.
3204 879 3484 937 Geneseos

1884 1005 2100 1061 quoque
2129 996 2321 1044 narrat
2346 986 2489 1041 liber
2518 984 2670 1057 (Cap.
2689 979 2786 1051 vi),
2818 975 2963 1049 quod
2991 984 3275 1047 postquam
3297 981 3479 1040 cmpe-

1884 1091 2013 1138 runt
2045 1081 2298 1137 homines
2319 1077 2474 1134 multi
2504 1074 2640 1141 ﬁeri,
2667 1073 2759 1145 qui
2791 1083 3053 1126 numerus
3076 1078 3296 1134 semper
3318 1064 3373 1116 in
3405 1061 3485 1114 vi-

1886 1173 1962 1227 tio
1985 1181 2089 1237 est,
2117 1184 2172 1227 et
2198 1172 2323 1227 ﬁlia:
2342 1170 2426 1227 eis
2457 1177 2599 1224 natae
2628 1173 2776 1232 sunt,
2809 1167 3139 1230 acceperunt
3164 1171 3286 1224 eas,
3316 1152 3484 1227 806

1884 1278 1991 1318 non
2018 1261 2231 1334 Angeli,
2264 1260 2362 1316 sed
2396 1258 2492 1314 ﬁlii
2520 1257 2640 1324 Dei,
2672 1254 2742 1311 de
2768 1252 2967 1324 quibus
2998 1251 3102 1304 orti
3130 1256 3260 1303 sunt
3297 1250 3488 1317 gigan-

1886 1365 1967 1411 tes
1998 1373 2012 1410 :
2055 1356 2172 1411 sive
2209 1362 2271 1408 ut
2312 1353 2365 1408 in
2406 1350 2640 1407 Hebraeo
2682 1345 2948 1417 scriptum
2973 1350 3060 1398 est
3089 1341 3474 1397 ἔπιπίπτοντες.

1885 1447 1935 1503 id
1967 1446 2384 1512 est,irruentes.
2437 1440 2757 1497 Ecoutrario
2805 1436 2875 1491 ad
2924 1443 3173 1491 sanctum
3230 1430 3481 1486 dicitur:

1887 1537 2032 1595 Uxor
2054 1547 2144 1591 tua
2173 1537 2307 1592 sicut
2328 1535 2446 1590 vitis
2477 1531 2752 1588 abundans
2773 1529 2829 1584 in
2864 1526 3116 1581 lateribus
3145 1522 3331 1577 domus
3357 1531 3481 1575 tute.

1887 1633 2016 1689 Filii
2042 1633 2119 1686 tui
2145 1632 2277 1686 sicut
2298 1628 2516 1685 novella:
2544 1627 2800 1682 olivarum
2825 1667 2839 1691 ,
2859 1623 2915 1677 in
2935 1620 3158 1676 circuitu
3178 1631 3367 1671 mensa:
3383 1624 3486 1668 tute

1880 1727 2056 1802 (Psal.
2089 1741 2301 1794 cxxvtt,
2332 1726 2368 1781 ὅ
2392 1727 2431 1793 ).
2466 1723 2536 1778 Et
2558 1723 2754 1777 iterum
2791 1738 2803 1772 :
2845 1717 3033 1772 Videas
3075 1715 3216 1785 ﬁlios
3249 1711 3483 1782 ﬁliorum

1882 1834 2087 1877 tuorum
2121 1820 2139 1892 (
2166 1819 2332 1887 Ibid.,
2366 1816 2445 1889 6).
2474 1815 2693 1885 Peperit
2720 1815 2885 1884 igitur
2912 1809 3045 1868 Sion
3066 1850 3083 1877 ,
3109 1807 3212 1863 hoc
3236 1815 3327 1862 est
3350 1847 3367 1874 ,
3394 1820 3485 1860 reo

155 1901 439 1956 arabitur:
478 1908 529 1954 et
564 1898 862 1958 Jerusalem
906 1904 1055 1974 quasi
1104 1903 1284 1960 casula
1323 1907 1378 1960 in
1418 1908 1771 1963 cucumerario
1803 1914 1852 1974 B
1879 1913 2064 1984 liquis:
2112 1928 2180 1968 ex
2205 1908 2368 1965 Israel
2418 1918 2471 1963 et
2505 1906 2891 1977 Apostolorum
2937 1898 3280 1958 credentium
3316 1896 3477 1964 ﬁdes,

156 1993 481 2066 relinquetur
507 1996 524 2065 (
549 1994 683 2051 Isai.
715 2012 756 2065 ι,
789 1997 877 2067 8).

234 2085 423 2160 (Vera.
458 2086 543 2160 7.)
573 2088 857 2161 Antequam
878 2090 1182 2161 parturiret,
1214 2092 1416 2163 peperit
1446 2109 1464 2148 :
1488 2102 1770 2164 antequam

154 2178 330 2253 805
358 2179 551 2235 veniret
569 2191 751 2253 partus
779 2184 915 2258 ejus,
949 2186 1151 2255 peperit
1180 2182 1491 2239 masculum.
1525 2186 1655 2254 Quis
1674 2203 1771 2240 an-

158 2268 290 2324 divit
316 2286 548 2342 unquam
585 2273 691 2326 tale
722 2274 748 2328 ?
781 2275 896 2346 quis
916 2275 1045 2329 vidit
1069 2274 1191 2330 huic
1213 2277 1436 2331 similem
1459 2275 1478 2349 [
1499 2276 1660 2348 Vulg.
1690 2279 1767 2333 si-

155 2360 354 2435 mile]?
384 2362 654 2438 Numquid
683 2369 942 2439 parturiet
972 2378 1111 2423 terra
1140 2370 1198 2424 in
1223 2370 1308 2424 die
1344 2388 1447 2425 una
1474 2387 1494 2426 :
1528 2381 1621 2425 aut
1642 2388 1767 2442 par-

156 2457 385 2510 turietur
410 2456 596 2530 [ang.
631 2460 888 2533 parietur]
918 2479 1045 2534 gens
1074 2463 1229 2519 simul
1259 2467 1285 2520 ἱ)
1325 2466 1450 2536 quia
1493 2466 1769 2537 parturivit

154 2558 207 2602 et
228 2551 432 2621 peperit
454 2550 587 2607 Sion
613 2553 752 2623 ﬁlios
774 2570 894 2610 suos
917 2571 936 2609 :
961 2552 1236 2627 Numquid
1262 2572 1361 2630 ego
1388 2558 1479 2628 qui
1509 2559 1640 2613 alios
1672 2575 1769 2630 pa-

155 2658 273 2696 rere
312 2645 454 2715 facio
473 2687 488 2713 ,
513 2645 625 2717 ipse
653 2662 756 2702 non
796 2649 1000 2719 pariam
1022 2690 1037 2715 ,
1068 2649 1193 2704 dicit
1243 2648 1499 2707 Dominus
1530 2654 1554 2707 ἶ)
1586 2651 1646 2708 Si
1669 2668 1766 2723 ego

154 2736 249 2808 qui
283 2738 665 2809 generationem
701 2742 900 2797 ceteris
947 2742 1121 2798 tribuo
1145 2784 1161 2811 ,
1188 2744 1378 2798 sterilis
1400 2761 1490 2799 ero
1515 2788 1529 2811 ,
1557 2745 1629 2799 ait
1654 2743 1767 2799 Do—

153 2832 334 2886 minus
364 2830 505 2887 Deus
534 2843 674 2890 tuus.
701 2835 881 2891 LXX:
910 2837 1201 2907 Antequam
1227 2838 1526 2908 parturiens
1552 2840 1761 2909 pariat:

152 2939 435 2997 antequam
462 2931 631 2984 veniat
649 2930 801 2987 dolor
822 2932 1246 3001 parturientium,
1270 2931 1507 3007 elfugiat,
1533 2944 1581 2988 et
1612 2948 1765 3002 pepe-

153 3023 227 3075 rit
256 3020 568 3078 masculum.
605 3023 732 3092 Quis
759 3025 961 3081 audivit
999 3026 1131 3089 tale,
1161 3034 1210 3080 et
1234 3027 1349 3097 quis
1389 3025 1515 3080 vidit
1554 3024 1767 3080 simile?

152 3114 223 3170 Si
253 3117 530 3183 parturivit
560 3126 699 3171 terra
726 3117 780 3171 in
806 3117 890 3171 die
927 3134 1032 3172 una
1063 3134 1082 3185 ;
1110 3126 1199 3172 aut
1224 3120 1268 3172 si
1300 3127 1426 3171 nata
1446 3126 1521 3173 est
1550 3132 1672 3188 gens
1692 3116 1765 3169 si-

151 3207 287 3274 mul,
321 3209 446 3279 quia
485 3209 762 3280 parturivit
806 3218 856 3263 et
903 3211 1102 3279 peperit
1146 3209 1282 3266 Sion
1322 3210 1567 3283 parvulos
1614 3224 1757 3264 suos.

1876 2004 2181 2060 masculum
2211 2002 2503 2057 Dominum
2535 1999 2904 2063 Salvatorem,
2936 1995 3030 2065 qui
3058 1994 3110 2049 in
3158 2001 3273 2048 toto
3316 1990 3483 2046 simul

1874 2097 2011 2152 orbe
2037 2103 2326 2167 generatus
2349 2102 2371 2132 ο
2397 2099 2505 2159 est,
2530 2090 2677 2161 quod
2702 2088 2887 2144 nullus
2911 2085 3139 2152 audivit,
3163 2082 3307 2155 quod
3338 2082 3487 2137 nulla

1874 2197 2065 2244 narrat
2094 2185 2355 2251 historia,
2387 2191 2483 2238 aut
2519 2182 2749 2252 alicujus
2777 2178 3029 2236 doctrina
3049 2217 3067 2244 ,
3098 2188 3157 2231 ut
3184 2190 3379 2231 omnes
3429 2175 3485 2229 in

1873 2282 2024 2337 brevi
2068 2290 2318 2352 tempore
2356 2279 2648 2335 crederent
2678 2277 2951 2332 nationes.
2987 2273 3057 2329 Et
3086 2273 3156 2330 de
3204 2270 3482 2327 universis

1868 2373 2158 2444 gentibus,
2192 2387 2297 2426 una
2325 2385 2462 2443 gens
2493 2370 2649 2426 ﬁeret
2678 2369 3115 2425 Christianorum
3142 2409 3156 2431 ,
3192 2363 3261 2420 de
3289 2378 3395 2434 qua
3425 2370 3483 2417 et

1870 2466 2074 2521 Paulus
2102 2464 2341 2536 loquitur
2370 2481 2384 2517 :
2416 2464 2479 2520 Si
2504 2480 2607 2535 qua
2635 2462 2690 2516 in
2719 2459 2926 2516 Christo
2956 2475 3089 2514 nova
3115 2466 3355 2513 creatura
3400 2471 3485 2510 ve-

1869 2570 1979 2614 tera
2008 2559 2326 2615 transierunt
2350 2576 2369 2625 ;
2398 2574 2512 2614 ecce
2536 2562 2678 2630 facta
2703 2567 2825 2613 sunt
2856 2571 2987 2610 nova
3015 2554 3083 2628 (ll
3108 2552 3230 2609 Cor.
3263 2568 3314 2619 v,
3340 2552 3433 2621 17)
3461 2566 3475 2603 :

1864 2651 2020 2721 juxta
2063 2651 2195 2706 illud
2227 2651 2375 2723 quod
2417 2650 2547 2705 alibi
2599 2650 2864 2721 scriptum
2896 2656 2985 2705 est
3037 2667 3049 2703 :
3084 2645 3153 2701 Et
3181 2644 3477 2702 adorabunt

1864 2746 1920 2798 in
1949 2752 2227 2814 conspectu
2265 2746 2380 2816 ejus
2419 2759 2596 2798 omnes
2642 2742 2863 2810 familiar
2904 2742 3139 2813 gentium
3166 2756 3186 2797 :
3213 2742 3336 2813 quia
3369 2739 3477 2793 Do-

1868 2838 1999 2891 mini
2026 2848 2100 2893 est
2133 2854 2372 2910 regnum,
2400 2845 2446 2891 et
2476 2837 2587 2909 ipse
2610 2836 2968 2892 dominabitur
2997 2837 3252 2908 gentium.
3285 2833 3480 2890 Omnes

1868 2931 2029 2995 enim,
2060 2930 2137 2985 ait
2168 2974 2182 2997 ,
2207 2939 2380 3002 gentes
2411 2946 2541 3001 quas
2590 2930 2758 3000 fecisti
2784 2971 2799 2996 ,
2832 2931 3032 2983 venient
3057 2971 3072 2995 ,
3105 2938 3152 2983 et
3181 2927 3479 2983 adorabunt

1867 3041 2043 3079 coram
2075 3035 2143 3093 te,
2164 3035 2210 3080 et
2233 3024 2598 3096 gloriﬁcabunt
2622 3041 2804 3079 nomen
2825 3022 3162 3096 tuum(Psal.
3189 3038 3308 3090 nt,
3337 3021 3410 3077 28
3432 3031 3480 3076 et

1867 3133 2008 3187 seqq.
2043 3120 2084 3186 ).
2118 3116 2194 3171 De
2216 3132 2326 3188 quo
2362 3117 2496 3172 dicit
2520 3115 2695 3171 Jacob
2729 3115 2894 3188 :lpse
2913 3125 2988 3169 est
3013 3115 3329 3186 exspectatio
3351 3130 3476 3188 gen-

1867 3207 1995 3261 tium
2028 3208 2047 3278 (
2075 3206 2205 3263 Gen.
2241 3224 2391 3275 xux,
2423 3208 2492 3263 10
2518 3215 2559 3275 ).
2596 3208 2668 3263 Ει
2707 3207 2993 3262 Psalmista
3026 3225 3040 3261 :
3070 3206 3205 3277 Spes
3246 3206 3478 3261 omnium

152 3299 276 3370 Ego
300 3310 474 3355 autem
496 3300 619 3356 dedi
644 3303 1075 3364 exspectationem
1095 3302 1254 3373 hanc,
1287 3313 1334 3358 et
1358 3319 1462 3357 non
1487 3302 1761 3357 recordata
1787 3317 1833 3380 ρ
1865 3302 2050 3372 ﬁnium
2078 3309 2227 3356 terra:
2247 3299 2367 3374 (Ps.
2397 3315 2547 3369 utv,
2576 3298 2657 3370 6).
2686 3299 2751 3355 Et
2779 3299 2922 3355 idem
2945 3298 3116 3353 Isaias
3136 3314 3300 3369 quem
3330 3313 3475 3353 nunc

149 3408 205 3446 es
230 3391 367 3457 mei,
400 3392 529 3447 dicit
557 3391 835 3449 Dominus.
870 3392 1063 3449 Nonne
1089 3410 1185 3468 ego
1219 3398 1504 3467 parientem
1531 3405 1580 3450 et
1607 3394 1759 3449 steri-

149 3486 255 3540 lem
286 3486 411 3557 feci,
444 3484 571 3540 dicit
592 3486 737 3543 Deus
764 3496 885 3542 tuus
918 3487 1221 3544 ?Clamore
1243 3496 1540 3543 resonante
1569 3487 1638 3543 de
1666 3486 1760 3543 Je-

148 3578 395 3634 rusalem
427 3589 482 3634 et
502 3577 737 3650 Temple
766 3580 907 3651 ejus,
939 3580 1157 3652 quando
1185 3580 1414 3637 obsessa
1442 3589 1607 3652 atque
1627 3580 1759 3636 sub-

148 3685 316 3728 versa
335 3682 443 3739 est,
457 3681 514 3728 et
534 3671 1146 3746 inimicisChristi,quib
1165 3674 1338 3731 Deum
1366 3689 1549 3746 regem
1582 3677 1757 3729 susci-

146 3777 283 3834 pere
296 3761 617 3830 noluerunt,
633 3764 1022 3835 recipientibus
1050 3780 1147 3836 pro
1174 3766 1458 3837 impietate
1480 3783 1574 3821 sua
1591 3775 1755 3836 atque

144 3853 508 3925 blasphemiis
528 3864 736 3911 aeterna
756 3857 1046 3927 supplicia,
1067 3858 1313 3913 Ecclesia
1336 3859 1388 3913 in
1410 3859 1631 3914 nomine
1650 3860 1755 3914 Do-

140 3943 282 3998 mini
299 3945 730 4015 congregata,de
747 3948 923 4016 quain
942 3947 1159 4017 psalmo
1170 3948 1373 4004 dicitur
1392 3966 1404 4001 :
1420 3947 1590 4003 Homo
1602 3959 1755 4005 natus

141 4036 198 4089 in
222 4051 284 4089 ea
304 4052 324 4090 :
337 4046 386 4091 et
406 4037 518 4109 ipse
535 4035 776 4109 fundavit
796 4053 910 4091 eam
927 4037 1217 4093 altissimus
1231 4038 1648 4111 (Psaluxxvt,
1668 4041 1748 4113 5),

137 4139 440 4200 antequam
456 4130 1320 4201 parturiret,peperit,antequam
1339 4134 1550 4189 veniret
1564 4142 1752 4202 partus

136 4221 282 4292 ejus,
301 4223 491 4291 genuit
521 4222 846 4279 masculum.
878 4223 995 4278 Non
1028 4224 1171 4278 enim
1206 4224 1377 4279 multo
1409 4237 1754 4296 tentpnre,nt

141 4314 381 4387 populus
402 4313 721 4370 ludat-orum
750 4331 847 4387 per
876 4315 1250 4383 Abraham,et
1273 4318 1448 4384 Isaac,
1475 4326 1531 4374 et
1559 4316 1749 4386 Jacob,

138 4420 193 4463 et
218 4408 514 4463 duodecim
547 4407 928 4477 Patriarchas,
959 4419 1015 4465 et
1040 4424 1257 4465 rursum
1289 4425 1387 4481 per
1416 4410 1622 4466 liberos
1658 4427 1751 4468 eo-
1784 4402 1801 4418 ’

137 4517 263 4555 rum
292 4517 357 4555 ac
390 4510 621 4571 nepotes
646 4502 822 4557 crevit
850 4504 905 4556 in
928 4501 1126 4572 majus,
1150 4502 1244 4557 sed
1270 4504 1336 4557 ad
1367 4503 1749 4575 Evangelicam

140 4598 596 4668 praedicationem
636 4599 820 4653 statim
871 4600 1051 4653 onmis
1090 4598 1327 4654 mundus
1373 4600 1663 4669 concepit,
1694 4607 1753 4655 et

1866 3392 2222 3449 edisserintus
2257 3410 2271 3447 :
2305 3392 2420 3446 Erit
2449 3391 2605 3446 rudia:
2629 3391 2798 3460 Jesse,
2824 3399 2874 3444 et
2900 3391 2991 3461 qui
3020 3399 3217 3463 surget,
3247 3399 3303 3444 ut
3330 3390 3477 3459 prin-

1861 3503 1979 3560 ceps
2002 3489 2069 3542 sit
2090 3488 2336 3557 gentium,
2359 3489 2414 3542 in
2436 3488 2551 3557 ipso
2572 3495 2743 3559 gentes
2766 3485 3043 3557 sperabunt
3063 3482 3220 3557 (Isai.
3248 3499 3327 3551 ιι,
3354 3481 3468 3554 10);

1862 3582 2215 3652 implentibus
2244 3581 2522 3652 Apostolis
2552 3580 2696 3651 quod
2727 3590 3064 3651 praeceptum
3097 3589 3181 3633 est
3222 3595 3235 3631 :
3279 3577 3472 3631 Docete

1860 3693 2036 3731 omnes
2061 3686 2257 3749 gentes,
2290 3677 2614 3747 baptizantes
2642 3691 2728 3731 eas
2757 3676 2811 3729 in
2836 3676 3040 3728 nomine
3082 3672 3265 3729 Patris
3294 3682 3339 3728 et
3374 3670 3472 3726 Fi-

1861 3769 1919 3824 lii
1941 3779 1991 3823 et
2021 3769 2252 3839 Spiritus
2280 3772 2442 3824 sancti
2474 3767 2705 3842 (Matth.
2738 3782 2933 3834 xxvut,
2963 3766 3100 3839 19),
3127 3776 3187 3822 ut
3211 3776 3472 3822 nascatur

1858 3877 2032 3917 novus
2064 3862 2320 3933 pOpulus,
2345 3861 2415 3917 de
2445 3876 2553 3934 quo
2581 3871 2637 3916 et
2665 3861 2962 3916 vicesimus
2990 3861 3198 3931 primus
3225 3860 3471 3930 psalmus

1857 3956 2004 4011 canit
2034 3973 2048 4009 :
2083 3954 2479 4009 Annuntiabunt
2521 3954 2635 4009 εωιί
2674 3954 2932 4021 iustitiam
2968 3954 3114 4024 ejus,
3148 3952 3342 4024 populo
3376 3954 3467 4016 qui

1858 4055 2116 4113 nascetur,
2147 4062 2298 4118 quem
2328 4047 2446 4118 fecit
2476 4043 2732 4099 Dominus
2760 4042 2943 4121 (Paul.
2970 4059 3080 4109 XXI,
3111 4042 3226 4112 52).
3264 4042 3333 4097 Ει
3361 4043 3464 4098 ite-

1855 4157 1976 4196 rum
2003 4156 2023 4196 :
2050 4139 2285 4213 Populus
2308 4141 2397 4210 qui
2417 4139 2700 4204 creabitur,
2721 4137 2955 4193 laudabit
2976 4135 3259 4191 Dominum
3284 4134 3460 4206 (Psal.

1854 4232 2064 4305 01,19).
2094 4233 2192 4289 llic
2219 4240 2402 4289 autem
2428 4233 2658 4303 pepultts
2679 4245 2790 4286 uno
2810 4240 3027 4286 creatus
3049 4238 3137 4285 est
3159 4228 3272 4297 die,
3300 4243 3463 4298 quem

1853 4326 2088 4382 illustrat
2116 4326 2462 4397 soljustitiw,
2483 4325 2703 4381 dicente
2726 4323 3008 4393 Scriptura
3040 4340 3053 4376 :
3081 4322 3196 4377 Erit
3227 4322 3320 4378 tibi
3351 4319 3464 4376 Do-

1853 4420 2025 4472 minus
2077 4417 2170 4472 lus:
2198 4419 2557 4489 sempiterna(
2591 4416 2704 4471 Isa.
2738 4432 2827 4486 ιχ,
2861 4416 2928 4471 19
2958 4415 3317 4487 ).Possumus
3358 4415 3461 4471 hoc

1852 4508 1996 4580 quod
2027 4507 2230 4564 dicitur
2265 4527 2279 4563 :
2314 4508 2525 4563 Orietur
2562 4524 2686 4579 gens
2718 4506 2909 4574 simul,
2937 4508 3061 4578 quia
3090 4507 3365 4576 parturivit
3409 4518 3457 4562 et

1851 4602 2051 4674 peperit
2082 4600 2215 4658 Sion
2250 4599 2390 4671 ﬁlios
2419 4616 2567 4663 suos,
2601 4607 2658 4654 et
2698 4600 2765 4653 ad
2815 4598 2950 4653 illud
2984 4610 3203 4667 tempus
3229 4598 3455 4663 referre,

139 4691 434 4761 parturivit
459 4733 474 4758 ,
507 4703 563 4747 et
618 4692 833 4762 peperit
873 4693 1174 4748 masculum
1202 4735 1217 4758 .
1251 4708 1412 4764 quem
1446 4692 1660 4749 Pharao
1688 4701 1745 4748 et
1770 4692 1824 4751 D
1849 4695 2069 4766 quando
2099 4709 2208 4751 una
2238 4695 2328 4748 die
2368 4693 2468 4748 tria
2518 4691 2689 4746 millia
2730 4690 2757 4727 ά
2787 4700 2844 4746 et
2887 4689 3130 4760 quinque
3174 4690 3346 4749 millia
3388 4690 3458 4746 de

143 4782 392 4838 Herodes
421 4782 763 4838 conabantur
780 4781 1063 4853 occidere,
1086 4783 1177 4854 qui
1209 4792 1266 4839 et
1292 4785 1346 4839 in
1378 4782 1585 4855 Moyse,
1607 4793 1664 4839 et
1691 4786 1744 4838 in

140 4872 363 4931 Christo
405 4875 650 4930 salvatus
693 4876 746 4930 in
775 4872 1014 4947 Egypto
1042 4885 1146 4930 est.
1198 4874 1441 4945 Denique
1468 4875 1743 4931 Abraham

139 4978 195 5022 et
219 4967 370 5023 Isaac
400 4967 672 5023 masculos
699 4965 941 5023 habuere
980 4965 1189 5022 liberos
1214 5007 1229 5032 ,
1259 4975 1315 5022 et
1342 4966 1510 5023 Jacob
1539 4969 1744 5023 multo-

140 5078 261 5117 rum
294 5062 536 5117 ﬁliorum
584 5070 778 5132 pater,
821 5075 982 5115 unam
1025 5061 1214 5132 genuit
1255 5061 1419 5116 ﬁliam
1447 5103 1462 5126 ,
1488 5077 1592 5133 pro
1639 5078 1745 5135 qua

138 5154 274 5209 dura
300 5168 598 5225 perpessus
627 5162 713 5209 est
733 5151 945 5226 (Genes.
973 5153 1191 5223 χχχιιι).
1218 5152 1371 5221 Quod
1400 5153 1445 5209 si
1472 5154 1601 5210 ﬁliae
1625 5154 1747 5211 Sal-

139 5250 318 5320 phaad
360 5250 452 5305 Dei
506 5248 779 5305 sententia
828 5249 1103 5319 recipiunt
1143 5247 1522 5304 [nereditatem
1573 5252 1746 5319 patris

212 5403 235 5432 ³
258 5393 400 5450 Vide
421 5407 544 5460 quae
571 5390 962 5447 annotavimus
984 5392 1037 5445 in
1066 5393 1229 5460 epist.
1264 5391 1331 5446 18
1355 5391 1423 5447 ad
1450 5390 1738 5448 Damasum

139 5480 288 5520 num.
321 5465 379 5529 9,
421 5473 476 5518 et
530 5464 583 5516 in
634 5464 795 5532 epist.
839 5461 932 5522 46.
991 5461 1176 5517 Paula:
1222 5473 1280 5518 et
1333 5462 1609 5519 Eustochii
1661 5465 1728 5519 ad

135 5536 475 5596 Marcellam.
508 5550 660 5589 num.
693 5535 725 5588 4
751 5575 765 5591 .
818 5542 984 5601 atque
1024 5532 1157 5588 alibi
1190 5551 1203 5586 :
1236 5532 1437 5604 quibus
1486 5534 1540 5589 in
1596 5534 1731 5590 locis

139 5606 497 5678 Hieronymo,
524 5605 823 5660 Eusebium
870 5604 1220 5678 ostendimus
1247 5605 1733 5678 imposuissezllic

136 5674 576 5734 autem'rectius
628 5678 821 5730 saltent
857 5690 982 5729 tum
1035 5674 1276 5744 .losepho
1328 5677 1545 5732 sentit:
1597 5674 1732 5731 Vide

134 5747 470 5804 Chronicnm
503 5747 569 5802 ad
597 5761 688 5802 an.
722 5746 923 5803 Christi
959 5761 1150 5814 xxxiii,
1181 5755 1238 5801 et
1266 5760 1388 5816 qua:
1435 5746 1507 5802 ibi
1536 5747 1729 5802 obser—

134 5833 456 5946 “Winei
506 5886 779 5944 Victorius
820 5888 1029 5943 restitui
1070 5886 1445 5943 Brixianorum
1486 5886 1734 5944 codicum

1852 4788 2083 4845 Judaico
2113 4785 2315 4857 populo
2342 4783 2692 4841 crediderunt
2720 4782 2860 4856 (Act.
2882 4781 2961 4851 ιι).
2994 4781 3203 4836 Dicitur
3240 4795 3461 4851 quoque

1856 4884 1909 4939 in
1954 4882 2152 4938 eodem
2199 4882 2430 4936 Actuum
2462 4878 2848 4948 Apostolorum
2879 4875 3017 4931 libro
3059 4874 3204 4946 quod
3240 4874 3309 4930 de
3337 4875 3463 4930 uni-

1848 4975 2023 5028 versis
2048 4971 2305 5045 gentibus
2335 4984 2458 5041 qua:
2487 4968 2591 5024 sub
2615 4968 2760 5025 cmlo
2781 4975 2930 5033 sunt,
2955 4965 3160 5023 fuerint
3211 4966 3265 5022 in
3297 4966 3458 5023 Jeru-

1847 5068 2017 5124 salem
2043 5107 2060 5131 ,
2086 5066 2179 5137 qui
2221 5063 2514 5120 audiebant
2558 5063 2726 5118 variis
2770 5062 2972 5132 linguis
3012 5060 3300 5132 loquentes
3340 5075 3458 5116 ma-

1845 5160 2030 5231 gnalia
2050 5159 2145 5215 Dei
2166 5156 2388 5228 (Ibid.).
2410 5153 2675 5225 Quodque
2702 5154 2949 5224 sequitur
2967 5152 3120 5224 juxta
3144 5151 3319 5220 LXX,
3339 5151 3455 5225 Ego

1847 5261 2021 5307 autem
2061 5251 2181 5306 dedi
2211 5248 2645 5321 exspectationem
2675 5247 2829 5314 hanc,
2862 5256 2911 5302 et
2949 5262 3054 5301 non
3092 5245 3372 5301 recordata
3398 5262 3452 5301 es

1848 5408 1952 5464 ope
1978 5406 2220 5464 eumpro
2248 5388 2438 5464 Deum,
2464 5404 2588 5464 eum
2619 5385 3158 5464 scilice_t_Christuni.

1927 5476 1948 5503 ο
1982 5454 2221 5519 Verbum
2256 5472 2330 5515 est
2355 5460 2635 5516 Victorius
2674 5474 2745 5514 ex
2787 5457 3130 5512 Florentinis
3175 5454 3463 5510 codicibus

1836 5535 2072 5597 snﬁ‘ecit,
2099 5548 2209 5603 quo
2239 5532 2358 5585 sine
2387 5532 2634 5603 mutilus,
2664 5537 2721 5583 et
2761 5531 2851 5596 qui
2880 5525 3111 5603 intelligi
3134 5541 3242 5603 non
3274 5536 3461 5603 posset

1836 5607 1991 5662 locus
2021 5597 2287 5659 illi'visus
2313 5613 2439 5669 εει..
2460 5601 2732 5656 Caeterum
2766 5607 2821 5652 et
2849 5607 2905 5650 ut
2935 5597 3165 5666 alicujus
3194 5597 3455 5663 doctrina,

1832 5694 1931 5751 pro
1959 5684 2046 5751 aut
2076 5691 2141 5751 ex
2168 5672 2361 5751 iisdem
2388 5686 2518 5728 mss.
2548 5669 2849 5751 substituit.

1907 5747 1934 5785 ά
1971 5746 2143 5804 Verba
2173 5755 2222 5799 et
2253 5744 2479 5813 quinque
2524 5739 2692 5795 millia
2723 5737 2884 5794 codd.
2919 5737 3264 5792 Atnbrosiari
3297 5738 3448 5808 igne»

1832 5829 1978 5875 rant.
