3972 6358
161 381 268 446 661

663 387 1322 451 COMMENTARIORUM
1359 387 1430 450 IN
1467 384 1707 451 ISltIAM
1744 389 2168 455 PROPHETAM
2200 397 2330 455 Llll.
2376 394 2561 456 XVIII.
2594 395 2752 453 CAP.
2792 395 2978 454 LXVI.

3372 401 3479 458 669¹

159 517 370 564 rentem
407 507 756 564 inundantem
793 509 1018 583 gloriam
1047 509 1279 583 gentium
1299 553 1312 576 ,
1349 527 1504 582 quam
1538 511 1727 582 sugetis
1753 529 1770 566 :
1799 516 1849 575 Α
1876 512 2033 582 fuerit
2063 511 2246 581 oblita,
2277 528 2373 584 ego
2402 519 2570 566 tamen
2599 525 2700 566 non
2732 509 3007 568 obliviscar
3029 511 3104 568 lui
3132 513 3290 586 (Isai.
3319 529 3476 586 xm,

161 600 232 654 ab
266 599 424 656 ubere
453 601 818 674 portabimini,
850 609 900 657 et
926 618 1082 675 super
1115 619 1284 674 genua
1314 601 1652 658 blandientur
1679 619 1767 657 uo-

157 690 266 746 bis.
300 689 440 748 LXX
471 709 484 746 :
519 691 656 761 Quia
695 693 806 748 litae
832 693 955 747 dicit
987 686 1242 748 Dominus
1273 709 1292 748 :
1317 691 1455 750 Ecce
1478 710 1573 766 ego
1603 693 1766 750 decli-

155 783 300 839 nabo
327 785 396 839 ad
425 801 511 839 eos
537 785 689 856 quasi
718 783 908 856 ﬂauius
937 785 1106 858 pacis,
1129 793 1177 840 et
1198 786 1358 858 quasi
1381 796 1585 840 torrens
1614 785 1769 840 inun-

155 875 298 934 dans
323 877 548 952 gloriam
573 881 824 949 gentium.
855 878 1078 935 Parvuli
1107 897 1287 936 eorum
1309 881 1364 936 in
1389 877 1623 936 humeris
1643 896 1766 954 por-

152 974 409 1030 tabuntur
433 1015 448 1042 ,
500 983 548 1030 et
593 991 750 1042 super
789 992 960 1050 genua
999 973 1430 1030 consolabuntur.
1475 976 1764 1031 Exstructa

154 1083 260 1138 per
287 1065 584 1139 Apostolos
609 1067 918 1124 Jerusalem
946 1109 962 1134 ,
993 1078 1052 1124 et
1081 1068 1382 1124 instaurata
1423 1067 1476 1124 in
1519 1067 1762 1140 priorem

151 1169 362 1216 statum
387 1202 402 1226 ,
437 1168 724 1231 postquam
760 1159 854 1216 lilii
886 1169 940 1215 et
971 1157 1312 1217 habitatores
1349 1161 1471 1230 ejus
1499 1159 1764 1216 uberibus

152 1253 365 1310 iuerint
393 1255 714 1320 consolati,
758 1265 812 1310 et
860 1255 1018 1311 lactis
1049 1255 1386 1312 abundantia
1430 1255 1498 1311 ad
1537 1255 1764 1312 delicias

151 1346 528 1421 pervenerint
553 1350 829 1414 veritatis,
866 1365 964 1421 per
995 1366 1132 1421 quas
1156 1358 1182 1388 ⁸
1212 1350 1533 1422 pervenitur
1559 1351 1626 1406 ad
1647 1353 1764 1422 glo-

155 1442 300 1496 riam
347 1441 440 1497 Dei
479 1461 491 1498 :
529 1450 660 1498 tunc
690 1443 956 1498 Dominus
988 1443 1288 1500 declinabit
1316 1459 1482 1514 super
1505 1461 1624 1500 eam
1655 1444 1756 1500 llu-

147 1533 304 1588 vium
333 1535 501 1605 pacis,
525 1533 595 1592 de
622 1551 734 1606 quo
758 1536 956 1592 crebro
985 1535 1226 1592 diximus
1258 1555 1272 1591 :
1304 1535 1526 1593 Flumen
1556 1535 1654 1592 Dei
1679 1555 1760 1593 re-

151 1626 351 1696 pletum
385 1637 458 1682 est
488 1630 640 1700 aquis
685 1629 860 1702 (Psal.
893 1646 1040 1698 thv,
1070 1627 1180 1701 l0).
1218 1631 1284 1687 Et
1311 1649 1326 1688 :
1365 1629 1628 1688 Fluminis
1659 1632 1758 1687 int-

151 1729 308 1790 petus
335 1717 570 1792 [letiﬁcat
605 1723 863 1777 civitatem
892 1721 991 1778 Dei
1026 1721 1201 1792 (Psal.
1237 1741 1366 1792 ην,
1401 1726 1502 1794 5);
1532 1737 1591 1782 ιιι
1623 1741 1758 1798 pace

152 1813 345 1868 eximia
385 1813 736 1885 possidente,
777 1824 831 1870 et
861 1817 1142 1872 nationum
1177 1817 1524 1875 cessantibus
1554 1819 1712 1875 hellis
1733 1861 1749 1887 ,

1877 605 1988 676 l5).
2021 603 2196 673 Quem
2227 621 2448 662 sensum
2495 613 2547 660 et
2581 603 2716 659 illud
2751 603 2914 660 habet
2955 603 3340 673 Erangelicum
3363 649 3376 674 ,
3412 609 3466 663 in

1871 713 1978 768 quo
2015 699 2280 755 Dominus
2311 697 2554 769 loquitur
2584 697 2650 752 ad
2689 694 2994 753 Jerusalem
3029 713 3040 754 :
3093 695 3305 767 Quoties
3331 699 3477 756 volui

1871 806 2186 863 congregare
2235 789 2372 858 ﬁlios
2403 801 2520 848 tuos
2546 833 2559 855 ,
2590 789 2723 845 sicut
2755 787 2956 863 gallina
2987 801 3270 864 congregat
3299 793 3474 864 pullos

1867 899 1990 938 suos
2016 883 2111 938 sub
2138 883 2254 938 alus
2283 901 2430 952 suas,
2455 893 2502 939 et
2532 877 2746 938 noluisti
2780 879 2997 956 (Matth.
3044 896 3184 940 um
3203 927 3219 955 ,
3244 879 3368 959 37)?
3400 885 3471 943 Et

1868 975 2387 1044 Deuteronomium,
2435 979 2486 1032 in
2529 995 2636 1048 quo
2681 977 2786 1034 tale
2828 978 2958 1048 quid
3002 987 3268 1036 resonat:
3313 981 3464 1038 Sicut

1865 1066 2044 1140 aquila
2071 1069 2293 1142 protegit
2324 1071 2508 1125 nidum
2535 1087 2688 1126 suum
2712 1110 2728 1135 ,
2757 1078 2802 1124 et
2833 1069 3010 1142 pullos
3047 1087 3166 1127 suos
3196 1071 3466 1128 desidera-

1865 1159 1936 1216 uit
1967 1179 1986 1217 :
2012 1164 2310 1230 expandens
2340 1161 2456 1219 alas
2482 1205 2497 1230 ,
2530 1163 2759 1234 suscepit
2788 1181 2876 1218 eos
2900 1210 2914 1234 ,
2943 1173 2993 1219 et
3021 1166 3240 1236 portavit
3277 1167 3334 1222 in
3359 1165 3460 1223 hu-

1864 1255 2019 1310 meris
2050 1254 2158 1310 suis
2187 1255 2368 1327 (Deut.
2411 1263 2570 1312 xuii
2591 1298 2606 1323 ,
2637 1255 2752 1328 ll).
2785 1256 2952 1312 Aiunt
2991 1257 3081 1329 qui
3112 1257 3182 1314 de
3215 1259 3462 1316 animau-

1867 1345 1997 1402 tium
2029 1349 2302 1419 scripsere
2332 1349 2565 1417 naturis,
2596 1347 2839 1405 omnium
2875 1350 3096 1422 quidem
3131 1351 3428 1410 bestiarum
3449 1399 3462 1424 ,

1861 1448 1918 1494 et
1959 1439 2371 1508 jumentorum,
2413 1449 2471 1498 et
2505 1441 2773 1512 pecudum
2817 1443 3113 1515 aviumque
3163 1445 3466 1516 ingenitum

1861 1546 1986 1588 esse
2017 1529 2071 1586 in
2103 1531 2248 1588 ﬁlios
2272 1535 2558 1604 pullosque
2591 1547 2722 1590 suos
2751 1533 3029 1603 allectum,
3053 1537 3148 1594 sed
3173 1537 3470 1598 maximum

1859 1637 1984 1680 esse
2005 1639 2252 1680 amorem
2276 1624 2605 1696 aquilarum,
2638 1643 2762 1698 quae.
2795 1629 2850 1682 in
2881 1629 3118 1686 excelsis
3143 1641 3200 1686 et
3223 1632 3470 1690 inacces-

1855 1716 1931 1773 sis
1963 1715 2098 1774 locis
2132 1719 2293 1775 nidos
2321 1720 2620 1788 collocant,
2655 1733 2725 1778 ne
2753 1721 2980 1779 coluber
3035 1722 3180 1780 fetus
3209 1723 3237 1763 ἀ
3271 1726 3464 1784 violet.

1857 1809 2209 1869 Amethisten
2239 1828 2460 1886 quoque
2482 1802 2636 1871 inter
2667 1815 2845 1885 pullos
2877 1815 2996 1886 ejus
3040 1815 3278 1886 lapidem
3310 1833 3470 1890 repe-

151 1903 229 1961 de
257 1905 462 1977 quibus
493 1905 777 1978 Scriptura
812 1909 942 1965 dicit
977 1927 991 1963 :
1027 1909 1238 1984 Dissipa
1267 1921 1438 1984 gentes
1466 1929 1584 1984 qua:
1621 1911 1757 1968 bella
1786 1896 1833 1960 Β
1863 1902 1982 1971 I'il'i,
2028 1919 2138 1975 (tuo
2174 1906 2356 1960 omnia
2395 1905 2559 1978 8n
2607 1915 2818 1962 venena
2869 1918 3228 1978 superentur.
3274 1907 3332 1967 Si
3361 1910 3465 1967 hoc

150 1997 338 2053 uolunt
386 1997 562 2070 (Psal.
606 2017 774 2068 mn,
825 2002 946 2072 52),
990 2011 1210 2059 torrens
1247 2003 1624 2060 doctrinarum
1655 2004 1754 2061 Dei

149 2087 353 2162 irriget
379 2105 510 2149 arva
535 2095 898 2150 credentium.
921 2093 1075 2152 Tunc
1105 2097 1199 2152 lilii
1231 2095 1376 2168 ejus,
1407 2097 1523 2152 sive
1547 2098 1755 2170 parvuli

148 2186 238 2256 (ut
264 2185 412 2242 LXX
443 2188 866 2262 transtulerunt)
900 2191 952 2244 in
985 2189 1232 2247 humeris
1265 2191 1666 2262 portabuntur,
1699 2199 1754 2248 et

152 2293 326 2350 super
369 2296 545 2352 genua
583 2282 1015 2339 consolationem
1052 2283 1346 2354 accipient.
1382 2279 1438 2340 lu
1471 2283 1747 2354 humeris,

144 2371 218 2428 de
247 2374 445 2444 quibus
475 2382 532 2430 et
563 2377 614 2430 in
646 2375 812 2444 priori
847 2377 1136 2447 prophetia
1167 2375 1372 2432 dictum
1405 2385 1511 2444 est,
1543 2386 1751 2450 etquos

141 2461 326 2522 Jacub
357 2465 382 2504 δ
416 2466 748 2539 imprecatur
777 2467 890 2524 lilio
917 2484 1020 2525 suo
1045 2467 1337 2525 Issachar:
1370 2468 1508 2538 Quia
1553 2487 1750 2542 suppo-

147 2561 258 2613 suit
283 2556 556 2615 humerum
583 2577 735 2616 suum
761 2563 831 2616 ad
863 2561 1207 2617 laborandum
1237 2561 1390 2635 (Gen.
1416 2581 1537 2619 XLIX
1565 2607 1580 2632 ,
1617 2564 1707 2637 15)
1728 2607 1744 2632 ,

146 2661 208 2708 et
235 2664 468 2709 vocatus
511 2664 596 2710 est
625 2655 708 2710 vir
739 2656 1006 2726 agricola.
1036 2655 1253 2713 Sudore
1283 2657 1429 2712 enim:
1462 2669 1520 2713 et
1561 2655 1751 2714 labore

149 2745 328 2801 nimio
360 2743 430 2801 ad
462 2743 766 2802 ubertatem
798 2745 1073 2804 fructuum
1103 2748 1474 2820 pervenimus.
1513 2747 1665 2806 Unde
1695 2758 1750 2807 et

139 2837 214 2895 ad
244 2839 380 2896 Sion
414 2855 515 2911 per
539 2839 835 2897 Jeremiaut
863 2841 1066 2899 dicitur
1103 2861 1116 2898 :
1147 2841 1232 2898 Da
1254 2859 1344 2898 cor
1383 2852 1529 2897 tuum
1569 2845 1620 2898 in
1653 2845 1750 2898 Im-

139 2950 314 2988 meros
345 2943 464 2988 tuos
490 2932 704 3007 (Jerem.
737 2951 886 3004 xxiv,
919 2938 998 3006 7),
1034 2945 1144 2992 uta
1175 2937 1448 2992 mandatis
1479 2935 1749 3008 intelligat

141 3027 461 3094 Dominum,
496 3029 720 3084 imitans
742 3045 890 3095 eum,
920 3029 990 3086 de
1014 3044 1118 3100 quo
1145 3030 1405 3100 scriptum
1436 3036 1520 3082 est
1545 3046 1557 3083 :
1589 3026 1745 3082 Iesus

141 3119 300 3190 ccepit
325 3121 495 3191 facere
521 3127 570 3176 et
595 3119 779 3175 docere
802 3121 943 3193 (Act.
976 3137 1015 3187 ι,
1054 3122 1128 3192 l),
1157 3131 1344 3176 utnon
1372 3121 1540 3194 διο
1569 3123 1745 3176 otiosa

137 3214 215 3269 sit
249 3213 407 3278 ﬁdes,
441 3213 537 3270 sed
569 3229 667 3286 per
697 3229 865 3286 Opera
899 3225 1085 3270 currat
1115 3215 1180 3272 ad
1211 3215 1519 3286 prwininm.
1555 3214 1743 3271 Genua

1858 2011 2046 2052 verum
2093 2005 2198 2062 est,
2254 2009 2408 2054 recte
2453 1997 2683 2053 an‘ectus
2729 1998 2827 2054 Dei
2881 1997 2936 2054 lu
2993 2013 3120 2056 suas
3176 2013 3461 2061 creaturas

1857 2088 2056 2159 aquilis
2083 2097 2435 2160 comparatus
2466 2097 2588 2158 est,
2621 2089 2714 2161 qui
2743 2090 2890 2145 omni
2929 2090 3178 2148 custodia
3222 2095 3465 2166 protegit

1855 2182 2057 2240 liberos
2083 2199 2236 2249 suos,
2262 2200 2330 2240 ne
2361 2181 2528 2241 draco
2548 2195 2606 2242 et
2634 2183 2869 2242 coluber
2895 2185 3178 2258 antiquus,
3207 2187 3459 2246 diabolus

1854 2283 1909 2332 et
1937 2274 2172 2332 Satanas
2193 2277 2425 2348 obrepat
2449 2275 2682 2333 novellis
2711 2277 2935 2344 fetibus,
2966 2287 3026 2334 ut
3055 2275 3123 2334 ad
3147 2293 3345 2338 nOmeu
3376 2276 3458 2336 la-

1854 2369 1996 2441 pidis
2018 2415 2032 2437 ,
2073 2373 2165 2443 qui
2197 2369 2422 2443 ponitur
2448 2371 2502 2427 in
2533 2369 2908 2428 fundamentis
2939 2371 3071 2430 Sion
3093 2415 3108 2440 ,
3141 2390 3334 2432 omnes
3361 2375 3458 2431 ad-

1853 2461 2222 2520 versariorum
2257 2463 2580 2535 frangantur
2605 2457 2841 2520 insidiae.
2867 2463 2994 2520 lltnc
3024 2474 3208 2521 autem
3232 2463 3454 2524 Jerusa-

1852 2557 1980 2624 lem,
2017 2555 2068 2611 iu
2102 2571 2204 2628 qua
2239 2557 2667 2612 consolabuntur
2697 2573 2727 2612 a
2759 2563 2936 2612 matre
2966 2555 3102 2628 filii,
3135 2556 3271 2614 etin
3303 2559 3460 2630 geni-

1851 2646 1952 2703 bus
1985 2647 2376 2719 palpabuntur,
2406 2647 2496 2702 illa
2524 2657 2628 2716 est,
2661 2648 2731 2703 de
2763 2661 2868 2718 qua
2896 2648 3090 2704 Scribit
3117 2645 3414 2721 Apostolus
3442 2669 3458 2708 :

1853 2738 1988 2806 Qua:
2015 2749 2189 2794 autent
2217 2749 2430 2794 sursum
2455 2746 2532 2793 est
2559 2737 2854 2793 Jerusalem
2877 2779 2894 2806 ,
2924 2737 3087 2794 libera
3115 2747 3212 2807 est,
3242 2753 3358 2812 qua:
3383 2747 3458 2796 est

1851 2843 2012 2888 mater
2033 2833 2270 2888 omnium
2303 2840 2540 2888 nostrum
2577 2829 2772 2905 (Galat.
2807 2843 2882 2899 tv,
2916 2830 3034 2904 26).
3064 2829 3234 2904 Cujus
3255 2850 3457 2892 conso-

1849 2924 2070 2981 lationis
2104 2926 2244 2982 laete
2275 2934 2550 2981 saturatas
2573 2968 2588 2993 ,
2624 2921 3012 2981 consolabatur
3054 2936 3288 2982 caneros
3311 2967 3328 2995 ,
3359 2927 3452 2998 qui

1850 3019 1970 3091 ejus
2015 3019 2364 3077 sermonibus
2406 3015 2771 3090 indigebant,
2825 3017 3018 3075 dicens
3063 3033 3078 3074 :
3139 3015 3454 3074 Benedictus

1851 3115 2011 3186 Deus,
2057 3125 2080 3153 ε
2108 3113 2268 3170 Pater
2293 3113 2792 3181 misericordiarum,
2823 3123 2872 3175 et
2901 3111 3042 3168 Deus
3072 3113 3242 3168 omnis
3267 3127 3455 3169 conso-

1849 3209 2062 3266 lationis
2083 3252 2098 3277 ,
2128 3209 2216 3282 qui
2247 3209 2554 3264 consolatur
2590 3223 2684 3261 nos
2716 3208 2770 3261 in
2806 3208 2948 3263 onmi
2975 3205 3314 3264 tribulatione
3337 3253 3350 3277 ,
3396 3219 3456 3264 ut

135 3319 327 3364 autem
363 3317 420 3364 et
459 3307 612 3364 sinus
657 3307 785 3380 quid
829 3309 1134 3380 signiﬁcent
1155 3351 1170 3376 ,
1213 3319 1266 3364 et
1297 3324 1460 3378 supra
1502 3307 1745 3364 breviter
1771 3297 1816 3361 C
1849 3313 1896 3358 et
1923 3321 2018 3360 nos
2041 3305 2300 3376 possimus
2331 3301 2594 3356 consolari
2617 3317 2725 3367 eos,
2755 3300 2851 3372 qui
2883 3301 2934 3354 in
2965 3301 3108 3356 omni
3135 3309 3259 3355 sunt
3288 3301 3455 3357 tribu-

134 3399 412 3471 exposui,
450 3408 505 3456 et
538 3416 684 3454 nunc
714 3399 990 3456 Abraham
1037 3401 1352 3472 exemplum
1397 3399 1601 3456 docere
1641 3415 1742 3456 nos

135 3490 371 3562 poterit,
404 3493 457 3546 in
490 3491 647 3562 cujus
674 3492 794 3547 sinu
827 3491 1067 3548 Lazarus
1097 3491 1433 3561 requiescit,
1464 3500 1520 3547 et
1549 3506 1741 3549 omnes

139 3583 214 3638 dc
245 3580 474 3640 Oriente
519 3594 574 3640 et
606 3580 907 3641 Occidente
938 3585 1220 3641 Venientes
1244 3627 1258 3652 ,
1291 3581 1384 3656 qui
1413 3584 1744 3640 accumbent

133 3691 267 3732 cum
301 3674 603 3743 Abraham,
639 3676 790 3733 lsaac
820 3687 876 3733 et
902 3677 1092 3734 Jacob.

215 3765 402 3840 (Vers.
437 3767 504 3822 l3
523 3811 537 3833 ,
575 3766 692 3839 14.)
729 3768 1000 3836 Quomodo
1027 3769 1070 3825 si
1097 3771 1183 3824 cui
1213 3778 1376 3824 mater
1399 3768 1697 3824 blandiatur
1719 3812 1734 3838 ,

132 3864 215 3918 ita
241 3878 338 3935 ego
367 3861 674 3917 consolabor
704 3878 812 3931 uos,
839 3873 884 3917 et
917 3864 970 3918 in
997 3862 1290 3920 Jerusalem
1319 3861 1735 3921 consolabimiui.

137 3953 430 4016 Videbitis,
453 3963 498 4008 et
521 3955 764 4027 gaudebit
796 3971 884 4010 cor
910 3965 1156 4024 vestrum,
1191 3967 1237 4012 et
1264 3974 1383 4012 ossa
1405 3969 1573 4013 uestra
1602 3957 1738 4016 sicut

126 4045 301 4101 herba
323 4049 708 4120 germinabunt.
739 4047 802 4103 Et
825 4058 1162 4121 cognoscetur
1188 4066 1372 4103 manus
1395 4047 1610 4103 Domini
1629 4065 1738 4104 ser-

130 4131 216 4196 uis
243 4158 260 4193 ι
261 4141 392 4211 jus,
434 4150 482 4195 et
511 4141 870 4214 indignabitur
898 4141 1124 4196 inimicis
1151 4142 1282 4197 suis.
1313 4139 1458 4197 LXX
1495 4157 1594 4212 pro
1621 4157 1735 4196 ser-

129 4237 214 4291 vis
239 4277 256 4303 ,
292 4243 598 4306 posuerunt
625 4238 860 4292 timentes
891 4255 912 4306 ;
952 4252 1050 4307 pro
1083 4235 1306 4290 inimicis
1329 4277 1346 4303 ,
1382 4233 1684 4290 incredulos
1717 4253 1736 4292 .'

125 4341 332 4388 cmtera
362 4330 639 4386 similiter.
674 4329 1100 4386 Misericordiam
1130 4330 1408 4386 Creatoris
1440 4329 1490 4383 in
1524 4340 1736 4385 creatu-

125 4439 225 4480 ras
271 4438 424 4491 suas,
457 4423 710 4495 exemplo
748 4434 982 4480 matrum
1026 4423 1322 4489 discimus,
1365 4437 1490 4494 qua:
1531 4420 1734 4477 liberos

123 4531 322 4574 amore
349 4517 404 4572 in
435 4518 559 4573 sinu
587 4518 914 4581 nutrientes,
947 4533 1170 4574 omnem
1203 4527 1467 4588 superant
1495 4515 1733 4572 Charita-

127 4620 270 4665 tcm.
301 4609 550 4682 Denique
581 4609 770 4666 volens
805 4609 950 4666 Deus
991 4610 1306 4678 usteudere,
1343 4607 1622 4682 quomodo
1652 4607 1736 4662 di-

1845 3397 2059 3465 latione,
2089 3412 2180 3468 per
2210 3392 2639 3460 consolationem,
2666 3410 2768 3464 qua
2795 3393 2897 3464 ipsi
2919 3391 3250 3448 consolamur
3277 3413 3310 3448 a
3332 3391 3444 3450 Deo

1843 3491 1886 3566 (l
1919 3489 2040 3546 Cor.
2077 3507 2119 3560 ι,
2152 3489 2226 3561 5).
2260 3487 2363 3558 Qui
2396 3497 2687 3562 postquam
2732 3488 2940 3543 ruerint
2969 3487 3260 3556 consolati,
3295 3489 3448 3548 dice-

1845 3596 1931 3642 tur
1960 3583 2027 3640 ad
2055 3599 2152 3641 eos
2185 3601 2198 3638 :
2229 3581 2299 3638 Et
2325 3581 2559 3636 videbitis
2591 3623 2606 3648 ,
2638 3592 2686 3637 et
2710 3581 2954 3658 gaudebit
2984 3599 3073 3637 cor
3103 3590 3329 3638 uestrum
3353 3628 3368 3652 ,
3399 3593 3448 3640 ct

1841 3697 1960 3737 ossa
1987 3691 2152 3735 vestra
2180 3679 2332 3752 quasi
2371 3677 2526 3732 herba
2556 3676 2918 3749 germinabunt
2947 3719 2962 3744 ,
3003 3678 3126 3734 sive
3171 3678 3404 3734 orientur
3429 3722 3446 3750 ,

1841 3783 1933 3828 aut
1958 3773 2113 3844 juxta
2144 3771 2529 3846 Symmachum
2557 3813 2570 3836 ,
2623 3769 2885 3841 ﬂorebunt
2918 3773 2939 3845 (
2966 3765 3132 3826 Joan.
3162 3787 3272 3838 χιιι,
3300 3771 3372 3826 22
3398 3769 3444 3845 ).

1842 3867 2120 3924 Videbunt
2167 3877 2369 3934 autem,
2427 3863 2574 3920 haud
2619 3863 2842 3922 dubium
2891 3865 3022 3938 quin
3068 3863 3265 3935 Deum,
3317 3882 3442 3938 qua:

1842 3973 1968 4016 vera
2008 3958 2200 4015 lmtitia
2239 3967 2342 4014 est.
2389 3957 2464 4014 De
2513 3957 2714 4028 quibus
2741 3957 3024 4030 ,Domiuus
3069 3957 3443 4032 loquebatur:

1839 4050 1990 4106 Beati
2034 4054 2231 4108 mundo
2281 4049 2437 4106 corde
2481 4067 2500 4116 ;
2549 4051 2799 4122 quoniam
2847 4051 2948 4124 ipsi
2996 4049 3161 4106 Deum
3199 4049 3444 4110 uidebunt

1843 4143 2059 4219 (Matth.
2095 4161 2147 4212 v,
2183 4140 2263 4215 8).
2313 4139 2482 4214 Cujus
2514 4143 2655 4197 visio
2692 4138 2994 4214 perlectum
3039 4151 3121 4196 est
3150 4143 3440 4213 gaudium,

1839 4237 1986 4309 quod
2031 4237 2086 4292 in
2115 4236 2291 4308 plena:
2319 4236 2444 4291 lidei
2478 4235 2647 4291 corde
2676 4247 2962 4291 versatur:
2997 4243 3054 4292 et
3081 4237 3290 4292 ossium
3323 4253 3436 4310 ger-

1839 4331 2068 4386 minatio
2099 4325 2459 4400 subsequitur
2479 4369 2496 4393 ,
2539 4328 2607 4384 de
2639 4327 2838 4400 quibus
2869 4335 3000 4384 ante
3031 4327 3146 4400 jam
3177 4327 3438 4390 diximus.

1838 4424 2078 4492 Quorum
2104 4425 2149 4477 si
2176 4423 2348 4477 lector
2374 4420 2578 4477 oblitus
2599 4430 2703 4492 est,
2731 4431 2980 4477 recurrat
3007 4421 3074 4476 ad
3097 4421 3435 4496 explanatio-

1837 4532 1962 4574 nem
1996 4515 2304 4588 pristinam.
2334 4509 2528 4568 Melius
2571 4523 2657 4569 est
2685 4513 2832 4568 enim
2865 4514 3018 4571 illum
3063 4515 3266 4587 scripta
3297 4516 3440 4572 rele-

1835 4622 1989 4680 gere,
2037 4621 2196 4679 quum
2249 4618 2346 4659 nos
2395 4603 2546 4660 dicta
2587 4604 2880 4676 replicare.
2917 4604 2986 4660 Et
3029 4617 3172 4673 nota,
3225 4607 3426 4678 inquit,

124 4701 267 4772 ligat
294 4717 434 4775 quos
463 4703 672 4758 creavit
705 4719 719 4756 :
751 4699 1026 4772 Numquid
1066 4701 1420 4770 obliviscetur,
1465 4701 1543 4757 ait
1566 4745 1580 4770 ,
1613 4717 1733 4758 mu-
1762 4689 1814 4750 Ι)
1839 4702 1935 4758 erit
1967 4715 2152 4754 manus
2178 4697 2391 4752 Domini
2416 4696 2576 4752 servis
2603 4699 2740 4772 ejus,
2775 4697 2862 4752 vel
2892 4697 3188 4753 timentibus
3215 4714 3353 4770 eum,
3387 4707 3435 4752 et

127 4793 262 4864 lier,
295 4805 350 4850 ut
387 4806 407 4835 ε
446 4795 751 4851 misereatur
788 4795 981 4852 sobolis
1022 4795 1157 4852 uteri
1184 4797 1268 4852 sui
1299 4799 1324 4852 ?
1363 4797 1458 4852 sed
1487 4803 1534 4852 et
1564 4797 1607 4851 si
1637 4794 1734 4850 illa

127 4994 338 5068 portari
360 4992 445 5068 ab
476 4993 662 5068 ube_r_e.
705 4993 806 5068 Cui
847 4993 1225 5068 signiﬁcationi
1257 5009 1359 5051 vox
1497 4995 1723 5068 miuime

126 5062 520 5124 contrariatur.
572 5062 702 5136 Nam
737 5066 828 5119 illa
865 5062 1082 5136 quoque
1121 5066 1190 5118 ad
1221 5067 1490 5120 interdum
1519 5065 1723 5135 signiﬁ-

127 5141 632 5207 cat,utnsal.,xvu,
663 5135 1056 5204 Clamaverunt,
1089 5153 1181 5191 nec
1207 5143 1316 5190 erat
1343 5137 1432 5207 qui
1449 5137 1616 5191 salvas
1645 5141 1723 5206 [a-

127 5189 281 5264 25;."
477 5189 1322 5278 ὃςὶᾶίοοιιίιιαίη,Ἰιριέεέιιιιάίυίι
1340 5189 1442 5263 ἑόέ.
1462 5189 1545 5262 An
1556 5189 1727 5264 ubi-ro

125 5293 312 5336 autem
363 5280 590 5335 mitume
633 5277 782 5335 illum
824 5277 1166 5335 transmlisse
1200 5294 1346 5343 reur,
1389 5278 1492 5334 nisi
1525 5294 1728 5348 praece-

125 5349 279 5407 denti
309 5349 476 5422 verbo
502 5351 626 5422 uber
649 5351 953 5421 junxisset,
995 5351 1188 5408 dicens
1221 5369 1235 5406 :
1265 5357 1416 5422 quam
1445 5351 1636 5421 sugetis
1661 5349 1725 5405 ab

129 5423 305 5477 ubere.
341 5419 709 5492 Portabimini,
743 5432 851 5477 etc.

197 5503 225 5530 ι
245 5493 397 5548 Idem
421 5494 519 5558 ait,
545 5493 818 5557 intruitur,
843 5493 1064 5550 Medicei
1083 5493 1208 5549 cod.
1242 5493 1405 5548 lectio
1431 5491 1624 5548 melior
1643 5501 1730 5548 est

125 5580 291 5636 quam
330 5565 678 5636 pervenitur:
725 5567 949 5634 exponit
993 5567 1138 5621 enim
1188 5566 1416 5636 mystice
1452 5563 1552 5636 illa
1583 5562 1728 5636 LXX

127 5631 296 5761 {prba
321 5631 342 5706 ξ
371 5631 441 5718 ζΙι
465 5643 736 5707 postquam
763 5631 1025 5707 traxeritis,
1059 5631 1381 5692 delecttanini
1409 5634 1472 5689 ab
1511 5635 1729 5690 introitu

128 5729 160 5761 υ
185 5721 315 5761 ante
343 5723 479 5761 eius.

185 5721 315 5762 om:
343 5723 479 5762 CII“.

128 5725 315 5780 grana:
343 5725 479 5778 ejus.

199 5775 226 5816 δ
265 5779 360 5834 Sic
394 5789 528 5832 mss.
570 5777 812 5834 retinent
837 5785 893 5834 et
922 5779 1126 5850 vulgati
1155 5779 1300 5834 libri.
1343 5777 1620 5834 Victorius
1648 5786 1729 5832 ta-

127 5865 257 5904 men
292 5850 660 5923 interpretatur
685 5851 877 5906 ualuit
907 5853 1390 5923 projmpreaatur,
1433 5864 1594 5920 quam
1625 5851 1727 5923 im-

120 5919 439 6010 bpropriatn'
464 5920 750 5980 lectionem
795 5919 970 5979 vocat.
1015 5919 1414 5998 Interpretatur
1438 5923 1607 5988 enim,
1640 5921 1762 6006 ιιι-111

1838 4793 2232 4852 contmittabitur
2273 4791 2518 4861 inimicis,
2567 4791 2687 4852 sive
2731 4791 3013 4848 incredulis
3061 4793 3193 4848 suis.
3242 4791 3435 4849 Manus

1825 4989 2168 5068 quit,_.lacob
2193 5004 2352 5068 simul
2392 4988 2533 5068 illud
2558 4989 2794 5056 dictant,
2837 4993 3108 5068 supposuit
3130 4993 3436 5068 hurnerum,

1826 5060 1892 5119 ad
1924 5063 2138 5140 labores
2159 5062 2398 5140 scilicet,
2433 5069 2490 5140 ut
2521 5060 2628 5140 late
2662 5060 3014 5140 prosequitur
3040 5060 3424 5140 _llier0nymus.'

1902 5145 1924 5172 ο
1953 5132 2193 5204 Negandi
2217 5130 2538 5201 particulam
2569 5130 2770 5188 Victor.
2795 5130 3100 5204 interserit,
3125 5144 3180 5192 ut
3205 5130 3306 5193 ηόη
3339 5143 3438 5194 mi-

1827 5213 2058 5262 sereatur
2083 5222 2102 5260 :
2135 5204 2274 5259 nihil
2307 5204 2532 5260 diverso
2563 5219 2750 5260 sensu.
2925 5228 2933 5234 -

1898 5276 1924 5316 ιι
1955 5274 2479 5350 ιιιιξιιιίΑιιιιιωδὶειιιτ
2509 5273 2681 5350 uideat
2710 5293 2807 5345 pro
2835 5279 3010 5346 uiolet,
3033 5289 3091 5337 et
3118 5279 3427 5350 Artetlsitens,

1829 5363 1930 5434 pro
1955 5349 2291 5416 Antetltisten,
2334 5347 2482 5418 quod
2505 5347 2724 5418 quidem
2751 5351 2990 5424 positum
3023 5353 3284 5416 mentlme
3309 5347 3431 5410 sus;

1829 5435 2228 5552 pﬁagrent-stus
2249 5489 2490 5558 ejusdem
2521 5491 2760 5546 nominis
2781 5487 2940 5546 Pater
2962 5491 3240 5548 librarium
3265 5490 3430 5548 facile

1829 5563 2129 5634 deceperit,
2158 5573 2216 5616 ut
2242 5573 2400 5618 oculo
2427 5572 2776 5634 prOperante,
2805 5561 2924 5634 haec
2953 5563 3274 5634 ititgrtttetlia
3304 5561 3426 5630 ejus

1832 5629 2135 5691 testimonii
2159 5635 2322 5690 verba
2351 5629 2804 5702 praetermiserit,
2841 5631 2996 5688 Pater
3021 5629 3235 5686 Domini
3266 5629 3433 5692 nostri

1832 5705 1960 5761 Jesn
1985 5703 2200 5770 Christi,
2225 5719 2346 5774 qua:
2375 5702 2647 5775 Victorius
2665 5703 2883 5775 quidem
2911 5718 2976 5775 ex
3000 5702 3248 5770 Aposwli
3272 5713 3423 5760 testu

1836 5777 1924 5832 hic
1949 5777 2168 5846 supplet
2206 5773 2304 5840 ;in
2333 5773 2482 5828 nullo
2509 5773 2696 5846 tamen
2722 5791 2752 5828 e
2779 5774 2984 5828 nostris
3015 5786 3147 5827 mss.
3177 5789 3329 5842 repet
3345 5776 3426 5832 ire

1835 5859 1936 5904 est.
1975 5845 2166 5902 Statim
2197 5860 2414 5914 quoque
2454 5845 2654 5900 sulticit
2685 5859 2870 5900 vocem
2920 5854 3100 5900 nostra
3129 5859 3195 5901 ex
3227 5849 3424 5904 eodem

1837 5927 2007 5982 textu,
2039 5919 2128 5973 ubi
2157 5915 2372 5984 dicitur,
2406 5915 2459 5970 in
2486 5918 2628 5988 onmi
2657 5915 2990 5974 tribulatione
3015 5924 3212 5974 nostra.
