3972 6330
584 282 692 342 663

1839 273 1897 331 S.
1942 269 2216 330 EllSEBII
2250 266 2631 326 HIBRONYMI
3744 261 3821 319 664

584 407 764 455 autem
796 397 875 452 vel
911 408 1008 465 pro
1040 391 1280 465 potentia
1318 388 1623 460 accipitur,
1658 387 1801 454 quod
1834 385 2010 458 possit
2033 383 2185 440 Deus
2213 386 2259 445 Α
2290 381 2618 454 lias(Matth.
2654 385 2793 459 xm).
2824 385 2902 444 De
2926 401 3033 459 quo
3054 395 3111 444 et
3139 388 3190 441 in
3215 381 3656 458 Epistolalacohi
3676 380 3821 438 scribi-

590 490 772 546 omnia
808 488 990 541 facere
1018 525 1035 552 ,
1088 499 1208 554 quae
1237 482 1510 554 promittit
1539 523 1554 549 ,
1582 482 1735 553 juxta
1774 479 1907 535 illud
1941 477 2086 548 quod
2119 492 2188 532 ex

588 595 818 652 persona
852 578 952 633 Dei
977 577 1195 649 Moyses
1220 575 1465 647 loquitur
1496 573 1563 629 ad
1594 573 1944 630 Pharaonem
1972 589 1987 625 :
2029 568 2187 625 Nunc

588 673 790 727 mittam
818 686 1049 736 manum,
1083 679 1130 724 et
1159 669 1443 740 percutiam
1470 676 1535 731 te,
1570 675 1617 719 et
1649 666 1904 735 populum
1933 672 2080 718 tuum
2104 662 2186 715 in-

584 765 840 835 terficiam
867 805 882 830 ,
913 773 961 819 et
992 764 1239 820 deleberis
1261 764 1323 817 de
1344 774 1482 816 terra
1505 759 1706 831 (Exod.
1736 774 1815 825 ιιι,
1837 758 1957 830 20).
1984 758 2051 813 Et
2069 772 2189 813 rur-

584 874 704 915 sum
737 858 856 929 ipse
906 857 973 912 ad
1007 857 1262 913 eumdem
1296 865 1586 928 tyrannum
1620 871 1633 907 :
1682 854 1813 910 Ecce
1854 868 2044 907 manus
2077 850 2188 905 Do-

584 950 716 1003 mini
746 950 842 1004 erit
870 965 1025 1020 super
1042 952 1286 1021 jumenta
1306 956 1400 1001 tua
1420 944 1621 1016 (Exod.
1652 960 1728 1011 ιι,
1758 944 1815 1015 4)
1843 962 1856 1008 ;
1889 944 1956 999 de
1983 957 2089 1014 qua
2117 942 2185 998 ad

587 1042 759 1098 Deum
794 1041 1087 1097 Psalmista
1118 1042 1339 1096 dicebat
1373 1059 1384 1093 :
1421 1038 1613 1094 Manus
1644 1049 1731 1093 tua
1757 1047 1928 1112 gentes
1970 1037 2186 1106 interfe-

586 1136 676 1200 cit,
702 1144 750 1190 et
776 1135 1030 1207 plantasti
1052 1150 1139 1187 eos
1161 1132 1339 1203 (Psal.
1367 1133 1539 1202 xun).
1563 1134 1670 1186 Aut
1690 1141 1840 1187 certe
1863 1145 2058 1185 manus
2079 1128 2185 1183 Do-

584 1229 717 1284 mini
746 1228 1001 1282 Christus
1033 1224 1425 1297 intelligendus
1452 1235 1559 1291 est,
1596 1224 1664 1278 de
1685 1239 1794 1293 quo
1818 1230 1875 1277 et
1901 1236 2071 1291 supra
2107 1220 2184 1276 le—

584 1321 765 1392 gimus
780 1338 793 1373 :
811 1320 1005 1374 Manus
1020 1334 1133 1373 mea
1151 1319 1273 1389 fecit
1297 1318 1406 1372 lucc
1423 1316 1617 1369 omnia.
1633 1315 1805 1384 Quam
1828 1325 2009 1370 notam
2027 1311 2189 1369 faciet

589 1413 851 1468 Dominus
873 1412 1260 1484 servisgsuiset
1281 1409 1602 1466 timentibus
1613 1424 1692 1475 se,
1707 1410 1872 1481 διε
1894 1405 2187 1462 etcommi-

588 1505 1141 1593 uabiturjncredulis
1173 1514 1230 1559 et
1258 1501 1498 1559 inimicis
1526 1503 1641 1557 suis
1664 1544 1678 1568 ,
1714 1514 1772 1555 ut
1804 1501 1925 1556 aliis
1955 1501 2187 1571 promit-

586 1611 665 1656 tat
695 1602 941 1673 prazmia,
976 1600 1101 1656 aliis
1127 1598 1391 1671 supplicia
1421 1596 1809 1654 comminetur.
1836 1594 1895 1651 ln
1918 1609 2030 1666 quo
2050 1610 2185 1650 con-

584 1694 876 1750 sideranda
908 1693 1204 1749 verborum
1249 1691 1587 1762 proprietas,
1622 1689 1768 1761 quod
1802 1704 1910 1743 non
1940 1687 2141 1744 dixerit
2169 1706 2179 1742 :

583 1786 790 1842 lul'eret
837 1785 1075 1841 inimicis
1131 1784 1286 1850 suis;
1337 1783 1434 1839 sed
1490 1781 1920 1844 comminabitur,
1975 1789 2035 1835 ut
2085 1794 2182 1849 per
2214 1802 2259 1861 Β

582 1878 1066 1935 comminationem
1098 1877 1370 1944 deterriti,
1417 1885 1475 1932 et
1510 1876 1615 1947 ipsi
1658 1874 1726 1930 ad
1760 1874 1977 1930 Domini
2011 1883 2187 1930 trans-

583 1981 713 2029 eant
735 1972 1081 2027 servitutem.

657 2064 839 2137 (Vers.
872 2064 964 2131 15,
998 2061 1113 2135 16.)
1149 2062 1286 2130 Quia
1313 2078 1427 2116 ecce
1453 2061 1709 2117 Dominus
1739 2060 1792 2115 in
1823 2061 1942 2133 igne
1970 2061 2133 2114 veniet
2167 2076 2185 2113 :

583 2166 631 2210 et
651 2156 800 2227 quasi
838 2155 989 2211 turbo
1018 2154 1289 2226 quadriga:
1317 2158 1462 2228 ejus,
1494 2152 1713 2207 reddere
1740 2152 1794 2206 in
1825 2152 2187 2224 indignatione

582 2250 816 2324 furorem
834 2265 1010 2316 suum,
1034 2258 1081 2302 et
1107 2248 1512 2319 increpationem
1538 2263 1689 2301 suam
1718 2248 1772 2301 in
1792 2248 2006 2318 ﬂamma
2025 2247 2183 2320 ignis.

582 2342 721 2408 Quia
741 2343 797 2397 in
828 2344 945 2415 igne
979 2341 1232 2398 Dominus
1261 2341 1588 2416 dijudicatur
1613 2339 1799 2413 [Vulg.
1825 2339 2184 2413 dijudicabit],

579 2446 626 2489 et
657 2436 711 2490 in
736 2435 919 2508 gladio
947 2452 1044 2491 suo
1073 2436 1142 2490 ad
1174 2451 1376 2490 omnem
1407 2450 1616 2488 carnem
1645 2451 1664 2488 :
1686 2442 1731 2486 et
1756 2432 2181 2503 multiplicabun-

580 2539 665 2584 tur
695 2530 953 2601 interfecti
990 2548 1023 2583 a
1054 2528 1301 2585 Domino.
1330 2527 1477 2584 LXX
1517 2546 1531 2582 :
1580 2526 1716 2583 Ecce
1748 2527 2000 2581 Dominus
2034 2528 2188 2598 quasi

579 2623 713 2695 ignis
745 2625 931 2691 veniet,
963 2633 1012 2680 et
1033 2624 1183 2695 quasi
1213 2632 1489 2695 tempestas
1520 2636 1707 2675 currus
1726 2624 1863 2692 ejus,
1893 2620 2112 2675 reddere
2135 2620 2187 2674 in

579 2716 760 2783 lurore
789 2714 1043 2770 ultionem
1084 2730 1233 2769 suam
1264 2731 1282 2768 :
1316 2724 1365 2767 et
1407 2715 1821 2785 increpationem
1872 2714 1927 2767 in
1971 2714 2187 2783 ﬂamma

584 2807 741 2879 ignis.
775 2805 841 2860 In
874 2808 991 2878 igne
1025 2806 1163 2861 enim
1196 2804 1408 2860 Domini
1438 2804 1767 2878 judicabitur
1788 2804 1958 2859 omnis
1985 2812 2125 2858 terra
2169 2821 2187 2859 :

584 2910 635 2954 et
672 2900 729 2953 in
759 2898 938 2970 gladio
966 2897 1117 2953 illius
1148 2898 1300 2952 cadet
1329 2898 1576 2952 universa
1618 2913 1740 2951 caro
1772 2914 1791 2951 :
1822 2896 1976 2950 inulti
2011 2896 2190 2951 vulne-

587 2994 689 3047 rati
716 3001 866 3048 erunt
896 3010 928 3046 a
959 2991 1205 3048 Domino.
1251 2992 1442 3048 Manus
1476 2991 1687 3047 Domini
1718 3032 1733 3055 ,
1782 3007 1904 3061 quin
1937 3002 2061 3046 nota
2095 2990 2190 3046 lict

588 3087 764 3143 servis
789 3087 931 3157 ejus,
963 3095 1019 3142 et
1042 3084 1359 3141 timentibus
1392 3100 1540 3154 eum,
1573 3086 1688 3154 ipsa
1715 3085 2083 3139 comminatur
2105 3083 2190 3138 in-

2287 487 2375 534 tur
2400 496 2413 534 :
2448 477 2652 534 Parvus
2683 481 2822 554 ignis
2848 497 3009 553 quam
3038 480 3290 555 grandem
3315 476 3576 534 succendit
3603 477 3822 530 materias

2289 568 2548 641 (lac.'m,
2583 570 2677 643 5)!
2713 571 2784 626 Et
2815 573 2865 627 in
2898 572 3207 629 Proverbiis
3240 569 3346 626 :In
3366 570 3541 625 ntultis
3568 569 3713 638 lignis
3727 568 3825 638 riget

2286 662 2426 732 ignis
2451 662 2634 735 (Prov.
2668 680 2817 730 xxvr,
2851 664 2970 737 20).
3003 665 3345 736 Quamquam
3377 664 3429 719 in
3464 678 3530 718 eo
3559 662 3823 732 quod'Pro.

2289 756 2539 811 verbium
2591 766 2700 823 est,
2753 757 2899 813 aliud
2939 759 3111 827 possit
3154 758 3387 828 intelligi
3436 755 3628 829 (Ereti.
3658 757 3822 825 xxviii).

2289 845 2442 903 Hunc
2474 857 2604 918 puto
2630 849 2809 919 ignem
2832 850 3042 906 sedisse
3063 866 3229 922 super
3254 851 3467 922 linguas
3492 847 3824 919 Apostolorum

2288 943 2646 1014 omniumque
2693 944 3061 1011 credentium,
3098 945 3316 1016 quando
3360 944 3555 1015 linguis
3600 940 3746 996 variis
3770 942 3826 995 lo-

2290 1036 2639 1106 quebantur,
2673 1048 2729 1093 ut
2755 1052 2950 1095 omnes
2990 1040 3200 1095 erroris
3243 1038 3462 1109 lugebat
3503 1037 3827 1101 tenebras.et

2290 1126 2629 1183 illuminabat
2649 1130 2812 1185 corda
2842 1146 3057 1197 eorum,
3082 1130 3177 1202 qui
3201 1128 3543 1201 recipiebant
3568 1140 3826 1183 sermonem

2291 1221 2505 1277 Domini
2536 1223 2679 1295 (Act.
2711 1224 2795 1299 ιι).
2825 1226 2982 1293 Quod
3019 1234 3203 1282 autem
3236 1225 3487 1295 sequitur
3514 1242 3527 1278 :
3563 1223 3715 1290 Quasi
3737 1232 3830 1276 teni-

2288 1321 2458 1383 pestas
2480 1330 2684 1385 currus,
2717 1316 2835 1373 sive
2861 1318 3133 1391 quadriga:
3148 1319 3282 1387 ejus,
3306 1316 3645 1372 Psalmorum
3668 1312 3831 1370 edisse-

2287 1421 2476 1462 remus
2498 1408 2786 1479 exemplis,
2820 1409 2875 1465 in
2904 1410 3101 1480 quibus
3129 1410 3394 1481 scriptum
3424 1419 3512 1466 est
3543 1428 3557 1463 :
3591 1407 3720 1463 Deus
3750 1424 3831 1460 ma-

2288 1501 2473 1571 nifeste
2506 1502 2697 1571 veniet,
2738 1501 2880 1558 Deus
2911 1514 3104 1573 noster,
3144 1515 3191 1558 et
3222 1521 3325 1559 non
3354 1504 3559 1558 tacebit.
3588 1500 3725 1573 Ignis
3746 1509 3832 1553 ante

2287 1609 2404 1648 eum
2425 1593 2624 1649 ardebit
2647 1612 2665 1650 :
2683 1603 2731 1650 et
2754 1597 2807 1649 in
2829 1596 3051 1650 circuitu
3072 1600 3184 1672 ejus
3206 1604 3485 1666 tempestas
3506 1593 3671 1649 valida
3693 1590 3830 1664 (Psal.

2287 1701 2439 1751 :th,
2473 1688 2526 1752 5,
2555 1685 2635 1758 4).
2661 1688 2727 1743 Et
2747 1688 2876 1743 alibi
2903 1706 2916 1742 :
2948 1688 3141 1744 Curras
3164 1686 3263 1743 Dei
3289 1689 3465 1747 decem
3492 1684 3710 1742 millibus
3729 1686 3830 1737 mul-
3922 1684 3923 1753 ξ

2287 1777 2448 1849 tiplex
2479 1779 2644 1833 millia
2674 1780 2964 1834 laztantium
2994 1778 3170 1851 (Psal.
3211 1795 3383 1844 vau,
3428 1779 3545 1851 18).
3591 1778 3676 1833 llis
3701 1776 3834 1833 curri-

2289 1868 2390 1925 bus
2418 1882 2473 1926 et
2501 1873 2659 1942 cquis
2690 1873 2921 1928 Eliszeus
2963 1882 3085 1928 erat
3129 1873 3544 1937 circumdatus,
3575 1885 3702 1941 quos
3736 1882 3836 1938 puer

2288 1962 2407 2033 ejus
2452 1965 2640 2020 videre
2683 1981 2788 2020 non
2825 1975 3061 2037 poterat.
3098 1964 3258 2022 Unde
3283 1966 3364 2020 ait
3395 1984 3411 2019 :
3446 1965 3659 2020 Domine
3682 2004 3696 2029 ,
3722 1962 3835 2035 aperi

2288 2058 2467 2111 oculos
2496 2060 2644 2128 pueri
2667 2059 2825 2131 hujus
2849 2069 2904 2112 ut
2934 2059 3130 2113 videat.
3167 2058 3232 2112 Et
3263 2059 3487 2129 apertis,
3522 2056 3689 2128 inquit
3709 2097 3721 2119 ,
3742 2070 3836 2109 ocu-

2288 2149 2374 2214 lis,
2405 2152 2531 2206 vidit
2557 2169 2764 2220 currus,
2793 2162 2843 2209 et
2868 2153 3157 2225 quadrigas
3181 2195 3196 2219 ,
3231 2161 3279 2206 et
3308 2169 3466 2224 equos
3498 2167 3584 2218 per
3611 2149 3833 2205 circuitum

2290 2245 2381 2318 (IV
2415 2245 2548 2320 Reg.
2574 2263 2647 2315 Vl,
2686 2247 2795 2321 17).
2832 2248 2945 2303 Hoc
2966 2263 3131 2304 curru
3158 2249 3319 2318 igneo
3341 2256 3398 2303 et
3424 2246 3582 2302 Elias
3608 2257 3770 2314 raptus
3785 2240 3834 2295 ad

2288 2341 2491 2397 caelum
2537 2350 2641 2409 est,
2701 2342 2922 2414 quando
2969 2342 3241 2397 clamabat
3288 2342 3523 2397 Elisieus
3552 2360 3565 2397 :
3598 2336 3743 2393 Pater
3762 2334 3833 2403 uti,

2295 2432 2452 2488 Pater
2474 2451 2565 2502 mi,
2590 2452 2772 2490 currus
2795 2434 2969 2491 Israel
2988 2444 3038 2491 et
3059 2436 3245 2508 auriga
3268 2438 3384 2508 ejus
3410 2434 3507 2508 (IV
3529 2433 3652 2507 Reg.
3675 2449 3727 2499 ιι,
3748 2430 3835 2498 12).

2294 2526 2418 2581 llaec
2448 2536 2630 2582 autem
2665 2527 2920 2583 universa
2951 2537 3252 2582 narrantur
3275 2571 3290 2594 ,
3326 2541 3439 2582 non
3484 2542 3591 2599 quo
3624 2525 3748 2581 Deus
3771 2529 3841 2575 aut

2290 2635 2482 2675 currus
2511 2620 2707 2676 habeat
2726 2662 2742 2686 ,
2790 2630 2885 2677 aut
2914 2621 3229 2693 quadrigas,
3262 2630 3357 2676 aut
3384 2636 3648 2694 equorum
3677 2618 3839 2674 veloci-

2289 2722 2398 2768 tate
2432 2722 2679 2783 portetur
2707 2729 2723 2779 ;
2755 2714 2826 2769 de
2854 2730 2963 2785 quo
2984 2712 3113 2769 alibi
3134 2715 3398 2785 scriptum
3429 2723 3553 2771 est:
3580 2713 3676 2781 Qui
3692 2710 3839 2766 ambu-
3928 2710 3929 2759 1

2288 2802 2360 2859 lat
2393 2821 2549 2875 super
2578 2822 2773 2877 pennas
2806 2817 3069 2862 ventorum
3110 2805 3286 2878 (Psal.
3332 2822 3454 2877 cur,
3487 2807 3543 2879 3)
3570 2824 3586 2872 ;
3621 2806 3709 2862 sed
3735 2819 3841 2876 quo-

2290 2898 2454 2953 modo
2486 2900 2538 2952 in
2566 2899 2710 2954 solio
2737 2900 2934 2956 sedere
2961 2901 3183 2968 dicitur,
3216 2901 3443 2971 quando
3469 2901 3689 2956 assumit
3718 2896 3837 2952 babi-

2293 2999 2407 3045 tum
2432 2990 2737 3061 judicantis
2779 3010 2795 3056 ;
2824 2994 2908 3048 sic
2932 2992 3153 3062 quando
3183 2993 3251 3047 ad
3293 2992 3591 3050 vindictam
3620 2993 3775 3051 venit,
3800 2995 3842 3041 ut

2290 3082 2528 3138 debellet
2548 3084 2893 3140 adversarios
2916 3098 3071 3151 suos,
3098 3085 3151 3139 in
3176 3083 3361 3139 habitu
3389 3084 3617 3140 victoris
3631 3082 3842 3138 ettrium-

583 3180 850 3250 crcdulis,
877 3182 995 3238 sive
1026 3180 1263 3237 inimicis
1291 3181 1431 3251 ejus,
1466 3181 1591 3235 utsi
1623 3195 1728 3235 non
1762 3180 1976 3251 egerint
2007 3178 2183 3247 pmni-
2212 3179 2258 3240 C
2292 3177 2510 3249 phantis
2538 3178 2878 3235 ostenditur.
2929 3181 3003 3236 De
3035 3179 3219 3236 furore
3249 3180 3473 3236 Domini
3512 3181 3698 3236 crebro
3735 3176 3842 3232 dixi-

588 3276 840 3341 tentiam,
871 3274 1182 3330 sustineant
1201 3289 1322 3343 qua:
1350 3282 1661 3344 sequuntur
1694 3290 1707 3327 :
1741 3271 1874 3326 Ecce
1900 3272 2041 3325 enim
2062 3312 2077 3336 ,
2107 3270 2191 3325 in-

584 3371 723 3442 quit,
757 3367 1017 3424 Dominus
1043 3369 1099 3422 in
1128 3368 1247 3439 igne
1269 3367 1454 3434 veniet,
1489 3375 1536 3421 et
1564 3365 1715 3437 quasi
1743 3364 1895 3419 turbo
1921 3364 2027 3418 sive
2058 3372 2189 3417 tem-

588 3470 761 3533 pestas
799 3477 987 3516 currus
1013 3463 1145 3534 ejus.
1183 3458 1333 3527 Quas
1365 3458 1633 3513 debemus
1662 3456 1967 3527 intelligere
2012 3457 2193 3527 Auge-

590 3553 727 3608 lieas
756 3560 1096 3621 pctestates,
1140 3550 1359 3621 quando
1403 3558 1667 3605 venturus
1705 3558 1791 3603 est
1841 3548 2103 3602 Dominus
2136 3547 2189 3602 in

591 3643 766 3712 gloria
808 3643 987 3697 Patris
1036 3658 1158 3697 cum
1206 3642 1429 3713 Angelis
1461 3643 1617 3706 .suis,
1652 3639 1921 3710 judicare'
1948 3642 2097 3695 vivos
2136 3650 2192 3696 et

593 3744 840 3788 mortuos
872 3750 884 3786 :
915 3748 1021 3786 non
1052 3747 1160 3803 quo
1192 3733 1455 3788 Dominus
1479 3733 1620 3802 ignis
1647 3732 1738 3797 sit,
1769 3731 1866 3786 sed
1890 3747 1998 3801 quo
2028 3732 2192 3787 susti-

591 3825 848 3881 nentibus
875 3840 1087 3895 pinnas,
1115 3839 1241 3880 esse
1264 3824 1409 3895 ignis
1441 3824 1707 3880 videatur.
1741 3824 1805 3877 Et
1828 3823 1953 3879 licet
1977 3823 2192 3896 Moysrs

588 3914 787 3972 dixerit
813 3915 993 3985 (Deut.
1026 3932 1098 3983 tv,
1123 3914 1242 3987 24),
1277 3915 1512 3986 idipsum
1536 3914 1803 3986 Apostolo
1832 3916 2191 3971 conﬁrmante

595 4009 782 4081 (Hebr.
820 4026 917 4077 stt,
954 4010 1049 4081 29)
1094 4028 1109 4064 :
1142 4009 1282 4064 Deus
1314 4010 1449 4080 ignis
1478 4026 1784 4064 consumens
1810 4019 1906 4064 est.
1935 4009 2189 4065 Attamen

597 4102 873 4174 Salvator,
923 4105 1240 4173 exprimens
1289 4102 1596 4159 divinitatis
1628 4104 2014 4169 substantiam,
2044 4104 2120 4157 ait
2176 4124 2187 4160 :

594 4194 827 4266 Spiritus
857 4204 934 4249 est
967 4194 1108 4251 Deus
1139 4195 1321 4267 (Joan.
1361 4211 1435 4260 tv,
1478 4192 1595 4268 24).
1635 4193 1787 4251 Inter
1816 4195 2065 4265 spiritum
2098 4211 2193 4251 au-

593 4297 703 4343 tem
733 4297 788 4343 et
812 4290 1015 4358 ignem,
1043 4289 1341 4345 secundum
1370 4288 1791 4359 intelligentiam
1819 4288 2189 4358 corporalem,

593 4379 765 4434 multa
789 4380 1077 4435 diversitas
1101 4389 1209 4437 est.
1242 4381 1399 4449 Quod
1431 4383 1474 4436 si
1512 4382 1674 4452 ignis,
1704 4392 1799 4437 aut
1826 4383 2051 4452 spiritus
2081 4393 2186 4451 est,

587 4473 865 4543 quomodo
908 4474 1120 4540 oculos,
1153 4483 1206 4531 et
1234 4490 1419 4542 aures,
1461 4485 1513 4530 et
1546 4490 1738 4530 manus
1764 4520 1778 4543 ,
1810 4487 1861 4531 et
1896 4475 2089 4545 pedes,
2136 4485 2194 4531 et

2294 3285 2413 3325 mus
2440 3312 2454 3335 ,
2485 3272 2628 3341 quod
2657 3272 2737 3327 sic
2765 3271 2937 3342 accipi
2966 3271 3167 3327 debeat
3194 3272 3474 3343 quomodo
3498 3271 3691 3327 oblivio
3719 3269 3839 3339 ejus,
3932 3269 3933 3309 1

2293 3374 2348 3420 et
2391 3366 2714 3436 paenitentia
2739 3406 2756 3433 ,
2802 3375 2858 3423 et
2884 3366 3265 3433 contristatio,
3312 3377 3369 3422 et
3395 3366 3623 3424 allectus
3657 3363 3841 3427 ceteri.

2293 3458 2385 3528 qui
2429 3457 2525 3513 Dei
2560 3474 2669 3513 non
2699 3458 3037 3514 conveniunt
3070 3458 3367 3529 majestati.
3399 3458 3475 3514 Et
3506 3459 3561 3516 in
3595 3458 3691 3513 hoc
3717 3455 3844 3525 igitur

2296 3548 2419 3619 igne
2449 3557 2504 3605 et
2543 3548 2732 3605 furore
2754 3592 2770 3615 ,
2819 3550 2873 3605 in
2907 3550 2991 3605 his
3032 3551 3286 3606 curribus
3315 3559 3369 3606 et
3408 3552 3467 3606 in
3499 3550 3709 3606 ﬂamma
3735 3544 3845 3617 ignis

2290 3640 2631 3709 iudicabitur
2678 3642 2859 3696 omnis
2908 3656 3063 3711 caro,
3122 3644 3238 3698 sive
3293 3643 3412 3713 ipse
3468 3643 3713 3699 Dominus
3748 3651 3843 3694 cum

2294 3734 2564 3788 creaturis
2589 3734 2726 3798 suis,
2760 3742 2819 3789 ut
2850 3749 2955 3789 non
2983 3736 3247 3805 potentia,
3275 3735 3370 3790 scd
3395 3734 3569 3809 814
3589 3732 3760 3805 judicii
3781 3744 3847 3783 ve-

2295 3824 2456 3881 ritate
2484 3825 2737 3882 videatur
2762 3827 2907 3885 ferre
2933 3832 3263 3884 sententiam
3303 3830 3465 3899 juxta
3499 3828 3626 3883 illud
3654 3823 3779 3898 quod
3807 3826 3843 3873 in

2297 3914 2519 3971 Miclnea
2554 3918 2839 3988 prolixius,
2871 3931 2925 3975 et
2956 3922 3007 3976 in
3038 3921 3501 3992 quinquagesimo
3531 3920 3728 3991 psalmo
3752 3916 3845 3970 bre-

2302 4010 2421 4063 vius
2460 4010 2703 4067 dicitur:
2752 4012 2819 4068 Ut
2849 4013 3157 4086 justiﬁceris
3202 4015 3254 4068 in
3294 4014 3619 4068 sermonibus
3663 4011 3751 4067 ttu's
3776 4016 3841 4061 εει

2295 4102 2473 4157 vincas
2531 4119 2649 4158 cum
2694 4104 2855 4173 fueris
2895 4105 3163 4175 judicatus
3216 4103 3392 4177 (Psal.
3423 4122 3490 4171 ι..
3534 4105 3616 4176 5).
3659 4099 3843 4159 Gladius

2296 4207 2478 4252 autem
2505 4215 2614 4266 quo
2636 4200 2814 4254 omnis
2834 4213 2965 4255 caro
2985 4198 3401 4269 estjudicanda,
3426 4200 3525 4255 ille
3545 4193 3843 4267 accipiendas

2296 4299 2401 4354 est,
2451 4290 2520 4346 de
2545 4306 2653 4359 quo
2691 4292 2923 4361 etprius
2952 4292 3213 4357 diximus,
3262 4301 3320 4347 et
3365 4308 3511 4347 nunc
3541 4293 3763 4347 dicemus
3795 4299 3842 4335 υἱ

2299 4393 2491 4452 parte:
2522 4382 2645 4438 Nisi
2676 4385 2911 4438 conversi
2939 4384 3143 4455 fueritis
3170 4426 3187 4451 ,
3219 4383 3454 4456 gladium
3498 4400 3645 4438 suum
3670 4376 3845 4434 vibrobit

2297 4473 2473 4547 (Psal.
2508 4492 2602 4543 vn,
2630 4474 2739 4548 15).
2772 4477 2929 4534 llunc
2952 4476 3193 4549 gladium
3223 4480 3536 4547 punitorem
3559 4474 3727 4533 carnis
3750 4485 3848 4541 pec—

589 4576 863 4634 ventrem,
891 4576 948 4622 et
968 4578 1167 4623 caetera
1187 4567 1439 4637 corporis
1466 4569 1714 4623 membra
1740 4568 1948 4625 habere
1968 4568 2186 4635 dicitur,
2222 4572 2273 4631 D
2296 4571 2517 4625 eatricis
2549 4571 2901 4641 omniumque
2949 4572 3208 4627 vitiorum
3240 4614 3256 4638 ,
3308 4571 3573 4628 Israelita:
3608 4572 3660 4626 in
3688 4577 3847 4623 manus

585 4672 713 4713 cum
745 4658 861 4713 haec
892 4659 1123 4729 spiritus
1159 4659 1411 4731 ignisque
1442 4677 1550 4715 non
1578 4659 1850 4716 habeant?
1892 4660 2039 4732 ignis
2062 4676 2194 4730 ergo

588 4764 921 4806 consumens
966 4751 1274 4820 appellatur
1321 4751 1488 4818 Deus,
1535 4762 1594 4806 ut
1634 4751 1899 4823 quidquid
1946 4752 2001 4807 in
2035 4752 2193 4807 nobis

591 4842 844 4896 vitiorum
877 4849 966 4897 est
989 4883 1005 4908 ,
1039 4841 1247 4906 fenum,
1281 4844 1448 4911 ligna,
1478 4843 1844 4913 stipulamque
1883 4854 2188 4912 consumat,

586 4943 639 4988 et
668 4934 879 5002 spinas,
910 4934 966 4989 id
997 4944 1085 4990 est
1111 4978 1125 5002 ,
1159 4935 1559 4990 sollicitudines
1590 4934 1777 4989 steculi
1810 4934 1986 5004 .bujus
2012 4981 2025 5003 ,
2057 4951 2192 5006 quas

588 5040 691 5095 pro
717 5025 860 5081 bono
887 5028 1097 5083 semine
1128 5037 1272 5083 terra
1299 5028 1481 5083 attulit
1508 5026 1800 5083 infecunda
1827 5069 1843 5094 ,
1881 5027 1950 5083 de
1976 5044 2080 5097 qua
2123 5030 2191 5084 ad

591 5116 851 5175 ﬂebrmos
873 5120 1106 5176 dicitur:
1140 5121 1271 5189 Qute
1290 5132 1459 5177 autem
1490 5120 1643 5190 alfert
1663 5123 1846 5192 spinas
1872 5130 1920 5175 et
1944 5123 2187 5190 tribulos,

585 5210 809 5283 reproba
831 5220 929 5279 est,
955 5220 1003 5266 et
1025 5214 1297 5267 maledicto
1328 5216 1564 5284 proxima
1586 5231 1605 5269 :
1628 5217 1777 5288 cujus
1801 5214 1923 5285 ﬁnis
1946 5231 2191 5269 consum-

588 5306 700 5376 ptio
725 5315 797 5359 est
828 5302 1113 5377 (Hebr.vr,
1133 5307 1208 5378 1).
1225 5306 1303 5362 De
1322 5306 1426 5362 ltoc
1450 5308 1572 5377 igne
1600 5318 1653 5363 et
1682 5307 1737 5362 in
1763 5310 2059 5380 Evangelio
2082 5310 2187 5364 Do-

587 5398 767 5452 minus
801 5396 1127 5468 loquebatur
1164 5416 1176 5452 :
1206 5396 1391 5472 Ignem
1421 5400 1537 5453 veni
1566 5402 1771 5455 mittere
1811 5401 1976 5474 813
2030 5419 2187 5473 super

587 5495 776 5539 terram
801 5484 957 5557 (Luc.
982 5502 1078 5554 xtl,
1110 5487 1227 5560 49).
1260 5481 1329 5545 Et
1352 5504 1514 5559 supra
1546 5490 1816 5562 legimus:
1850 5492 2061 5547 Ardebit
2087 5499 2189 5547 sic-

580 5587 636 5630 ut
664 5579 800 5647 ignis
831 5580 1080 5651 iniquitas
1100 5629 1113 5653 ,
1143 5593 1194 5638 et
1224 5585 1358 5637 sicut
1402 5600 1615 5657 gramen
1659 5585 1871 5640 aridum
1904 5602 2181 5639 consume-

586 5677 669 5718 tur
700 5670 811 5739 igni
841 5671 997 5739 (Isai.
1031 5690 1107 5743 ix,
1144 5674 1258 5748 l8),
1288 5686 1344 5730 et
1370 5677 1555 5733 omnia
1583 5679 1814 5743 zizania,
1851 5692 1973 5748 quae
2006 5679 2188 5734 inimi-

579 5772 675 5812 cus
732 5761 895 5818 homo
952 5770 1455 5836 super-seminavit,
1495 5770 1811 5825 dormiente
1867 5771 2184 5841 patratatni—

2301 4662 2604 4719 Pharaonis
2650 4664 2838 4721 datum
2885 4676 3239 4736 queruntur;
3288 4665 3590 4737 dicuntque
3624 4660 3773 4733 Iloysi
3806 4663 3849 4711 et

2299 4760 2479 4814 Aaron
2513 4776 2525 4811 :
2569 4756 2752 4813 Videat
2782 4759 2923 4815 Deus
2951 4777 3041 4816 vos
3070 4771 3116 4814 et
3133 4760 3336 4831 judicet
3367 4776 3388 4814 :
3417 4761 3543 4831 quia
3572 4750 3848 4812 abominabi-

2295 4852 2395 4906 lem
2421 4851 2613 4922 fecistis
2637 4851 2847 4906 odorem
2875 4861 3110 4907 nostrum
3139 4869 3312 4907 coram
3346 4850 3628 4906 Pharaone
3654 4865 3673 4904 :
3699 4855 3748 4901 ut
3773 4842 3848 4895 da-

2293 4956 2433 4996 retur
2461 4940 2670 5013 gladius
2695 4943 2749 4996 in
2780 4960 2939 4997 manu
2969 4947 3114 5016 ejus,
3142 4954 3192 4997 et
3218 4943 3534 5013 interﬁceret
3565 4956 3655 4995 nos
3682 4932 3844 5010 (Exod.

2292 5048 2367 5101 tv,
2411 5033 2527 5105 21).
2581 5033 2659 5089 De
2699 5036 2802 5089 hoc
2839 5035 3020 5106 gladio
3065 5043 3124 5091 et
3153 5035 3207 5089 in
3249 5038 3417 5090 Amos
3458 5035 3716 5104 scriptum
3740 5036 3843 5083 est:

2295 5124 2483 5181 Gladio
2535 5128 2814 5183 interibunt
2869 5145 3045 5184 omnes
3099 5135 3394 5200 peccatores
3441 5126 3623 5201 papnli
3671 5124 3844 5197 (Αηιοε

2286 5236 2345 5275 1x
2371 5264 2385 5285 ,
2417 5223 2504 5292 10)
2539 5239 2551 5278 :
2582 5238 2704 5278 cum
2736 5226 2925 5293 utique
2955 5235 3010 5278 et
3053 5225 3158 5279 alia
3188 5225 3301 5279 sint
3330 5228 3541 5295 genera
3575 5231 3840 5295 pinnarum.

2293 5312 2565 5385 Quidquid
2613 5330 2745 5386 ergo
2790 5318 3024 5388 pungit,
3070 5326 3125 5372 et
3153 5319 3431 5387 percutit,
3476 5327 3532 5373 et
3560 5318 3843 5385 torquet,el

2287 5409 2518 5472 cruciat,
2572 5408 2626 5462 in
2677 5407 2979 5476 Scripturis
3028 5412 3235 5465 sanctis
3287 5411 3501 5480 gladius
3550 5408 3837 5481 appellatur,

2290 5516 2397 5571 quo
2423 5501 2604 5573 gladio
2627 5502 3061 5560 vulnerabantur
3084 5503 3200 5560 sive
3227 5505 3644 5570 interlicicntur,
3666 5501 3746 5572 qui
3765 5497 3838 5551 Dei

2291 5608 2399 5647 non
2433 5592 2667 5649 fecerint
2694 5594 3033 5651 voluntatem
3066 5612 3080 5662 ;
3113 5605 3169 5651 et
3194 5597 3399 5653 omisso
3440 5597 3640 5652 lumine
3668 5591 3836 5649 verita-

2291 5686 2379 5750 tis,
2414 5687 2656 5741 tenebris
2685 5703 2745 5741 se
2772 5687 2981 5744 erroris
3011 5687 3363 5744 involverint.
3386 5689 3462 5745 De
3481 5690 3676 5759 quibus
3696 5684 3835 5744 scritt‘

2288 5786 2401 5831 tum
2456 5789 2538 5831 cst
2591 5778 2643 5831 in
2686 5777 2968 5835 Jeremia:
3020 5780 3081 5832 Si
3126 5780 3343 5835 nmtabit
3393 5779 3637 5851 ﬁtbiops
3679 5774 3829 5847 pellent

3924 2098 3928 2351 ἱ
