3972 6362
225 355 338 414 663

709 356 1355 422 COMMENTARIORUM
1393 358 1461 416 IN
1500 359 1733 421 ISAIAM
1776 363 2198 422 PROPBETAM
2242 364 2371 423 LIB.
2413 364 2603 424 XVIII.
2641 366 2796 425 CAP.
2836 368 3026 430 LXVI.

3426 373 3530 431 666

217 491 377 530 suam
423 472 646 548 (Jercm.
700 490 818 539 sm,
875 475 992 546 23).
1048 475 1117 531 Et
1159 474 1214 530 in
1248 474 1527 547 Sephonia
1557 495 1570 531 :
1616 476 1685 533 Et
1738 495 1825 536 ros
1850 483 1906 545 Α
1930 481 2181 538 victimas
2208 480 2413 538 rediret
2439 481 2506 537 ad
2536 481 2847 555 Templum,
2881 486 3027 558 quod
3059 486 3136 543 illi
3167 489 3529 561 negligentes,

222 566 508 642 .Ethiopes
535 569 825 637 vulnerati,
872 567 989 625 sive
1014 568 1271 639 interfecti
1308 566 1487 641 gladio
1528 586 1639 625 meo
1684 573 1828 628 eritis

221 663 424 736 (Soph.
456 678 514 731 tt,
547 661 659 732 12).
692 663 922 718 Omnem
958 663 1063 718 loci
1091 661 1251 718 istius
1279 665 1694 732 continentiam,
1720 680 1827 736 quo

220 760 394 814 sen‘su
422 756 733 827 accipienda
760 757 872 823 sit,
906 756 1203 828 Apostolus
1236 757 1501 826 prolixius
1532 758 1825 826 edisserit,

220 849 477 906 scribens
503 848 570 904 ad
602 847 884 904 Romanos
929 865 942 902 :
988 846 1154 903 Juxta
1183 849 1432 904 duritiam
1476 860 1648 905 autem
1684 861 1827 905 tuam

217 950 271 997 et
297 941 628 1009 impaenitens
659 958 780 1009 cor,
806 942 1132 997 thesaurizas
1160 942 1252 997 tibi
1281 944 1414 998 iram
1453 946 1504 999 in
1535 944 1620 1000 die
1650 947 1741 1000 ira:
1779 955 1828 1001 et

213 1036 557 1092 reuelationis
577 1038 716 1111 justi
731 1036 927 1110 judicii
956 1035 1072 1100 Dei,
1121 1037 1209 1108 qui
1234 1036 1415 1093 reddet
1443 1038 1721 1111 unicuique
1747 1057 1829 1095 se-

215 1128 453 1182 cundum
476 1144 637 1201 opera
676 1144 793 1182 sua.
844 1126 941 1183 His
971 1127 1179 1198 quidem
1206 1130 1295 1201 qui
1328 1134 1495 1206 'juxta
1522 1132 1827 1202 patientiam

218 1220 396 1293 operis
443 1220 585 1291 boni,
613 1218 859 1294 'gloriam
903 1229 953 1274 et
998 1220 1245 1275 honorem
1282 1228 1329 1274 et
1385 1222 1825 1295 incorruptionem

214 1312 570 1385 querentibus
596 1314 755 1367 citam
781 1322 1049 1369 teternam.
1085 1313 1189 1380 Qui
1216 1323 1388 1369 autem
1412 1332 1476 1370 ea:
1501 1319 1829 1372 contentione

215 1414 269 1461 et
296 1405 555 1461 increduli
580 1416 701 1461 sunt
722 1408 949 1473 veritati,
972 1409 1304 1477 acquiescant
1326 1420 1502 1465 autem
1529 1412 1822 1483 iniquitati,

213 1498 304 1552 ira
331 1509 380 1553 et
411 1501 582 1570 furor,
612 1498 882 1554 tribulatio
910 1508 960 1554 et
982 1501 1225 1571 angustia
1261 1517 1418 1571 super
1449 1517 1624 1558 omnes
1653 1503 1824 1559 hami.

214 1608 313 1648 nes
340 1593 431 1663 qui
465 1603 751 1665 operantur
778 1594 973 1649 malum
998 1636 1014 1663 ,
1061 1593 1237 1649 Judwi
1268 1595 1493 1666 primum
1537 1605 1585 1651 et
1627 1597 1823 1654 ethnici

218 1684 407 1760 (Rom.
440 1701 499 1753 tt,
529 1689 562 1742 5
590 1686 778 1761 seqq.).

291 1780 473 1852 (νει-8.
508 1781 620 1852 17.)
649 1780 751 1848 Qui
772 1781 1251 1852 sanctiﬁcabantur,
1278 1792 1325 1839 et
1351 1785 1568 1839 mundos
1595 1803 1648 1839 se
1674 1796 1825 1856 puta-

1931 577 1985 631 in
2009 575 2145 632 locis
2167 575 2485 632 deliciarum
2512 588 2567 631 et
2597 578 2956 650 voluptatum,
2993 578 3097 635 hoc
3131 589 3234 646 est,
3268 581 3320 635 in
3355 581 3532 637 hortis

1929 670 2336 737 amoenissimis,
2360 671 2447 727 vel
2481 671 2796 742 baptisteria
2845 673 3221 741 exstruebant,
3253 673 3335 729 vel
3368 673 3531 744 pisci-

1930 777 2029 819 nas
2049 763 2116 818 ad
2148 764 2366 820 areolas
2392 764 2703 835 irrigandas
2737 784 2750 820 :
2776 766 3041 823 adulteria
3073 780 3129 823 et
3156 782 3379 824 omnem
3412 767 3533 822 libi-

1929 855 2117 912 dinum
2162 856 2580 928 turpitudinem,
2613 858 2955 930 simplicibus
2985 861 3144 929 aquis
3191 859 3418 916 abluere
3467 874 3530 916 se

1929 957 2205 1017 putantes,
2236 948 2772 1019 quibusgrectissime
2804 950 2937 1006 illud
2965 950 3278 1022 optabitur:
3311 950 3380 1006 Et
3404 967 3527 1006 noc-

1928 1050 2028 1095 tem
2083 1042 2300 1111 [tantine
2347 1053 2573 1114 purgant
2610 1042 2870 1114 (Horat.).
2902 1042 3016 1099 Nec
3070 1043 3235 1099 alicui
3281 1044 3533 1100 videatur

1927 1131 2309 1204 incongruum,
2337 1135 2384 1190 si
2428 1150 2548 1206 quae
2584 1142 2854 1206 geruntur
2894 1136 3148 1206 turpiter,
3182 1135 3529 1192 manifestius

1927 1231 2269 1298 explicentur
2322 1229 2376 1284 in
2407 1232 2802 1286 correctionem
2824 1244 3039 1296 eorum,
3070 1229 3165 1300 qui
3202 1229 3330 1285 talia
3374 1243 3528 1284 com-

1930 1322 2147 1377 mittere
2190 1337 2302 1377 non
2353 1322 2709 1390 erubescunt,
2737 1337 2858 1392 quin
2903 1330 3057 1394 turpe
3087 1331 3173 1377 est
3228 1331 3282 1376 et
3320 1320 3527 1387 dicere,

1927 1413 2054 1469 dum
2084 1413 2280 1468 scortis
2309 1414 2587 1469 adltmrent
2618 1417 2670 1469 in
2703 1414 2922 1469 modum
2948 1428 3141 1468 cauum
3168 1454 3183 1479 ,
3216 1422 3273 1468 ct
3299 1412 3530 1467 masculi

1929 1507 1983 1561 in
2031 1507 2302 1563 masculos
2350 1517 2609 1565 exercent
2656 1506 3068 1579 turpitudinem,
3114 1506 3528 1563 retributionem

1929 1599 2138 1669 peccati
2192 1600 2244 1654 in
2296 1601 2625 1671 semetipsos
2663 1602 3016 1672 recipientes.
3067 1600 3236 1674 816
3274 1600 3379 1668 Qui
3413 1599 3531 1655 haec

1927 1707 2092 1764 opera
2118 1693 2342 1759 iaciunt,
2373 1693 2656 1750 voluntate
2696 1704 2751 1751 et
2775 1695 3076 1751 sceleribus
3103 1710 3228 1751 cum
3261 1694 3353 1750 his
3377 1704 3529 1762 sunt,

1926 1786 2017 1857 qui
2048 1801 2267 1842 carnem
2304 1787 2521 1842 suillam
2563 1789 2877 1856 comedunt,
2907 1796 2966 1843 et
2990 1788 3179 1844 omnia
3216 1804 3337 1860 quae
3387 1787 3531 1859 Lege

214 1875 342 1931 bant
368 1875 422 1929 in
454 1876 616 1929 hortis
646 1885 760 1947 post
790 1884 816 1912 ει
843 1892 1002 1930 unam
1029 1877 1465 1948 intrinsecus:qui
1494 1879 1819 1934 comedebant
1859 1887 1895 1943 Β
1928 1878 2305 1949 prohibentur,
2338 1889 2392 1935 et
2423 1897 2643 1951 murem,
2684 1898 2844 1953 quem
2878 1894 2982 1936 nos
3032 1879 3217 1953 glirem
3244 1892 3526 1950 vocamus,

215 1985 433 2025 carnem
480 1969 713 2035 suillam,
746 1978 795 2023 et
844 1970 1278 2024 abominationem
1328 1979 1375 2025 et
1414 1988 1639 2040 murem,
1675 1973 1833 2027 simul

213 2070 608 2127 consumentnr,
644 2062 769 2115 dicit
792 2060 1071 2117 Dominus.
1101 2061 1248 2119 LXX
1273 2082 1284 2117 :
1315 2062 1419 2131 Qui
1440 2065 1833 2135 sanctiﬁcantur

212 2165 261 2209 et
293 2154 642 2225 puriﬁcantur
672 2154 726 2209 in
756 2152 925 2209 hortis
955 2166 1000 2210 et
1025 2155 1289 2211 liminibus
1320 2172 1338 2211 :
1365 2157 1531 2230 815
1556 2159 1827 2214 comeden-

214 2259 291 2303 tes
322 2262 533 2302 carnem
556 2248 840 2317 porcinam,
873 2259 920 2303 et
947 2249 1376 2315 abominationes,
1411 2261 1461 2304 et
1486 2268 1683 2308 murem
1707 2268 1725 2307 :
1754 2254 1827 2308 si-

213 2339 325 2393 mul
341 2351 729 2407 consuntentur,
748 2339 874 2394 dicit
899 2338 1169 2397 Dominus.
1190 2341 1557 2413 Symmachus
1578 2352 1628 2396 et
1647 2342 1829 2398 Theo-

212 2431 370 2487 dotio
398 2434 541 2489 hunc
566 2435 744 2489 locum
769 2435 841 2488 ila
872 2436 1215 2505 interpretati
1242 2446 1387 2490 sunt.
1415 2436 1517 2503 Qui
1535 2439 1829 2508 sanctiﬁca-

216 2524 347 2578 mini
381 2535 427 2578 et
478 2525 772 2581 lustramini
799 2525 854 2580 in
897 2528 1060 2581 hortis
1097 2527 1229 2581 alter
1274 2539 1387 2599 post
1428 2529 1668 2595 alterum,
1693 2532 1829 2583 inter

217 2634 306 2674 eos
327 2619 413 2690 qui
441 2619 713 2675 comedunt
734 2635 941 2675 carnem
967 2621 1197 2685 suillam,
1227 2632 1273 2675 et
1292 2622 1752 2691 abominationem,
1777 2634 1827 2678 et

222 2727 441 2780 mtrem,
485 2713 644 2768 simul
674 2714 934 2784 deﬁcient,
965 2714 1092 2769 dicit
1143 2714 1423 2782 Dominus,
1454 2717 1702 2771 volentes
1734 2732 1823 2771 os-

220 2807 473 2872 tendere,
526 2822 636 2862 non
689 2808 835 2879 ipsos
887 2808 1181 2865 comedere
1226 2823 1447 2864 carnem
1496 2809 1739 2877 suillam,
1771 2817 1853 2873 et,

218 2898 711 2964 abantinatiouem,
731 2910 781 2954 et
808 2914 1042 2966 mttrem,
1071 2898 1161 2969 qui
1190 2897 1597 2954 sanctiﬁcantur
1616 2901 1668 2953 itt
1700 2899 1824 2954 bor-

221 2995 293 3048 tis
315 2994 456 3048 alter
490 3003 610 3064 post
632 2993 896 3059 alterum;
928 2993 1022 3049 sed
1049 3009 1144 3049 eos
1168 2994 1257 3063 qui
1291 2994 1590 3049 lustrantur
1617 2995 1821 3049 versari

220 3101 343 3141 cum
376 3086 479 3154 eis,
508 3087 598 3157 qui
631 3087 926 3142 comedunt
965 3103 1086 3158 quae
1129 3086 1399 3158 prohibita
1443 3099 1589 3143 sunt.
1630 3088 1824 3158 Arguit

219 3190 403 3236 autem
432 3196 617 3236 sermo
640 3181 855 3236 divinus
887 3182 1117 3252 pepulos
1150 3181 1659 3247 ludmorunnimmo
1684 3183 1825 3239 Scri-

223 3276 321 3329 bas
370 3282 429 3330 et
480 3275 807 3342 Pharismos,
842 3290 980 3346 quos
1017 3285 1073 3331 et
1127 3275 1387 3331 Dominus
1426 3276 1707 3347 arguebat,
1739 3276 1820 3329 di-
1847 3275 1892 3336 C

220 3381 355 3422 cens
385 3385 397 3421 :
434 3366 540 3422 Vos
566 3368 687 3423 estis
716 3370 802 3438 qui
822 3368 1131 3441 justiﬁcatis
1154 3369 1488 3440 vosmetipsos
1523 3385 1698 3423 coram
1725 3368 1820 3421 ho-

220 3457 446 3513 minibus
478 3474 495 3513 :
524 3457 663 3513 Deus
689 3468 861 3514 autem
888 3459 980 3515 scit
1008 3460 1168 3515 corda
1189 3469 1378 3530 vestra,
1409 3462 1654 3531 quoniam
1679 3464 1818 3533 quod

222 3549 274 3603 in
292 3546 590 3603 hominibus
616 3550 872 3604 excelsum
899 3558 995 3615 est,
1019 3551 1338 3605 abominatio
1365 3559 1440 3605 est
1482 3552 1623 3621 apud
1658 3550 1820 3604 Deum

227 3640 386 3714 (an.
412 3656 521 3707 xvt,
556 3639 670 3712 15).
712 3640 868 3698 Unde
896 3643 1213 3714 increpabat
1238 3657 1332 3699 eos
1373 3652 1537 3714 atque
1566 3642 1816 3699 diccbat:

236 3734 342 3799 νω,
369 3735 532 3804 vobis,
564 3735 765 3791 Scriba:
793 3746 840 3791 et
865 3734 1128 3791 Pharisa'i
1151 3737 1457 3809 hypocritte,
1488 3738 1577 3807 qui
1602 3736 1823 3791 munda-

223 3829 292 3883 tis
329 3826 471 3899 quod
498 3829 627 3898 {oris
676 3839 749 3884 est
794 3831 970 3884 calicis
996 3838 1043 3885 et
1071 3831 1391 3903 parapsidis,
1420 3840 1466 3886 et
1516 3831 1656 3885 intus
1684 3831 1823 3903 pleni

224 3921 347 3973 estis
399 3919 732 3974 immunditia
764 3919 984 3993 (Matth.
1016 3937 1168 3989 xsttt,
1200 3922 1319 3993 25).
1351 3923 1416 3977 Et
1443 3923 1638 3978 iterum
1675 3941 1686 3975 ε
1721 3920 1823 3988 Qui

225 4012 348 4067 estis
377 4013 621 4085 sepulcra
651 4012 893 4067 dealbata
917 4030 935 4068 :
961 4017 1098 4068 intus
1123 4023 1296 4068 autem
1319 4015 1457 4083 pleni
1482 4016 1604 4069 estis
1628 4014 1824 4068 ossibus

225 4114 577 4173 mortuorum,
602 4115 648 4159 et
669 4107 810 4161 omni
832 4106 1085 4177 spurcitia
1110 4104 1306 4177 (Ibid.,
1331 4106 1426 4177 27)
1451 4125 1464 4162 :
1489 4111 1577 4177 qui
1602 4122 1699 4162 ore
1723 4123 1825 4162 suo

226 4196 648 4267 benedicobant,
673 4209 728 4256 et
767 4200 935 4255 corde
972 4215 1071 4253 suo
1103 4199 1497 4255 maledicebant
1523 4199 1638 4271 (Ps.
1669 4200 1778 4271 th)
1812 4220 1823 4255 :

225 4295 317 4364 qui
342 4293 577 4348 Domino
600 4294 964 4362 l0quebantur
986 4293 1229 4365 paciﬁca,
1246 4304 1299 4349 et
1324 4295 1640 4351 molliebant
1663 4296 1826 4351 verba

226 4399 325 4442 sua
358 4399 524 4456 super
553 4386 756 4450 oleum,
788 4385 889 4457 ipsi
917 4395 1096 4442 autem
1125 4396 1282 4443 erant
1304 4387 1506 4456 jacula,
1536 4387 1605 4443 de
1631 4388 1829 4459 quibus

227 4480 539 4535 reetissinte
557 4478 846 4537 dicebatur
870 4499 882 4534 :
912 4480 1152 4553 Populus
1171 4481 1259 4535 hic
1285 4481 1437 4536 labiis
1458 4497 1539 4536 me
1570 4483 1786 4536 honorat
1810 4499 1829 4538 .'

226 4588 316 4627 cor
334 4588 455 4628 vero
473 4576 588 4645 ejus
612 4574 763 4647 longe
788 4584 860 4628 est
883 4591 915 4627 a
946 4591 1023 4630 me
1052 4573 1206 4647 (Isai.
1236 4591 1385 4639 XXIX,
1413 4573 1521 4647 l3).
1551 4575 1833 4645 Pr:rcepc-

1936 1974 2018 2028 vel
2053 1974 2204 2044 juxta
2232 1977 2475 2033 Orientis
2512 1977 2823 2048 provincias
2854 1977 3106 2050 μυωξοὺς.
3146 1973 3216 2030 Ει
3247 1974 3326 2031 illi
3365 1974 3532 2047 igitur

1934 2067 2023 2135 qui
2055 2069 2169 2122 Ita'c
2200 2069 2515 2137 comedunt,
2558 2078 2613 2124 el.
2652 2070 2703 2123 lti
2735 2077 3052 2125 exercentes
3094 2083 3311 2122 omnem
3355 2068 3531 2139 turpi-

1936 2160 2201 2229 tudinem,
2221 2162 2344 2216 talia
2367 2171 2535 2233 agunt
2561 2176 2683 2232 qua:
2704 2170 2759 2217 et
2778 2160 2978 2216 ethnici
3008 2160 3148 2215 forte
3165 2175 3271 2214 non
3304 2159 3528 2226 faciunt,

1934 2254 2138 2324 pariter
2167 2265 2558 2311 consuutentur
2583 2254 2771 2328 (Leuit.
2806 2251 2904 2327 χι).
2938 2252 3252 2310 Secundum
3282 2252 3528 2323 tropolo-

1931 2349 2072 2419 giam
2125 2363 2410 2418 possumus
2460 2348 2645 2404 dicere
2692 2365 2705 2401 :
2756 2347 2959 2403 Omnes
3003 2345 3303 2417 voluptatis
3358 2344 3531 2416 magis

1930 2452 2223 2509 amatores,
2264 2459 2425 2514 quam
2455 2451 2730 2498 amatores
2761 2440 2878 2511 Dei,
2913 2439 3241 2495 sanctiﬁcari
3269 2440 3324 2493 in
3359 2437 3530 2492 hortis

1928 2546 1985 2591 et
2030 2536 2080 2589 iu
2129 2536 2432 2603 liminibus,
2464 2537 2592 2608 quia
2626 2535 2885 2606 mysteria
2933 2533 3175 2588 veritatis
3209 2547 3316 2586 non
3346 2531 3534 2585 valent

1931 2627 2177 2695 introire,
2208 2641 2264 2682 et
2294 2626 2580 2683 comedere
2605 2625 2758 2680 cibos
2781 2622 3099 2693 impietatis,
3124 2622 3251 2678 dum
3276 2635 3383 2675 non
3402 2627 3532 2675 sunt

1928 2720 2103 2778 saneti
2132 2735 2366 2792 corpore
2388 2728 2445 2774 et
2475 2718 2668 2788 spiritu
2694 2734 2707 2770 :
2739 2732 2843 2772 ncc
2866 2716 3162 2772 comedunt
3190 2729 3412 2769 carnem
3438 2710 3533 2767 Je-

1926 2832 2013 2880 su,
2056 2830 2233 2886 neque
2271 2813 2463 2869 bibunt
2506 2811 2821 2882 sanguinem
2875 2809 3015 2881 ejus.
3049 2809 3126 2864 De
3152 2822 3260 2879 quo
3288 2807 3405 2877 ipse
3448 2805 3532 2861 lo-

1927 2909 2111 2981 quitur
2134 2926 2148 2962 :
2177 2906 2281 2976 Qui
2308 2905 2528 2961 comedit
2561 2919 2772 2959 carnem
2795 2918 2982 2968 meum,
3007 2909 3051 2955 et
3079 2900 3201 2955 bibit
3222 2898 3527 2972 sanguinem

1925 3019 2117 3066 meum,
2152 3001 2301 3057 habet
2343 3001 2494 3055 vitam
2538 3007 2783 3054 aeternam
2820 2996 3002 3069 (Joan.
3039 3010 3111 3061 vt,
3143 2993 3261 3066 55).
3313 2991 3527 3048 Etenim

1928 3097 2133 3167 pascha
2166 3103 2413 3149 nostrum
2468 3091 2780 3146 immolatus
2818 3099 2900 3143 est
2930 3087 3187 3142 Christus
3215 3085 3261 3155 (Ι
3292 3082 3416 3140 Cor.
3448 3082 3523 3154 v).

1927 3188 2028 3257 Qui
2063 3203 2170 3242 non
2200 3186 2356 3249 foris,
2383 3183 2479 3240 sed
2516 3182 2760 3253 in‘domo
2793 3197 2895 3234 una
2929 3190 2982 3235 et
3015 3180 3163 3234 intus
3193 3176 3527 3234 comeditur.

1996 3279 2177 3353 (Vers.
2206 3276 2290 3342 18,
2333 3273 2443 3347 l9.)
2478 3273 2589 3346 Ego
2615 3280 2785 3326 autem
2808 3287 2965 3343 Opera
2990 3286 3169 3324 eorum
3193 3276 3239 3323 et
3257 3267 3531 3341 cogitatioo

1922 3388 2013 3426 nes
2042 3386 2217 3424 eorum
2249 3368 2395 3422 venio
2436 3375 2491 3420 ut
2520 3379 2821 3436 congregem
2865 3378 2987 3415 cum
3024 3360 3259 3414 omnibus
3285 3358 3526 3430 gentibus

1924 3472 1970 3517 et
2003 3462 2194 3534 linguis
2217 3479 2236 3517 :
2277 3471 2324 3515 et
2365 3460 2563 3515 uenient
2601 3469 2648 3512 et
2683 3456 2925 3511 videbunt
2964 3454 3186 3526 gloriam
3228 3469 3411 3506 nteant.
3454 3449 3527 3505 Et

1924 3572 2113 3629 ponant
2140 3556 2194 3610 in
2210 3555 2284 3609 eis
2319 3556 2545 3626 signant,
2568 3561 2614 3605 et
2654 3552 2854 3605 mittam
2874 3565 2937 3601 ex.
2960 3549 3054 3611 eis,
3082 3548 3174 3619 qui
3194 3545 3381 3599 salmti
3410 3545 3527 3616 [ue-

1924 3652 2027 3705 rint
2047 3649 2117 3703 ad
2144 3656 2316 3719 gentes
2350 3648 2404 3701 in
2437 3662 2579 3699 mare
2621 3642 2732 3716 [AL
2760 3639 2937 3714 mari],
2969 3641 3022 3695 in
3053 3639 3306 3709 Africam,
3334 3638 3391 3692 in
3417 3635 3527 3707 Ly~

1926 3741 2069 3796 diam
2099 3739 2127 3780 ιι
2161 3738 2422 3795 tendentes
2463 3736 2801 3807 sagittum,in
2829 3731 3043 3787 Italiam
3069 3742 3115 3786 et
3140 3730 3417 3799 Grtcciam,
3457 3730 3526 3782 ad

1926 3835 2125 3890 insulas
2149 3835 2304 3905 longe
2322 3849 2341 3887 :
2362 3833 2431 3886 ad
2457 3848 2539 3887 eos
2564 3832 2650 3902 qui
2687 3845 2788 3882 non
2824 3826 3101 3881 audierunt
3126 3824 3191 3877 de
3222 3841 3319 3892 me,
3343 3833 3389 3877 et
3424 3840 3526 3877 non

1926 3927 2164 3983 viderunt
2192 3926 2415 3997 gloriam
2448 3939 2633 3978 nteant.
2672 3919 2814 3975 LXX
2851 3938 2862 3973 :
2897 3917 2966 3973 Et
3011 3933 3103 3989 ego
3133 3932 3291 3989 opera
3327 3932 3525 3981 eormn,

1927 4030 1971 4074 et
2016 4020 2349 4090 cogitationes
2381 4032 2558 4070 eorum
2587 4015 2724 4082 novi,
2761 4020 2807 4066 et
2838 4012 2983 4066 venio
3024 4025 3335 4082 congregare
3356 4024 3530 4062 omnes

1927 4123 2099 4187 gentes
2122 4126 2165 4166 et
2185 4127 2359 4165 omnes
2390 4110 2594 4180 linguas
2619 4124 2637 4162 :
2663 4116 2709 4159 et
2737 4105 2934 4159 venient
2958 4111 3005 4156 et
3034 4102 3269 4156 videbunt
3301 4100 3523 4171 gloriam

1930 4222 2118 4270 meam,
2137 4213 2182 4258 ct
2210 4204 2468 4257 dimittant
2485 4216 2642 4268 super
2661 4215 2746 4252 eos
2767 4198 2971 4265 signant
2992 4211 3009 4249 :
3037 4203 3082 4247 ct
3104 4193 3333 4247 emittam
3348 4208 3411 4246 ea:
3432 4193 3525 4256 eis,

1929 4300 2019 4369 qui
2059 4296 2246 4353 saluati
2272 4295 2463 4368 fuerint
2493 4294 2564 4346 ad
2601 4298 2796 4366 gentes,
2831 4288 2885 4342 in
2912 4285 3130 4341 Tharsis
3176 4295 3224 4339 et
3271 4282 3452 4348 Phud,
3481 4293 3525 4336 e.’

1930 4386 2047 4445 Lud
2087 4398 2132 4443 et
2173 4386 2387 4442 Mosorh
2414 4396 2459 4440 et
2484 4382 2697 4447 Thobel,
2723 4392 2769 4435 et
2792 4383 2843 4434 in
2873 4378 3153 4441 Grtcciam,
3177 4389 3221 4431 et
3251 4377 3308 4431 in
3332 4375 3531 4430 insulas

1931 4484 2101 4553 longe,
2129 4482 2216 4552 qui
2246 4497 2348 4534 non
2376 4479 2653 4532 audierunt
2681 4491 2863 4530 nomen
2896 4489 3085 4539 meum,
3116 4487 3275 4539 neque
3298 4469 3539 4524 uiderunt

1932 4575 2156 4649 gloriam
2192 4587 2375 4625 meam.
2425 4569 2749 4637 Priusquam
2782 4579 3050 4634 estponattt
3099 4563 3228 4633 quitl
3269 4559 3537 4631 signillcct

228 4673 313 4720 rat
354 4674 543 4721 autem
572 4680 669 4734 per
692 4665 912 4737 Moysen
961 4667 1104 4722 Deus
1148 4665 1343 4739 (Nam.
1384 4668 1519 4737 xu),
1555 4674 1613 4722 ttt
1641 4666 1686 4721 si
1710 4668 1829 4737 quis
1865 4659 1908 4718 ἰ)
1936 4662 2276 4722 enumeratio
2304 4662 2548 4732 gentium
2581 4659 2961 4727 plurimarum,
2994 4653 3238 4709 breviter
3265 4651 3334 4707 de
3364 4650 3535 4705 inter-

230 4769 541 4826 praeventus
581 4756 774 4815 luisset
804 4757 858 4813 in
885 4769 1134 4830 peccato,
1167 4773 1344 4814 vaccte
1395 4757 1529 4814 rufae
1569 4774 1824 4829 aspersus

228 4850 435 4917 cinere,
478 4858 533 4905 et
563 4850 687 4908 aliis
734 4851 1063 4921 expiationis
1104 4849 1302 4919 modis,
1336 4867 1434 4923 per
1472 4852 1741 4910 sacriﬁcia
1773 4862 1828 4908 et

300 5046 324 5076 ο
354 5036 703 5092 Mztrtiaoreus
737 5035 827 5106 qui
856 5032 923 5106 ad
956 5033 1230 5106 Cononem
1262 5032 1544 5106 Hebraicis:
1571 5033 1832 5106 Veritatis

225 5108 677 5171 annotaverat,in
710 5103 1012 5162 emendatis
1039 5104 1295 5159 omnibus
1323 5103 1477 5158 libris
1504 5120 1636 5160 mss.
1669 5105 1830 5160 Cotu-

227 5180 624 5235 mentariorum
654 5178 712 5234 S.
738 5175 1060 5249 Hieronymi
1077 5192 1233 5230 unam
1265 5190 1363 5245 pro
1374 5178 1598 5249 januam
1621 5177 1830 5249 haberi,

226 5251 445 5316 ianuam
488 5256 668 5304 tamen
713 5250 798 5304 hic
846 5247 983 5301 satis
1036 5249 1332 5302 oscitanter
1378 5247 1624 5300 retinuit.
1661 5247 1771 5301 Nos
1805 5263 1834 5302 c

225 5322 510 5375 contrario
541 5321 758 5375 tametsi
792 5319 947 5374 nullo
978 5319 1149 5387 adjuti
1174 5332 1307 5373 mss.
1343 5316 1632 5387 suﬁ'ragio,
1678 5334 1833 5371 unam

226 5393 579 5463 reposuimus
596 5391 670 5463 ad
703 5390 1140 5463 llieronymianaz
1173 5390 1439 5463 versionis
1485 5390 1667 5463 ﬁdem.
1702 5388 1833 5442 Natu

226 5458 563 5519 et'subnexa
586 5462 645 5518 S.
684 5461 858 5517 Patris
879 5458 1151 5531 expositio
1190 5463 1269 5515 sic
1297 5460 1461 5531 abeo
1486 5458 1707 5522 lectum,
1735 5474 1831 5531 seu

231 5533 424 5589 Latine
452 5532 726 5588 redditum
755 5529 1057 5599 docet,‘ubi
1110 5531 1289 5585 statim
1321 5530 1387 5584 ad
1438 5529 1747 5600 Symmachi
1778 5541 1831 5585 et

230 5603 637 5659 TlteodOtionis
662 5618 882 5658 sensum
911 5602 1140 5672 expetiit
1177 5602 1246 5656 de
1276 5600 1365 5656 his
1393 5603 1482 5672 qui
1501 5601 1834 5671 sancti/icon-

231 5685 317 5730 tur
337 5678 393 5729 in
420 5674 586 5729 hortis
614 5675 744 5728 alter
767 5680 879 5743 post
908 5673 1149 5729 alterum.
1179 5673 1246 5726 Et
1277 5673 1616 5726 manifesﬁus
1648 5674 1699 5726 in
1725 5674 1833 5726 ﬁne

232 5745 482 5815 capituli,
517 5745 605 5799 ttbi
636 5755 751 5815 post
777 5760 936 5815 unum
964 5744 1273 5799 intrinsecus
1310 5743 1378 5798 de
1406 5744 1624 5798 Christo
1651 5743 1830 5812 expli-

233 5762 482 5815 rapttutt,
517 5762 605 5799 IIDI
674 5762 751 5799 08!
777 5762 936 5798 unam
964 5762 1273 5799 mtrtusecus
1310 5762 1378 5798 ue
1406 5762 1624 5798 hlll‘lSlO
1651 5762 1829 5812 expu-

233 5829 345 5886 cat,
363 5817 469 5881 Qui
493 5831 597 5869 non
621 5762 773 5886 ﬁnis,
788 5813 877 5886 sed
900 5815 955 5867 in
978 5815 1128 5868 domo
1156 5826 1259 5869 om
1281 5822 1327 5869 et
1352 5827 1508 5869 INTOS
1526 5814 1829 5886 comeditnr.

233 5882 508 5945 Caeterum
537 5895 591 5942 et
618 5882 670 5939 in
710 5884 938 5941 llebrzeo
962 5887 1261 5957 arcltetypo
1291 5888 1496 5942 scimus
1527 5882 1687 5940 scribi
1721 5888 1833 5941 ann

1937 4755 2263 4830 pretationis
2289 4753 2557 4808 varietate
2581 4749 2870 4806 dicendum
2912 4757 3017 4803 est.
3044 4745 3269 4800 'l‘harsis
3299 4754 3322 4781 ο
3356 4743 3539 4811 lingua

1939 4850 2189 4917 Hebraea,
2220 4863 2369 4904 mare
2390 4846 2727 4918 appellatur;
2758 4851 2812 4897 et
2838 4842 2921 4915 (ttt
2940 4839 3113 4910 aiunt)
3141 4837 3307 4894 ludite
3338 4839 3492 4906 regio
3525 4854 3538 4889 :

1939 5038 2078 5105 mu,
2132 5040 2255 5105 post
2298 5045 2481 5089 unum,
2508 5040 2834 5096 quamquam
2995 5018 3440 5105 Massort-thicum
3461 5019 3539 5105 ¹τιτι

1939 5089 2392 5172 Ιιιιινίἰιίιιτεὶηθιη
2410 5089 2539 5155 mu"
2559 5089 2737 5172 notet,
2763 5089 2929 5172 quod'
2957 5095 3134 5148 minus
3164 5091 3387 5160 quidem
3423 5089 3541 5144 ido-

1940 5191 2044 5229 neo
2078 5167 2241 5228 sensu
2269 5189 2297 5227 a
2325 5172 2528 5226 .Itttlteis
2561 5171 2757 5240 legitur
2783 5191 2794 5221 ;
2821 5167 2916 5222 sed
2942 5176 3124 5221 tamen
3156 5179 3312 5216 unam
3340 5177 3539 5233 genete

1942 5245 2207 5300 feminino
2233 5244 2525 5314 signiﬁcat.
3068 5309 3077 5314 _
3381 5303 3393 5314 ι

2014 5315 2041 5354 ι’
2069 5303 2360 5370 υὶιιὶηριῖθῐ
2378 5322 2536 5368 antea
2568 5319 2798 5365 tenentes
2834 5324 2934 5379 pro
2955 5303 3540 5384 tendentesntnaoilesto

1943 5395 2189 5442 veterum
2218 5387 2563 5439 librariorum
2596 5385 2771 5452 lapsu,
2804 5374 2967 5451 quem
3008 5389 3164 5431 cavet
3216 5374 3537 5452 Ileltraieum

1943 5457 2243 5527 exemplar,
2272 5467 2327 5512 et
2359 5443 3011 5527 llierottym'ianaversio,
3047 5462 3155 5527 nec
3180 5443 3385 5527 patitur
3410 5443 3542 5527 sub.

1937 5544 2072 5583 nexa
2105 5513 2265 5596 Ῐιιιίιιέ
2305 5528 2406 5582 loci
2436 5513 2711 5591 exltositio
2743 5522 2901 5596 ξιιμ(
2930 5527 3102 5596 autem
3128 5513 3299 5596 Lydos
3320 5524 3538 5596 perant,

1935 5615 2157 5671 quorum
2177 5583 2357 5652 'coloni
2392 5583 2652 5671 Hetrusci,
2680 5594 2769 5671 qui
2793 5606 2931 5645 nunc
2964 5583 3536 5671 Thascioppellantur,

1935 5662 2195 5740 quondam
2232 5669 2600 5740 mittendorum
2624 5662 2927 5733 sagittarum
2957 5662 3275 5730 peritissimi,
3320 5662 3368 5708 et
3399 5671 3540 5709 nunc

1935 5739 2177 5794 dicuntur
2197 5740 2460 5792 tendentes
2487 5739 2747 5809 sagittam.

2013 5822 2035 5849 ε
2078 5810 2281 5865 Confer
2327 5795 2625 5875 Epistolam
2669 5810 2727 5875 in
2758 5811 2939 5859 nostra
2983 5798 3308 5875 recensione
3336 5796 3438 5875 57,.
3470 5795 3538 5851 ad

1941 5878 2248 5935 Marcellam
2268 5895 2278 5930 :
2302 5865 2510 5950 hosque
2532 5877 2680 5948 ipsos
2699 5867 3166 5939 Coanmentarlos,
3184 5878 3367 5941 supra,
3386 5865 3477 5924 lib.
3497 5876 3540 5930 ι,
