3972 6324
539 308 644 365 (67

1806 315 1864 373 s.
1910 312 2188 375 EUSEBII
2226 306 2604 375 titEttoant
3712 325 3797 383 068

533 423 1167 496 licetlosepltus,littera
1190 432 1544 493 commutata,
1566 426 1792 485 Tarsum
1819 438 1970 503 putet
1995 447 2132 487 nun-
2160 428 2208 499 ,ᾗ
2236 434 2379 489 enim
2410 434 2513 490 scit
2542 450 2662 505 qum
2692 434 2803 490 sint
2832 435 2884 489 in
2919 434 3161 504 nomine,
3198 428 3302 491 nisi
3340 430 3562 506 Spiritus
3593 433 3798 507 hominis

533 519 718 586 cupari
770 532 866 586 pro
896 516 1141 587 Tltatsis,
1174 520 1361 576 urbem
1411 518 1638 592 Cilicite,
1672 525 1738 580 ad
1772 542 1934 595 quam
1962 525 2128 584 Jonas

532 607 602 665 de
625 606 796 678 .lnppe
819 608 1051 675 fugiens,
1080 611 1158 669 ire
1187 614 1631 689 cupiebatUona:
1653 618 1888 691 t).Pltud
1921 632 2120 690 autem,

529 700 647 755 sive
680 700 839 769 l’hul,
875 703 1107 777 Libyes,
1139 710 1427 781 onmisque
1467 711 1645 768 Africa
1687 714 1947 785 usquead
1973 731 2126 772 mare

528 784 887 865 Mauritaniae,
910 798 962 851 in
996 813 1094 868 qua
1117 786 1283 873 817
1314 801 1508 859 ﬂuvius
1540 805 1699 863 hodie
1729 807 1820 879 qui
1865 806 2015 863 Phud
2045 808 2127 865 di-

526 886 704 953 citur,
738 897 792 944 et
820 901 1012 947 cuncta
1045 894 1188 948 circa
1219 910 1343 950 eum
1372 896 1520 969 regio
1565 896 1855 956 Plttttensis
1886 902 2124 973 appella-

526 987 635 1036 tur.
679 980 795 1037 Lud
828 995 1008 1040 autem
1040 986 1489 1060 Lydoswocant,
1523 1008 1751 1064 quorum
1804 994 1983 1051 coloni
2022 994 2126 1052 He-

528 1076 718 1140 trusci,
754 1079 844 1148 qui
868 1095 1011 1134 nunc
1033 1079 1233 1137 Thusci
1284 1085 1644 1155 appellantur,
1690 1088 1961 1158 quondam
1997 1090 2122 1144 mit-

526 1168 811 1223 tcnalarutn
856 1173 1176 1242 sagittarum
1231 1175 1569 1246 peritissimi,
1595 1187 1651 1235 et
1688 1195 1828 1235 nunc
1868 1178 2124 1237 dicuntur

524 1259 788 1318 tendentes
811 1267 1075 1339 sagittam.
1111 1267 1216 1324 Pro
1242 1287 1348 1342 quo
1374 1271 1429 1327 iu
1465 1271 1728 1329 llebraico
1760 1272 1956 1345 legitur
1996 1291 2123 1333 uos-

526 1368 629 1409 cne
653 1357 894 1432 csseru(
916 1364 1049 1443 rwp
1070 1364 1261 1434 93131:)
1299 1365 1442 1435 quod
1482 1366 1689 1435 absque
1736 1368 2119 1440 Septuaginta,

527 1460 721 1504 omnes
762 1449 1016 1507 similiter
1046 1457 1455 1525 trattsutlerunt,
1497 1460 1757 1516 tendentes
1798 1479 1977 1516 arcum
2007 1479 2026 1517 :
2057 1462 2124 1520 Et

528 1538 879 1614 Septuaginta
907 1546 1202 1615 posuerunt
1230 1554 1409 1625 μοσὸχ
1442 1595 1457 1621 ,
1482 1570 1682 1609 nomen
1716 1571 1813 1625 pro
1846 1556 2015 1612 verbo
2042 1552 2122 1612 in-

524 1638 913 1706 terpretantes.
940 1640 1099 1709 Quod
1127 1643 1172 1699 si
1201 1645 1520 1715 aeripiatur,
1541 1644 1890 1721 Cappadocas
1909 1661 1933 1688 ἰ
1956 1652 2122 1724 signi-

526 1726 651 1784 llcat
698 1749 711 1786 :
770 1748 1001 1801 quorum
1054 1741 1372 1808 metmpolis
1411 1740 1642 1813 Mazaca,
1698 1763 1815 1815 qua:
1858 1758 2044 1818 postea
2089 1764 2119 1805 a

2233 529 2319 599 qui
2348 530 2429 584 est
2464 530 2514 583 itt
2542 543 2607 583 eo
2634 522 2679 598 (Ι
2705 522 2824 583 Cor.
2853 527 2934 600 ιι).
2967 519 3123 584 Unde
3144 538 3198 584 et
3222 543 3315 598 per
3337 526 3638 586 Jeremiam
3656 530 3799 602 loqui-

2233 631 2319 675 tur
2349 620 2523 676 Uetts:
2560 620 2672 692 Ego
2702 614 2842 674 Deus
2869 622 3319 693 apprOpinquans,
3352 632 3398 676 et
3437 634 3540 676 non
3564 622 3626 676 de
3649 624 3797 695 longe,

2230 711 2355 765 dicit
2386 711 2677 768 Dominus:
2723 712 2998 784 Numquid
3021 710 3300 768 abscondet
3340 730 3395 768 se
3420 715 3473 769 in
3512 715 3799 771 absconditis

2229 801 2401 863 homo.
2431 813 2479 858 et
2510 821 2602 877 ego
2630 804 2879 877 ignorabo
2911 802 3045 877 (Jer.
3076 814 3250 875 XXIII,
3299 803 3435 878 25)?
3485 806 3719 876 Denique
3744 807 3799 866 ad

2228 894 2451 952 Scribas
2463 896 2662 952 dicitur
2675 908 2730 952 et
2745 898 2810 953 ad
2828 888 3133 953 l’ltarismos
3155 896 3425 954 :l’os‘esti‘s
3437 901 3801 974 quijustiﬁcatis

2228 989 2558 1063 vasmetipsos
2601 1007 2775 1045 coram
2806 988 3141 1047 hominibus:
3188 989 3332 1048 Deus
3371 1006 3543 1049 autem
3573 998 3801 1070 cngnoscit

2226 1083 2386 1136 Corda
2418 1092 2582 1137 vestra
2614 1082 2765 1158 (Luc.
2801 1092 2913 1155 xvi,
2964 1084 3077 1155 15).
3112 1083 3169 1140 ltt
3203 1098 3309 1157 quo
3341 1086 3797 1157 considerandum,

2225 1176 2371 1247 quod
2390 1188 2500 1233 nan
2528 1177 2757 1245 dixerit,
2785 1179 2964 1248 Pater,
2986 1179 3141 1251 juxta
3168 1181 3550 1237 limretictirum
3575 1181 3800 1254 blasphe

2228 1271 2388 1338 tnias,
2412 1287 2479 1327 ne
2502 1266 2698 1327 Filium
2727 1269 3008 1329 videretur
3027 1268 3339 1342 excludere,
3366 1274 3462 1330 sed
3491 1273 3655 1331 Deus:
3680 1276 3799 1348 quod

2226 1361 2371 1418 Patri
2413 1360 2660 1436 Filioque
2688 1380 2980 1422 commune
3006 1370 3111 1422 est.
3147 1364 3214 1421 In
3254 1368 3513 1438 principio
3544 1368 3682 1423 enim
3709 1378 3801 1425 erat

2240 1455 2478 1524 Verbum,
2523 1462 2571 1513 et
2605 1458 2827 1515 Verbum
2870 1471 2981 1515 erat
3027 1462 3166 1534 apud
3193 1460 3381 1526 Deum,
3438 1470 3489 1516 et
3536 1458 3674 1517 Deus
3710 1475 3800 1517 erat

2235 1551 2497 1609 Verbum:
2526 1553 2624 1608 hoc
2654 1563 2764 1608 erat
2812 1555 2865 1609 in
2913 1552 3172 1628 principio
3202 1555 3345 1622 apud
3388 1555 3559 1611 Deum
3580 1555 3743 1629 (Joan.
3769 1573 3802 1625 ι,

2228 1646 2281 1712 1,
2309 1645 2392 1714 2).
2420 1646 2492 1701 De
2519 1662 2626 1718 quo
2654 1647 2795 1702 idem
2821 1647 3062 1703 Joannes
3088 1649 3313 1705 scribit:
3344 1649 3468 1723 Ipse
3488 1663 3657 1706 autent
3674 1648 3803 1707 Iesus

2226 1756 2328 1794 non
2355 1740 2592 1796 credebat
2619 1758 2675 1795 se
2700 1741 2796 1809 eis,
2819 1743 2943 1811 quia
2969 1741 3161 1798 sciebat
3184 1762 3377 1811 omnes,
3408 1754 3459 1801 et
3484 1763 3587 1800 non
3614 1742 3803 1801 habebat

522 1818 736 1877 Caesare
765 1821 1305 1896 Angusto,C;esare;t
1340 1849 1537 1890 nomen
1562 1839 1791 1908 accepit.
1817 1839 1916 1906 Qui
1941 1840 2126 1897 nescio
2162 1840 2201 1899 Β
2232 1850 2448 1899 necesse,
2492 1846 2549 1890 ut
2581 1837 2767 1908 aliquis
2817 1838 3164 1893 testimonium
3204 1840 3348 1893 daret
3386 1840 3433 1893 ei
3465 1840 3532 1894 de
3581 1839 3803 1896 homine:

522 1916 649 1986 quid
683 1920 943 1984 volentes.
976 1926 1140 1980 etiam
1179 1927 1230 1981 itt
1264 1927 1461 1985 Genesi
1486 1930 1635 2003 (Cap.
1679 1932 1736 2004 κ)
1765 1935 2014 1991 ultimum
2058 1937 2121 1991 li-

523 2006 652 2063 limn
677 2010 866 2077 Aram,
888 2013 940 2069 id
975 2025 1079 2083 est,
1122 2018 1387 2091 Syrorum
1413 2022 1791 2097 Damasci,qui
1816 2028 2119 2098 appellatur

525 2100 658 2170 Mes,
703 2105 1046 2178 interpretati
1090 2122 1219 2168 sunt
1246 2117 1424 2189 μοσόχ
1455 2133 1468 2171 :
1507 2134 1604 2188 pro
1643 2135 1753 2190 quo
1788 2138 1887 2175 nos
1918 2118 2120 2178 rectius

522 2193 764 2285 bimonas
780 2201 1178 2261 transierimus.
1194 2202 1235 2261 Τ
1243 2208 1405 2265 hnbal
1432 2221 1615 2267 autem
1644 2213 1758 2268 sive
1774 2213 1815 2268 Τ
1822 2215 2001 2285 hobel,
2025 2223 2120 2272 aut

520 2280 675 2344 Italia
701 2291 1110 2377 interpretatur,
1140 2310 1232 2353 aut
1258 2298 1453 2371 lberia,
1480 2301 1584 2359 hoc
1614 2316 1717 2372 εει,
1744 2280 2022 2377 Hispania,
2051 2307 2118 2363 ab

521 2376 678 2437 Ibero
706 2376 952 2455 ﬂumine,
985 2389 1127 2446 unde
1152 2404 1205 2447 et
1228 2391 1391 2450 hodie
1424 2395 1802 2467 Hispaniarum
1849 2403 1999 2473 regio
2025 2418 2119 2473 ap-

520 2474 757 2545 pellatur
784 2478 1102 2539 Celtiberia.
1139 2484 1215 2541 De
1245 2486 1439 2557 quibus
1469 2490 1694 2560 pulchre
1724 2490 1970 2549 Lucanus
1987 2492 2117 2567 (Lu-

521 2582 634 2621 ean.
672 2568 761 2624 lib.
805 2572 881 2644 tv)
916 2591 930 2627 :

707 2683 957 2735 Gallorum
979 2686 1134 2738 Celtas
1156 2690 1428 2743 miscentes
1451 2706 1635 2746 nomen
1658 2694 1819 2748 Iberis
1844 2711 1856 2746 :

514 2845 653 2901 quos
684 2846 784 2888 nos
811 2848 1102 2904 possumus
1124 2836 1545 2912 Gallohispanus
1574 2843 1783 2903 dicere.
1815 2844 1991 2905 Grasci
2021 2863 2117 2906 au-

519 2931 654 2990 tem,
684 2927 775 2996 qui
794 2942 1054 2986 sermone
1077 2928 1345 2990 ilebraico
1365 2938 1713 3008 appellantur
1731 2936 1924 3009 lavan,
1949 2933 2116 3002 Jonas

515 3017 859 3089 signiﬁcant:
896 3024 1037 3081 unde
1065 3033 1121 3082 et
1148 3027 1327 3085 Graeci
1373 3029 1563 3100 Jones,
1594 3040 1647 3090 et
1676 3051 1826 3093 mare
1870 3038 2110 3097 Junium.

515 3111 582 3166 Et
612 3112 715 3167 hoc
744 3116 1222 3189 considerandum,
1256 3124 1400 3193 quod
1443 3130 1681 3186 maxime
1710 3129 2021 3189 Orientales
2046 3134 2114 3192 de

2225 1928 2337 1998 ipse
2362 1929 2499 1983 ettim
2531 1939 2741 1983 noverat
2771 1929 2898 2000 quid
2926 1940 3057 1986 esset
3102 1939 3154 1986 in
3183 1930 3389 1986 homine
3418 1928 3605 2004 (Joan.
3638 1948 3697 1996 ll,
3724 1931 3799 2000 24,

2224 2020 2343 2093 25).
2372 2023 2469 2079 (ὐί
2498 2032 2554 2079 et
2586 2021 2719 2079 illttd
2746 2026 3039 2096 congruit:
3089 2024 3272 2082 Sciens
3298 2037 3473 2081 autem
3503 2025 3655 2085 Iesus
3682 2028 3801 2100 cogi-

2224 2116 2443 2171 tationes
2478 2128 2658 2172 earnm
2691 2118 2840 2191 (Luc.
2875 2135 2963 2189 v1,
2995 2113 3074 2190 8).
3113 2120 3180 2176 Et
3212 2121 3265 2176 in
3292 2108 3405 2176 alio
3437 2121 3560 2177 loco
3600 2138 3613 2175 :
3647 2121 3803 2177 Sciens

2221 2214 2388 2262 autem
2412 2204 2567 2264 Iesus
2597 2210 2850 2265 malitiam
2872 2226 3052 2265 eorum
3085 2209 3303 2283 (Matth.
3340 2229 3477 2282 χχιι,
3516 2212 3626 2286 £8).
3654 2216 3723 2269 Ac
3747 2228 3802 2268 ne

2223 2299 2400 2367 aliqua
2431 2300 2501 2356 sit
2525 2301 2811 2369 dubitatio,
2844 2303 3117 2360 hmreticis
3143 2306 3478 2362 calumniam
3508 2305 3801 2363 facientibus

2223 2399 2290 2455 de
2317 2400 2492 2456 Verbo
2520 2401 2637 2468 Dei,
2664 2403 2809 2471 quod
2844 2402 3059 2459 noverit
3093 2405 3299 2467 omnia,
3344 2405 3396 2459 in
3424 2404 3674 2477 Epistola
3700 2422 3800 2476 qua:

2220 2492 2288 2546 ad
2322 2491 2579 2547 llebrmos
2608 2494 2892 2561 scribitur,
2946 2495 3211 2567 prolixius
3253 2494 3494 2552 dicitur:
3539 2495 3711 2554 Vivens
3740 2509 3800 2553 est

2220 2585 2352 2638 enim
2375 2601 2539 2639 sermo
2570 2584 2685 2653 Dei,
2713 2598 2758 2641 et
2790 2586 2996 2643 evidens
3024 2598 3070 2644 et
3099 2599 3282 2643 acutus
3303 2606 3458 2663 super
3488 2607 3683 2647 omnem
3704 2590 3800 2661 gla—

2221 2676 2367 2730 dium
2393 2677 2672 2746 bicipitem,
2693 2688 2737 2732 et
2762 2679 2998 2735 dividens
3027 2697 3186 2753 usque
3202 2680 3270 2736 ad
3289 2682 3624 2755 partitionem
3638 2685 3801 2739 animt:

2221 2779 2269 2825 et
2303 2771 2538 2839 spiritus,
2587 2783 2797 2826 artuum
2841 2790 3042 2845 quoque
3069 2784 3117 2828 et
3157 2772 3531 2844 medullarum,
3565 2786 3613 2832 et
3651 2775 3800 2849 judes

2220 2864 2590 2935 cogitationum
2605 2874 2653 2920 et
2683 2881 2933 2920 sensuum
2956 2867 3150 2921 cordis.
3181 2866 3449 2937 Nullaque
3478 2879 3555 2924 est
3587 2880 3798 2925 creatura

2218 2956 2488 3013 invisibilis
2510 2959 2561 3012 in
2574 2969 2849 3030 conspectu
2864 2964 3000 3033 ejus.
3020 2961 3209 3016 Omnia
3226 2974 3398 3018 autem
3417 2965 3564 3020 nuda
3577 2975 3623 3019 et
3640 2974 3798 3037 aperta

2217 3049 2513 3107 suntoculis
2536 3053 2701 3117 illius,
2726 3053 2791 3107 de
2806 3070 2908 3124 quo
2925 3056 3070 3111 nobis
3093 3072 3260 3110 sermo
3284 3065 3358 3112 est
3384 3055 3581 3126 (Hebr.
3611 3074 3678 3126 tv,
3701 3056 3793 3127 l2).

2220 3146 2509 3217 Postquam
2529 3155 2707 3203 autem
2727 3162 2922 3204 omnes
2944 3147 3311 3220 cegitalioncs
3336 3152 3389 3206 itt
3424 3167 3597 3208 unum
3619 3152 3797 3208 iuerint

512 3201 710 3310 iapltet
745 3210 990 3276 posuerit
1020 3215 1292 3282 nationes,
1324 3233 1435 3274 uno
1461 3214 1695 3276 liliorum
1719 3223 1832 3279 Noe
1857 3241 1870 3279 :
1900 3222 2029 3282 licet
2054 3227 2111 3283 in
2140 3236 2185 3299 C
2217 3201 2580 3310 congi-rgata'g,
2627 3252 2948 3296 accusantes
2981 3201 3077 3297 ":5
3109 3242 3193 3299 vel
3239 3242 3654 3301 defendentes:
3684 3257 3793 3299 tunc

513 3297 740 3357 That-sis
771 3315 828 3358 et
853 3304 1030 3376 Phud,
1063 3308 1187 3365 Sem
1211 3328 1426 3385 quoque
1456 3325 1512 3371 et
1539 3314 1708 3373 Chatn
1734 3320 1784 3374 id
1809 3332 1914 3389 est,
1948 3322 2112 3381 ludite

512 3405 564 3449 et
581 3394 777 3452 Africae
801 3404 1079 3457 nominum
1104 3403 1271 3462 fuerit
1291 3411 1630 3479 recordatus,
1654 3426 1709 3468 ιιι
1728 3425 1898 3471 ιυιιιιιι
1920 3416 2109 3474 orbem

509 3488 841 3547 ostenderet.
885 3492 1043 3550 Venit
1068 3513 1197 3568 ergo
1232 3498 1515 3570 Dominus,
1549 3517 1601 3559 nt
1629 3522 1798 3577 opem
1822 3517 1879 3565 et
1907 3511 2113 3582 cogita-

509 3580 687 3635 tiones
718 3598 1017 3658 congreget
1050 3588 1418 3661 singulorum.
1456 3597 1530 3651 Ex
1560 3614 1668 3669 quo
1697 3596 1958 3658 discimus
1982 3580 2107 3662 non

510 3672 690 3727 solum
720 3692 909 3745 opera,
940 3679 1035 3735 sed
1080 3690 1136 3737 et
1177 3686 1534 3754 cogitationes
1566 3708 1688 3749 esse
1720 3695 1771 3748 in
1803 3696 1893 3753 die
1916 3698 2108 3767 judicii

503 3761 853 3832 iudicandas.
888 3767 990 3837 Qui
1019 3775 1165 3828 enim
1196 3776 1393 3834 viderit
1424 3781 1709 3839 mulierem
1751 3786 1818 3842 ad
1849 3761 2109 3859 concupi-

509 3858 795 3924 scendum,
814 3860 926 3933 jam
946 3866 1246 3924 moechatus
1262 3882 1345 3927 est
1364 3888 1484 3929 eam
1503 3875 1558 3930 in
1577 3878 1742 3936 corde
1761 3896 1862 3936 suo
1886 3881 2103 3955 (Matth.

508 3949 589 4021 ν).
613 3950 688 4008 De
713 3954 908 4025 quibus
929 3959 1133 4016 dicitur
1157 3981 1171 4018 :
1207 3963 1364 4020 Nunc
1383 3969 1829 4030 circumdederunt
1855 3949 1943 4032 eos
1966 3979 2107 4053 cogi-

511 4044 731 4100 tationes
752 4064 894 4104 saw:
938 4052 1155 4122 quando
1181 4054 1449 4126 judicabit
1478 4062 1741 4122 Dominus
1786 4044 2103 4128 abscondita

510 4133 789 4232 hominum
836 4146 1134 4202 secundum
1187 4149 1538 4223 Evangelium
1577 4155 1705 4215 Jesu
1756 4160 1998 4232 Christi;
2047 4176 2104 4223 ut

506 4227 637 4329 illud
662 4233 805 4301 quod
835 4239 1128 4306 Apostolus
1147 4245 1358 4311 scribit,
1388 4248 1617 4306 veritate
1632 4252 1824 4322 judicii
1847 4227 2103 4329 compro-

506 4318 684 4389 betur,
719 4325 932 4383 invicem
961 4335 1356 4406 cogitationibus
1392 4318 1757 4403 accusantibus
1794 4361 1842 4405 et
1882 4318 2098 4426 satisfa-

505 4416 775 4485 cientibus,
809 4424 862 4478 in
890 4427 972 4480 die
995 4445 1098 4499 qua
1114 4433 1379 4504 judicabit
1421 4437 1562 4493 Deus
1596 4440 1901 4501 abscondita
1931 4416 2100 4504 homi-

503 4528 630 4567 num
653 4514 835 4587 (Rom.
857 4534 914 4583 ll,
945 4523 1067 4592 15):
1098 4534 1154 4580 ιιι
1174 4530 1534 4599 cogitationes
1557 4545 1757 4592 nostra:
1778 4553 1971 4596 omnes
1990 4557 2097 4598 uno

2214 3347 2406 3389 omnes
2429 3344 2621 3403 gentes
2651 3344 2705 3389 et
2736 3334 2936 3406 linguae
2967 3351 3089 3391 cum
3123 3338 3558 3407 cogitationibus
3587 3337 3694 3394 suis
3714 3353 3795 3409 pa-

2213 3426 2348 3481 riter
2378 3425 2722 3481 adducentur
2765 3426 2819 3482 in
2851 3426 3113 3484 medium.
3148 3426 3381 3500 Liuguas
3430 3439 3617 3487 autem
3657 3430 3794 3501 juxta

2210 3519 2523 3590 apOStolum
2554 3519 2804 3587 Paulum,
2836 3521 3004 3594 819
3032 3538 3139 3577 non
3163 3523 3339 3578 solum
3370 3522 3657 3581 hominum
3681 3522 3796 3596 legi-

2213 3625 2352 3678 mus,
2380 3610 2474 3666 sed
2503 3619 2558 3667 et
2585 3611 2919 3683 Angelornm
2965 3614 3019 3685 (Ι
3054 3611 3174 3671 Cor.
3210 3614 3361 3687 xm).
3397 3615 3481 3672 Ex
3513 3634 3620 3689 quo
3655 3610 3794 3671 intel-

2212 3702 2301 3771 ligi
2333 3702 2510 3769 datur,
2562 3720 2755 3759 ontnes
2795 3716 3075 3761 creaturas
3120 3724 3151 3759 a
3199 3708 3434 3762 Domino
3463 3706 3791 3780 judicandtts,

2210 3810 2318 3851 non
2350 3797 2527 3851 solum
2568 3814 2735 3868 super
2762 3808 2988 3864 terram,
3020 3799 3118 3855 sed
3164 3800 3216 3856 in
3244 3817 3374 3857 aere
3404 3813 3461 3858 et
3496 3804 3552 3858 in
3580 3800 3792 3858 caelesti-

2210 3890 2332 3955 bus,
2372 3891 2525 3962 juxta
2554 3894 2695 3961 quod
2737 3894 2850 3964 ipse
2882 3893 2935 3948 in
2965 3895 3342 3965 superioribus
3384 3897 3637 3954 dixerat:
3680 3894 3788 3952 Ine-

2208 3983 2403 4040 briatus
2433 3994 2505 4040 est
2534 3984 2743 4060 gladius
2772 4004 2911 4042 meus
2934 3988 2989 4042 in
3014 3989 3164 4056 creto,
3187 3988 3259 4043 ad
3286 4001 3587 4059 terramque
3607 3993 3790 4047 descen-

2206 4079 2291 4133 det
2324 4077 2477 4150 (Isai.
2509 4096 2694 4147 xxxiv,
2745 4079 2826 4152 5).
2867 4080 3102 4137 Venient
3133 4094 3315 4138 autem
3354 4099 3577 4153 omnes,
3624 4095 3677 4140 ut
3716 4082 3789 4138 vi-

2203 4170 2371 4227 deant
2398 4172 2628 4242 gloriam
2665 4173 2759 4227 Dei
2788 4191 2799 4225 :
2834 4182 2886 4228 et
2919 4184 3085 4243 ponet
3112 4173 3165 4229 in
3192 4176 3276 4231 eis
3304 4178 3551 4248 signum,
3582 4176 3717 4249 quod
3740 4173 3786 4230 in

2203 4260 2511 4319 Ezechielis
2532 4263 2796 4335 principio
2820 4264 2922 4320 sub
2939 4281 3082 4322 THAU
3105 4265 3302 4323 litterae
3324 4268 3611 4326 Hebraicis:
3635 4271 3785 4325 inter-

2203 4356 2512 4428 prolatione
2569 4368 2906 4415 monstratur
2936 4359 3151 4433 (Ezech.
3199 4360 3300 4434 ιιι).
3353 4362 3481 4430 Quo
3525 4365 3677 4436 signo
3703 4362 3782 4433 qui

2201 4448 2367 4506 fuerit
2412 4450 2731 4521 impressus,
2768 4467 2968 4509 manus
3002 4452 3358 4523 percutientis
3402 4454 3646 4528 eﬂ‘ugiet.
3687 4454 3784 4511 lloc

2202 4557 2255 4602 et
2289 4558 2472 4617 postes
2502 4546 2787 4602 domorum
2819 4547 2871 4602 iu
2905 4547 3144 4621 :Egypto
3167 4548 3554 4618 signabantur,
3586 4547 3782 4621 quando

3934 1457 3937 1653 ἐ

3934 2048 3937 2241 l

502 4620 752 4684 tempore
780 4630 1127 4689 cvngregatte
1162 4622 1314 4694 justo
1345 4625 1372 4665 δ
1394 4628 1580 4699 judice
1613 4632 1932 4705 probentur,
1966 4638 2095 4695 dum
2122 4630 2172 4690 D
2201 4649 2463 4709 pereunte
2485 4637 2741 4711 tEgypto,
2778 4639 2926 4694 solus
2948 4620 3115 4697 Israel
3144 4641 3343 4697 mansit
3366 4639 3574 4698 illaesus
3601 4620 3778 4715 (Exod.

501 4713 600 4807 aut
624 4720 844 4764 accusat
870 4712 1039 4785 818
1066 4730 1165 4771 nos
1195 4730 1383 4775 nostra
1421 4725 1777 4793 Conscientia,
1810 4739 1906 4784 aut
1936 4732 2097 4788 satis-
2198 4732 2318 4805 xu).
2355 4734 2431 4789 Du
2464 4733 2568 4790 hoc
2593 4733 2750 4806 signo
2771 4734 2915 4807 quod
2945 4736 3131 4793 Acbaz
3160 4753 3259 4792 rex
3288 4736 3428 4793 Juda
3459 4712 3779 4794 nolebotac-

501 4795 624 4851 facit
655 4814 755 4871 pro
777 4803 999 4872 delicto,
1038 4816 1216 4864 ntrtttn
1251 4813 1404 4880 plura
1438 4816 1547 4870 sint
1575 4830 1820 4888 peccata,
1855 4837 1923 4877 an
1951 4824 2095 4881 bona
2199 4795 2402 4896 cipere,
2437 4826 2607 4882 Isaias
2631 4795 2897 4897 propheta
2925 4837 3185 4885 testatur:
3212 4828 3498 4902 PrOpterea
3525 4830 3662 4885 dabit
3683 4826 3781 4882 Do-

500 4903 702 4993 opera:
732 4904 785 4949 ct
818 4907 997 4952 utrum
1030 4913 1234 4969 vetera,
1265 4920 1333 4960 an
1360 4923 1535 4962 nova:
1570 4919 1750 4966 utrum
1772 4913 1952 4970 deleta
1982 4931 2096 4986 βω·
2196 4919 2367 4972 minus
2398 4920 2535 4974 vobis
2565 4919 2808 4992 signum:
2852 4920 2982 4975 Ecce
3012 4923 3155 4993 virgo
3193 4923 3246 4975 in
3291 4934 3439 4977 utero
3469 4922 3713 4991 concipiet
3737 4928 3777 4973 et

501 4983 753 5084 nitentia,
782 4993 1031 5084 annovis
1048 4996 1349 5055 sceleribus
1375 5002 1699 5071 instaurata,
1726 5005 1943 5075 quando
1965 4983 2097 5067 dicit
2198 5010 2361 5080 pariet
2395 5010 2552 5082 (lsai.
2582 4983 2677 5080 vit,
2704 5011 2817 5083 Η).
2843 5012 2993 5068 Unde
3016 5025 3071 5069 et
3088 4983 3365 5084 i’ropbeta
3389 5014 3537 5083 quod
3562 4983 3778 5084 promis-

496 5077 797 5179 Dontintts:
838 5080 960 5137 Vias
980 5101 1157 5141 eorum
1188 5089 1308 5145 dedi
1340 5094 1395 5148 in
1423 5097 1594 5168 capita
1623 5112 1797 5153 eorum
1818 5115 1837 5153 :
1864 5108 1912 5155 et
1940 5105 2087 5176 cogi-
2195 5077 2314 5157 sitm
2349 5102 2545 5171 luenti,
2585 5103 2941 5174 deprecatur:
2978 5105 3090 5161 Fac
3121 5122 3316 5161 meeum
3365 5109 3579 5180 signum
3605 5109 3658 5161 in
3691 5106 3775 5158 bo-

495 5168 713 5269 tatiOttes
733 5187 910 5269 eorum
931 5177 1145 5232 reddam
1167 5181 1237 5235 eis
1262 5182 1413 5255 (Osee
1436 5202 1511 5251 tv,
1539 5187 1619 5260 9).
1646 5189 1747 5258 Qui
1765 5193 1922 5262 ﬁnxit
1940 5168 2090 5268 sigil-
2191 5210 2314 5249 nunt
2342 5195 2512 5267 (Psal.
2533 5168 2740 5264 ’Lxxsv,
2777 5196 2885 5269 17).
2917 5196 2984 5254 Et
3018 5199 3072 5253 in
3102 5192 3210 5253 alio
3256 5200 3377 5255 loco
3404 5168 3440 5253 τ’
3452 5196 3656 5254 Dedisti
3682 5210 3775 5251 me-

494 5258 641 5315 latim
663 5264 821 5319 corda
841 5283 1035 5334 eorum,
1064 5281 1111 5323 et
1132 5272 1377 5346 intelligit
1397 5280 1571 5335 omnia
1589 5299 1746 5354 opera
1762 5301 1939 5339 eorum
1960 5286 2083 5359 (Ps.
2188 5290 2448 5343 tuentibus
2477 5300 2524 5344 te
2553 5292 3010 5365 signiﬁcationem,
3053 5308 3108 5347 nt
3137 5297 3371 5364 fugerent
3400 5310 3434 5347 ιι
3467 5294 3605 5364 facie
3635 5305 3772 5345 arcus

490 5364 640 5410 χχχιι
664 5400 677 5424 ,
713 5356 828 5457 i5.)
860 5360 933 5457 De
964 5362 1162 5457 quibus
1194 5376 1249 5421 et
1279 5368 1333 5422 in
1364 5369 1475 5425 alio
1520 5372 1644 5431 loco
1688 5375 1920 5447 legimus
1945 5356 1980 5434 τ’
2007 5379 2085 5434 Ta
2188 5380 2361 5452 (Pent.
2396 5398 2508 5453 th,
2532 5356 2623 5457 4):
2650 5356 2759 5441 Iloc
2797 5387 2956 5442 nobis
2987 5356 3052 5443 ad
3086 5356 3301 5443 Patrem
3333 5356 3638 5443 ascendens
3676 5385 3771 5439 Do-

486 5448 756 5518 wgnoscis
778 5453 936 5507 corda
958 5455 1228 5513 hominum
1248 5459 1396 5518 solus
1418 5459 1486 5537 (ll
1507 5460 1638 5520 Par.
1669 5481 1741 5537 ιι,
1766 5468 1882 5541 '50).
1912 5470 2082 5531 Nemo
2185 5448 2367 5532 minus
2394 5448 2706 5551 dereliquit,
2735 5477 2850 5536 sive
2876 5478 2933 5535 itt
2963 5482 3167 5536 ncStris
3194 5480 3468 5536 frontibus
3499 5480 3693 5552 posuit,
3719 5478 3768 5530 ut

487 5604 693 5693 ἓξὲξ,
730 5618 784 5692 8}
812 5628 934 5693 qua:
983 5616 1055 5671 ibi
1086 5632 1432 5680 annotamus.
1465 5624 1620 5684 Adde
1649 5627 1693 5683 si
1726 5629 1894 5693 lubet.
1921 5630 2085 5686 Com-

489 5679 803 5768 ‘A‘.‘?‘l_‘__‘,'§:_i'!
829 5679 1021 5768 39"3111
1071 5704 1191 5768 θυι).
1225 5709 1261 5757 ι.
1294 5704 1349 5749 ct
1385 5679 2086 5768 tuaestuosissimus

490 5738 837 5835 (legationes
867 5754 919 5835 in
942 5738 1204 5816 'e‘éoésim

562 5822 590 5851 ι
613 5815 875 5888 (leniet-as
892 5825 1006 5884 tnec
1029 5815 1367 5896 vetustarfurm
1382 5815 1638 5928 gentium
1652 5844 1901 5922 nomina,
1929 5857 2091 5932 atque

2194 5636 2432 5709 origines
2459 5655 2581 5694 cum
2615 5640 2698 5697 his
2725 5656 2859 5705 quas
2889 5650 3109 5696 enarrat
3146 5650 3292 5696 temo
3324 5641 3484 5697 tertio
3514 5640 3570 5695 in
3596 5638 3766 5709 Quies-

2196 5708 2435 5785 tio_ni_bt_ts
2464 5710 2628 5768 llebr.
2668 5715 2720 5766 in
2751 5711 2953 5785 Cenes.
2986 5728 3107 5785 cap.
3141 5729 3198 5785 x,
3228 5713 3265 5768 Ξ
3292 5722 3348 5768 et
3372 5728 3527 5785 seqq.

2266 5777 2294 5857 ξ’
2331 5780 2561 5857 γὶιξιοιξ.ν
2582 5786 2789 5857 justum
2815 5777 3382 5857 i_udicentprobent,ex
3411 5777 3619 5851 aliquot
3641 5792 3759 5836 mss.

2197 5851 2283 5913 cui
2309 5860 2366 5919 et
2397 5852 2545 5921 Pauli
2574 5851 2940 5917 featintouiutn
2968 5851 3305 5931 concinnast
3331 5857 3563 5929 Roman.
3595 5868 3650 5931 ιι.
