3972 6368
217 417 331 475 669

713 416 1363 476 COMMENTARIORUM
1406 413 1473 471 IN
1511 416 1746 472 ISAIAM
1786 414 2211 472 PIiOPHE'I‘AbI
2251 414 2382 471 LIB.
2429 414 2617 471 XVIII.
2661 413 2816 471 CAP.
2860 413 3051 472 LXVI.

3427 414 3531 477 070.

218 542 406 598 libere
438 541 784 598 diceremus:
820 540 1105 613 Signatum
1133 547 1207 594 est
1229 553 1381 610 super
1406 552 1498 591 nos
1519 537 1693 591 lumen
1714 533 1824 592 vul-
1856 536 1909 598 Α
1936 534 2034 589 bus
2065 547 2231 604 supra
2268 533 2541 604 legimus:
2574 532 2770 598 Quibus
2800 548 2903 587 non
2934 541 3005 587 est
3036 533 3333 587 nuntiatum
3358 534 3421 589 de
3448 549 3533 598 eo,

217 635 432 700 tusttri,
465 633 682 689 Domine
713 630 888 703 (Psal.
922 648 997 697 tv,
1021 630 1099 703 7).
1131 631 1286 701 Quod
1329 639 1509 684 autem
1542 629 1823 698 sequitur:

223 725 300 783 Et
326 730 523 782 mittam
546 743 607 781 ea:
637 728 711 781 eis
736 726 824 798 qui
853 725 1037 780 salrati
1077 724 1269 795 fuerint
1297 724 1365 777 ad
1395 731 1565 796 gentes
1583 736 1603 775 :
1629 729 1685 775 et
1713 721 1826 776 siu-

220 823 381 893 gulas
402 830 712 886 enumerat,
739 819 951 874 videtur
974 818 1305 883 OXDOSIIIODI
1332 824 1533 870 nostra:
1550 828 1673 869 esse
1695 827 1826 867 con-

219 920 482 973 trarium.
513 916 571 971 Si
618 914 765 970 enim
799 913 866 969 de
894 913 985 970 die
1027 911 1222 983 iudicii
1264 910 1505 966 dicitur:
1554 906 1826 977 quomodo

215 1018 447 1069 rursum
492 1008 563 1063 ad
594 1010 831 1077 primum
884 1006 1122 1061 recurrit
1150 1004 1452 1061 Salvatoris
1503 1001 1820 1067 adventum,

216 1103 449 1169 quando
478 1102 727 1172 Apostoli
762 1099 1075 1171 diriguntur
1105 1099 1171 1152 ad
1202 1108 1418 1167 gentes,
1447 1106 1503 1151 et
1540 1095 1764 1149 audiunt
1793 1108 1823 1148 a

218 1194 458 1252 Domino
481 1212 494 1247 :
527 1192 554 1247 1
564 1204 636 1260 te,
664 1192 841 1246 docete
867 1207 1043 1244 omnes
1067 1198 1261 1262 gentes,
1306 1188 1626 1257 baptizantes
1656 1202 1742 1240 cas
1769 1186 1826 1239 in

217 1288 431 1343 nomine
459 1283 634 1340 Patris
654 1293 702 1338 et
726 1282 858 1338 Filii
878 1292 923 1338 et
945 1282 1176 1346 Spiritus
1197 1282 1363 1335 sancti
1382 1279 1600 1354 (Matth.
1627 1293 1822 1345 xxvut,

219 1380 340 1447 19.)
359 1378 515 1446 Quod
534 1378 607 1431 ita
630 1376 888 1431 solvitur:
911 1374 1109 1430 iudicii
1135 1373 1468 1445 praedicatur
1489 1373 1630 1437 dies,
1656 1372 1824 1427 immo

218 1470 621 1535 comminatur,
650 1476 705 1522 ut
727 1478 874 1523 metu
898 1466 1098 1521 futura:
1126 1482 1320 1537 ptume,
1347 1465 1615 1535 recipiant
1637 1464 1825 1521 Salva-

220 1562 361 1617 turis
377 1560 674 1616 adventum
698 1568 754 1615 et
774 1559 1162 1630 Apostolorum
1187 1559 1562 1630 Evangelium,
1583 1559 1671 1628 qui
1696 1570 1825 1614 ante

218 1651 477 1708 mittendi
519 1659 666 1706 sunt.
698 1650 935 1706 Pulchre
963 1661 1147 1707 autem
1184 1649 1369 1705 dixit:
1419 1648 1487 1704 Et
1536 1652 1735 1704 mittam
1760 1665 1825 1704 ea:

216 1748 291 1802 eis
310 1746 401 1818 qui
428 1747 617 1801 saluati
642 1745 839 1814 fuerint
888 1744 1045 1818 (Isai.
1071 1761 1217 1811 ικγι,
1259 1744 1372 1817 l8).
1398 1744 1513 1800 Nisi
1539 1746 1682 1800 enim
1716 1745 1823 1800 Do-

216 1840 402 1894 minus
433 1839 595 1893 nobis
633 1838 944 1906 reliquisset
971 1854 1181 1903 semen,
1224 1839 1379 1909 quasi
1408 1837 1644 1893 Sodoma
1671 1851 1823 1892 essc-

1930 625 2202 681 videbunt:
2223 634 2270 680 et
2291 626 2379 696 qui
2401 640 2505 679 non
2524 622 2823 693 audierunt,
2847 624 3135 696 intelligent
3157 622 3311 696 (lsai.
3334 640 3426 691 LV,
3448 616 3530 698 5).

1931 720 1999 774 Et
2029 719 2226 773 iterum
2254 735 2269 772 :
2301 717 2535 789 Apparui
2562 715 2644 771 Itis
2662 718 2750 787 qui
2778 733 2857 769 me
2878 734 2981 771 non
3008 716 3431 788 interrogabant:
3451 718 3533 773 in-

1928 820 2107 866 ventus
2125 828 2239 865 sunt
2262 811 2325 864 ab
2348 810 2427 864 Itis
2456 810 2542 879 qui
2573 826 2651 862 me
2672 826 2774 863 non
2798 808 3091 880 quaerebant
3118 807 3273 880 (Isai.
3301 824 3423 872 va,
3450 804 3529 880 I).

1930 903 2093 958 Dixi:
2128 902 2270 958 Ecce
2314 904 2527 970 adsum,
2562 901 2647 956 bis
2690 903 2782 972 qui
2816 918 2924 956 nun
2970 901 3296 956 invocabant
3328 917 3529 957 nurnen

1930 1010 2132 1051 meum.
2182 994 2388 1049 Insulas
2432 1002 2612 1049 autem
2663 993 2983 1065 signiﬁcari,
3038 994 3128 1049 vel
3180 994 3349 1050 totius
3378 993 3529 1049 orbis
3582 1040 3591 1051 .

1927 1099 2145 1161 gentes,
2186 1090 2269 1145 vel
2304 1089 2580 1145 Ecclesias
2612 1089 2665 1143 in
2716 1098 2831 1143 t0to
2866 1087 3001 1143 orbe
3031 1086 3306 1158 dispersas
3330 1087 3530 1143 crebro

1927 1184 2186 1241 diximus.

1999 1277 2185 1348 (Ve-rs.
2212 1275 2331 1347 20.)
2382 1274 2453 1329 Et
2500 1272 2889 1330 annuntiabunt
2936 1271 3163 1344 gloriam
3202 1287 3370 1326 meam
3403 1280 3425 1307 ο
3474 1271 3530 1325 in

1925 1364 2088 1445 821
2103 1372 2355 1443 gentibus,
2409 1380 2456 1423 et
2488 1368 2749 1423 adducent
2797 1381 2971 1421 omnes
3003 1368 3194 1437 fratres
3242 1372 3434 1419 vestros
3465 1364 3529 1417 de

1926 1466 2124 1521 cunctis
2151 1463 2387 1536 gentibus
2417 1462 2613 1518 donum
2634 1460 2883 1522 Domino,
2901 1460 2955 1513 in
2975 1458 3144 1528 equis,
3169 1468 3216 1512 et
3243 1457 3299 1511 in
3311 1455 3530 1526 quadri-

1925 1560 2028 1629 gis,
2059 1567 2107 1612 et
2132 1560 2182 1611 in
2212 1556 2432 1621 lecticis,
2453 1564 2504 1610 et
2525 1556 2578 1607 in
2600 1554 2779 1618 mulis,
2810 1562 2857 1607 et
2887 1553 2943 1606 in
2980 1551 3232 1613 carrucis,
3258 1547 3326 1603 ad
3376 1563 3527 1603 mon-

1924 1662 2027 1708 tem
2050 1661 2290 1706 sanctum
2318 1665 2488 1704 meum
2511 1646 2825 1715 Jerusalem,
2849 1646 2976 1701 dicit
3030 1645 3307 1700 Dominus.
3350 1634 3529 1700 LXX:

1925 1744 1995 1800 Et
2023 1744 2404 1799 annuntiabunt
2428 1741 2655 1814 gloriam
2698 1756 2863 1795 meam
2894 1740 2948 1793 in
2980 1737 3253 1810 gentibus:
3285 1745 3333 1791 et
3359 1737 3529 1790 addu-

1925 1850 2040 1895 cent
2071 1844 2261 1912 fratres
2287 1849 2482 1893 vestros
2501 1838 2567 1892 de
2597 1836 2796 1891 cunctis
2823 1832 3114 1888 nationibus
3168 1832 3363 1886 donum
3421 1829 3530 1884 Do-

215 1946 367 2000 mus,
401 1938 457 1985 et
481 1929 692 1985 similes
714 1928 1039 1986 Gomorrbte
1061 1931 1375 1986 fuissemus.
1403 1930 1469 1985 Et
1488 1931 1817 2000 Apostolus:
1853 1940 1900 2001 B
1925 1936 2087 2000 mino,
2120 1951 2238 1989 cum
2264 1937 2407 2004 equis
2433 1942 2481 1986 et
2512 1930 2708 1995 rhedis,
2734 1930 2788 1984 in
2813 1928 3068 1999 lampenis
3094 1927 3377 1992 mulorum,
3410 1940 3527 1979 cum

214 2024 494 2095 Reliquiae,
520 2024 718 2094 inquit,
741 2022 899 2078 salvae
924 2026 1076 2094 {actia
1101 2034 1221 2077 sunt
1255 2023 1431 2095 (Rom.
1465 2039 1539 2089 Ix,
1574 2022 1695 2092 27).
1723 2023 1818 2078 Isti

214 2118 512 2173 mittuntur
538 2116 606 2172 ad
633 2126 829 2188 gentes
857 2116 917 2171 in
948 2116 1200 2185 That-sis,
1233 2128 1284 2172 et
1309 2116 1489 2183 Pliud,
1518 2128 1573 2173 et
1594 2116 1735 2183 Lud,
1766 2127 1819 2173 et

215 2209 464 2274 Mosoclt,
497 2218 554 2264 et
582 2208 820 2277 'I'liobel,
843 2218 901 2265 et
928 2210 1217 2277 Graeciam,
1244 2219 1299 2264 et
1322 2209 1529 2264 insulas
1556 2209 1821 2281 plurimas

213 2318 342 2373 quae
367 2303 532 2373 longe
557 2309 704 2368 sunt,
741 2311 796 2357 et
818 2318 939 2371 quae
975 2318 1089 2357 non
1114 2302 1408 2357 audierunt
1428 2303 1600 2374 820
1620 2316 1819 2358 nomen

216 2398 456 2467 Domini,
509 2413 688 2468 neque
738 2396 996 2452 viderunt
1048 2396 1281 2467 gloriam
1320 2397 1460 2467 ejus.
1492 2397 1570 2451 De
1620 2396 1821 2467 quibus

209 2489 369 2560 juxta
413 2490 697 2544 historiam
736 2503 903 2559 supra
928 2489 1167 2544 diximus
1194 2488 1310 2561 (Ad
1335 2506 1451 2560 cap.
1488 2504 1562 2544 xu
1591 2488 1632 2559 ).
1663 2487 1820 2544 Nunc

213 2583 541 2655 stringeuda
570 2593 657 2639 est
683 2596 945 2655 anagnge.
979 2583 1194 2639 Titanis
1237 2585 1646 2654 interpretatur,
1677 2592 1705 2621 ι
1731 2599 1820 2639 ea;-

216 2677 447 2747 ploratio
471 2675 680 2747 gaudii:
708 2688 767 2732 ut
791 2676 1207 2733 CODSIdel'etttus
1232 2692 1340 2732 non
1367 2692 1428 2732 ea
1455 2692 1576 2747 quae
1598 2677 1651 2732 in
1683 2690 1817 2746 prat-

215 2769 360 2824 scnti
388 2780 535 2838 sunt,
571 2768 669 2824 sed
700 2781 823 2838 quae
852 2769 907 2823 in
932 2766 1151 2834 futuro;
1182 2768 1448 2824 etaudire
1477 2783 1815 2823 mereamur:

220 2862 357 2925 Quia
384 2861 437 2914 in
467 2861 644 2930 paucis
672 2862 844 2931 fuistis
874 2860 1075 2929 [ide/es,
1099 2861 1459 2931 ingredientini
1488 2860 1541 2912 in
1573 2859 1819 2929 gaudium

220 2954 438 3008 Domini
468 2956 619 3009 uestri
664 2954 684 3025 (
713 2954 906 3009 Matth.
941 2971 1066 3023 xxv,
1090 2956 1155 3009 21
1186 2954 1227 3025 ).
1280 2955 1357 3010 De
1386 2971 1493 3021 quo
1521 2964 1577 3010 et
1623 2955 1818 3010 Petrus

217 3047 706 3115 ttptrsluittSSCl’Ihll
729 3065 741 3101 :
769 3046 1227 3119 Exultategttudio
1250 3046 1501 3114 ine/fabili
1526 3058 1573 3101 et
1589 3048 1816 3118 glorioso

219 3139 260 3211 (I
291 3138 443 3194 Patr.
477 3155 530 3204 ι,
562 3141 653 3210 8);
696 3148 755 3194 ιιι
785 3140 1071 3196 laudemus
1104 3141 1268 3195 Deum
1308 3141 1585 3197 dicentes:
1619 3140 1817 3213 linple-

218 3241 327 3284 turn
347 3241 423 3285 est
449 3232 645 3305 gaudio
665 3249 721 3286 os
744 3242 995 3299 nostrum,
1023 3243 1070 3287 et
1092 3232 1273 3305 lingua
1300 3242 1479 3288 nostra
1499 3234 1817 3288 exultatione

1924 2027 2243 2083 umbraculis
2273 2029 2327 2082 in
2356 2038 2595 2082 sanctam
2619 2025 2881 2079 civitatem
2909 2020 3223 2087 Jerusalem,
3251 2020 3382 2075 dicit
3414 2017 3524 2072 Do-

1924 2123 2117 2177 minus.
2150 2122 2218 2176 lli
2246 2120 2492 2191 quisalvi
2518 2120 2744 2185 fuerint,
2777 2128 2833 2172 et
2860 2117 3014 2172 missi
3045 2115 3113 2170 ad
3147 2115 3324 2169 varias
3353 2112 3531 2168 natio-

1924 2230 2048 2284 nes,
2072 2225 2127 2271 et
2154 2214 2220 2271 ad
2247 2228 2347 2271 eos
2367 2214 2458 2285 qui
2489 2227 2597 2268 non
2625 2211 2918 2267 audierant
2947 2210 3205 2280 primum,
3235 2221 3411 2279 neque
3440 2205 3526 2270 vi-

1922 2308 2117 2363 derant
2137 2307 2371 2377 gloriam
2406 2304 2644 2374 Domini,
2679 2302 3086 2360 unnuutiabunt
3138 2316 3259 2357 eam
3311 2299 3525 2356 cunctis

1922 2400 2198 2472 gentibus,
2227 2408 2283 2455 et
2309 2399 2575 2454 adducent
2600 2398 2803 2453 fratres
2830 2396 3014 2467 populi
3040 2394 3274 2463 Iudaici,
3292 2407 3525 2463 quorum

1923 2492 2170 2561 reliquias
2190 2493 2359 2547 salva:
2388 2490 2546 2546 factm
2574 2500 2721 2559 sunt,
2746 2502 2943 2544 munus
2968 2487 3196 2542 Domino
3222 2485 3289 2541 de
3313 2486 3531 2540 univer-

1921 2589 1999 2642 sis
2026 2586 2309 2657 gentibus:
2359 2585 2444 2638 vel
2475 2585 2624 2653 ipsos
2655 2583 2751 2653 qui
2796 2580 3119 2636 idololatria:
3165 2594 3355 2635 errore
3396 2592 3529 2634 con-

1924 2688 2153 2748 tempto,
2192 2676 2308 2732 veri
2340 2675 2439 2731 Dei
2481 2675 2729 2729 notitiam
2780 2683 2911 2728 sunt
2957 2672 3154 2738 secuti,
3215 2670 3301 2726 vel
3326 2670 3416 2738 qui
3458 2668 3529 2727 de

1922 2781 2036 2827 toto
2056 2771 2190 2826 orbe
2210 2784 2278 2823 ex
2304 2767 2466 2823 Israel
2498 2767 2696 2838 populo
2715 2764 3087 2821 crediderunt.
3111 2761 3194 2819 Ad
3222 2777 3358 2833 quos
3379 2762 3521 2817 scri-

1922 2865 2003 2921 bit
2027 2871 2084 2919 et
2107 2860 2388 2932 apostolus
2419 2861 2612 2916 Petrus
2644 2858 2687 2931 (ι
2716 2856 2864 2913 Petr.
2891 2857 2953 2928 ι).
3007 2855 3298 2912 Adducunt
3343 2863 3525 2911 autem

1922 2957 1975 3011 in
2005 2956 2181 3028 equis,
2215 2966 2267 3011 et
2298 2956 2351 3010 in
2379 2954 2690 3026 quadrigis,
2718 2961 2776 3009 et
2807 2953 2859 3006 in
2891 2951 3124 3017 lecticis,
3148 2961 3202 3005 et
3236 2950 3291 3005 in
3340 2949 3529 3017 mulis,

1920 3057 1975 3104 et
1997 3049 2052 3101 in
2093 3048 2358 3102 carrucis.
2392 3048 2497 3102 Pro
2527 3046 2937 3115 carrucis,quas
2968 3045 3117 3099 solus
3137 3042 3528 3111 interpretatus

1917 3144 2405 3216 estSymmacbus,
2437 3157 2597 3211 quem
2649 3152 2750 3194 nos
2780 3139 2833 3192 in
2872 3136 2978 3193 hoc
3041 3137 3161 3193 loco
3215 3134 3388 3193 secuti
3442 3149 3527 3190 su-

1921 3251 2063 3304 mus,
2122 3235 2349 3304 Aquila,
2402 3232 2755 3302 Septuaginta
2834 3239 2891 3284 et
2942 3228 3273 3299 Tlieudotio,
3332 3228 3523 3296 mulos,

220 3320 394 3386 (Psal.
431 3337 592 3386 cxxv,
618 3323 695 3393 '2).
728 3323 992 3395 Quodque
1018 3326 1288 3395 sequitur,
1315 3327 1469 3381 Pltud
1496 3325 1522 3365 δ
1552 3328 1823 3397 interpre—
1850 3332 1894 3394 ι]
1930 3326 2340 3382 transtulerunt.
2363 3324 2430 3379 Et
2449 3323 2537 3379 ubi
2556 3337 2787 3392 posuere
2802 3321 3304 3392 Septuaginta,oum
3318 3322 3527 3375 umbra-

217 3425 388 3478 lzitur,
423 3418 528 3469 oris
558 3418 827 3472 exclusio:
860 3429 1154 3474 utomnem
1177 3420 1534 3475 excludentes
1558 3420 1816 3489 blaslibe-

211 3509 408 3575 iniam,
443 3523 507 3563 ca
541 3510 826 3580 loquamur
842 3526 963 3581 quae
994 3512 1132 3567 bona
1164 3522 1315 3578 sunt,
1345 3525 1508 3584 atque
1537 3514 1816 3570 dicamus:

216 3600 295 3655 0s
323 3618 489 3655 meum
509 3602 837 3656 annuntiabit
852 3605 1113 3675 justitiam
1137 3613 1302 3670 luant,
1326 3603 1576 3659 Domine:
1604 3615 1711 3660 lora
1735 3607 1821 3660 dic

213 3693 452 3747 salutare
479 3701 625 3748 tuum
656 3692 832 3766 (Psal.
863 3710 961 3750 ut
981 3735 996 3761 ,
1032 3695 1147 3766 15).
1175 3695 1243 3751 Ει
1270 3713 1521 3751 rursum:
1551 3697 1672 3752 Non
1701 3698 1820 3752 abs-

213 3786 374 3840 condi
418 3786 469 3838 in
511 3788 664 3839 corde
701 3803 810 3841 meo
847 3787 1108 3841 veritatem
1136 3797 1299 3853 tuam,
1339 3797 1385 3843 et
1415 3790 1642 3844 salutare
1670 3800 1818 3844 tuum

214 3880 330 3932 dixi
358 3877 532 3947 (Prol.
565 3894 750 3945 suis,
782 3879 892 3950 tl).
926 3878 1045 3933 Lud
1070 3896 1291 3951 quoque
1316 3880 1370 3935 in
1396 3883 1576 3951 lingua
1604 3897 1815 3951 nostra,

214 3972 424 4027 utilitas
469 3972 718 4039 vertitur,
751 3983 806 4028 et
855 3973 1091 4043 Μοίρι-ὴ,
1128 3986 1149 4013 ο
1183 3977 1438 4043 extensio,
1489 3988 1544 4033 et
1594 3976 1816 4044 Tltubttl,

214 4065 341 4119 sive
369 4062 584 4131 Tltobel,
626 4066 813 4120 ductus
844 4066 911 4119 ad
957 4065 1175 4133 luctum,
1214 4072 1296 4123 vel
1342 4085 1639 4137 conversus,
1668 4067 1696 4107 ἀ
1726 4079 1821 4125 aut

215 4160 499 4213 uniuersa:
534 4176 659 4228 qua:
684 4160 867 4214 omnia
903 4161 1174 4215 vocationi
1202 4162 1447 4231 gentium
1484 4175 1814 4232 congruunt,

218 4261 275 4306 ut
294 4248 585 4305 utilitatem
603 4262 905 4322 sequantur
923 4267 1021 4322 per
1040 4252 1442 4308 confessionem
1461 4255 1659 4308 animae
1679 4271 1814 4323 suae,

214 4354 276 4399 et
304 4343 709 4414 praeteritorum
757 4344 939 4413 obliti,
971 4346 1040 4401 ad
1073 4348 1251 4402 futura
1282 4348 1671 4403 extendantur.
1704 4349 1817 4404 Lu-

213 4447 490 4508 geantque
519 4438 737 4508 antiqua
788 4448 1034 4508 peccata,
1085 4448 1141 4495 et
1173 4439 1459 4495 trahantur
1488 4442 1555 4496 ad
1610 4442 1818 4499 luctum

213 4541 384 4603 atque
412 4532 713 4599 tristitiam,
763 4546 885 4604 qua!
913 4533 1065 4589 ducit
1089 4533 1160 4591 ad
1202 4534 1393 4591 vitam.
1426 4535 1579 4591 Beati
1616 4538 1819 4607 quippe

212 4627 491 4698 lugentes,
521 4626 781 4698 quoniam
810 4627 917 4699 ipsi
948 4628 1205 4684 ridebunt
1236 4629 1453 4701 (Matth.
1482 4631 1559 4703 v)t
1590 4630 1660 4686 Et
1688 4646 1819 4687 con-

1922 3420 2078 3489 culis,
2109 3436 2232 3490 qua:
2267 3434 2366 3475 nos
2387 3418 2696 3473 dormitorio
2722 3417 3070 3485 interpretari
3099 3431 3409 3485 possumus,
3438 3415 3521 3472 vel

1922 3512 2210 3575 basternas,
2226 3511 2316 3566 alii
2334 3526 2466 3566 voce
2487 3524 2727 3564 consona
2744 3507 3137 3563 transtulerunt
3164 3505 3181 3544 ε
3204 3515 3386 3584 φορεᾱ
3400 3521 3522 3576 quae

1923 3622 2021 3660 nos
2053 3604 2186 3659 varii
2212 3603 2429 3675 generis
2457 3603 2883 3673 interpretamur
2914 3600 3195 3655 vehicula:
3225 3599 3317 3655 ubi
3338 3608 3522 3655 autem

1919 3698 2274 3768 Septuaginta
2304 3707 2361 3753 et
2408 3694 2715 3752 Tlieodoiio
2768 3695 3053 3760 dixerunt,
3098 3695 3390 3762 lnmpenas,
3425 3707 3523 3763 pro

1921 3792 2113 3859 quibus
2127 3791 2511 3862 Symmachus,
2535 3789 2747 3843 lecticas
2764 3789 3155 3856 interpretatus
3170 3796 3249 3841 est
3261 3826 3279 3854 ,
3304 3786 3517 3856 Aquila,

1921 3886 2200 3939 σκιπαστὰ
2224 3884 2424 3952 posuit,
2458 3881 2602 3951 quod
2626 3888 2683 3936 et
2712 3879 2889 3950 ipsum
2917 3877 3136 3934 lecricas
3162 3888 3381 3948 opertas
3413 3878 3522 3948 pel-

1919 3976 2062 4032 libus
2089 3974 2379 4046 signiticet.
2403 3973 2518 4033 lloc
2556 3973 2625 4029 de
2652 3973 2918 4028 varietate
2952 3970 3371 4027 translationum
3402 3970 3521 4025 dic-

1922 4079 2034 4125 tum
2056 4071 2146 4126 sit.
2180 4070 2364 4141 Equos
2386 4078 2589 4136 autem,
2622 4080 2678 4125 et
2707 4068 3021 4139 quadrigas,
3068 4080 3124 4123 ct
3172 4066 3414 4135 lecticas,
3464 4075 3523 4123 et

1921 4165 2101 4220 mulos
2126 4158 2289 4236 atque
2311 4178 2590 4231 carrucas,
2623 4172 2677 4218 et
2731 4161 2936 4218 diversi
2978 4160 3202 4232 generis
3250 4160 3520 4227 vehicula,

1920 4258 2182 4329 Angelica
2212 4272 2501 4329 possumus
2532 4256 2840 4327 intelligere
2868 4255 3196 4322 ministeria,
3226 4254 3300 4309 de
3323 4253 3522 4325 quibus

1921 4352 2049 4407 alibi
2078 4351 2144 4407 ad
2172 4351 2344 4407 Deum
2369 4350 2571 4406 dicitur
2599 4366 2611 4404 :
2644 4348 2880 4404 Ascende
2911 4364 3069 4418 super
3095 4364 3251 4420 equos
3282 4355 3419 4410 tuos,
3464 4356 3514 4402 at

1920 4445 2168 4515 equitatio
2188 4455 2278 4498 tua
2299 4444 2442 4500 salus
2469 4443 2655 4517 (Abas.
2683 4458 2764 4511 Ill,
2793 4444 2872 4515 8).
2905 4442 3000 4499 llis
3039 4443 3219 4515 equis,
3263 4441 3519 4497 curribus

1921 4546 1976 4592 et
1998 4535 2280 4607 quadrigis
2308 4535 2451 4591 Elius
2478 4548 2688 4606 ,ιίιριιιε
2732 4534 2798 4589 ad
2823 4535 3023 4590 ctelum
3062 4543 3169 4601 est,
3198 4542 3255 4590 et
3307 4532 3523 4589 Etiseus

1921 4628 2247 4685 circumdari
2274 4642 2335 4684 se
2360 4636 2522 4698 atque
2546 4626 2777 4693 servari,
2803 4626 3069 4682 nescienti
3087 4640 3256 4696 puero
3267 4625 3523 4681 demons-

217 4726 501 4773 vertautur
526 4732 721 4775 omnes
755 4718 823 4774 ad
854 4719 1164 4789 Dominum,
1209 4732 1270 4776 ut
1302 4734 1486 4794 postea
1539 4733 1820 4780 transeant
1848 4725 1897 4785 D
1925 4724 2090 4778 travit
2113 4721 2212 4793 (IV
2246 4719 2375 4793 Reg.
2408 4718 2498 4792 ιι).
2524 4719 2591 4774 Ει
2616 4719 2907 4773 Zacharias
2928 4719 3064 4774 vidit
3091 4719 3145 4773 in
3164 4727 3325 4773 nocte
3349 4735 3362 4770 :
3390 4716 3524 4774 Ecce

215 4811 285 4867 ad
327 4812 582 4882 gratiam,
623 4823 677 4868 et
706 4812 881 4867 sciant
921 4813 1128 4867 dictum
1158 4812 1227 4869 ab
1254 4811 1558 4884 Apostolo:
1607 4814 1812 4886 Gloria,

214 4915 266 4961 et
292 4902 482 4969 honor,
515 4919 579 4958 ea:
597 4920 704 4976 pax
725 4906 866 4959 omni
895 4907 1131 4974 aperanti
1147 4904 1354 4970 bonum,
1376 4902 1562 4964 Judteo
1590 4911 1815 4982 primunt

216 5004 266 5049 et
290 4994 470 5050 Greco
505 4994 683 5066 (Rom.
710 5010 774 5061 ll,
808 4995 897 5066 I0)
927 5014 939 5050 :
973 4997 1227 5067 quoniam
1263 5010 1370 5053 non
1392 5001 1568 5056 solum
1594 5000 1815 5057 Judteo-

216 5096 339 5143 ritm
371 5087 540 5155 Deus,
574 5088 669 5144 sed
694 5094 750 5144 et
769 5092 1031 5161 gentium.
1061 5089 1232 5144 Porro
1253 5090 1387 5146 illud
1415 5094 1560 5163 quod
1590 5094 1818 5151 dicitur:

219 5178 289 5234 Et
318 5178 505 5235 insulis
536 5180 741 5251 procul,
780 5198 896 5253 quae
926 5198 1028 5237 non
1064 5183 1345 5238 audierunt
1398 5200 1581 5241 nomen
1628 5204 1819 5258 meum,

219 5289 383 5345 mque
408 5273 643 5329 uiderunt
671 5275 893 5347 gloriam
934 5291 1116 5344 nteant,
1153 5276 1267 5332 illis
1294 5281 1577 5348 convenit,
1609 5278 1677 5336 do
1703 5281 1828 5351 qui-

294 5437 321 5505 '_'
346 5430 501 5505 Ultus
518 5432 863 5505 Ambrosiam
878 5475 892 5500 ,
909 5433 1162 5505 plun_tatio
1184 5435 1383 5505 gaudii.
1401 5435 1458 5490 In
1482 5435 1574 5489 lib.
1595 5436 1812 5491 Nomio.

221 5501 615 5577 Iiebraicurum
642 5514 711 5577 ex
741 5501 968 5570 Genes.,
1013 5501 1250 5574 Titanis,
1293 5510 1648 5577 exploratores
1679 5509 1816 5561 (teti-

222 5574 330 5647 tire,
356 5575 463 5647 sive
490 5576 762 5647 gaudium.

224 5643 629 5770 “:li’g‘eigdcnt
659 5647 951 5703 Nomiuum
996 5645 1160 5715 libro,
1189 5646 1331 5717 Fud,
1365 5648 1553 5721 Libya,
1585 5650 1691 5705 sive
1718 5653 1823 5709 bris

338 5736 350 5769 Ι
509 5758 523 5770 .

287 5719 523 5772 clinatio.

299 5797 334 5865 οᾉ
355 5789 753 5865 Interpretatur
792 5792 847 5848 iu
888 5793 985 5849 lib.
1019 5792 1330 5859 Nummum,
1364 5792 1570 5850 Μεδεεὴ
1610 5793 1825 5865 prolatis

227 5863 387 5935 gratio,
411 5865 520 5935 sive
547 5862 789 5933 defectio,
816 5874 905 5918 aut
927 5875 1062 5920 certe
1084 5881 1425 5931 compressus.

298 5929 326 5973 ά
364 5933 571 5997 Vitiosa
613 5929 787 5995 antea
832 5936 1117 6018 legebatur
1170 5929 1272 5999 sub
1331 5954 1442 5999 una
1490 5938 1826 6023 etymologia

1928 4817 2003 4870 vir
2025 4814 2307 4869 ascendens
2331 4824 2486 4883 super
2505 4826 2691 4885 equum
2720 4812 2895 4882 rufum
2914 4828 2931 4866 :
2953 4821 3001 4867 et
3026 4812 3122 4866 iste
3145 4810 3315 4866 stabat
3338 4812 3391 4865 in
3418 4826 3526 4865 me-

1919 4910 2006 4964 dio
2037 4906 2258 4964 duorum
2286 4906 2534 4961 uiantium
2563 4902 2727 4979 822
2771 4904 3124 4959 umbrosorunt
3151 4919 3167 4959 :
3197 4912 3245 4958 et
3273 4912 3387 4975 post
3409 4918 3524 4959 eum

1920 5002 2034 5073 equi
2052 5001 2174 5070 ruﬁ,
2194 5009 2242 5055 et
2262 4999 2504 5066 sturnini,
2520 5009 2564 5053 et
2587 5000 2736 5063 varii,
2750 5007 2796 5053 et
2816 4997 2941 5067 albi,
2961 5004 3009 5052 et
3025 4997 3156 5064 diri,
3176 4997 3369 5068 inquit,
3387 4995 3525 5064 Quid

1921 5102 2043 5148 sunt
2063 5094 2172 5159 isti,
2196 5091 2462 5146 Domine?
2491 5090 2560 5144 Et
2586 5091 2659 5145 ait
2684 5089 2753 5144 ad
2790 5104 2870 5143 me
2899 5087 3127 5161 Angelus
3155 5094 3245 5161 qui
3282 5087 3528 5161 loquebar-

1924 5188 2074 5242 batur
2099 5186 2155 5240 in
2200 5202 2278 5239 nte
2314 5198 2332 5239 :
2363 5182 2475 5256 Ego
2504 5185 2770 5239 ostendam
2793 5183 2882 5237 tibi
2908 5183 3030 5252 quid
3050 5184 3150 5239 sint
3180 5184 3284 5239 isti.
3322 5180 3384 5237 Et
3438 5197 3524 5237 re-

1927 5284 2138 5356 spondit
2158 5283 2232 5337 vir
2251 5282 2340 5354 qui
2370 5280 2539 5337 stabat
2568 5281 2620 5336 in
2657 5281 2824 5336 medio
2856 5281 3132 5345 montium,
3163 5290 3209 5334 et
3224 5277 3299 5332 ait
3320 5277 3389 5330 ad
3403 5293 3484 5333 nte
3505 5292 3524 5331 :

1922 5456 2194 5497 conversus
2229 5442 2298 5495 ad
2342 5442 2601 5495 universa.
2636 5438 2842 5494 Eadem
2870 5451 2994 5507 qua:
3038 5434 3526 5507 nosArestirluiinus

1928 5514 2250 5585 Hieronymi
2267 5513 2435 5585 verba
2458 5521 2585 5565 sunt
2604 5512 2699 5563 lib.
2719 5504 3011 5585 Hominum
3036 5507 3106 5585 dc
3128 5504 3352 5559 Genesi.
3379 5504 3527 5561 Tito-

1926 5584 2035 5650 bel,
2065 5577 2183 5639 sive
2209 5582 2425 5639 'I‘bubal
2458 5585 2644 5637 ductus
2663 5580 2732 5635 ad
2764 5579 2980 5645 luctum,
3002 5577 3086 5630 vel
3108 5588 3404 5644 conversus,
3430 5588 3527 5634 aut

1928 5664 2200 5799 “353$.
2212 5770 2225 5792 ,
2242 5729 2465 5799 gloriam
2478 5738 2642 5779 meam
2660 5720 2918 5799 gentibus,
2934 5719 3141 5799 alisque
3161 5719 3215 5771 itt
3239 5718 3526 5799 particula.

2003 5797 2043 5889 ί,
2067 5786 2415 5855 Διιῖιιινόεἰιιι.
2443 5786 2683 5874 popinis-5
2701 5795 2791 5848 alii
2806 5806 2939 5850 mss.
2957 5786 3275 5847 Martiaumo
3297 5789 3530 5863 inspecti

1933 5892 2142 5950 φοριοις.
2201 5930 2205 5939 ,
