3972 6354
481 273 579 329 671

1738 270 1799 328 S.
1841 267 2114 328 EUSEBII
2153 267 2538 326 lllERONYMl

3676 268 3781 325 672

478 389 580 448 Isti
606 402 726 449 sunt
752 409 879 466 quos
906 391 1047 446 misit
1091 388 1346 446 Dominus
1380 398 1438 446 ut
1484 387 1841 464 perambulent
1880 398 2071 445 terram
2097 391 2146 453 A
2174 389 2608 459 et'continentia,
2639 389 2890 461 qualibus
2911 389 3055 447 sedit
3074 389 3244 447 David
3273 400 3319 447 et
3354 390 3782 462 Salomon,quo—

478 487 668 562 (Zarh.
700 503 740 555 ι,
769 486 944 558 8-10).
972 487 1214 543 Joannes
1250 500 1467 558 quoque
1492 485 1548 542 in
1600 484 1927 557 Apocalypsi
1958 482 2073 539 hare

472 595 534 635 se
564 580 762 635 vidisse
784 587 1043 636 testatur:
1078 577 1201 634 Vidi
1220 581 1405 636 caelum
1423 588 1683 650 apertum,
1707 588 1754 633 et
1779 594 1894 633 ecce
1916 593 2075 646 equus

472 670 619 726 albus
639 687 660 726 :
687 681 735 726 et
756 671 846 743 qui
869 671 1078 727 sedebat
1106 687 1265 741 super
1320 687 1440 727 eum
1481 671 1757 726 vocabatur
1807 668 1979 741 ﬁdelis
2027 678 2077 724 et

467 781 647 837 uerus,
673 774 723 821 et
735 766 947 839 justitia
958 766 1234 841 judicans,
1260 775 1308 820 et
1324 764 1561 820 bellator.
1590 762 1743 819 Oculi
1769 771 1942 817 autem
1963 764 2076 835 ejus

470 857 621 929 quasi
644 858 858 927 ﬂamma
887 858 1022 930 ignis
1047 872 1067 913 :
1088 868 1136 912 et
1156 873 1314 928 super
1337 858 1624 929 caputejus
1645 853 1941 909 diademata
1960 853 2072 925 plu-

469 949 639 1003 rima:
668 950 859 1005 habens
889 965 1075 1005 nomen
1095 950 1365 1022 scriptum,
1412 949 1550 1019 quod
1597 964 1750 1002 nemo
1791 948 1932 1001 novit
1976 946 2077 1001 nisi

470 1038 583 1110 ipse
606 1058 626 1107 ;
655 1050 704 1096 et
733 1043 955 1097 amictus
980 1055 1089 1097 erat
1116 1054 1253 1098 veste
1270 1058 1481 1115 aspersa
1512 1041 1765 1112 sanguine
1791 1056 1810 1095 :
1830 1048 1878 1094 et
1926 1055 2079 1093 voca-

473 1129 624 1185 batur
655 1147 842 1186 nomen
862 1135 977 1204 ejus
1016 1129 1240 1187 Verbum
1259 1131 1399 1188 Dei:
1420 1142 1465 1187 et
1486 1131 1741 1187 exercitus
1760 1132 1815 1185 in
1845 1130 1972 1187 caelo
1998 1146 2078 1185 se-

471 1222 723 1293 quebatur
747 1239 863 1278 eum
883 1225 937 1278 in
966 1224 1107 1295 equis
1132 1223 1286 1294 albis,
1314 1224 1546 1295 vestitus)
1571 1225 1722 1295 bysso
1762 1223 1882 1278 albo
1925 1232 2078 1295 atque

472 1313 839 1383 mundissimo,
868 1324 918 1370 et
944 1313 1010 1370 de
1035 1332 1124 1371 ore
1143 1318 1258 1389 ejus
1284 1316 1641 1386 egrediebatur
1689 1314 1897 1388 gladius
1941 1331 2075 1370 acu-

474 1415 577 1477 tus,
618 1417 675 1462 ut
698 1409 752 1463 in
778 1409 892 1480 ipso
922 1419 1207 1481 percuteret
1228 1420 1402 1481 gentes
1432 1410 1618 1483 (Apoc.
1646 1425 1759 1472 xnx,
1787 1409 1849 1465 ll
1881 1407 2071 1480 scqq.).

477 1498 632 1570 Equo
662 1500 784 1554 rnlo
815 1500 1044 1555 sedebat
1073 1501 1332 1557 Dominus
1373 1511 1537 1572 atque
1557 1501 1830 1568 Salvator,
1883 1500 2077 1556 huma-

474 1603 604 1645 num
638 1604 836 1662 corpus
861 1606 1167 1658 assumens,
1196 1593 1283 1648 cui
1311 1591 1540 1649 dicitur:
1574 1592 1748 1661 Quare
1771 1593 1930 1649 rubra
1955 1604 2077 1650 sunt

470 1685 773 1741 vestimenta
801 1694 891 1740 tua
908 1686 1042 1743 ?Et:
1079 1686 1208 1754 Quis
1226 1696 1298 1743 est
1326 1689 1423 1742 iste
1441 1688 1532 1758 qui
1541 1688 1777 1743 ascendit
1793 1688 1858 1743 de
1879 1686 2073 1756 Edam,

2176 497 2295 537 rum
2329 484 2473 539 alter
2495 485 2908 555 interpretatur,
2938 485 3091 555 fortis
3129 501 3288 540 manu
3310 502 3329 541 :
3383 485 3543 554 alter,
3604 485 3785 555 pacifi-

2177 579 2417 644 cus;ch
2441 578 2493 633 in
2524 578 2667 633 mala
2723 586 2901 649 parte,
2957 578 3027 635 de
3077 577 3274 648 quibus
3302 577 3536 634 dicitur:
3608 575 3785 632 Nolite

2177 671 2292 742 ﬁeri
2311 672 2442 727 sicut
2487 688 2643 743 equus
2669 678 2715 727 et
2761 674 2954 739 mulus,
2996 673 3184 747 quibus
3224 689 3329 728 non
3374 681 3449 727 est
3497 662 3788 729 intellectus

2180 761 2353 835 (Psal.
2378 779 2524 829 xxxi,
2555 763 2645 834 9);
2689 764 2886 835 quibus
2914 765 3238 836 praepositus
3267 773 3386 821 erat
3417 765 3563 821 Doec
3586 764 3637 837 (1
3662 763 3787 837 Reg.

2179 857 2316 927 xxt).
2351 857 2605 913 Carruca:
2632 866 2839 924 autem,
2873 874 2972 929 pro
2998 859 3197 930 quibus
3228 858 3310 932 (ut
3339 874 3507 930 snpra
3528 859 3788 930 diximus)

2179 946 2555 1017 Septuaginta,
2581 955 2717 1002 tecta
2744 946 3002 1014 vehicula,
3033 949 3223 1006 eteteri
3251 948 3486 1004 uehicula
3513 948 3788 1020 simplici-

2179 1047 2262 1093 ter
2283 1039 2700 1107 transtulerunt,
2727 1040 2802 1098 illi
2825 1039 3186 1112 intelligendi,
3224 1042 3293 1099 de
3323 1043 3525 1113 quibus
3553 1046 3791 1114 Aposto-

2178 1129 2263 1184 lus
2295 1130 2573 1199 loquitur:
2607 1128 2836 1186 Invicem
2849 1147 3006 1186 onera
3034 1143 3201 1187 uestra
3236 1142 3442 1206 portate
3474 1132 3689 1205 (Galat.
3720 1149 3792 1199 vt,

2178 1225 2261 1297 2).
2295 1226 2469 1283 Porro
2494 1226 2784 1299 lampente,
2826 1227 3166 1298 splendentia
3218 1237 3534 1284 sanctorum
3592 1228 3796 1284 intelli-

2178 1317 2352 1389 genda
2376 1329 2498 1374 sunt
2534 1333 2785 1389 corpora,
2819 1328 2875 1375 et
2904 1320 3100 1375 animus
3129 1319 3235 1375 lide
3267 1320 3486 1376 Domini
3514 1319 3795 1376 illumina-

2181 1417 2270 1479 t:n,
2295 1408 2491 1479 quibus
2518 1409 2624 1464 dici
2657 1418 2873 1480 potest:
2916 1408 3020 1464 Vos
3044 1411 3166 1465 estis
3198 1409 3294 1464 lux
3334 1411 3519 1464 mundi
3568 1409 3792 1484 (Matth.

2180 1517 2231 1567 ν,
2277 1500 2392 1574 14).
2422 1502 2519 1557 llic
2550 1509 2729 1557 autem
2761 1503 2942 1557 omnis
2962 1512 3260 1574 apparatus
3297 1502 3395 1558 illo
3447 1502 3697 1572 prolicit,
3741 1513 3796 1558 ut

2180 1593 2546 1665 ingrediamur
2571 1603 2815 1649 sanctam
2868 1594 3139 1650 civitatem
3193 1594 3310 1663 Dei,
3364 1594 3480 1648 sive
3541 1605 3793 1651 sanctum

2180 1697 2421 1742 montem
2447 1687 2656 1741 Domini
2682 1686 3021 1744 Jerusalem:
3079 1702 3186 1743 non
3246 1687 3393 1743 illam
3419 1703 3541 1757 qua:
3602 1688 3797 1744 occidit

470 1776 618 1849 fulva
647 1779 948 1833 vestimenta
984 1780 1099 1844 eius
1121 1780 1185 1835 de
1222 1779 1389 1836 Bosra
1415 1780 1570 1850 (Isai.
1605 1797 1753 1848 txnt,
1781 1782 1859 1854 ἓ).
1889 1781 1959 1837 Et
1979 1796 2069 1837 se-
2103 1790 2150 1849 Β
2179 1778 2499 1850 Prophetas,
2533 1788 2588 1836 et
2606 1795 2728 1850 quae
2755 1779 2959 1850 lapidat
2988 1780 3186 1835 missos
3211 1779 3278 1834 ad
3308 1794 3369 1835 se
3393 1795 3408 1846 ;
3451 1778 3551 1835 sed
3575 1780 3798 1836 Jerusa-

472 1868 780 1940 quebantur
803 1884 925 1926 eum
944 1871 1221 1927 variorum
1243 1872 1488 1927 colorum
1511 1872 1660 1943 equi,
1682 1872 1768 1928 vel
1787 1873 1838 1928 in
1863 1882 2071 1944 martyo

469 1962 555 2017 rio
582 1962 755 2030 rubri,
788 1964 870 2018 vel
900 1963 1139 2018 sturnini
1170 1963 1225 2018 in
1257 1964 1459 2031 volatu,
1493 1963 1579 2019 vel
1606 1964 1743 2019 varii
1775 1963 1832 2019 in
1860 1964 2078 2019 virtuti-

470 2054 594 2120 bus,
628 2054 718 2109 vel
756 2053 975 2109 candidi
998 2055 1050 2110 in
1074 2055 1407 2126 virginitate.
1437 2056 1589 2126 Equo
1619 2067 1802 2112 autem
1849 2055 2075 2112 sedebat

470 2146 618 2215 albo,
652 2147 873 2218 quando
911 2157 1037 2219 post
1060 2149 1521 2205 resurrectionem
1552 2150 1861 2205 immortale
1907 2161 1962 2205 et
1987 2150 2072 2206 in-

472 2251 790 2315 corruptum
820 2258 1015 2317 corpus
1038 2245 1353 2315 assumpsit.
1384 2245 1451 2301 Et
1478 2246 1809 2318 quicumque
1839 2260 1962 2302 eum
1993 2258 2079 2302 se-

470 2338 799 2408 quebantur,
815 2338 1064 2395 candidis
1082 2338 1559 2412 utebanturequis,
1580 2340 1906 2410 incorruptis
1927 2339 2071 2395 vide-

474 2427 603 2486 licet
626 2429 1134 2504 imtnortalibusqne
1181 2433 1523 2503 corporibus.
1591 2433 1832 2506 Longum
1883 2443 1990 2500 est,
2031 2433 2075 2487 si

473 2522 729 2589 velimus,
753 2531 1043 2597 utrumque
1064 2524 1360 2595 explanare
1409 2525 1778 2582 testimonium
1807 2545 1820 2580 :
1856 2526 1958 2580 hoc
1989 2539 2078 2580 so-

472 2613 583 2669 lum
608 2613 807 2683 dicam,
833 2615 977 2686 quod
1016 2615 1235 2670 diversa
1256 2615 1526 2685 vehicula,
1568 2616 1766 2688 quibus
1826 2617 2076 2672 homines

474 2704 820 2761 adducuntur
845 2707 911 2760 ad
940 2706 1127 2771 ﬁdem,
1158 2706 1353 2778 Angeli
1384 2709 1515 2772 sint,
1544 2707 1629 2763 vel
1661 2707 1834 2763 sancti
1861 2709 1959 2763 viri
1984 2710 2076 2780 qui

476 2797 545 2852 de
574 2798 885 2853 hominibus
914 2798 967 2851 in
1002 2806 1028 2835 ι
1051 2798 1292 2870 Angelos
1326 2799 1687 2870 proiecerunt.
1716 2800 1871 2869 Quod
1899 2810 2077 2857 autem

475 2892 853 2962 unusquisque
875 2902 1123 2947 nostrum
1156 2892 1355 2949 habeat
1389 2893 1650 2964 Angelos,
1681 2893 1867 2949 multa:
1895 2894 2079 2966 Scrip-

478 2992 613 3039 tura:
645 2984 866 3055 docent,
895 3000 926 3041 e
956 2985 1150 3056 quibus
1178 2986 1314 3041 illud
1346 2996 1467 3043 est:
1526 2985 1704 3043 Nolite
1758 2996 2080 3042 contemnere

475 3093 638 3131 unum
666 3078 730 3131 de
755 3080 980 3134 minimis
1009 3080 1122 3134 istis
1145 3095 1165 3135 :
1193 3081 1317 3150 quia
1335 3080 1519 3152 Angeli
1546 3097 1724 3136 eorum
1751 3082 1922 3135 vident
1951 3097 2079 3153 quo-

476 3170 604 3223 titlie
621 3169 809 3241 [aciem
832 3169 1029 3243 Patris,
1058 3173 1146 3244 qui
1169 3181 1243 3229 est
1265 3174 1318 3228 in
1347 3174 1485 3230 caelis
1506 3172 1724 3247 (Matth.
1782 3190 1928 3242 xvttt,
1958 3174 2070 3247 10).
2102 3168 2148 3233 C

479 3261 752 3332 Etpuella
783 3264 934 3321 Rode
982 3266 1198 3323 Petrum
1254 3270 1560 3338 apostolum
1620 3269 1924 3338 nuntiante,
1983 3271 2072 3325 alii

475 3358 744 3427 Angelum
774 3360 947 3430 ipsius
970 3376 1093 3417 esse
1123 3362 1425 3419 credebant
1450 3363 1589 3434 (Act.
1612 3364 1730 3437 xu).
1764 3364 1861 3422 Sin
1892 3373 2071 3420 autem

477 3450 581 3509 hoc
609 3452 678 3510 de
703 3454 946 3511 minimis
974 3455 1196 3524 dicitur,
1230 3456 1374 3513 etde
1432 3474 1540 3513 uno
1586 3458 1831 3524 homine.
1873 3467 2075 3529 quanto

480 3545 651 3615 magis
673 3546 742 3603 de
761 3548 1018 3604 omnibus
1047 3548 1272 3617 sanctis,
1295 3559 1351 3605 et
1379 3549 1651 3621 praecipue
1677 3550 1745 3607 de
1799 3552 2075 3622 Apostnlis

475 3636 818 3693 sentiendum
843 3638 965 3694 est?
988 3640 1153 3713 823
1175 3655 1403 3710 quorum
1426 3641 1876 3713 Angeliquotidie
1892 3643 2077 3698 vident

477 3726 669 3783 faciem
695 3729 887 3797 Patris,
907 3730 1062 3799 juxta
1094 3731 1227 3786 illud
1258 3732 1402 3803 quod
1427 3734 1686 3804 scriptum
1710 3735 2077 3791 est?Circum-

476 3819 566 3872 dat
588 3819 814 3892 Angelus
842 3819 1055 3877 Domini
1080 3824 1132 3877 in
1148 3824 1366 3879 circuitu
1411 3825 1699 3880 timentium
1747 3843 1863 3881 eum
1897 3826 2072 3899 (Psal.

480 3928 666 3979 χχχιιι,
692 3913 769 3985 8).
792 3912 860 3969 Et
887 3915 1056 3970 Jacob
1086 3915 1155 3971 de
1184 3931 1243 3971 se
1273 3916 1541 3988 loquitur:
1573 3918 1803 3990 Angelus
1828 3922 1916 3991 qui
1946 3919 2073 3975 libe-

476 4004 608 4059 ravit
635 4022 731 4061 me.
752 4004 843 4061 [sti
877 4019 1003 4062 sunt
1030 4007 1122 4080 qui
1142 4008 1445 4065 ascendunt
1474 4019 1529 4065 et
1548 4010 1893 4068 descendunt
1912 4027 2078 4085 super

477 4095 649 4152 lilium
682 4097 942 4155 hominis.
974 4098 1076 4169 Qui
1119 4100 1340 4158 veloces
1372 4111 1499 4158 sunt
1529 4105 1581 4159 in
1614 4103 1740 4170 (ide,
1786 4108 1941 4174 equis
1988 4122 2077 4161 Vr-

477 4187 830 4263 hnntur:qui
873 4192 1203 4265 multiplices
1254 4195 1306 4250 in
1352 4197 1548 4267 gratia,
1600 4198 1925 4268 quadrigis:
1980 4201 2074 4271 qui

473 4282 849 4340 consolatione
876 4285 1143 4356 indigent,
1170 4286 1327 4342 tectis
1382 4288 1592 4344 lecticis
1611 4299 1666 4346 et
1723 4291 2073 4356 umbraculis.

474 4384 532 4428 ut
560 4373 751 4431 audire
779 4386 1121 4432 mereantur:
1156 4377 1260 4434 Per
1280 4378 1417 4434 diem
1437 4379 1515 4436 sol
1543 4398 1648 4437 non
1678 4391 1789 4437 uret
1814 4391 1897 4453 te;
1913 4399 2076 4455 neque

472 4466 598 4521 luna
622 4485 713 4541 per
742 4478 941 4523 noctem
964 4468 1135 4542 (Psal.
1169 4486 1295 4540 cxx,
1315 4471 1394 4544 6).
1429 4473 1604 4529 Malos
1627 4485 1805 4531 autem
1822 4475 2073 4544 inSt-rip-

2179 1873 2283 1930 lem
2312 1873 2616 1938 caelestem,
2643 1872 2712 1929 de
2742 1888 2848 1944 qua
2877 1872 3070 1929 crebro
3125 1872 3394 1928 diximus:
3452 1871 3589 1938 Quae
3629 1882 3795 1929 autem

2177 1982 2385 2020 sursum
2411 1976 2487 2021 est
2506 1963 2825 2032 Jerusalem,
2859 1964 3022 2020 libera
3048 1975 3146 2034 cst,
3168 1982 3286 2037 qua:
3309 1973 3383 2019 est
3411 1973 3585 2019 mater
3617 1974 3794 2021 nostra

2179 2057 2381 2132 (Galat.
2406 2075 2483 2124 tv,
2512 2057 2627 2131 26).
2669 2059 2739 2113 Et
2784 2058 3015 2112 iterum:
3078 2057 3184 2113 Sed
3222 2058 3512 2112 accessistis
3538 2058 3616 2112 ad
3670 2056 3793 2113 Sion

2179 2162 2399 2208 montem
2425 2163 2473 2207 et
2510 2154 2768 2207 civitatem
2800 2151 2897 2205 Dei
2922 2152 3137 2205 viventis
3181 2148 3478 2204 Jerusalem
3536 2151 3791 2204 calestem

2178 2244 2365 2318 (Hebr.
2396 2260 2490 2312 xu,
2521 2242 2638 2315 22).
2663 2242 2816 2311 Quod
2837 2242 2923 2297 vel
2945 2241 3014 2297 de
3034 2241 3292 2312 prtesenti
3315 2240 3570 2296 Ecclesia
3606 2255 3797 2311 possu-

2180 2353 2298 2393 mus
2330 2337 2652 2408 intelligere,
2676 2352 2796 2408 quae
2827 2343 2941 2390 toto
2966 2335 3100 2390 orbe
3122 2350 3218 2406 per
3239 2334 3537 2405 Apostolos
3562 2348 3767 2404 eongre

2179 2442 2299 2505 gata
2324 2440 2431 2501 est,
2456 2434 2542 2487 vel
2565 2431 2635 2487 de
2658 2431 2865 2487 l‘utnra:
2897 2440 2956 2485 ut
2988 2429 3280 2499 impleatur
3311 2427 3445 2483 illud
3471 2429 3626 2499 quod
3654 2432 3793 2499 Apo—

2180 2526 2355 2581 stolus
2374 2536 2566 2581 sancto
2583 2523 2787 2595 Spiritu
2811 2522 3154 2594 prophetavit
3170 2539 3184 2577 :
3202 2520 3491 2594 Rapiemur
3500 2521 3560 2574 in
3577 2521 3792 2575 nubibus

2180 2620 2385 2675 obviam
2412 2619 2638 2674 Domino
2660 2620 2714 2673 in
2741 2635 2879 2683 aere,
2904 2626 2951 2671 et
2968 2618 3044 2671 sic
3067 2633 3269 2689 semper
3297 2632 3413 2670 cum
3443 2612 3679 2670 Domino
3698 2617 3793 2669 eri-

2181 2728 2295 2766 mus
2311 2712 2355 2786 (l
2372 2710 2552 2767 Thess.
2575 2727 2650 2779 tv,
2678 2709 2791 2783 16).
2810 2709 2983 2767 ,ιιιόωί
3002 2718 3056 2765 et
3079 2708 3289 2765 Judaici
3316 2708 3521 2764 erroris
3547 2707 3793 2764 hmredes

2184 2806 2469 2875 Ebionitae,
2501 2805 2590 2876 qui
2615 2821 2711 2873 pro
2741 2802 3041 2859 humilitate
3072 2816 3266 2857 sensus
3286 2798 3316 2838 δ
3345 2814 3552 2856 nomen
3594 2815 3792 2872 paupe-

2180 2913 2300 2953 rum
2333 2904 2710 2968 susceperunt,
2744 2908 3047 2962 omnesque
3070 2893 3219 2948 mille
3242 2906 3510 2946 annorum
3572 2891 3789 2947 delicias

2184 2989 2582 3061 prmstolantes,
2609 3003 2781 3059 equos
2801 2996 2855 3042 et
2883 2986 3195 3058 quadrigas,
3224 2995 3280 3041 et
3307 2984 3535 3050 rbedas,
3552 2994 3615 3041 et
3641 2984 3788 3041 lecti-

2190 3097 2305 3146 cas,
2338 3082 2451 3138 sive
2476 3082 2783 3147 basternas,
2816 3090 2870 3137 et
2924 3080 3260 3149 dormitoria,
3296 3078 3589 3149 mutosque
3630 3076 3789 3152 825

2178 3182 2232 3229 et
2255 3175 2451 3239 mulas,
2484 3182 2539 3229 et
2567 3189 2847 3240 carrucas,
2867 3181 2925 3228 et
2950 3173 3148 3228 diversi
3177 3173 3399 3242 generis
3426 3173 3688 3227 vehicula
3717 3173 3787 3228 sic

2181 3266 2587 3339 intelligunt,ut
2607 3267 2804 3338 scripta
2823 3275 2968 3322 sunt.
2984 3264 3139 3335 Quod
3162 3264 3418 3321 videlicet
3449 3267 3503 3322 in
3535 3281 3788 3322 consum—

2178 3360 2419 3416 matione
2457 3360 2663 3427 mundi,
2705 3358 2924 3430 quando
2963 3357 3215 3414 Christus
3257 3358 3568 3414 Jerusalem
3602 3374 3787 3432 regna-

2178 3459 2332 3507 turus
2362 3451 2665 3519 advenerit,
2691 3462 2746 3508 et
2773 3451 3061 3521 Templum
3099 3449 3265 3505 fuerit
3303 3451 3675 3507 instauratum
3699 3498 3711 3522 ,
3735 3461 3785 3507 et

2180 3547 2472 3604 immolata:
2495 3547 2736 3603 Judaicae
2763 3546 3017 3613 victimas,
3052 3546 3121 3602 de
3148 3558 3262 3603 toto
3288 3548 3425 3603 orbe
3454 3546 3785 3602 reducantur

2180 3640 2271 3693 lilii
2291 3639 2478 3707 Israel,
2505 3649 2529 3678 ο
2555 3654 2895 3709 nequaquam
2913 3654 3079 3709 super
3091 3655 3282 3711 equos,
3302 3637 3399 3695 sed
3425 3653 3599 3710 super
3620 3639 3785 3694 mulos

2179 3730 2463 3785 Numidian
2495 3731 2596 3798 Qui
2623 3740 2804 3786 autem
2830 3718 3117 3786 senatoria:
3146 3730 3347 3787 fuerint
3379 3730 3698 3802 dignitatis,
3729 3739 3780 3785 et

2181 3823 2358 3879 locum
2383 3823 2686 3893 principum
2711 3822 3069 3889 obtinuerint,
3092 3822 3162 3879 de
3184 3823 3480 3888 Britannis,
3510 3822 3777 3894 Hispanis,

2178 3915 2460 3987 Gallisque
2503 3916 2761 3970 extremis
2817 3914 3097 3970 hominum
3148 3914 3368 3970 Morinis
3417 3912 3659 3988 (Virgil.
3699 3928 3780 3967 vtn

2179 4007 2397 4065 .Eneitl.
2434 4009 2510 4064 sic
2542 4017 2686 4063 vocat
2720 4006 3033 4079 Morinos),
3073 4019 3127 4062 ct
3168 4007 3259 4062 ubi
3294 4006 3536 4062 bicornis
3569 3991 3781 4062 (inditur

2180 4102 2427 4169 Rhenus,
2458 4104 2510 4157 in
2538 4102 2782 4157 carrucis
2810 4100 3054 4170 veniant,
3084 4099 3504 4156 occurrentibus
3525 4098 3636 4153 sibi
3660 4113 3778 4152 cun-

2177 4197 2279 4251 ctis
2298 4197 2571 4267 gentibus,
2594 4212 2715 4265 qua:
2738 4209 2926 4250 eormn
2949 4194 3195 4250 servituti
3217 4191 3420 4248 luet-int
3440 4199 3773 4264 przrparatcr.

2252 4286 2437 4358 (Vers.
2465 4287 2585 4355 21.)
2610 4286 2882 4353 Quomodo
2918 4286 2963 4341 si
2993 4288 3224 4357 inferant
3263 4284 3364 4355 ﬁlii
3393 4283 3569 4339 Israel
3598 4299 3776 4338 munus

2175 4381 2231 4434 in
2253 4395 2371 4435 vase
2388 4381 2582 4435 mundo
2607 4381 2661 4433 in
2690 4382 2902 4434 domum
2926 4378 3157 4433 Domini.
3205 4375 3275 4431 Et
3319 4392 3586 4431 assumant
3613 4391 3677 4431 ea:
3710 4374 3776 4427 eis

2175 4472 2229 4526 in
2260 4472 2551 4527 sacerdotes
2579 4482 2626 4524 et
2658 4468 2883 4538 Levitas,
2904 4470 3029 4524 dicit
3072 4466 3350 4523 Dominus.
3396 4466 3546 4524 LXX
3566 4486 3584 4523 :
3635 4467 3771 4533 Quo-

474 4560 610 4615 ttn-is
633 4559 835 4616 sanctis
851 4561 1141 4633 dupliciter
1168 4564 1465 4636 accipimus
1499 4583 1513 4622 :
1564 4567 1651 4624 vel
1680 4567 1732 4623 in
1789 4567 2072 4624 sterilitate
2099 4553 2154 4615 1)
2178 4565 2332 4619 modo
2351 4566 2397 4619 si
2424 4561 2644 4629 olferant
2685 4560 2785 4631 filii
2830 4560 2999 4617 Israel
3039 4561 3272 4616 uictimas
3324 4576 3448 4615 suas
3488 4558 3621 4615 mihi
3665 4572 3773 4614 cum

544 4718 671 4776 “Ne
714 4720 1043 4790 Origeniauo
1082 4737 1252 4778 sensu
1303 4721 1410 4778 dici
1439 4732 1622 4794 putes,
1681 4734 1737 4779 ut
1790 4723 2066 4780 hominum

472 4800 633 4847 exuta
661 4803 877 4859 natura,
906 4796 1222 4865 Angelieam
1256 4795 1508 4865 induant,
1535 4810 1698 4863 quam
1738 4810 1886 4865 smpe
1917 4796 2067 4853 Hier.

471 4871 801 4935 sententiam
836 4864 1111 4935 reprobat,
1142 4883 1205 4921 ac
1243 4864 1402 4921 sibilo
1443 4864 1685 4934 explodit
1723 4882 1736 4918 :
1765 4864 2072 4920 luculentis-

470 4932 805 5004 simeantem
821 4932 964 5003 epist
983 4936 1073 5004 75,
1091 4932 1157 4992 ad
1179 4932 1554 5001 Theodoram,
1574 4952 1723 4991 num.
1738 4937 1793 4991 ‘2:
1821 4936 2067 5003 Quando,

470 5006 567 5081 ait,
592 5003 784 5081 dicitur
809 5015 957 5059 erunt
979 5003 1109 5062 sicut
1131 5007 1316 5081 Augeli
1341 5009 1394 5062 in
1415 5008 1600 5081 caelis,
1629 5023 1731 5081 non
1778 5017 1969 5061 natura
2019 5017 2070 5081 et

470 5076 764 5129 substantia
835 5092 1112 5150 corporum
1154 5076 1373 5141 tollitur,
1416 5079 1506 5132 sed
1546 5078 1729 5149 gloria?
1770 5078 2071 5150 magnitudo

2246 4724 2269 4753 °
2313 4718 2656 4793 Nequaquam
2683 4734 2841 4793 super
2861 4735 3041 4789 equos,
3084 4726 3192 4793 etc.
3232 4718 3456 4793 Addunt
3484 4717 3618 4793 editi
3651 4725 3771 4770 ante

2174 4808 2273 4849 nos
2314 4792 2458 4860 libri,
2516 4789 2840 4862 nequaquam
2883 4790 3166 4861 assumptis
3210 4789 3310 4862 alis
3339 4806 3358 4843 :
3407 4791 3501 4844 sed
3548 4789 3769 4862 Sarraco

2175 4862 2398 4927 Gallico,
2424 4858 2720 4932 covinisque
2740 4860 2967 4932 Belgicis
2993 4874 3041 4917 et
3066 4858 3221 4931 equis
3250 4858 3602 4932 Cappadocia:
3625 4869 3771 4932 atque

2176 4934 2473 5005 Hispaniae,
2503 4949 2567 4986 ac
2587 4931 2764 4988 rhedis
2806 4931 3013 5005 Italica,
3031 4944 3078 4987 et
3104 4940 3358 5005 matrona:
3383 4947 3565 5005 eorum
3587 4931 3768 5005 lecticis

2175 5003 2467 5076 referantur
2494 5014 2650 5074 atque
2686 5005 2958 5059 basternis.
2985 5004 3119 5072 Quae
3147 5004 3406 5076 pericope
3434 5003 3486 5057 in
3504 5003 3666 5076 Annllo
3691 5003 3770 5076 le-

2175 5070 2318 5148 gitur
2345 5070 2645 5148 exemplari
2684 5070 3080 5148 manuscripto,
3117 5070 3258 5148 unde
3281 5070 3589 5148 adulterina
3619 5070 3765 5148 nobis

472 5157 811 5222 monstratur.
839 5140 1019 5222 Neque
1036 5150 1172 5222 enim
1194 5140 1441 5222 scriptum
1463 5140 1568 5214 est:
1574 5158 1724 5204 erunt
1744 5140 1927 5221 Λιιςὲιὶ
1939 5150 2062 5222 _:sed
2166 5140 2403 5222 videtur.
2433 5140 2645 5222 Putavit
2666 5161 2847 5222 autem
2875 5140 3148 5201 Marianus
3162 5144 3436 5199 Victorius
3458 5140 3763 5222 in_Scholiis

469 5219 601 5272 sicut
623 5218 841 5292 Attgeli:
875 5218 963 5273 ubi
997 5218 1644 5292 similitudopromittitur,
1676 5218 1860 5275 veritas
1912 5220 2065 5275 dene-

503 5297 642 5345 atur.
676 5290 865 5364 Erunt,
888 5292 1082 5357 inquit,
1115 5291 1246 5347 sicut
1269 5290 1474 5364 Angeli,
1508 5290 1563 5345 id
1584 5301 1671 5364 est_
1684 5294 1876 5348 similes
1899 5293 2066 5361 Ange-

468 5309 642 5416 gamr.
676 5309 862 5356 urunt,
888 5309 1082 5357 tnqutt,
1115 5309 1246 5347 sicut
1269 5309 1474 5364 angeu,
1508 5309 1562 5345 ta
1584 5309 1658 5345 est
1684 5309 1876 5348 sumtes
1899 5309 2066 5361 ange-

491 5378 639 5436 orum
659 5380 677 5417 .'
696 5378 816 5435 ergo
844 5361 1076 5436 homines
1095 5378 1203 5436 esse
1230 5379 1331 5436 non
1361 5362 1614 5436 desinent.
1640 5361 1833 5435 Inclyti
1860 5364 2067 5436 quidem

467 5443 517 5487 et
546 5434 790 5504 Angelico
810 5434 1087 5505 splendore
1106 5434 1334 5490 ἀρισταιὶ
1350 5451 1369 5498 ;
1398 5435 1487 5489 sed
1512 5441 1683 5505 tamen
1726 5434 1977 5497 homines,
2011 5443 2068 5487 ut

466 5512 514 5556 et
536 5502 811 5571 Apostolus
837 5502 1115 5576 Apostolus
1140 5507 1228 5572 sit,
1256 5516 1302 5560 et
1331 5505 1508 5559 Maria
1533 5502 1703 5559 Maria
1728 5521 1747 5560 :
1767 5514 1823 5560 ut
1845 5510 2065 5569 con/un-

468 5575 623 5628 dutur
643 5575 1017 5649 lueresis.qua:
1034 5578 1151 5631 ideo
1179 5579 1375 5631 incerta
1400 5585 1448 5631 et
1474 5592 1660 5648 magna
1695 5578 1981 5649 promittit,
2007 5583 2065 5629 ut

465 5658 582 5716 quis
594 5659 732 5716 certa
759 5658 804 5701 et
827 5648 1095 5706 moderata
1108 5658 1247 5715 sunt,
1270 5651 1494 5716 auferat.

531 5711 567 5790 ,ιι
598 5714 728 5771 Vide
751 5732 873 5790 qua:
897 5719 1162 5790 superius
1187 5711 1242 5773 in
1289 5711 1448 5788 caput
1479 5732 1498 5772 ι
1526 5720 1677 5777 Isaia:
1702 5731 1846 5775 vers.
1899 5718 1934 5773 ὅ
1963 5716 2060 5772 oh-

464 5787 742 5838 sc'rvamns
763 5789 830 5841 de
855 5787 1222 5843 Ebidnitarttm
1253 5790 1492 5844 nomine.

2169 5220 2461 5275 Sarracnm
2486 5230 2541 5274 et
2568 5219 2875 5280 Covinum.
2907 5232 3030 5273 esse
3073 5231 3335 5283 equorum
3377 5216 3612 5283 species,
3646 5226 3760 5283 cum

2171 5290 2457 5363 Sarracum
2478 5292 2549 5346 sit
2576 5289 2788 5363 species
2814 5288 3072 5355 vehiculi,
3097 5281 3306 5363 Gallice
3329 5281 3762 5363 un‘Haquet,

2173 5362 2331 5417 vinus
2352 5376 2532 5417 autem
2560 5354 2629 5416 8ἰί
2661 5361 2823 5416 etiam
2851 5375 3023 5431 genus
3050 5357 3283 5415 vehiculi
3302 5369 3505 5431 nutum
3524 5354 3758 5431 non_Bri«

2174 5433 2350 5488 tannis
2376 5433 2582 5501 solum,
2609 5434 2705 5488 sed
2738 5426 3172 5503 Belg'isrqnoqne
3207 5426 3599 5503 ct_(_;ert_ttattis.
3635 5426 3758 5503 Erat

2175 5518 2338 5573 porro
2374 5497 2612 5561 Covinus
2670 5497 2864 5559 currus
2926 5497 3178 5573 falcatus.
3224 5498 3357 5553 Vide
3405 5497 3755 5573 Puniponintn

2171 5568 2362 5630 Metam
2404 5586 2459 5632 et
2509 5576 2712 5631 Lucan.
2766 5573 2865 5629 lib.
2900 5589 2939 5627 ι.
2983 5572 3108 5627 llaec
3162 5584 3362 5640 genera
3393 5568 3752 5640 vehiculorum

2169 5647 2393 5703 minime
2422 5647 2611 5702 sensui
2640 5645 3004 5707 conveniunt,
3039 5637 3207 5712 probe
3239 5641 3633 5712 demonstrant
3663 5637 3751 5692 ad-

2166 5717 2392 5773 ventitia
2417 5733 2539 5775 esse
2562 5732 2626 5774 ac
2647 5716 2996 5787 supposititia
3023 5710 3211 5770 verba.
3236 5710 3504 5768 Maurus.

3270 6282 3492 6298 ῨῨ-πῆ
3520 6244 3936 6294 74..“
