3972 6368
167 307 276 369 673

652 318 1310 391 COMMENTARIORUM
1350 333 1415 390 ΙΝ
1454 330 1689 393 ISAIAM
1728 333 2153 401 PIlOI’IIETAM
2191 340 2322 403 LIB.
2360 347 2544 410 XVIII.
2586 353 2741 413 CAP.
2784 358 2970 420 LXVI.

161 424 402 485 Psalmis
432 436 486 487 in
514 435 667 491 domo
688 436 906 494 Domini
928 452 1109 499 :etea:
1130 447 1204 502 eis
1242 465 1446 504 sumam
1492 454 1857 518 sacerdotesA
1889 466 2058 525 neat,
2113 460 2312 529 quibus
2366 481 2704 540 nequaquam
2755 474 2913 544 juxta
2966 485 3284 555 sanguinem
3313 534 3327 556 ,
3380 497 3476 552 sed

161 533 207 556 nl
231 521 433 556 ιηκει...
487 529 611 556 J:-:r
652 529 897 556 num-un-
952 535 1053 556 nu!
1091 552 1105 556 -
1137 538 1152 556 ι
1295 550 1306 556 -
1460 544 1491 556 .,
1596 545 1632 556 ..
1760 549 1771 556 .
1883 547 1896 556 .
2206 553 2215 556 _

157 521 454 592 ethvitas,
483 529 611 583 dicit
645 529 918 589 Dominus.
951 535 1054 605 Qui
1085 538 1152 595 ad
1181 550 1398 612 gentes,
1423 544 1522 611 ait,
1578 545 1775 603 directi

156 614 401 688 fuerint,
427 632 482 678 et
508 626 969 685 annuntiaverint
1030 632 1110 689 eis
1160 635 1388 706 gloriam
1443 654 1643 709 meam,
1698 642 1777 699 sic

155 708 436 769 adducent
460 712 652 772 fratres
683 728 898 775 vestros
919 720 987 777 de
1019 723 1295 783 universis
1318 729 1633 786 nationibus
1652 747 1775 787 mu-

156 820 268 862 nus
295 806 548 877 Domino,
576 826 700 867 cum
721 814 901 885 equis,
939 825 993 872 et
1020 819 1326 892 quadrigis,
1360 823 1666 896 etleeticis,
1717 835 1771 884 et

153 901 347 967 mulis,
378 912 435 958 et
465 904 733 973 carrucis,
768 916 825 962 et
845 907 1084 966 diversis
1106 912 1378 969 vehiculis
1420 915 1474 971 in
1527 928 1769 975 montem

158 1002 414 1050 sanctum
445 996 777 1065 Jerusalem,
825 1003 1103 1071 quomodo
1145 1005 1398 1063 solebant
1447 1008 1543 1065 lilii
1578 1009 1766 1078 Israel,

154 1083 289 1141 dum
312 1101 506 1143 eorum
537 1098 710 1147 staret
737 1091 955 1164 religio,
980 1103 1036 1151 et
1058 1096 1270 1168 Templi
1294 1103 1639 1158 caeremoniae
1652 1118 1772 1160 ser-

151 1188 440 1246 varentnr,
473 1178 675 1238 oﬂ'erre
715 1182 974 1241 victimas
1028 1202 1152 1243 cum
1208 1188 1441 1246 Psalmis
1501 1192 1555 1248 in
1600 1194 1767 1252 domo

156 1271 402 1329 Domini.
434 1273 561 1331 Sive
590 1290 652 1331 ut
675 1276 906 1334 habetur
934 1278 988 1334 in
1019 1279 1272 1349 Hebraeo,
1305 1293 1360 1339 et
1389 1299 1582 1341 omnes
1631 1302 1765 1344 voce

150 1377 398 1419 consona
428 1367 846 1436 transtulerunt,
878 1371 933 1425 in
963 1389 1081 1428 vase
1109 1377 1336 1431 mundo:
1366 1378 1507 1448 quod
1563 1387 1619 1434 et
1668 1396 1762 1436 us~

151 1471 262 1526 que
296 1457 456 1514 hodie
477 1459 715 1516 oll‘erunt
744 1461 798 1516 in
842 1463 1017 1520 Domo
1067 1465 1185 1535 Dei,
1220 1484 1342 1538 qua:
1376 1479 1460 1525 est
1492 1469 1760 1540 Ecclesia,

152 1547 251 1604 ﬁlii
304 1548 471 1607 Israel
522 1553 616 1624 qui
652 1553 853 1611 'mente
905 1559 1256 1629 conspiciunt
1307 1560 1503 1631 Deum,
1554 1565 1762 1621 hostias

148 1641 470 1713 spirituales
492 1659 614 1700 eum
643 1645 912 1704 fructibus
937 1651 1403 1721 atquevirtutibus
1425 1655 1626 1712 animm
1645 1673 1759 1714 sua:

148 1735 206 1791 in
237 1736 386 1792 vasis
414 1738 655 1806 mundis,
684 1739 788 1796 hoc
811 1750 918 1810 est,
941 1743 993 1797 in
1038 1746 1242 1800 sanctis
1283 1749 1630 1816 corporibus.
1681 1753 1758 1809 De

1876 639 1970 710 qui
2000 643 2225 700 venient
2247 645 2315 703 de
2355 649 2553 707 insulis
2580 658 2847 729 gentium,
2897 672 2954 719 et
2984 663 3221 737 gloriam
3252 639 3475 735 Domini

1875 732 2224 791 nuntiabunt.
2252 736 2324 793 Et
2358 740 2686 801 adducentur
2712 749 2765 804 in
2801 756 2963 824 equis,
2993 732 3054 812 vet
3098 759 3151 814 in
3186 732 3470 838 quadrigis,

1873 834 1921 879 et
1964 826 2019 880 in
2065 827 2279 896 lecticis,
2318 843 2368 888 et
2411 836 2467 890 in
2507 839 2682 909 mulis,
2722 854 2772 899 et
2797 846 2853 900 in
2892 852 3141 909 carrucis.
3182 826 3473 925 Quomodo

1872 927 2054 975 autem
2097 924 2297 979 coelum
2346 942 2570 999 novum,
2614 942 2669 990 et
2718 946 2864 995 terra
2910 957 3046 998 nova
3083 924 3211 1013 erit,
3238 959 3296 1008 et
3327 970 3468 1011 nova

1871 1008 2202 1082 Jerusalem,
2229 1028 2656 1096 utnequaquam
2697 1028 2913 1089 dicatur
2955 1053 2968 1090 :
3005 1036 3202 1096 Caelum
3242 1054 3293 1099 et
3329 1055 3471 1104 terra

1867 1106 2260 1197 pertransibunt
2286 1109 2507 1183 (Matth.
2541 1134 2688 1187 xxxv,
2714 1122 2832 1193 55).
2858 1127 2925 1182 Et
2954 1127 3152 1188 iterum
3187 1153 3201 1189 :
3226 1136 3467 1197 Involve-

1871 1202 1956 1248 tur
1999 1195 2183 1252 coelum
2231 1204 2384 1272 quasi
2424 1203 2558 1262 liber
2592 1225 2612 1264 :
2656 1221 2704 1266 et
2750 1220 3078 1289 corruptione
3129 1195 3470 1300 dissipabitur

1869 1294 2007 1340 terra
2052 1289 2239 1361 (Apoc.
2270 1309 2345 1362 vi,
2380 1297 2473 1368 14)
2506 1317 2520 1355 :
2570 1303 2650 1358 sic
2697 1305 2749 1360 in
2785 1308 2955 1384 826
2998 1289 3270 1374 omnibus
3287 1325 3464 1392 novis,

1867 1392 2042 1435 novus
2085 1382 2179 1439 tiet
2207 1392 2265 1440 et
2292 1389 2522 1459 populus
2557 1394 2677 1461 Dei,
2724 1382 2940 1457 dicente
2982 1404 3310 1478 Scriptura:
3370 1382 3468 1471 γεέ

1865 1480 1975 1528 tera
2023 1482 2386 1536 transierunt:
2415 1501 2531 1540 ecce
2560 1490 2702 1559 facta
2731 1503 2852 1549 sunt
2904 1501 3077 1556 omnia
3122 1519 3256 1561 nova
3300 1505 3463 1581 (Isai.

1864 1582 2016 1632 xutt,
2050 1569 2162 1643 19).
2197 1573 2262 1628 Et
2293 1575 2346 1631 in
2374 1576 2487 1634 alio
2529 1580 2688 1639 loco:
2732 1586 2795 1643 Si
2838 1607 2943 1662 qua
2983 1593 3038 1647 in
3085 1569 3467 1661 Christo‘nova

1861 1669 2105 1717 creatura
2130 1663 2344 1736 (llCor.
2387 1685 2439 1740 v,
2476 1672 2587 1746 17).
2619 1675 2850 1750 Eritque
2890 1693 2947 1740 et
2986 1691 3220 1759 populus
3250 1710 3459 1765 novus;

1863 1754 2120 1822 primitiae
2146 1759 2292 1817 enim
2324 1762 2597 1830 Christus.
2638 1771 2839 1832 deinde
2866 1778 2960 1849 qui
2984 1754 3113 1839 sunt
3143 1782 3377 1859 Christi,

2587 1826 2596 1830 τ
2711 1826 2837 1832 ’ἠέ-ν
2871 1826 2960 1849 τι·-
2984 1826 3113 1839 -σ--ιυ
3145 1826 3350 1846 uua-au
3407 1826 3462 1850 ιιι

145 1826 351 1897 quibus
382 1830 683 1901 Apostolus
710 1833 936 1890 scribit:
968 1835 1049 1890 An
1080 1838 1334 1911 ignoratis
1358 1842 1481 1911 quia
1508 1844 1757 1915 templum
1790 1855 1837 1916 Β
1862 1846 2099 1906 adventu
2128 1853 2248 1922 ejus
2282 1873 2295 1912 :
2323 1858 2639 1934 coelumque
2681 1874 2739 1922 et
2776 1876 2922 1926 terra
2947 1887 3111 1944 nova,
3144 1877 3216 1935 de
3261 1833 3462 1952 quiijug

159 1918 251 1952 1)ιὶ
275 1921 395 1952 an)...
453 1932 503 1952 ΑΙ
534 1922 757 1952 Ωαλζ-ΣΙ..-
789 1935 998 1952 -......s-.-
1044 1927 1238 1952 L..L:a._.
1271 1932 1314 1952 3..
1373 1933 1453 1952 -.-ι
1476 1935 1507 1952 α.
1543 1935 1585 1952 II
1638 1935 1676 1952 η
1862 1938 1875 1950 ο
1926 1948 1935 1952 _
2116 1950 2121 1952 Α
2196 1943 2210 1952 .
2332 1947 2344 1952 -
2433 1949 2462 1952 μ

148 1918 251 1974 Dei
272 1921 415 1989 estis,
451 1932 503 1978 et
528 1922 757 1995 Spiritus
784 1935 998 1982 sanctus
1038 1927 1239 1985 habitat
1265 1932 1317 1985 in
1371 1933 1513 1989 vobis
1539 1935 1585 2006 (l
1633 1935 1755 1992 Cor.

142 2026 228 2079 ιιι,
262 2011 395 2084 i6)?
427 2011 496 2068 Et
511 2032 793 2084 assumant,
821 2018 1016 2089 inquit,
1048 2038 1112 2075 ea:
1133 2022 1206 2076 eis
1226 2025 1516 2081 sacerdotes
1568 2036 1617 2081 et
1659 2026 1760 2083 Le-

143 2104 300 2171 vitas,
329 2104 458 2159 dicit
491 2103 779 2163 Dominus:
810 2117 868 2164 ut
905 2111 997 2180 qui
1023 2111 1216 2168 salvati
1237 2112 1468 2183 fuerint,
1499 2117 1757 2187 gentibus

159 2196 546 2266 praedicarent.
583 2199 659 2256 De
681 2200 879 2271 quibus
937 2219 1076 2261 unus
1127 2204 1493 2278 loquebatur:
1544 2210 1635 2266 Sic
1662 2229 1757 2268 nos

154 2296 357 2358 reputet
382 2287 537 2344 honto
557 2294 707 2361 quasi
730 2293 997 2349 ministros
1018 2294 1232 2363 Christi,
1262 2306 1311 2351 et
1368 2300 1756 2369 dispensatores

141 2380 508 2450 mysteriorum
538 2380 635 2436 Dei
667 2382 707 2455 (Ι
737 2381 859 2439 Cor.
887 2401 958 2451 iv,
992 2387 1068 2458 i).
1106 2389 1169 2443 Et
1196 2388 1370 2445 Lucas
1385 2393 1748 2462 evangelista:

147 2472 303 2528 Sicut
324 2473 679 2538 tradiderunt,
709 2478 904 2547 inquit,
939 2479 1105 2546 nobis,
1134 2482 1225 2551 qui
1249 2499 1282 2536 a
1306 2483 1472 2558 825
1495 2486 1752 2557 principio

142 2565 385 2619 uiderunt
407 2573 455 2619 et
481 2565 708 2621 ministri
736 2572 949 2638 fuerunt
961 2573 1233 2629 sermonis.
1269 2574 1342 2630 De
1364 2577 1559 2644 quibus
1583 2587 1640 2633 et
1660 2594 1753 2635 su-

138 2671 237 2727 pra
272 2658 536 2730 legimus:
573 2658 674 2716 Vos
698 2663 840 2718 eritis
866 2663 992 2719 mihi
1022 2668 1311 2723 sacerdotes
1348 2669 1746 2744 Domini(Isai.

138 2768 252 2821 ut,
278 2752 362 2825 6).
394 2752 685 2823 Quomodo
715 2759 859 2813 enim
908 2758 962 2813 in
995 2760 1317 2817 abscondito
1364 2764 1589 2821 Judaaus
1637 2776 1745 2835 est,

136 2846 230 2916 qui
265 2845 462 2916 spiritu
493 2847 906 2906 circumciditur
934 2850 1116 2925 (Rom.
1150 2854 1235 2926 ιι),
1268 2856 1458 2928 dequo
1484 2860 1744 2930 scriptum

136 2948 226 2996 est
252 2958 263 2994 :
296 2939 414 2996 Nos
442 2958 620 2997 sumus
644 2942 1006 3014 Circumcisio,
1036 2949 1126 3019 qui
1148 2950 1339 3021 spiritu
1370 2949 1480 3005 ι)ίο
1500 2954 1745 3010 servimus

137 3030 410 3104 (Philipp.
446 3049 524 3099 ιιι,
572 3033 653 3106 ’5),
704 3045 760 3092 et
810 3035 1090 3094 oderimus
1132 3039 1443 3110 spirituales
1495 3044 1745 3103 victimas

136 3123 425 3196 placentes
449 3124 583 3193 Deo,
620 3126 1017 3199 psallimusque
1041 3129 1236 3200 spiritu
1264 3141 1320 3188 et
1347 3147 1546 3189 sensu:
1589 3136 1669 3192 sic
1689 3147 1744 3193 et

134 3215 459 3273 sacerdotes
485 3227 541 3271 et
567 3216 776 3298 Levita;
816 3218 869 3273 in
921 3219 1246 3277 abscondito
1285 3234 1437 3289 sunt,
1485 3227 1577 3297 qui
1635 3242 1742 3283 non
1770 3230 1817 3294 C
1851 3215 2402 3314 mensis-spiritualis,

135 3310 338 3366 seriem
366 3310 586 3381 generis
635 3322 966 3382 sequuntur,
995 3316 1092 3369 sed
1139 3316 1385 3372 ordinem
1440 3317 1590 3374 ﬁdei.
1643 3321 1743 3377 Vel

137 3416 294 3462 certe
337 3421 444 3461 non
476 3405 697 3463 dicitde
729 3410 1007 3480 Apostolis
1034 3420 1087 3467 et
1118 3414 1439 3483 apostolicis
1469 3416 1620 3486 viris,
1651 3420 1741 3489 qui

135 3499 417 3569 principes
439 3497 659 3555 fuerunt
681 3500 944 3558 Ecclesiae
969 3520 1036 3559 ex
1061 3507 1262 3578 populo
1281 3507 1613 3576 .ludznorum,
1644 3513 1743 3570 sed

132 3591 208 3647 de
228 3590 568 3648 enumeratis
587 3608 747 3663 supra
771 3595 1047 3666 gentibus,
1078 3597 1149 3654 de
1171 3598 1328 3666 mari,
1351 3599 1420 3656 de
1440 3600 1649 3671 Africa,
1672 3604 1742 3662 de

136 3683 337 3758 Libya,
367 3684 436 3741 de
465 3684 833 3756 Cappadocia,
855 3687 925 3744 de
951 3687 1124 3757 Italia,
1164 3690 1234 3747 de
1258 3690 1491 3760 Grmcia,
1527 3693 1596 3750 de
1610 3710 1741 3752 cun-

132 3775 238 3834 ctis
257 3776 481 3842 insulis,
504 3791 733 3849 quarum
766 3777 1103 3838 habitatores
1135 3782 1370 3852 primum
1401 3802 1507 3841 non
1547 3789 1737 3846 audie-

130 3878 258 3926 rant
284 3869 598 3938 Dominum,
624 3885 728 3927 nec
757 3871 1005 3928 viderant
1032 3873 1260 3945 gloriam
1292 3876 1432 3948 ejus,
1466 3889 1520 3935 et
1547 3890 1737 3952 postea

128 3972 419 4020 vertentur
442 3962 497 4019 in
518 3963 833 4020 sacerdotes
856 4010 870 4034 ,
918 3975 978 4021 ut
1010 3967 1102 4039 qui
1156 3968 1371 4025 fuerant
1402 3972 1595 4039 cauda,
1628 3975 1740 4030 sint

126 4066 403 4128 caput,'et
426 4056 516 4125 qui
547 4064 731 4127 caput,
762 4066 1047 4114 vertantur
1076 4060 1127 4114 in
1162 4059 1414 4117 caudam.

202 4148 391 4220 (Vers.
421 4147 517 4214 εει,
556 4147 678 4220 25.)
720 4150 857 4218 Quia
894 4151 1028 4206 sicut
1058 4151 1173 4207 casti
1201 4155 1318 4208 novi
1337 4164 1386 4210 et
1410 4165 1550 4211 terra
1580 4174 1734 4227 nova,

126 4257 246 4312 qtae
270 4258 368 4314 ego
396 4242 535 4314 facio
556 4252 696 4299 stare
721 4260 898 4300 coram
924 4262 1024 4312 me,
1051 4246 1178 4300 dicit
1210 4246 1466 4304 Dominus
1489 4267 1508 4306 :
1534 4252 1612 4306 sic
1629 4262 1738 4308 sta-

128 4334 207 4389 bit
232 4350 409 4391 semen
436 4343 684 4401 vestrum,
716 4347 763 4391 et
803 4353 988 4393 nomen
1016 4347 1260 4394 vestrum.
1302 4337 1374 4395 Et
1400 4342 1499 4395 erit
1544 4345 1736 4402 mensis

126 4448 196 4486 ea:
222 4446 416 4497 mense,
448 4439 499 4485 et
519 4430 791 4486 sabbatum
819 4449 883 4487 ea:
912 4433 1126 4489 sabbato
1152 4451 1169 4488 :
1202 4435 1366 4490 veniet
1400 4437 1566 4491 omnis
1587 4454 1731 4504 caro,

128 4532 187 4578 ut
212 4524 399 4578 adoret
446 4532 662 4579 coramﬂ
710 4525 844 4596 facie
882 4542 1019 4593 mea,
1052 4527 1178 4582 dicit
1217 4525 1496 4585 Dominus.
1545 4529 1728 4586 LXX:

1860 1938 2005 1995 inter
2037 1950 2165 1999 octo
2195 1943 2569 2009 beatitudines
2600 1954 2803 2014 dicitur
2831 1977 2845 2015 :
2876 1960 3028 2019 Beati
3067 1938 3321 2043 pauperes
3348 1938 3459 2046 s‘p—i:

1856 2034 1982 2102 ritu,
2025 2039 2272 2107 quoniam
2315 2042 2555 2111 ipsorum
2604 2058 2679 2104 est
2727 2068 2945 2126 regnum
2994 2034 3263 2118 cartorum.
3309 2034 3460 2124 Beati

1856 2124 2026 2194 mites,
2051 2129 2301 2197 quoniam
2326 2131 2429 2205 ipsi
2457 2124 2801 2208 possidebunt
2837 2154 3025 2203 (errant
3055 2150 3272 2223 (Matth.
3315 2172 3370 2226 v,
3399 2160 3455 2227 3,

1854 2214 1938 2285 ι).
1970 2214 2253 2289 Siquidem
2298 2226 2479 2283 omnis
2506 2240 2761 2288 creatura
2804 2251 2950 2294 nunc
2979 2214 3226 2314 subjecta
3251 2256 3338 2303 est
3356 2214 3458 2305 'vil

1855 2306 2012 2364 nitati
2050 2310 2105 2365 in
2135 2326 2257 2383 spe,
2294 2330 2521 2387 propter
2549 2337 2673 2379 eum
2703 2327 2795 2397 qui
2825 2306 3225 2402 subjecit'eam
3270 2340 3451 2414 (Rom.

1855 2400 1993 2471 vni).
2039 2402 2448 2467 Liberabuntur
2488 2425 2674 2473 autem
2721 2435 2750 2475 a
2782 2400 3049 2484 servitute
3085 2400 3455 2505 corruptionis

1853 2492 1907 2547 in
1938 2493 2114 2565 gloria
2144 2497 2380 2560 ﬁliorum
2417 2505 2540 2577 Dei,
2590 2511 2680 2581 qui
2730 2512 2864 2571 ﬁent
2902 2516 2971 2575 de
3012 2492 3329 2583 hominist
3360 2492 3456 2586 ﬁlii

1853 2586 1993 2656 ejus,
2039 2600 2095 2647 et
2130 2594 2354 2653 stabunt
2390 2599 2445 2654 in
2492 2616 2790 2677 conspectu
2821 2610 2970 2668 illius
2998 2628 3240 2688 semper,
3269 2631 3324 2677 et
3354 2638 3455 2679 no-

1850 2696 1974 2738 men
2002 2699 2191 2744 eorum
2212 2689 2419 2763 jugiter
2445 2702 2809 2768 permanebit,
2843 2714 2901 2761 ut
2941 2722 3285 2783 nequaquam
3332 2716 3446 2774 illis

1849 2785 1984 2842 gens
2014 2779 2276 2836 succedat
2304 2783 2434 2852 alia,
2466 2788 2609 2857 quod
2636 2789 2840 2848 factum
2869 2805 2957 2852 est
2986 2779 3043 2854 in
3067 2779 3309 2872 ludatis;
3349 2807 3447 2865 sed

1849 2879 2119 2925 maneant
2156 2872 2210 2928 in
2265 2884 2552 2936 aeternum.
2609 2881 2678 2938 Et
2725 2887 2844 2955 erit,
2895 2887 3094 2963 inquit,
3151 2899 3337 2954 mensis
3385 2916 3451 2956 ea:

1850 2973 2039 3028 mense,
2071 2972 2122 3018 et
2146 2965 2413 3025 sabbatum
2438 2988 2503 3027 ea:
2531 2975 2744 3033 sabbata
2774 2995 2792 3033 :
2820 2989 2880 3035 ut
2908 2981 2977 3039 de
2992 2987 3301 3046 carnalibus
3325 2993 3452 3049 sab—

1849 3048 2010 3119 batis,
2062 3060 2451 3133 mensibusque
2492 3066 2627 3123 tiant
2676 3072 2979 3141 spiritualia
3024 3080 3249 3140 sabbata
3309 3085 3449 3144 deli-

1846 3152 1992 3214 cata,
2042 3151 2133 3219 qui
2181 3153 2550 3215 sabbatismus
2600 3162 2697 3219 Dei
2745 3169 2950 3239 popqu
2997 3186 3329 3236 reservatur.
3382 3183 3451 3241 Et

2435 3252 2655 3321 quando
2693 3271 2724 3311 a
2755 3271 2958 3329 puncto
2999 3280 3170 3337 usque
3197 3269 3264 3326 ad
3305 3288 3445 3343 pun-

1848 3336 1997 3384 ctum
2053 3331 2177 3388 luna
2227 3339 2617 3412 complebitur,
2652 3357 2710 3402 et
2747 3363 2849 3404 suo
2887 3331 3095 3412 curret-
3121 3331 3330 3430 ordine,
3386 3374 3445 3422 ut

1847 3418 2049 3477 efticiat
2088 3440 2357 3498 mensem,
2392 3431 2447 3488 id
2479 3445 2586 3506 est,
2633 3436 2916 3511 kalendas,
2955 3461 3078 3517 quae
3122 3418 3445 3527 ϐιαιοεέρλ

1842 3514 2123 3585 pellantur
2136 3526 2418 3596 νιομηνίαι.
2450 3527 2554 3585 hoc
2585 3543 2692 3599 est,
2726 3538 2935 3594 mensis
2956 3542 3086 3597 novi
3110 3545 3396 3606 exordium
3423 3590 3437 3606 .

1844 3609 1987 3678 apud
2019 3628 2155 3682 quos
2185 3616 2400 3674 initium
2428 3620 2805 3693 kalendarum,
2833 3645 2940 3688 non
2966 3631 3127 3704 juxta
3157 3638 3291 3696 solis
3319 3655 3443 3698 cur-

1844 3714 1987 3767 sum,
2032 3714 2086 3759 et
2129 3705 2346 3766 diversa
2394 3715 2664 3774 mensium
2703 3722 2902 3792 spatia,
2954 3726 3051 3783 sed
3087 3728 3252 3799 juxta
3296 3732 3440 3791 luna:

1843 3793 2131 3852 circuitum
2168 3801 2356 3872 incipit
2382 3815 2439 3861 et
2465 3806 2667 3865 ﬁnitur.
2704 3812 2832 3870 l-lmc
2855 3826 2940 3872 est
2966 3793 3115 3888 luna,
3148 3821 3219 3879 de
3247 3840 3353 3895 qua
3383 3826 3438 3884 in

1842 3882 2006 3942 laude
2044 3890 2159 3945 veri
2199 3893 2509 3954 Salomonis
2550 3900 2753 3960 dicitur
2785 3923 2800 3960 :
2849 3906 2921 3963 Et
2964 3882 3282 3980 permanebit
3320 3936 3439 3979 cum

1840 3977 1953 4033 sole
1970 3991 2022 4036 et
2042 3993 2162 4040 ante
2187 3985 2367 4045 lunam
2389 3991 2443 4047 in
2465 4000 2823 4067 generationes
2846 3977 3234 4076 generationum
3259 4010 3435 4083 (Psal.

1842 4089 1987 4175 Last,
2032 4075 2113 4149 5).
2161 4079 2298 4150 Qua:
2346 4085 2400 4141 in
2448 4086 2675 4148 Cantico
2729 4075 3080 4156 Canticorum
3130 4075 3440 4175 appellatur

1840 4165 2013 4274 electa
2048 4186 2062 4224 :
2097 4170 2229 4238 Quae
2256 4187 2329 4232 est
2359 4180 2470 4236 htec
2498 4200 2618 4254 qua:
2659 4190 2910 4258 processit
2938 4195 3090 4261 quasi
3119 4165 3431 4274 diluculum,

1840 4257 2063 4326 pulchra
2091 4274 2146 4319 ut
2176 4267 2325 4338 (una,
2359 4282 2409 4327 et
2437 4272 2595 4328 electa
2624 4257 2679 4331 ut
2707 4280 2787 4335 sol
2811 4257 3132 4343 admirabilis
3156 4289 3334 4363 (Cant.
3356 4257 3434 4366 Vl:

1838 4349 1938 4423 9)?
1966 4357 2137 4412 Aiunt
2160 4358 2404 4433 Pbysici,
2437 4374 2493 4422 et
2523 4383 2752 4438 quorum
2785 4387 2931 4432 cura:
2960 4388 3047 4435 est
3085 4349 3438 4444 de‘cmlesti:

1836 4441 1940 4498 bus
1982 4446 2286 4520 disputare,
2318 4453 2503 4512 lunam
2537 4474 2648 4516 non
2683 4462 2884 4522 habere
2911 4473 3190 4542 proprium
3222 4441 3436 4547 lumen,

1837 4537 1932 4591 sed
1967 4540 2101 4596 solis
2127 4543 2301 4602 radiis
2333 4546 2618 4609 illustrari.
2654 4556 2739 4613 Ab
2765 4574 2827 4613 ea
2860 4537 3008 4618 enim
3040 4580 3261 4639 semper
3286 4574 3437 4631 orbis

2868 4614 3008 4618 """'
3040 4614 3251 4639 —""r“.
3288 4614 3433 4631 υΙυΙσ

130 4616 284 4672 Sicut
310 4615 449 4669 enim
476 4614 662 4671 ctutum
689 4631 878 4672 norum
903 4627 952 4673 et
978 4628 1117 4675 terra
1142 4616 1297 4690 naua,
1334 4637 1452 4692 qute
1479 4639 1574 4695 ego
1597 4624 1734 4695 facio
1759 4622 1816 4684 D
1843 4641 1996 4700 parte
2042 4636 2350 4708 completur
2376 4651 2434 4698 et
2473 4645 2661 4717 fulget,
2710 4665 2742 4705 ιι
2769 4668 2873 4724 (μω
2919 4657 3021 4713 soli
3066 4661 3299 4722 νεοίηίοι.
3325 4677 3433 4736 εει,

130 4720 433 4736 annon-tl...“
456 4705 509 4736 ἴω
539 4715 809 4736 ρΛ-..Αιιηιιι
850 4725 961 4736 ..ι-ι.
1021 4710 1145 4736 ΑεΑ.
1183 4709 1431 4736 n-....‘..-.-
1470 4729 1482 4736 .
1516 4712 1586 4736 ,ες
1631 4725 1704 4736 -.μ
2068 4727 2082 4736 ι

128 4720 433 4777 permanere
456 4705 510 4759 in
536 4715 810 4779 conspectu
850 4725 984 4777 meo,
1016 4710 1145 4765 dicit
1173 4709 1431 4768 Dominus
1462 4729 1482 4767 :
1511 4712 1587 4768 sic
1622 4725 1731 4770 sta-

128 4800 202 4855 bit
229 4816 405 4856 semen
424 4810 648 4855 uestrum
667 4811 720 4857 et
742 4819 927 4859 nomen
959 4814 1202 4860 vestrum.
1230 4806 1299 4862 Et
1319 4809 1427 4863 erit
1445 4811 1637 4867 mensis
1666 4828 1731 4866 ea:

127 4906 324 4959 mense,
371 4898 421 4945 et
452 4892 718 4948 sabbatum
746 4911 813 4950 ea:
840 4895 1055 4951 sabbato
1078 4913 1097 4952 :
1127 4898 1294 4953 veniet
1320 4901 1490 4956 omnis
1518 4918 1643 4957 caro
1674 4913 1733 4959 ut

126 4985 313 5040 adoret
361 4982 419 5038 in
477 4996 755 5055 conspectu
820 5004 933 5043 meo
980 4989 1037 5043 in
1081 4987 1373 5045 Jerusalem
1425 4991 1723 5052 Dominunt.

127 5078 361 5147 Quando
386 5079 525 5138 dicit
551 5096 567 5136 :
601 5064 876 5135 Assumam
895 5094 961 5135 ea:
999 5080 1070 5135 eis
1103 5079 1158 5135 in
1185 5082 1476 5139 sacerdotes
1516 5094 1565 5138 et
1601 5085 1728 5141 leri-

130 5186 256 5243 tas,
309 5176 558 5234 ostendit
607 5186 762 5233 vetus
826 5176 1199 5233 sacerdotium
1266 5180 1723 5248 praetermissum,

128 5266 277 5338 quod
307 5268 475 5326 tribui
494 5267 758 5326 Leviticae
778 5268 1106 5339 debebatur,
1131 5269 1223 5324 ubi
1255 5285 1365 5326 non
1396 5278 1485 5327 est
1508 5272 1725 5340 electio,

127 5362 224 5416 sed
256 5361 397 5417 ordo
427 5372 656 5429 naturre,
690 5371 747 5418 et
775 5362 949 5419 series
976 5371 1062 5419 est
1085 5363 1307 5420 familias
1348 5380 1450 5434 per
1475 5375 1725 5437 posteros

128 5452 493 5511 descendens.
527 5454 818 5512 Translato
844 5455 990 5512 enim
1019 5455 1329 5513 sacerdotio
1360 5472 1589 5515 necesse
1616 5470 1720 5526 est,

129 5551 270 5600 utet
312 5543 477 5615 Legis
507 5547 796 5604 translatio
827 5546 942 5615 ﬂat,
990 5556 1046 5604 et
1083 5546 1282 5604 electio
1317 5547 1383 5605 ad
1420 5563 1520 5606 eos
1550 5551 1724 5621 perti-

204 5745 462 5806 ‘Vocem
509 5767 644 5835 mea,
695 5767 818 5839 quas
845 5762 921 5835 _et
968 5754 1020 5839 in
1068 5751 1305 5839 Hebraeo
1334 5764 1556 5839 resonat
1597 5732 1736 5839 93.2.)",

125 5816 322 5877 deerat
372 5836 505 5877 vero
575 5823 629 5879 in
700 5822 1001 5882 Martiananl
1060 5823 1329 5897 editione,
1384 5816 1739 5885 Ambrosiani

1833 4739 1938 4781 nec
1970 4727 2164 4785 umbra
2201 4737 2368 4788 teme
2400 4737 2731 4799 obscuratur
2767 4762 2782 4801 :
2829 4750 2973 4820 quod
3006 4760 3061 4808 et
3112 4766 3271 4826 poeta
3320 4727 3429 4818 uno

1833 4819 2107 4879 versiculo
2131 4822 2535 4887 demonstravit
2565 4832 2786 4910 (Virgil.
2814 4838 3076 4919 tGeorg.)
3106 4819 3119 4902 ξ

2047 4959 2154 5013 Nec
2173 4961 2343 5017 fratris
2360 4966 2513 5021 radiis
2535 4970 2750 5025 obnoxia
2773 4988 2991 5043 surgere
3008 4979 3145 5034 luna.

1907 5086 1964 5142 Si
1994 5085 2102 5144 hoc
2132 5104 2320 5147 verum
2370 5102 2481 5164 est,
2529 5105 2587 5153 et
2624 5113 2727 5155 nos
2758 5105 3099 5180 tropologice
3139 5125 3433 5182 possumus

1829 5178 2036 5251 dicere,
2073 5183 2375 5243 Ecclesiam
2406 5203 2531 5259 qua:
2554 5204 2689 5262 pace
2713 5202 2772 5250 et
2801 5178 3283 5267 persecutionibus
3308 5224 3430 5267 cre-

1827 5271 1932 5330 scit
1959 5283 2125 5347 atque
2151 5276 2444 5345 decrescit,
2487 5290 2544 5337 et
2583 5298 2850 5356 oppressa
2879 5292 3242 5351 tentationnm
3274 5305 3430 5356 tene-

1825 5364 1943 5421 bris
1967 5382 2186 5424 rursum
2214 5368 2507 5441 pristinum
2534 5373 2721 5433 lumen
2741 5379 2908 5452 827
2942 5387 3195 5451 assumit,
3225 5387 3429 5446 habere

1825 5457 2173 5529 splendorem
2213 5478 2243 5517 a
2286 5465 2406 5521 sole
2430 5465 2680 5538 justitim,
2715 5473 2910 5529 ethoc
2951 5490 3073 5533 esse
3112 5479 3259 5547 quod
3291 5480 3427 5537 dici-

1828 5557 1916 5605 tur
1948 5568 1963 5606 :
1992 5550 2294 5622 Splendebit
2324 5555 2450 5611 luna
2474 5560 2628 5629 quasi
2650 5559 2733 5616 sol
2758 5560 2916 5634 (Isai.
2942 5581 3073 5636 xxx,
3102 5566 3229 5641 26);
3264 5569 3421 5629 habi-

1843 5756 2002 5815 codd.
2024 5773 2149 5815 cum
2186 5759 2428 5818 Victorio
2450 5765 2723 5837 supplent.
