3972 6320
543 229 648 284 675

1793 207 1851 264 S.
1895 201 2165 266 EUSEBII
2207 199 2587 260 lllERONYMl

3746 187 3844 244 6'36

543 355 859 414 tutoresque
889 340 1012 410 ejus
1038 336 1220 402 justos
1250 329 1458 400 fulgere
1487 325 1641 400 quasi
1683 323 1854 380 solem
1889 323 1940 376 in
1975 336 2144 391 regno
2173 325 2220 384 Α
2252 335 2438 374 nomen
2475 327 2644 382 tuum,
2681 313 2903 367 Domine
2947 307 3121 382 (Psal.
3153 321 3350 368 Lxxxv,
3383 303 3464 377 9).
3501 303 3748 360 Menscm
3779 321 3844 358 ex

545 437 717 508 patris
743 412 850 490 sui.
885 432 950 484 Et
994 442 1092 498 per
1117 427 1219 480 bos
1247 437 1464 478 menses
1494 435 1679 474 semen
1713 416 1956 476 Domini,
2003 412 2146 484 quod

543 530 906 584 instauratum
935 531 1020 575 est
1049 519 1104 572 in
1137 525 1426 578 arternum,
1456 513 1643 568 venire
1673 510 1738 564 ad
1777 507 2149 563 solemnitates

547 634 691 680 suas,
726 631 865 688 quas
895 623 1119 668 sanctus
1167 608 1406 680 mystico
1435 621 1532 662 ore
1559 603 1876 664 resonabat,
1911 601 2101 658 dicens
2133 617 2145 652 :

547 713 726 767 Annos
771 719 992 763 aeternos
1051 707 1103 758 in
1153 711 1318 756 mente
1359 699 1552 762 habui,
1609 709 1656 752 et
1709 695 1984 752 meditatus
2037 709 2150 746 sum

544 803 722 876 (Psal.
753 817 936 866 Lxth,
967 798 1045 871 6).
1077 799 1156 852 De
1189 795 1418 851 sabbato
1449 802 1654 858 autem,
1701 788 1844 860 quod
1879 786 2152 857 signiﬁcat

548 897 820 968 requiem,
857 894 1023 964 pleno
1053 905 1306 946 sermone
1349 887 1704 942 tractavimus
1736 882 1838 952 (Ad
1870 897 1984 952 cap.
2017 877 2148 948 με),

547 993 603 1049 in
631 991 1007 1046 cunuchorum
1052 986 1382 1041 advenarum
1413 977 1722 1050 proliheti-t.
1753 975 1824 1031 Et
1853 989 1992 1030 nunc
2029 973 2154 1027 hie-

550 1082 692 1140 viter
716 1090 802 1138 est
843 1079 1162 1144 dicendum,
1207 1091 1304 1130 cos
1335 1073 1524 1130 venire
1571 1071 1625 1126 in
1657 1069 1958 1125 neomeniis
2004 1075 2058 1120 et
2099 1067 2152 1118 in

553 1176 822 1242 sabbatis,
851 1174 942 1244 qui
975 1188 1068 1228 sex
1101 1169 1296 1228 diebus
1326 1168 1379 1222 in
1409 1165 1607 1236 quibus
1648 1165 1824 1219 lactus
1870 1170 1952 1217 est
1995 1176 2152 1215 utun-

551 1269 677 1332 dus,
707 1264 1042 1323 transcensis
1069 1274 1235 1336 atque
1261 1260 1572 1332 prmteritis.
1600 1255 1866 1312 festinant
1892 1252 1959 1307 ad
1987 1252 2157 1324 septi.

559 1378 712 1420 mum
741 1361 908 1425 diem,
961 1358 1014 1414 id
1047 1368 1155 1425 est,
1208 1355 1516 1416 sabbatum,
1563 1351 1616 1406 in
1649 1365 1756 1422 quo
1784 1363 1909 1404 vera
1947 1355 2030 1401 est
2071 1360 2158 1400 re-

552 1460 733 1531 quies.
755 1457 829 1512 De
847 1457 931 1512 bis
950 1453 1396 1511 solemnitatibus
1414 1449 1703 1505 credentes
1720 1447 1916 1501 Paulus
1937 1455 2158 1512 aposto-

553 1551 641 1607 lus
684 1551 1014 1617 instruebat,
1066 1547 1258 1602 dicens
1295 1541 1330 1599 ε’
1357 1543 1612 1602 Umbram
1657 1541 1790 1596 enim
1839 1536 2030 1591 habens
2075 1535 2159 1588 lea:

559 1647 857 1716 futurorum
899 1642 1151 1696 bonorum
1204 1637 1392 1710 (Hebr.
1429 1653 1482 1704 χ,
1527 1635 1603 1706 1).
1651 1633 1718 1690 Et
1772 1632 1966 1687 iterum
2014 1645 2026 1680 :
2078 1626 2160 1681 Ne

2255 427 2465 472 mense.
2502 419 2554 465 et
2605 407 2889 462 sabbatum
2929 419 2996 458 ex
3040 401 3294 460 sabbato,
3333 399 3382 451 in
3416 398 3626 468 quibus
3677 403 3848 450 veniet

2254 505 2433 560 omnis
2459 516 2613 566 caro,
2648 507 2709 552 ut
2735 497 2928 552 adoret
2961 495 3155 557 Deum,
3209 489 3440 545 ridicule
3481 489 3852 554 interpretan-

2255 605 2342 651 tur
2375 595 2669 668 χιλιασταὶ,
2698 604 2836 662 quos
2864 603 2963 643 nos
2989 586 3176 642 dicere
3201 596 3496 654 possumus
3525 579 3848 634 Milliarios:

2255 697 2317 743 ut
2347 691 2438 757 qui
2475 689 2528 741 in
2560 685 2738 740 vicino
2770 689 2917 748 sunt,
2951 679 3098 733 omni
3146 675 3377 731 sabbato
3423 673 3657 726 veniant
3689 671 3742 724 in
3773 670 3852 725 Je-

2257 783 2534 844 ruSaIem;
2568 779 2659 852 qui
2691 773 2933 847 longius,
2969 787 3068 842 per
3100 783 3338 830 menses,
3375 767 3428 821 id
3457 775 3566 828 est,
3591 761 3854 818 kalenda-

2255 890 2375 928 rum
2411 873 2546 926 orbe
2594 867 2898 938 completo,
2947 864 3039 935 qui
3087 861 3248 917 valde
3283 857 3502 930 procul,
3541 871 3641 928 per
3691 868 3856 908 annos

2257 965 2528 1034 singulos,
2580 961 2685 1016 hoc
2721 970 2828 1026 est,
2875 957 3069 1012 diebus
3103 953 3328 1009 Pasdue
3359 951 3474 1004 sive
3507 947 3858 1003 Tabernacu—

2257 1065 2460 1127 lorum,
2492 1060 2651 1132 juxta
2683 1055 2815 1112 illud
2849 1055 2992 1126 quod
3023 1053 3074 1106 iu
3101 1049 3370 1105 Zacharia
3395 1047 3641 1102 dicitur:
3677 1043 3860 1096 Asera-

2257 1158 2384 1210 dens
2413 1155 2476 1209 ab
2513 1168 2652 1207 anno
2685 1153 2738 1205 in
2771 1164 2989 1214 annum,
3023 1156 3075 1200 ut
3105 1144 3322 1198 adorent
3371 1141 3666 1195 Dominum
3695 1153 3858 1201 regem

2259 1251 2602 1312 exercituum,
2655 1259 2700 1302 et
2731 1245 2983 1299 celebrent
3026 1241 3356 1312 festivitatem
3382 1234 3862 1291 Tabernaculorum

2263 1341 2446 1417 (Zach.
2491 1357 2606 1406 xlv,
2665 1339 2775 1410 16).
2825 1339 2891 1394 Ει
2935 1347 2995 1392 ιιι
3045 1334 3308 1405 majorem
3356 1332 3529 1386 risum
3581 1329 3862 1398 praebeant

2261 1438 2631 1502 audientibus,
2677 1435 2821 1506 quod
2855 1435 2905 1490 in
2931 1433 3126 1486 ultimo
3156 1428 3404 1500 ejusdem
3455 1425 3746 1496 propheta:
3776 1439 3866 1478 vo-

2263 1533 2468 1586 lumine
2514 1529 2776 1584 scribitur
2827 1546 2838 1580 :
2901 1524 2968 1579 Et
3011 1541 3111 1578 non
3164 1523 3260 1577 erit
3310 1529 3571 1575 mercator
3627 1517 3767 1572 ultra
3817 1518 3866 1569 in

2263 1627 2416 1678 domo
2465 1623 2678 1676 Domini
2727 1620 3045 1675 exercituum
3096 1617 3150 1670 in
3197 1615 3282 1668 die
3329 1613 3446 1678 illo,
3483 1613 3566 1666 sit:
3599 1611 3870 1682 interpre-

564 1739 680 1808 qut’s
708 1753 826 1810 ergo
856 1751 944 1788 vos
966 1733 1170 1808 judicet
1203 1731 1256 1784 in
1300 1731 1435 1796 cibo,
1473 1703 1574 1781 aut
1619 1735 1768 1798 potu,
1813 1733 1902 1778 aut
1933 1724 1986 1776 in
2013 1729 2158 1794 parte
2191 1723 2237 1788 Β
2267 1725 2466 1776 tantur,
2490 1724 2548 1768 ut
2577 1713 2952 1783 negotiatores
2981 1709 3034 1764 in
3060 1709 3212 1762 mille
3238 1705 3397 1760 annis
3425 1719 3552 1759 esse
3577 1703 3866 1764 desistant,

567 1831 672 1885 tliei
705 1830 843 1900 festi,
875 1837 966 1882 aut
1013 1827 1314 1886 nemnenim.
1365 1833 1453 1878 aut
1494 1822 1847 1884 sabbatorum,
1893 1833 2009 1890 qua!
2042 1823 2162 1870 sunt

559 1924 756 1978 umbra:
799 1923 1096 1994 futurorum
1142 1917 1368 1989 (Coloss.
1402 1933 1462 1984 tt,
1507 1915 1619 1986 16).
1652 1914 1710 1970 Si
1743 1920 1921 1966 autem
1961 1909 2078 1964 hare
2109 1911 2164 1962 in

576 2017 766 2072 umbra
801 2014 1104 2068 futurorum
1145 2012 1435 2070 bonorum.
1468 2017 1518 2060 et
1561 2007 1613 2062 in
1663 2005 1899 2076 imagine
1929 2017 2165 2074 pratces-

565 2117 782 2170 serunt,
833 2105 1012 2158 omnis
1043 2103 1128 2156 lex
1165 2099 1523 2170 spiritualiter
1552 2095 1898 2166 intelligenda
1945 2102 2047 2157 est,
2099 2093 2166 2149 de

567 2211 673 2266 qua
707 2195 849 2250 idem
883 2194 1097 2248 dicebat
1127 2191 1426 2262 Apostolus
1457 2207 1469 2242 :
1507 2188 1712 2244 Scimus
1742 2187 1865 2257 quia
1908 2186 1990 2239 lea:
2015 2185 2170 2257 spiri-

569 2293 726 2347 tualis
767 2301 840 2344 est
873 2289 1054 2360 (Rom.
1105 2304 1200 2353 vn,
1242 2285 1355 2356 M),
1408 2283 1563 2353 cujus
1613 2280 1868 2353 mysteria
1910 2289 1964 2335 et
1997 2278 2168 2334 David

567 2401 731 2442 n05se
759 2383 1054 2451 cupiebat:
1103 2379 1296 2434 Revela
1340 2376 1518 2432 Oculos
1545 2392 1703 2442 meos,
1737 2385 1784 2429 et
1832 2371 2170 2427 considerabo

571 2465 838 2532 mitiabilia
865 2477 926 2529 de
964 2476 1073 2544 lege
1117 2483 1205 2526 tua
1253 2469 1427 2542 (Psal.
1475 2485 1662 2534 CXVIII,
1699 2465 1809 2538 18).
1857 2467 1989 2534 Quae
2025 2466 2168 2522 enim

489 2563 502 2579 ⁸
567 2572 842 2637 videntur,
885 2569 1208 2634 temporalia
1251 2576 1376 2620 sunt
1405 2583 1418 2617 :
1449 2579 1571 2636 qua:
1620 2571 1800 2616 autem
1837 2576 1942 2616 non
1984 2559 2174 2615 viden—

570 2676 700 2738 tur,
732 2675 939 2720 aeterna
993 2661 1064 2730 (ll
1105 2661 1226 2714 Cor.
1273 2658 1372 2732 tv).
1421 2658 1496 2711 De
1541 2656 1738 2726 quibus
1778 2655 1956 2710 omnia
2008 2653 2169 2709 celeri

569 2757 941 2830 disputatione
989 2767 1352 2826 percurrere,
1400 2765 1508 2804 non
1552 2759 1634 2804 est
1685 2747 1846 2817 lmjus
1889 2747 2171 2818 temporis.

575 2850 634 2906 Si
664 2849 808 2904 enim
839 2862 942 2902 nec
966 2843 1158 2900 oculos
1191 2842 1342 2910 vidit,
1391 2857 1492 2898 nec
1523 2841 1671 2894 auris
1703 2839 1934 2908 audivit,
1980 2853 2077 2892 nec
2121 2837 2171 2892 in

572 2955 668 2997 cor
696 2940 932 2995 hominis
960 2935 1349 3002 ascenderunt,
1383 2951 1503 3005 qua?
1535 2931 1862 3004 praeparavit
1909 2931 2053 2985 Deus
2094 2930 2172 2985 di-

572 3032 872 3103 ligentibus
904 3047 963 3086 se
996 3031 1042 3098 (Ι
1072 3032 1192 3085 Cor.
1239 3029 1324 3100 tt),
1359 3027 1632 3099 quomodo
1663 3040 1762 3081 nos
1803 3025 1970 3080 totius
2012 3024 2176 3094 Legis

2269 1811 2394 1880 quia
2423 1808 2604 1862 onmia
2641 1819 2934 1862 nascantur
2967 1805 3020 1860 in
3057 1801 3317 1856 omnibus
3365 1799 3525 1868 locis,
3573 1815 3686 1870 quo
3725 1797 3872 1852 scili-

2269 1911 2356 1958 cet
2399 1916 2498 1956 nec
2542 1916 2640 1954 nos
2693 1899 3036 1970 indigeamus
3085 1895 3216 1950 folio
3267 1907 3510 1960 amomo,
3553 1901 3610 1952 et
3655 1893 3866 1966 pi;:ere,

2271 2014 2371 2052 nec
2395 1997 2506 2052 ludi
2537 2011 2564 2049 a
2596 1994 2755 2048 nobis
2786 1993 3066 2064 pulegium
3101 1989 3441 2046 desiderent.

2346 2090 2527 2161 (Vers.
2573 2087 2692 2158 24.)
2727 2085 2795 2140 Et
2827 2085 3182 2160 egredientur,
3241 2090 3287 2135 et
3317 2080 3566 2135 videbunt
3621 2077 3870 2132 cadarera

2273 2185 2501 2238 virorum
2533 2183 2621 2252 qui
2663 2181 2993 2252 prerem-irati
3036 2185 3154 2232 sunt
3200 2177 3253 2230 in
3299 2191 3402 2228 me.
3447 2172 3652 2226 Vermis
3697 2187 3871 2226 eorum

2275 2295 2376 2330 non
2425 2276 2698 2340 morietur,
2756 2283 2804 2326 et
2845 2273 2978 2344 ignis
3011 2286 3188 2324 eorum
3224 2285 3324 2322 non
3371 2268 3755 2338 exstinguetur.
3811 2263 3871 2316 Et

2274 2379 2425 2425 erunt
2458 2384 2619 2438 usque
2648 2367 2715 2420 ad
2745 2365 3032 2420 satietatem
3061 2363 3283 2418 visionis
3313 2361 3456 2414 omni
3485 2360 3650 2416 carni.
3679 2367 3704 2394 δ
3733 2355 3872 2412 LXX

2276 2462 2554 2518 similiter.
2587 2458 2777 2514 Omnis
2822 2473 2949 2514 caro
2997 2473 3120 2528 qua:
3165 2456 3462 2510 adoratura
3514 2464 3599 2506 est
3651 2452 3701 2506 ia
3744 2465 3872 2504 con-

2275 2565 2461 2626 spectu
2515 2553 2754 2619 Domini,
2805 2552 2888 2606 vel
2938 2553 2990 2606 itt
3043 2550 3350 2608 JeruSalem
3403 2547 3644 2614 Caelesti,
3693 2545 3775 2600 vel
3823 2545 3870 2598 in

2278 2649 2430 2706 omni
2464 2650 2582 2704 loco
2615 2648 2669 2702 in
2700 2661 2810 2720 quo
2837 2647 3094 2702 levantur
3123 2643 3342 2700 munda:
3373 2657 3590 2710 matuts,
3632 2638 3874 2710 egredie-

2278 2755 2386 2812 tur,
2417 2751 2475 2798 ut
2519 2741 2698 2798 videat
2744 2741 3007 2796 cadavera
3050 2738 3334 2800 hominum
3373 2747 3745 2798 mortuorum,
3787 2730 3870 2814 qui

2281 2837 2615 2910 prmvaricati
2651 2835 2851 2892 fuerint
2898 2834 2954 2890 in
3008 2835 3196 2890 Deum.
3249 2831 3407 2898 Quod
3439 2831 3523 2890 vel
3558 2831 3624 2894 de
3672 2827 3868 2883 Judaeis

2281 2933 2513 2998 intelligi
2553 2936 2756 3002 potest,
2788 2929 2854 2983 de
2888 2927 3090 2998 quibus
3115 2925 3320 2984 dictum
3352 2935 3435 2980 est
3477 2941 3488 2978 :
3525 2921 3697 2978 Filios
3725 2919 3868 2994 genui

2281 3037 2328 3080 et
2379 3023 2604 3080 exaltari
2649 3041 2667 3078 :
2717 3023 2818 3091 ipsi.
2875 3031 3048 3080 autem
3105 3036 3182 3080 nte
3237 3026 3548 3086 sprererunt
3602 3034 3620 3070 :
3675 3016 3756 3070 vel
3811 3015 3872 3069 de

573 3124 729 3193 quasi
782 3121 1022 3186 universi
1053 3120 1200 3176 orbis
1230 3119 1654 3188 descriptionem
1689 3117 1740 3171 in
1783 3116 1930 3172 brevi
1974 3115 2166 3169 tabella
2197 3116 2242 3180 C
2272 3117 2440 3190 829
2480 3114 2732 3174 omnibus
2775 3115 2862 3184 qui
2907 3113 3167 3172 habentes
3203 3111 3451 3172 notitiam
3487 3110 3582 3164 Dei
3614 3109 3668 3166 in
3701 3106 3872 3164 cordi-

573 3231 839 3271 conamur
903 3213 1230 3270 ostendere?
1295 3211 1560 3282 Quodque
1613 3210 1859 3280 sequitur
1911 3227 1921 3261 :
1987 3207 2170 3262 Veniet

575 3311 740 3364 oumis
766 3325 910 3372 caro,
953 3319 1008 3360 ut
1049 3309 1229 3362 adoret
1256 3307 1310 3359 in
1342 3313 1614 3376 conspectu
1647 3320 1752 3356 meo
1775 3303 1828 3355 in
1848 3299 2167 3366 Jerusalem,

574 3403 856 3459 sciendum
888 3401 1030 3472 quod
1067 3403 1118 3455 in
1168 3399 1432 3455 Ilebraico
1461 3415 1567 3452 non
1595 3399 1664 3452 sit
1701 3398 1985 3468 scriptum,
2017 3393 2172 3450 Jeru-

574 3497 734 3548 salem
763 3509 779 3547 :
811 3503 866 3548 ut
909 3493 1244 3547 decutiamus
1290 3489 1641 3561 supercilium
1689 3489 2038 3553 Judzeorum;
2073 3487 2167 3542 sed

575 3595 806 3646 tantum,
857 3587 911 3639 in
943 3595 1216 3654 caizspectu
1257 3599 1385 3650 meo,
1429 3590 1488 3638 ut
1533 3597 1716 3636 sermo
1759 3581 1968 3634 Domini
2017 3594 2168 3634 com-

571 3679 804 3749 pleatur,
835 3677 1072 3732 dicentis
1101 3677 1152 3730 in
1181 3675 1480 3742 Evangelia
1510 3694 1520 3727 :
1558 3675 1718 3726 Amen
1748 3690 1894 3725 amm
1938 3672 2052 3725 diro
2085 3689 2172 3725 vo—

573 3771 651 3823 bis
689 3769 984 3840 :quoniam
1027 3775 1192 3821 ueniet
1238 3767 1390 3828 hora,
1442 3765 1651 3836 quando
1699 3783 1859 3836 neque
1906 3766 1958 3819 in
2005 3775 2172 3819 monte

569 3865 691 3929 isto,
735 3879 898 3934 neque,
926 3863 981 3916 in
1023 3861 1366 3933 Jerosolymis
1413 3861 1700 3914 adorabitis
1749 3859 1955 3914 Patrem
1987 3860 2166 3932 (Joan.

567 3971 642 4022 tv,
673 3955 787 4028 21).
825 3955 889 4008 Et
933 3956 1132 4009 iterum
1169 3971 1178 4006 :
1215 3951 1447 4026 Spiritus
1494 3964 1566 4006 est
1621 3949 1786 4008 Deus.
1835 3951 1902 4004 Et
1951 3969 2038 4006 eos
2083 3953 2170 4022 qui

568 4049 795 4103 adorant
827 4064 963 4113 eum,
995 4048 1047 4100 in
1077 4047 1246 4126 828
1275 4045 1464 4108 spiritu
1507 4053 1556 4098 et
1603 4045 1811 4098 veritate
1843 4053 2038 4112 oportet
2075 4043 2172 4098 ad-

569 4159 719 4197 orare
747 4139 947 4211 (Ibid.,
967 4139 1086 4212 '24).
1121 4139 1188 4193 Et
1221 4139 1347 4193 illud
1377 4138 1624 4209 Apostoli
1655 4158 1665 4192 :
1695 4137 1941 4192 Levantes
1969 4149 2171 4192 sanctas

574 4249 761 4288 nunms
789 4235 839 4287 in
873 4235 1012 4287 omni
1045 4233 1156 4287 loco
1185 4231 1226 4304 (1
1253 4231 1391 4286 Tim.
1427 4248 1484 4294 ll,
1517 4229 1594 4303 8).
1629 4231 1819 4286 Omnis
1842 4243 2020 4286 autem
2044 4246 2170 4286 caro

573 4343 683 4383 non
719 4327 974 4397 populum
1015 4325 1349 4391 Judmorum,
1383 4325 1478 4382 sed
1513 4342 1674 4380 omne
1701 4325 1976 4380 hominum
2007 4325 2173 4396 signi-

571 4421 698 4476 ﬁcat
727 4436 922 4491 genus,
950 4420 1106 4490 juxta
1147 4419 1272 4474 illud
1302 4421 1442 4492 quod
1477 4435 1637 4492 supra
1676 4420 1881 4475 dictum
1913 4429 1996 4476 est
2029 4439 2039 4473 :
2083 4419 2171 4473 Vi-

2275 3210 2372 3264 bus
2399 3209 2533 3274 suis,
2571 3208 2746 3262 aversi
2779 3214 2909 3262 sunt
2941 3206 2990 3260 in
3027 3203 3348 3268 vanitatem,
3379 3215 3434 3254 ut
3470 3202 3702 3266 adorent
3729 3214 3869 3256 crea-

2277 3313 2450 3358 turam
2493 3303 2672 3374 potius
2709 3317 2870 3372 quam
2912 3299 3256 3354 Creatorem.
3300 3297 3666 3366 Egredientur
3697 3306 3864 3350 autem

2263 3413 2380 3452 .non
2425 3399 2577 3460 loco,
2625 3396 2722 3452 sed
2770 3393 3150 3464 intelligentia.
3195 3392 3383 3463 Neque
3425 3392 3571 3454 enim
3615 3391 3866 3455 cadavera

2263 3501 2614 3552 mortuorum
2657 3497 2886 3558 possunt
2927 3489 3071 3542 intus
3111 3499 3234 3544 esse
3271 3501 3398 3541 cum
3434 3485 3694 3548 Domino.
3727 3479 3866 3552 Quod

2275 3587 2318 3640 si
2359 3584 2535 3640 omnis
2577 3597 2708 3638 caro
2735 3582 3030 3636 adoratnra
3063 3588 3147 3636 est
3176 3579 3491 3642 Dominum,
3521 3589 3582 3640 et
3605 3593 3640 3642 te
3669 3585 3868 3636 contra-

2274 3679 2357 3733 rio
2400 3675 2665 3732 cadavera
2703 3676 2970 3740 virorum,
3011 3673 3100 3744 qui
3139 3673 3482 3744 prasvaricati
3524 3681 3652 3732 sunt
3683 3671 3736 3726 in
3775 3669 3866 3724 Do-

2273 3771 2502 3832 minum,
2546 3769 2764 3823 internis
2811 3766 3098 3822 tradentur
3137 3763 3457 3830 ardoribus,
3502 3763 3556 3818 in
3595 3771 3862 3830 utramque

2275 3853 2486 3934 partem
2528 3877 2672 3916 verae
2712 3863 2891 3916 carnis
2935 3859 3040 3914 erit
3069 3859 3422 3914 resurrectio.
3455 3857 3674 3922 Vel-mis
3699 3866 3860 3920 autem

2274 3955 2364 4026 qui
2405 3972 2510 4010 non
2551 3956 2838 4022 morietur,
2873 3963 2938 4018 et
2963 3953 3122 4026 ignis
3145 3953 3238 4024 qui
3269 3967 3376 4010 non
3409 3953 3806 4030 exstinguetttr,
3833 3963 3856 4002 a

2275 4049 2555 4121 plerisque
2572 4049 2912 4108 conscientia
2924 4049 3190 4120 accipitur
3217 4055 3596 4120 peccatorum,
3623 4061 3740 4114 qua:
3764 4055 3856 4100 tor—

2275 4153 2437 4215 queat
2480 4144 2533 4198 in
2575 4143 2858 4214 suppliciis
2888 4141 3217 4208 constitutos
3251 4159 3264 4194 :
3298 4155 3468 4210 quare
3499 4140 3635 4196 vitio
3655 4154 3758 4204 suo
3789 4147 3858 4192 at-

2273 4253 2377 4308 que
2420 4246 2644 4310 peccato
2683 4237 2962 4292 caruerint
2997 4235 3300 4298 electorum
3343 4232 3512 4298 bono,
3549 4233 3704 4308 jqxta
3743 4225 3853 4288 illud

2273 4330 2418 4400 quod
2449 4331 2649 4390 dicitur
2679 4347 2691 4382 :
2735 4328 2980 4384 Versatus
3003 4345 3121 4394 sum
3148 4329 3198 4382 in
3230 4327 3466 4390 miseria,
3495 4326 3622 4384 dum
3639 4323 3856 4394 inﬁgitur

2273 4421 2400 4474 mihi
2433 4422 2586 4492 spina
2614 4420 2790 4492 (1)εαί.
2835 4435 2984 4490 xxxt,
3017 4417 3096 4490 4).
3133 4418 3198 4476 Ει
3229 4418 3282 4474 in
3313 4417 3640 4476 Proverbiis
3673 4434 3686 4470 :
3721 4414 3856 4476 Titum

570 4517 708 4570 debit
735 4516 902 4570 omnis
941 4531 1062 4570 caro
1093 4516 1323 4570 salutare
1367 4526 1512 4570 tuum
1564 4514 1718 4585 (lsai.
1750 4531 1842 4576 XL,
1871 4513 1949 4586 5).
2001 4514 2068 4568 Et
2113 4513 2246 4580 iul)
2275 4514 2466 4568 ossium
2508 4528 2595 4566 cor
2641 4509 2932 4582 intelligens
2984 4509 3166 4582 (Prov.
3210 4524 3348 4582 xxv,
3391 4508 3508 4582 '20).
3553 4508 3624 4584 ﬁt
3673 4509 3854 4564 iterum

567 4607 724 4665 Joele
761 4625 773 4662 :
807 4607 1094 4675 Eﬂ'undam
1122 4609 1186 4660 de
1214 4608 1402 4678 spiritu
1450 4624 1560 4662 meo
1609 4625 1762 4680 super
1813 4623 2012 4660 omnem
2055 4622 2171 4658 car-

571 4718 712 4766 nem,
761 4713 806 4755 et
851 4701 1232 4774 prapltetabunt
1262 4700 1360 4768 ﬁlii
1393 4701 1540 4754 vestri
1569 4710 1614 4752 et
1640 4699 1767 4768 filia:
1796 4709 1975 4754 vestrae
2004 4697 2165 4770 (Joel.

571 4809 631 4854 tt.
661 4793 779 4864 98).
812 4794 876 4847 Et
921 4793 976 4847 in
1009 4792 1272 4848 Zacharia
1305 4811 1320 4849 :
1360 4791 1561 4846 Timeat
1593 4793 1756 4846 omnis
1794 4810 1916 4846 caro
1965 4810 1998 4845 a
2038 4793 2171 4862 facie

571 4883 788 4940 Domini
823 4886 1008 4957 (Zach.
1043 4903 1103 4952 tt,
1137 4885 1250 4956 15).
1301 4885 1370 4940 Et
1402 4887 1455 4939 in
1479 4883 1726 4940 «Psalmis
1763 4902 1776 4937 :
1807 4887 1888 4938 Ad
1917 4895 1966 4939 te
2000 4886 2169 4940 omnis

571 4993 696 5033 caro
739 4981 908 5033 veniet
955 4979 1131 5051 (Psal.
1176 4995 1327 5048 thv,
1359 4979 1443 5048 2).
1496 4977 1651 5046 Quod
1702 4978 1825 5042 aliis
1873 4977 2060 5034 verbis
2113 4977 2167 5032 in

575 5071 684 5124 alio
733 5073 940 5148 psalmo
971 5071 1176 5128 dicitur
1210 5091 1222 5126 :
1262 5073 1449 5130 Omnes
1475 5053 1654 5148 gentes
1677 5073 2038 5148 .gtwﬁfecisti,
2081 5090 2168 5130 ve-

573 5165 716 5220 nient
762 5174 811 5220 et
840 5165 1131 5220 adorabunt
1173 5167 1225 5222 in
1258 5176 1537 5240 conspectu
1575 5175 1690 5235 tuo,
1723 5175 1772 5228 et
1801 5165 2168 5240 gloriﬁcubunt

649 5292 675 5322 ⁸
701 5281 827 5344 Hinc
856 5281 1021 5338 verba
1053 5280 1196 5352 ertt
1231 5281 1502 5346 similiter,
1543 5279 1869 5340 sutiecimus
1913 5297 1986 5338 ex
2037 5281 2168 5336 Am-

573 5353 835 5410 brosiano
888 5369 989 5409 ms.
1045 5353 1110 5406 Et
1154 5369 1284 5412 vero
1329 5353 1436 5414 hoc
1479 5369 1588 5416 uno
1619 5353 1880 5412 abludunt
1909 5353 2058 5420 LXX
2085 5353 2165 5418 ab

575 5423 807 5482 Hebrmo
842 5424 981 5498 quod
1013 5426 1273 5484 omittunt
1303 5441 1460 5498 usque
1492 5425 1558 5478 ad
1589 5425 1895 5498 satietatem,
1926 5426 1970 5480 si
2003 5424 2166 5480 modo

575 5499 799 5553 unicum
839 5493 1063 5552 verbum
1092 5500 1264 5584 flmtt,
1292 5493 1436 5568 quad
1463 5497 1681 5567 proprie
1709 5511 1956 5550 nauseam
1982 5505 2158 5562 sonat,

574 5596 721 5672 tanta
754 5589 881 5672 licet
912 5588 1220 5671 periphrasi
1245 5588 1721 5655 circumscribere,
1751 5604 1916 5658 usque
1961 5589 2028 5640 ad
2074 5603 2164 5640 sa-

579 5667 800 5714 tietatem
828 5667 1060 5714 visionis.

647 5726 673 5764 ι’
707 5729 904 5783 Confer
943 5732 1080 5786 hanc
1115 5731 1510 5801 expositionem
1542 5747 1664 5789 cum
1703 5729 1953 5802 proxime
1979 5731 2170 5788 subse-

2276 4610 2374 4664 suh
2411 4607 2570 4678 obclo
2611 4623 2625 4659 :
2673 4605 2822 4672 Sicut
2863 4607 3001 4670 tinea
3041 4606 3366 4672 vestimento,
3397 4613 3446 4664 et
3478 4605 3662 4674 vermis
3689 4602 3855 4676 ligno;

2269 4704 2348 4778 sic
2391 4717 2576 4762 maeror
2607 4701 2983 4770 excruciatam
3007 4701 3106 4756 .viri
3135 4699 3188 4772 (1
3193 4699 3347 4772 bid..).
3379 4700 3455 4766 [ta
3487 4700 3780 4772 dumtaxat,
3805 4701 3852 4750 ut

2274 4810 2382 4862 non
2419 4803 2618 4866 negent
2663 4793 2692 4832 ι)
2723 4793 3235 4866 .prtevarieatorum,
3265 4803 3321 4850 et
3353 4793 3640 4862 Dominum
3671 4804 3850 4868 negan-

2275 4887 2406 4946 tium
2443 4897 2652 4952 auaros
2691 4887 2978 4958 supplicia,
3023 4887 3243 4956 dicente
3275 4885 3520 4956 pentina
3549 4887 3602 4950 in
3621 4885 3852 4956 rtis-arige-

2267 4983 2344 5038 lio
2377 4999 2390 5035 :
2422 4979 2507 5036 Ite
2523 4981 2587 5046 .in
2615 4980 2786 5054 ignem
2813 4989 3081 5048 mergunt,
3111 4979 3550 5052 quiiprazparatus
3575 4987 3648 5050 est
3669 4973 3849 5048 diabolo

2273 5085 2320 5131 et
2349 5075 2548 5150 angelis
2575 5075 2690 5146 ejus
2721 5073 2936 5146 (Matth,
2971 5090 3096 5142 xxv,
3123 5073 3246 5146 41).
3279 5073 3350 5130 Ει
3375 5073 3719 5150 iutilia—joco
3743 5068 3847 5138 τιέ-

2271 5177 2386 5242 gate
2421 5183 2604 5222 manus
2643 5171 2756 5240 ejus
2796 5175 2841 5228 et
2879 5166 3054 5240 pedes,
3095 5175 3146 5222 et
3183 5167 3368 5232 mittite
3395 5167 3610 5242 ,enjnjn
3639 5165 3844 5238 tenebrat

2271 5283 2500 5365 quenti,
2543 5296 2706 5365 quam
2737 5280 3092 5364 calumniosi:
3137 5279 3427 5365 traducunt
3459 5281 3666 5352 vulgo,

2273 5349 2744 5426 przevarica'torpm
2813 5354 3212 5426 impiprumgue
3268 5349 3838 5426 l‘lotnintuy'aupplicia

2272 5413 2622 5496 sensissetS.
2647 5413 2845 5496 Doctor
2878 5413 3042 5496 tinem
3070 5413 3372 5496 aliquando
3393 5413 3638 5496 habitura
3655 5413 3752 5496 {ut
3771 5413 3836 5468 ai-

2273 5495 2350 5550 hil
2390 5495 2605 5550 interim
2646 5487 2820 5549 dicam
2861 5493 2928 5549 de
2957 5495 3077 5550 aliis
3110 5487 3309 5562 passim
3340 5487 3598 5549 acferme
3625 5489 3834 5546 luculento

2273 5569 2501 5625 tioribus
2531 5566 2880 5632 testimoniis,
2909 5565 3212 5634 cujusmodi
3243 5573 3330 5620 est
3357 5565 3488 5620 illud
3517 5563 3667 5632 paulo
3691 5569 3830 5626 supe-

2270 5639 2388 5698 rius
2420 5657 2434 5692 :
2467 5636 2532 5692 In
2559 5654 2618 5694 eo
2655 5645 2890 5708 peccator
2919 5635 3225 5708 maledicta:
3255 5637 3371 5704 erit,
3403 5637 3541 5708 quod
3565 5635 3828 5697 incorrupto

2273 5725 2486 5784 corpore
2507 5723 2693 5782 prunas
2719 5709 2942 5782 patietur
2967 5717 3206 5782 gternas.
