3972 6386
201 315 312 372 677

707 313 1359 375 (ΖΟΜΜΕΝΤᾹΠῙΟΒυΜ
1396 311 1462 367 IN
1501 308 1729 374 ISAIAM
1771 310 1805 368 Ρ

1912 308 2188 378 RIIETAM
2224 309 2360 369 LIB.
2405 307 2592 366 XVIII.
2634 308 2787 366 CAP.
2832 310 3020 368 LXVI.

3400 312 3508 384 678

205 430 489 485 exteriores
527 447 548 484 :
587 430 660 485 ibi
697 433 792 485 erit
829 433 981 501 ﬂetus
1015 439 1064 484 et
1101 429 1294 484 stridor
1331 429 1556 484 deut-ium
1586 425 1800 498 (Μαι-11.
1836 441 1880 502 Α
1912 426 2213 478 misereatur
2252 425 2452 496 (Galat.
2492 442 2570 495 ttt,
2613 426 2725 496 22).
2771 427 2837 482 Et
2881 427 2934 483 in
2976 428 3088 483 alio
3128 427 3245 484 loco
3285 442 3506 489 sanctus

207 539 347 588 xxn,
389 522 500 595 I3).
550 524 605 580 Si
649 540 842 579 manus
869 523 1177 578 audivimus
1208 521 1313 594 [ΑΙ.
1348 517 1600 591 ligantus]
1625 529 1679 573 et
1708 532 1801 588 pe-

205 619 327 685 des,
359 629 412 674 et
443 619 695 674 tenebras
722 619 1038 684 exteriores,
1068 632 1190 688 quae
1221 615 1501 671 oculorum
1532 627 1690 682 paena
1720 619 1805 665 est

205 714 390 770 lumen
435 714 526 768 Dei
569 729 677 768 non
719 713 1013 768 videntium
1041 731 1054 777 ;
1089 723 1144 768 et
1173 712 1384 778 ﬂetum,
1418 708 1510 779 qui
1539 709 1720 777 utique
1751 713 1803 760 el

202 807 322 876 ipse
352 806 418 860 ad
449 807 638 861 oculos
667 808 940 877 pertinet;
969 816 1020 860 et
1053 805 1345 860 stridorem
1379 801 1623 860 dentium
1658 817 1669 852 :
1704 799 1805 852 nti-

201 915 294 953 ror
337 900 598 968 quosdam
641 916 858 955 aereum
902 915 1122 970 corpus,
1171 906 1228 954 et
1273 895 1528 967 paulatim
1564 894 1614 947 in
1644 906 1804 946 auras

201 1002 398 1048 tenues
440 994 852 1050 dissolvendum
900 1000 1023 1063 post
1061 992 1515 1048 resurrectionem
1558 987 1805 1042 introdu-

199 1103 326 1144 cere
373 1107 388 1144 :
434 1090 556 1160 quia
604 1090 870 1145 Dominus
919 1091 1156 1160 potentia
1203 1085 1507 1155 maiestatis
1553 1101 1688 1149 suae,
1727 1084 1803 1138 ad

197 1179 496 1252 Apostolos
536 1183 739 1238 clausis
781 1186 1058 1255 ingressus
1097 1191 1180 1237 est
1207 1181 1583 1253 830januis
1616 1177 1800 1249 (Joan.

198 1273 318 1344 xx).
337 1274 443 1342 Qui
473 1285 620 1330 certe
647 1284 704 1330 et
731 1285 858 1331 ante
885 1276 1345 1332 resurrectionem
1373 1272 1616 1344 pendulo
1635 1285 1808 1341 super

197 1381 350 1420 mare
375 1367 669 1422 ambulavit
695 1369 939 1436 incessu;
969 1378 1022 1424 et
1048 1370 1151 1424 hoc
1175 1367 1355 1438 ipsum
1388 1363 1640 1440 apostolo
1664 1378 1807 1436 pra:-

199 1457 314 1511 bttit
349 1459 508 1514 Petro
539 1478 550 1511 :
586 1461 752 1530 utqtti
779 1460 882 1515 (ide
927 1461 1276 1525 ambulabat,
1311 1457 1632 1513 inﬁdelitate
1657 1463 1808 1526 post-

198 1565 262 1606 ca
325 1562 699 1622 mergeretur;
771 1553 858 1608 cui
914 1552 1118 1607 dictum
1200 1561 1284 1607 est
1343 1569 1356 1604 :
1420 1550 1592 1616 Quare
1647 1549 1809 1602 dubi"

200 1643 353 1709 tasti,
395 1645 610 1697 modica:
649 1645 771 1715 ﬁdei
810 1645 1028 1718 (Matth.
1073 1661 1196 1711 xlv,
1238 1642 1364 1715 '51)?
1400 1643 1546 1715 Ignis
1589 1657 1807 1715 quoque

191 1737 348 1806 juxta
395 1738 446 1793 id
495 1739 862 1809 accipiendas,
910 1741 1050 1810 quod
1093 1749 1148 1794 et
1194 1741 1419 1804 vermis,
1467 1740 1558 1808 qui
1597 1737 1803 1791 tamdiu

1908 516 2147 588 loquitur
2187 533 2202 570 :
2249 515 2394 571 Iram
2436 518 2645 573 Domini
2687 520 2970 584 sustinebo,
3014 521 3138 589 quia
3176 527 3381 592 perenni
3422 526 3506 590 ei;

1910 611 2072 667 donec
2103 613 2358 683 justiﬁcet
2399 630 2608 668 causam
2647 631 2853 680 meam,
2899 626 2944 668 et
2996 619 3205 685 auferat
3241 619 3505 688 judicium

1911 723 2098 768 meum,
2137 718 2182 761 et
2222 708 2406 760 educat
2445 725 2522 760 tne
2557 709 2608 761 in
2639 709 2803 761 lucem
2833 708 3024 778 (Mirlt.
3058 725 3148 775 \‘ll,
3179 709 3256 780 9).
3291 711 3355 764 Et
3387 729 3505 766 rur-

1909 813 2024 852 sum
2053 817 2065 850 t
2095 797 2399 860 Benediram
2431 811 2498 864 te,
2533 800 2754 855 Domine
2777 819 2795 854 .'
2817 806 3062 872 quoniam
3091 805 3252 856 iratus
3279 821 3329 857 es
3355 805 3501 859 tui/ti.

1909 893 2147 947 Avertisti
2186 895 2374 964 faciem
2409 904 2550 948 tuam
2592 912 2625 948 α
2666 913 2762 958 me,
2794 907 2840 948 et
2874 897 3108 951 misertus
3138 916 3190 952 es
3221 899 3316 951 mei
3345 897 3505 967 (Isai.

1909 1001 2002 1054 xu,
2043 985 2120 1055 1).
2164 986 2422 1040 Dominus
2464 1003 2682 1057 quoque
2727 989 2966 1058 loquitur
3009 991 3073 1044 ad
3107 1003 3446 1061 peceatorem
3485 1011 3498 1051 :

1909 1076 2037 1132 Cum
2074 1079 2152 1131 ira
2189 1078 2390 1148 furoris
2433 1080 2532 1132 mei
2574 1080 2860 1146 transierit,
2907 1099 3117 1136 rursum
3152 1082 3345 1137 sanabo
3385 1085 3508 1156 (Ps.

1907 1187 2036 1236 xxx,
2059 1171 2172 1242 ‘20).
2203 1173 2264 1226 Et
2286 1173 2388 1226 hoc
2411 1182 2492 1227 est
2515 1173 2656 1243 quod
2690 1173 2743 1227 in
2776 1174 2881 1228 alio
2915 1175 3035 1228 loco
3055 1176 3256 1231 dicitur
3284 1194 3299 1234 :
3334 1179 3509 1245 Quam

1909 1266 2124 1337 grandis
2163 1267 2439 1321 multitudo
2485 1267 2728 1322 bonitatis
2769 1277 2898 1334 tum,
2927 1266 3172 1335 Domine,
3203 1287 3353 1340 quam
3393 1272 3513 1328 abs-

1909 1361 2132 1416 condisti
2169 1363 2463 1416 timentibus
2509 1371 2578 1415 te.
2627 1363 2761 1428 Quae
2799 1363 2983 1418 omnia
3035 1364 3331 1436 replicant,
3369 1381 3518 1421 asse-

1907 1463 2098 1507 verare
2143 1457 2461 1523 cupientes,
2507 1466 2630 1523 post
2671 1457 2943 1511 cruciatus
2989 1467 3150 1527 atque
3193 1457 3354 1529 831
3406 1468 3518 1511 tor-

1912 1555 2134 1616 mcml,
2186 1546 2363 1603 futura
2410 1547 2730 1618 refrigeria,
2779 1565 2899 1619 qua:
2947 1567 3086 1606 nunc
3129 1552 3514 1608 abscondenda

1913 1644 2043 1691 sunt
2072 1639 2140 1692 ab
2172 1637 2277 1703 his,
2311 1640 2506 1709 quibus
2538 1643 2700 1696 timor
2730 1642 2877 1696 utilis
2909 1652 3031 1697 est:
3070 1655 3125 1698 ut
3151 1645 3278 1698 dum
3311 1646 3519 1714 suppli-

1911 1733 1992 1785 cia
2039 1733 2427 1800 reformidant,
2474 1751 2701 1806 peccare
2743 1737 3035 1792 desistant.
3075 1739 3226 1807 Quod
3278 1758 3379 1796 nos
3423 1743 3515 1797 Dei

198 1833 571 1901 succenditur,
621 1835 876 1906 quamdiu
921 1835 1079 1888 habet
1126 1835 1407 1888 materiam
1433 1874 1446 1894 ,
1488 1847 1592 1904 qua
1635 1847 1802 1890 vorax
1839 1847 1878 1907 Β
1911 1827 2078 1882 solius
2109 1827 2365 1884 delictum
2393 1831 2634 1884 scientiae
2662 1831 3066 1903 derelinquere,
3097 1835 3251 1904 cujus
3282 1852 3389 1889 non
3424 1851 3517 1890 so-

203 1924 421 1981 Ilatnma
454 1939 725 1994 pascatur.
743 1928 798 1983 Si
819 1928 938 1998 quis
967 1927 1132 1998 igitur
1160 1927 1356 1981 habs-at
1387 1929 1437 1980 in
1462 1924 1802 1984 consolantia

199 2036 299 2076 sua
331 2022 558 2086 zizania,
589 2039 708 2094 quae
741 2023 989 2078 inimicus
1021 2024 1204 2087 homo,
1235 2022 1541 2078 dormiente
1575 2024 1807 2092 patrel'a-

198 2115 400 2180 milias,
422 2117 898 2185 supersetninavit,
921 2127 975 2172 et
998 2116 1114 2170 Inee
1147 2118 1286 2187 ignis
1316 2127 1526 2180 exuret,
1563 2114 1679 2170 Inoo
1711 2132 1805 2169 vo-

200 2209 345 2261 rabit
373 2207 682 2263 incendium
708 2208 926 2283 (Matth.
947 2210 1090 2279 xm).
1114 2209 1184 2263 Et
1209 2211 1450 2264 omnium
1479 2210 1802 2272 Sanctorum

200 2302 414 2370 oculis,
465 2319 652 2358 eorum
701 2305 970 2375 supplicia
1021 2305 1505 2370 monstrabantur,
1559 2306 1649 2374 qui
1705 2319 1805 2373 pro

200 2408 355 2460 auro,
399 2404 454 2448 et
492 2404 739 2464 argento,
785 2406 836 2449 et
885 2394 1063 2462 lapide
1104 2397 1368 2465 pretioso,
1402 2395 1810 2449 :edilleavernnt

199 2501 366 2557 super
407 2489 819 2544 fundamentum
869 2489 1121 2553 Domini,
1169 2489 1374 2555 fenum,
1421 2491 1587 2560 ligna,
1629 2489 1804 2559 stipu-

202 2579 332 2645 lam,
378 2579 521 2651 ignis
566 2583 820 2651 pabulum
863 2583 1200 2653 sempiterni.
1236 2584 1407 2639 Porro
1437 2585 1527 2655 qui
1561 2593 1586 2621 ι
1617 2584 1806 2639 volunt

200 2674 468 2746 supplicia
509 2676 804 2746 aliquando
846 2677 1007 2745 ﬁniri,
1051 2687 1107 2733 et
1139 2677 1270 2733 licet
1307 2688 1429 2748 post
1466 2681 1634 2734 multa
1667 2688 1807 2735 tem-

201 2783 354 2838 pora,
397 2778 578 2824 tamen
626 2770 915 2824 terminum
953 2770 1155 2826 habere
1199 2781 1493 2836 tormenta,
1529 2773 1613 2827 bis
1641 2781 1803 2826 utun—

203 2870 288 2914 tur
331 2861 662 2917 testimoniis
707 2879 721 2916 :
767 2863 896 2916 Cum
935 2863 1202 2917 intraverit
1244 2864 1512 2936 plenitudo
1551 2865 1799 2936 gentium,

201 2967 320 3009 tunc
358 2958 524 3011 omnis
563 2955 730 3011 Israel
769 2958 939 3011 saluus
984 2959 1070 3026 ﬁet
1115 2957 1291 3028 (Rom.
1335 2975 1410 3026 ιι,
1445 2957 1563 3030 25).
1597 2957 1665 3012 Et
1699 2959 1801 3011 ite-

199 3063 318 3103 rum
364 3067 378 3104 :
425 3048 689 3104 Couclusit
727 3048 866 3104 Deus
897 3051 1069 3104 omnia
1097 3050 1189 3104 sub
1214 3061 1448 3122 peccato,
1485 3059 1541 3104 ut
1567 3049 1803 3103 omnibus

1907 1918 2017 1972 lum
2049 1919 2462 1984 miserit-ordini,
2495 1923 2588 1975 sed
2619 1932 2671 1976 et
2700 1932 2967 1977 tormenta
3003 1925 3054 1978 in
3090 1926 3326 1995 pondere
3356 1935 3513 1991 sunt;

1909 2019 1964 2066 et
2001 2012 2147 2066 novit
2189 2028 2377 2082 quem,
2407 2015 2701 2084 quomodo,
2733 2025 2821 2069 attt
2854 2017 3114 2086 quamdiu
3151 2018 3345 2073 debeat
3371 2019 3518 2088 judi-

1909 2119 2059 2159 care.
2107 2103 2405 2176 Solumque
2451 2106 2734 2173 dicamus,
2781 2109 2924 2178 quod
2971 2110 3222 2164 bunt-tute
3263 2112 3518 2167 convenit

1910 2198 2186 2269 ll'JgIlllall
2215 2217 2228 2251 :
2265 2199 2503 2267 Domine,
2535 2218 2597 2253 ne
2615 2201 2780 2272 832
2802 2204 2854 2255 in
2885 2206 3060 2274 furore
3082 2215 3166 2258 tuo
3190 2221 3380 2277 arguas
3405 2221 3514 2260 nte:

1911 2308 2070 2361 neque
2089 2292 2148 2345 in
2179 2292 2259 2345 ira
2288 2303 2378 2346 tua
2405 2294 2662 2363 corripias
2694 2312 2771 2348 me
2795 2295 2972 2366 (Paul.
3003 2313 3075 2365 rt,
3103 2301 3124 2356 1
3153 2313 3169 2366 ;
3193 2313 3405 2366 tum,
3437 2301 3512 2369 I).

1915 2383 1982 2438 Et
2009 2386 2145 2449 sicut
2184 2385 2386 2441 diaboli
2417 2395 2474 2442 et
2499 2390 2747 2443 omnium
2782 2399 3096 2460 negatorunt
3123 2401 3289 2462 atque
3314 2393 3515 2462 impio-

1909 2494 2051 2543 rum,
2077 2481 2167 2550 qui
2191 2481 2445 2537 dixerunt
2468 2484 2522 2538 in
2547 2484 2716 2540 corde
2737 2500 2841 2539 suo
2875 2507 2886 2542 :
2917 2486 3040 2541 Non
3065 2498 3141 2542 cst
3170 2487 3313 2543 Deus
3339 2489 3518 2561 (Psal.

1912 2587 2027 2638 xm,
2064 2573 2141 2645 1),
2173 2576 2446 2630 credimus
2478 2587 2678 2632 :eterna
2710 2589 2975 2638 tormenta
3013 2600 3026 2636 :
3059 2583 3139 2637 sic.
3171 2593 3514 2654 peccatorum

1913 2663 1938 2704 ι’
1970 2677 2135 2737 atque
2164 2667 2455 2738 impiorum
2487 2684 2544 2726 et
2575 2682 2754 2729 tamen
2795 2673 3252 2742 Christianorum,
3283 2695 3516 2748 quorum

1907 2773 2072 2829 opera
2106 2761 2159 2814 in
2192 2761 2316 2832 igne
2349 2765 2623 2831 probanda
2652 2775 2779 2821 sunt
2805 2779 2966 2835 atque
2987 2769 3292 2838 purganda,
3327 2772 3519 2826 mode-

1908 2860 2081 2905 ratam
2123 2853 2454 2909 arbitramur
2487 2865 2543 2911 et
2579 2858 2803 2912 mixtam
2842 2859 3152 2915 clementia:
3189 2864 3515 2918 sententiam

1907 2944 2109 3014 judicia
2142 2949 2182 3018 (I
2211 2946 2332 3004 Cor.
2366 2965 2446 3017 ut,
2477 2951 2590 3019 l3).

272 3219 298 3248 ίι
340 3209 508 3265 Plane
536 3208 698 3291 igitur
724 3209 973 3292 iniuriosi
1013 3208 1065 3264 in
1107 3209 1497 3292 Hieronymum
1530 3220 1680 3292 sunt,
1711 3211 1802 3280 qui
1835 3217 1880 3280 ί]
1913 3210 2318 3292 ἱνιξυρρνρθιηοί
2349 3209 2674 3292 Christianos
2704 3226 2850 3292 vero,
2880 3212 2929 3292 _s_i
2959 3213 3010 3292 iu
3042 3224 3252 3292 peccato
3281 3215 3521 3292 (leviore

201 3297 323 3338 eum
365 3282 680 3340 consentire
728 3281 1136 3335 calumniantur
1181 3283 1328 3350 illis,
1372 3285 1460 3350 qtti
1510 3282 1806 3338 terminum

200 3352 448 3406 habitura
496 3353 758 3406 malorum
802 3351 1084 3406 hominum
1130 3364 1393 3406 tormenta
1427 3354 1717 3411 somniant.
1755 3366 1810 3410 et

199 3427 436 3496 probare
480 3425 659 3478 eonati
703 3433 849 3478 sunt.
895 3423 1090 3493 Liquet
1134 3426 1316 3488 enim,
1365 3439 1473 3478 non
1515 3440 1613 3479 suo
1659 3427 1806 3480 illum

201 3511 398 3560 sensu,
444 3497 538 3550 sed
585 3505 787 3550 tantum
827 3511 895 3550 ex
936 3497 1398 3550 Commentatoris
1435 3498 1617 3552 oilit'in
1653 3499 1809 3551 testi-

201 3568 380 3622 monia
423 3567 628 3638 ineant
673 3566 1008 3638 partemrhie
1044 3570 1299 3622 recitare.
1349 3567 1597 3622 sellrlSsc
1625 3579 1805 3624 autem

203 3639 356 3693 illtttn
403 3637 702 3693 orthodoxe
744 3651 851 3691 tttttt
899 3637 1016 3692 hau:
1056 3640 1170 3706 ipsa
1215 3639 1398 3706 verba,
1439 3649 1547 3691 tttnt
1585 3639 1809 3693 inferior

203 3721 493 3766 COttlexllls
527 3710 715 3776 probat
745 3729 756 3763 :
785 3710 1051 3776 siquidem
1075 3709 1211 3764 duas
1237 3710 1401 3764 veluti
1430 3712 1631 3764 classes
1657 3712 1809 3765 dam-

205 3795 458 3836 natorum
503 3782 672 3848 probe
707 3783 1014 3850 distinguit,
1057 3797 1285 3850 quarum
1331 3798 1434 3836 una
1473 3792 1700 3844 aeterno.
1730 3785 1809 3837 al-

205 3864 316 3908 tera
359 3853 646 3920 temporali
691 3853 955 3924 supplicio
979 3853 1282 3924 torquenda
1313 3853 1412 3918 sit;
1447 3853 1540 3908 sed
1573 3871 1693 3922 quat
1724 3854 1808 3908 his

201 3933 296 3979 aut
343 3925 453 3977 illis
491 3924 765 3993 obtingat,
798 3923 1018 3978 debere
1059 3940 1195 3986 nos.
1242 3923 1339 3978 Dei
1377 3925 1539 3978 solius
1581 3927 1808 3979 sciantur

203 3996 554 4064 derelinquere
577 4037 590 4060 ,
637 3998 724 4066 qui
751 3997 911 4061 novit,
951 4013 1119 4065 quem,
1158 3997 1433 4066 quantodo,
1477 4005 1523 4048 et
1556 3998 1807 4064 quamdiu

202 4066 379 4121 debeat
398 4068 658 4136 judicare.
684 4068 835 4135 Quod
860 4069 994 4121 adeo
1017 4067 1197 4138 subdit
1219 4068 1269 4120 itt
1299 4068 1427 4125 line.
1453 4077 1804 4138 peccatorum,

204 4147 356 4206 atque
405 4139 727 4205 impiorum,
775 4147 820 4192 et
866 4149 1037 4192 (uincit
1084 4136 1537 4202 Christianorum,
1587 4156 1806 4208 quarunt

206 4226 364 4280 Opera
391 4210 501 4281 igni
524 4211 789 4279 probanda
817 4220 960 4272 sunt,
988 4217 1138 4278 atque
1161 4211 1456 4281 purganda,
1487 4209 1806 4262 moderatam

207 4281 452 4340 arbitrari
489 4297 561 4346 se,
604 4291 650 4335 et
692 4285 905 4338 mixtam
943 4281 1227 4333 clementia:
1249 4281 1559 4352 sententiam
1581 4281 1805 4352 judicis,

208 4355 560 4407 manifestum
591 4365 676 4408 est
705 4355 773 4409 de
810 4357 873 4408 iis
908 4354 1038 4419 dici,
1071 4367 1206 4420 quos
1233 4351 1504 4407 seclcrum
1541 4351 1810 4421 pmnitue-

207 4426 297 4484 rit.
337 4439 392 4480 et
423 4426 769 4495 purgatorius
805 4426 944 4495 ignis
985 4423 1287 4477 mundahit.
1332 4422 1650 4476 Eeoutrario
1679 4422 1811 4476 Dia—

206 4498 310 4550 boli
339 4508 387 4550 et
426 4499 656 4569 omnium
686 4507 1009 4569 negaturum,
1035 4503 1187 4569 atque
1235 4496 1516 4569 impiorum
1549 4496 1634 4563 qui
1662 4496 1808 4548 dixe-

205 4577 325 4622 runt
367 4569 421 4620 in
448 4568 600 4621 corde
625 4566 890 4639 suofNon
919 4578 1002 4622 est
1036 4568 1194 4629 Dens,
1231 4582 1338 4620 non
1371 4566 1585 4620 dubitat
1613 4575 1805 4639 adorna

202 4655 306 4694 νεαρ
332 4648 612 4701 tormenta,
642 4642 692 4693 itt
719 4637 946 4709 eantque
973 4641 1375 4692 damna-tionem
1409 4639 1595 4692 venire
1620 4651 1672 4691 et
1704 4637 1806 4690 im-

201 4715 324 4779 pios
355 4710 718 4770 Christianos.
763 4713 851 4780 qui
891 4710 1145 4776 operibus
1187 4713 1353 4764 Deum
1389 4711 1721 4779 negaverint,
1757 4710 1802 4763 si

200 4783 253 4835 in
301 4791 528 4852 peceato
571 4786 827 4849 prteventi
864 4784 1090 4836 iuerint.
1130 4781 1238 4835 Nec.
1273 4782 1382 4836 alio
1419 4794 1579 4852 sensu
1619 4780 1806 4835 docuit

200 4851 428 4919 Dialogo
469 4853 488 4907 1
531 4869 718 4908 contra
761 4853 1077 4924 Pelag-ianos
1119 4869 1269 4906 num.
1295 4853 1370 4907 ‘28
1405 4870 1418 4904 :
1449 4851 1728 4906 Diabolum
1757 4860 1804 4906 et

199 4925 447 4982 satellites
489 4928 628 4998 ejus,
655 4942 928 4996 ornatasque
953 4926 1140 4996 impios
1163 4935 1211 4979 et
1241 4925 1660 4996 praevaricatores
1691 4940 1807 4995 per-

1834 4614 1887 4674 D

1914 3281 2144 3345 scilicet,
2191 3291 2244 3337 ct
2277 3282 2432 3350 juxta
2479 3282 2609 3336 illud
2655 3283 2797 3352 qttod
2843 3283 3032 3337 alludit
3073 3284 3225 3339 Pauli
3275 3281 3521 3342 utStimo-

1915 3355 2060 3426 nium
2088 3353 2102 3404 l
2133 3352 2260 3406 Cor.
2296 3369 2372 3420 111,
2407 3355 2472 3408 l3
2501 3362 2556 3407 et
2584 3353 2673 3418 14,
2697 3355 2839 3423 quod
2867 3355 3195 3419 Purgatorio
3220 3355 3345 3426 igne
3368 3374 3526 3412 mun-

1913 3423 2030 3477 dari
2072 3425 2256 3498 queat)
2283 3426 2530 3493 prmeenti
2563 3427 2777 3498 fuerint,
2827 3428 3102 3480 salvandos
3129 3423 3262 3480 esse
3276 3439 3389 3492 post
3417 3446 3524 3498 pae-

1914 3513 2027 3548 nas.
2072 3494 2290 3550 Vittesis
2321 3509 2372 3550 et
2404 3512 2525 3566 qua)
2557 3500 2608 3550 itt
2643 3495 2784 3551 hunc
2817 3499 2992 3552 locum
3029 3494 3430 3564 annotavitnus,
3463 3509 3525 3555 ut

1912 3567 1979 3619 ab
2022 3582 2209 3624 errore
2244 3569 2297 3638 in
2338 3583 2498 3638 quem
2541 3571 2746 3637 pariter
2789 3569 3128 3633 trahebatur,
3162 3571 3229 3624 de
3263 3571 3523 3628 ﬁniendis

1913 3638 2208 3705 aliquando
2237 3637 2615 3692 (Iatn’natmutm
2643 3639 2988 3706 cruriatihus,
3019 3643 3307 3694 immunem
3342 3653 3520 3697 esten-

1912 3709 2186 3763 derentus.
2232 3709 2366 3762 Nam
2407 3713 2547 3776 quod
2592 3712 2742 3765 aiunt
2787 3713 3072 3776 nonnttlli,
3120 3714 3282 3765 hosce
3325 3713 3517 3768 lliero-

1914 3783 2060 3850 nymi
2101 3779 2538 3836 Commentarios
2583 3782 2635 3835 in
2680 3783 2872 3836 Isaiam
2908 3800 3018 3852 pta:
3051 3784 3222 3838 oculis
3259 3783 3520 3841 habuisse

1912 3854 2299 3922 Augustin-um,
2344 3870 2464 3908 cum
2505 3870 2626 3908 eum
2673 3870 2938 3921 errorem,
2985 3857 3195 3909 tametsi
3238 3857 3401 3910 tacito
3427 3875 3523 3922 pro

1911 3926 2196 3977 reuerentia
2237 3927 2367 3978 tanti
2406 3927 2506 3978 viri
2554 3926 2793 3991 nurnine,
2829 3927 3127 3994 impugnat,
3164 3927 3256 3979 lib.
3292 3927 3354 3980 de
3386 3926 3520 3983 Fide

1912 4004 1959 4046 et
1998 3995 2255 4065 Operibus
2277 4041 2290 4064 ,
2325 4008 2378 4050 et
2407 3999 2456 4050 in
2487 3997 2823 4065 Enchtritlio,
2857 4000 2918 4051 de
2943 3997 3099 4056 Fide.
3135 3999 3240 4064 Spe
3263 3997 3523 4052 (³161111νί-

1913 4074 2034 4130 tate,
2079 4068 2306 4122 multum
2352 4069 2420 4122 ab
2461 4068 2609 4122 muni
2656 4070 2905 4123 veritatis
2953 4071 3134 4137 specie
3165 4069 3364 4132 distat;
3397 4085 3520 4134 qua:

1911 4142 2055 4210 enim
2087 4139 2158 4192 ibi
2193 4138 2559 4210 Hipponensis
2587 4142 2878 4208 episcopus
2903 4141 3060 4194 diluit
3090 4155 3152 4193 ac
3185 4139 3392 4193 refutat
3423 4155 3518 4195 ne-

1914 4207 2064 4263 faria:
2091 4211 2207 4279 ejus
2231 4207 2565 4280 opinationis
2593 4207 2933 4280 argumenta,
2965 4211 3308 4278 adductaque
3332 4210 3521 4281 Scrip-

1913 4289 2154 4335 turarum
2199 4283 2538 4346 testimonia,
2585 4283 2689 4336 alia
2725 4282 2881 4350 plane
2911 4283 2980 4335 ab
3009 4281 3094 4335 his
3125 4291 3274 4346 sunt,
3303 4299 3425 4352 quae
3451 4299 3520 4338 ex

1913 4351 2143 4406 aliorum
2176 4370 2338 4407 sensu
2373 4353 2735 4424 I'Iiet-onymus
2764 4355 2954 4407 reeitat
2985 4371 2998 4408 :
3025 4365 3083 4408 ut
3111 4355 3208 4406 hac.
3235 4351 3400 4408 etiam
3432 4370 3522 4410 ra-

1916 4427 2064 4478 tione
2109 4426 2452 4493 perspicuum
2499 4427 2600 4490 sit,
2643 4425 3003 4493 Augustinum
3049 4424 3184 4480 nihil
3230 4428 3279 4479 itt
3326 4425 3522 4480 lliero-

1915 4496 2058 4564 nymi
2089 4496 2311 4565 seriptis
2346 4511 2582 4566 unquam
2615 4497 2887 4552 invenisse
2919 4497 3043 4551 huic
3073 4497 3248 4552 errori
3278 4512 3521 4554 consen-

1915 4577 2157 4620 tanenm.

1984 4637 2010 4677 ι)
2043 4639 2098 4691 In
2115 4638 2430 4722 “vetustiori
2470 4637 2834 4693 Ambrosiano
2872 4654 3003 4705 nts.,
3049 4639 3138 4694 Sic
3165 4647 3519 4722 peccatorum,

1912 4710 2065 4763 etiam
2109 4709 2548 4775 Christianorum,
2593 4726 2838 4779 quorum,
2883 4722 3016 4776 etc.,
3061 4709 3267 4771 vetitis,
3301 4711 3521 4780 apium,

1914 4782 1979 4835 ad
2011 4781 2330 4853 Hieronymi
2357 4791 2616 4854 mentem,
2649 4796 2980 4854 sensumque
3005 4798 3190 4835 eorum
3215 4797 3334 4854 qua:
3359 4782 3522 4838 modo

1915 4855 2188 4924 disputata
2219 4852 2345 4908 Sunt
2370 4852 2440 4909 de
2471 4853 2799 4908 cruciatibus
2832 4853 3233 4910 damnatonam.
