3972 6328
557 247 664 303 679

1812 242 1871 300 S.
1913 241 2190 302 EUSEBII
2219 240 2600 302 HIERONYMI
3726 246 3811 305 680

1154 529 1298 645 S.
1377 529 2100 646 EUSEBII
2173 530 3247 646 HIERONYMI

1645 752 2219 815 STRIDONENSIS
2261 753 2756 817 PRESBYTER]

1332 935 3085 1070 COMMENTARIORUM

561 1203 803 1358 ΙΝ
939 1191 2195 1359 JEREMIAM
2326 1191 3816 1357 PROPHE‘TAM

1839 1455 2155 1538 LIBRI
2229 1454 2461 1538 SEX
2504 1459 2565 1534 ³.

1794 1740 2608 1920 amotoque.

615 2199 1124 2278 833-33APost
1150 2197 1562 2269 explanationes
1583 2193 1871 2252 duodecim
1909 2189 2154 2261 Prophe-
2181 2175 2230 2237 Α
2261 2205 2371 2247 non
2408 2190 2586 2246 solum
2619 2203 2718 2246 nos
2748 2189 2960 2253 audire,
2992 2187 3087 2244 sed
3117 2198 3174 2245 et
3215 2188 3355 2244 alios
3402 2189 3602 2244 docere
3648 2188 3814 2259 possis.

545 2308 745 2364 tarum,
775 2296 953 2361 Isaiae,
985 2292 1252 2358 Danielis,
1284 2300 1340 2347 et
1379 2289 1702 2350 Ezechielis,
1748 2287 1815 2341 ad
1845 2298 2149 2340 extremum

541 2390 595 2446 in
625 2389 917 2445 Jeremiam
959 2401 1177 2442 manum
1206 2384 1494 2450 mittimus,
1541 2381 1661 2444 tibi,
1689 2381 1856 2434 frater
1876 2378 1904 2417 ι’
1929 2377 2147 2442 Eusebi,

539 2480 786 2550 ejusdem
831 2477 940 2550 [AL
973 2474 1220 2548 eosdem]
1261 2471 1751 2530 Commentariolos
1803 2469 2146 2530 dedicantes,

543 2584 604 2630 ut
622 2584 644 2612 ο
666 2571 1050 2642 Evangelicum
1076 2572 1255 2625 virum
1269 2565 1521 2622 Matth-aco
1538 2563 1886 2634 evangelista:
1900 2561 2145 2630 c0pulcs,

539 2683 705 2740 quem
730 2675 861 2722 ante
893 2678 1069 2720 annos
1101 2662 1372 2733 plurimos
1399 2658 1610 2713 strictis
1633 2657 1911 2721 sensibus,
1941 2664 1994 2710 te
2020 2655 2152 2709 hor-

541 2771 715 2825 tante,
748 2757 1004 2814 disserui.
1053 2755 1121 2811 Et
1161 2754 1287 2824 quia
1321 2751 1584 2806 volumen
1620 2747 2000 2818 longissimum
2037 2756 2143 2811 est,

541 2861 598 2908 et
627 2852 680 2905 in
717 2849 990 2921 plerisque
1015 2845 1304 2902 manifesta
1336 2843 1565 2900 historia
1600 2842 1825 2907 texitur,
1852 2839 1987 2896 illud
2013 2855 2144 2910 pru-

539 2943 784 3000 dentiam
816 2949 965 2996 tuam
997 2939 1293 3005 admoneo,
1347 2953 1418 2992 ne
1450 2951 1668 3007 quaeras
1717 2933 1774 2989 in
1826 2933 1930 2988 hoc
1979 2933 2141 2988 latam

535 3035 1018 3107 explanationem;
1052 3047 1218 3102 super
1249 3031 1332 3086 his
1380 3030 1641 3095 maxime,
1672 3043 1794 3099 qua:
1834 3027 1948 3098 jam
1993 3035 2048 3082 et
2077 3027 2134 3081 in

537 3129 826 3201 l‘rophetis
853 3128 975 3182 aliis
1017 3125 1159 3182 dicta
1188 3131 1338 3192 sunt,
1387 3133 1440 3178 et
1483 3136 1582 3193 per
1612 3137 1672 3176 se
1704 3129 1892 3190 patent
1938 3118 2140 3174 intelli-

532 3223 755 3295 gontim.
785 3221 987 3290 Sicque
1016 3217 1265 3273 conabor
1299 3214 1636 3272 notariorum
1671 3229 1832 3268 manu
1866 3212 2131 3277 scribere,

535 3325 597 3372 ut
623 3313 758 3369 nihil
797 3313 937 3370 desit
969 3311 1022 3366 in
1080 3309 1355 3374 sensibus,
1409 3323 1532 3364 cum
1590 3307 1819 3362 tntillum
1881 3306 2026 3361 deSit
2082 3305 2134 3360 in

533 3407 747 3466 verbis.
773 3405 1022 3463 Stamina
1057 3402 1157 3458 tibi
1182 3415 1348 3473 atque
1371 3400 1714 3471 subtegmina
1759 3410 1810 3453 et
1846 3399 1964 3453 licia
1996 3413 2136 3468 pra:-

533 3501 762 3574 parabo,
794 3509 850 3555 tu
876 3497 1301 3570 pulcherrimam
1329 3505 1541 3550 vestem
1582 3493 1702 3565 ipse
1741 3492 2040 3559 coniicito;
2079 3503 2135 3547 ut

607 3685 748 3738 alEx

607 3699 633 3722 ³
675 3699 968 3754 exegimus
1013 3699 1181 3738 nosce
1228 3699 1693 3749 bxptanauonum
1729 3699 1780 3734 ιο
1823 3699 2122 3735 Jet‘emtam

535 3756 705 3812 libros
731 3755 800 3809 ad
827 3753 1060 3809 duorum
1089 3753 1360 3821 praecipue
1402 3767 1535 3806 mss.
1563 3751 1751 3816 ﬁdem,
1784 3750 1948 3804 unius
1975 3749 2126 3805 Vati-

532 3827 654 3882 cani
701 3842 850 3880 num.
883 3823 992 3879 250
1039 3825 1356 3889 prrenotari,
1403 3831 1567 3891 atque
1597 3821 1831 3877 alterius
1861 3821 2126 3891 enienda-

531 3898 728 3954 tissimi
765 3894 1169 3956 Cisterciensis,
1201 3895 1316 3948 sive
1349 3889 1696 3948 bibliothecae
1737 3892 1796 3948 S.
1850 3889 2042 3946 Crucis
2071 3893 2121 3946 in

532 3971 835 4027 Jerusalem
866 3968 934 4022 de
961 3966 1130 4024 Urbe.
1161 3965 1448 4020 Rabannm
1475 3979 1716 4034 quoque.
1762 3962 1855 4031 Qui
1900 3963 2124 4018 totidem

527 4042 710 4097 verbis
738 4056 807 4097 ex
837 4037 1304 4109 praestantissimis
1323 4036 1406 4109 sui_
1433 4035 1698 4104 temporis
1713 4035 2126 4109 exemplaribus

533 4112 594 4169 S.
622 4107 870 4168 doctoris
907 4109 1349 4166 Commentarios
1376 4107 1666 4176 descripsit
1690 4147 1705 4168 .
1735 4121 1944 4176 suoque
1972 4107 2123 4175 operi

530 4184 876 4238 continenter
905 4181 1156 4247 inseruit,
1180 4179 1578 4245 consuluimus,
1603 4188 1659 4233 et
1683 4177 1936 4248 pleraque
1963 4192 2029 4232 ex
2059 4192 2126 4233 eo

531 4253 648 4310 loca
678 4254 1083 4324 castigavimns.

604 4325 631 4363 ι)
688 4319 1120 4380 Cremonensem
1174 4322 1509 4392 intelligito,
1565 4319 1651 4375 cui
1706 4319 1758 4374 in
1809 4319 2122 4375 Manlianum

528 4395 966 4452 Commentarios
995 4403 1122 4451 ante
1159 4409 1333 4449 annos
1362 4391 1551 4448 decem
1583 4401 1638 4446 et
1666 4401 1791 4447 orto
1823 4391 2124 4462 inscripse-

528 4477 634 4525 rat.
668 4467 1052 4538 Evangelicum
1085 4481 1248 4538 porro
1295 4465 1469 4538 virum
1518 4463 2008 4538 Jeremiam__vocat
2053 4463 2124 4538 ob

526 4533 929 4621 {ﬁgi-nitateth
986 4533 1132 4621 quod
1185 4544 1242 4592 et
1293 4535 1638 4621 Martianaaus
1679 4550 1745 4621 ex
1784 4533 2122 4621 Illieronymi

528 4605 856 4667 Prél‘atione
889 4605 942 4666 in
969 4605 1216 4680 ejusdem
1249 4608 1528 4679 prophetae
1571 4606 1984 4662 translationem
2014 4605 2120 4661 ob-

525 4691 740 4810 manu}
771 4752 1162 4825 Euangelicum.
1205 4761 1312 4806 etc.
1346 4748 1758 4825 Przel’atioueju
1809 4749 2122 4825 translatio-

524 4839 649 4881 nem
677 4819 952 4890 Jeremim',
997 4838 1218 4879 causam
1259 4822 1498 4876 nominis
1535 4819 1632 4874 viri
1664 4819 1993 4890 Evangelici
2035 4820 2120 4874 bis

522 4897 709 4951 verbis
736 4909 836 4950 nos
865 4889 1064 4953 docet:
1097 4893 1164 4948 Et
1193 4909 1288 4948 sua
1323 4892 1619 4964 virginitate
1645 4889 2015 4962 Euangelicum
2044 4892 2121 4944 υἱ-

521 4981 638 5020 rttm
666 4965 916 5036 Ecclesitz
952 4965 1220 5020 dedicans.
1250 4964 1554 5036 Scripserat
1583 4977 1748 5036 porro
1779 4969 2119 5036 cot_nme_n_ta-

523 5036 637 5108 rios
661 5038 716 5091 in
746 5034 1057 5108 Matthteum
1097 5031 1496 5108 Evatigelistatlt
1537 5049 1682 5088 anno
1721 5033 1933 5108 Domini
1981 5031 2112 5108 598,

520 5106 624 5164 hoc
655 5117 759 5172 est,
782 5105 970 5162 decem
995 5115 1050 5161 et
1076 5118 1200 5160 octo
1231 5103 1384 5161 annis
1414 5115 1708 5176 antequam
1735 5104 1783 5158 in
1814 5103 2112 5159 Jeremiam

517 5194 742 5237 manum
773 5179 1033 5232 mitteret.
1093 5177 1360 5233 MARTIAN.

591 5251 618 5290 ἀ
658 5249 726 5327 Et
761 5246 1174 5327 ψξγδεπίγραφον
1201 5247 1490 5327 Ερὶδιοζαηι
1513 5289 1528 5314 ,
1572 5259 1685 5327 θυιἶ
1709 5247 1851 5327 Editi
1881 5246 2014 5300 falso
2037 5245 2115 5301 le-

516 5335 651 5397 gunt
687 5318 1044 5397 ψιὺδὸγραφὸῖν
1080 5318 1202 5397 cum
1251 5318 1436 5397 paucis
1482 5319 1886 5397 recentioribus
1926 5333 2116 5397 exem-

2259 2283 2524 2339 Libellum
2557 2293 2738 2337 autem
2764 2280 2998 2348 Baruch,
3030 2282 3120 2352 qui
3161 2280 3325 2352 vulgo
3359 2280 3590 2336 editioni
3617 2280 3817 2352 Septua-

2251 2379 2404 2448 ginta
2434 2377 2756 2447 copulatur,
2801 2389 2902 2430 nec
2942 2375 3179 2428 habetur
3208 2373 3352 2443 apud
3405 2372 3695 2438 Hebraeos,
3725 2369 3746 2408 ά
3773 2383 3820 2428 et

2255 2469 2669 2542 ψευδιπίγραφσν
2690 2466 2990 2538 Epistolam
3004 2465 3259 2522 Jeremia:
3289 2481 3631 2536 nequaquam
3659 2464 3819 2521 censui

2253 2563 2654 2627 disserendam,
2684 2560 2780 2617 sed
2813 2560 2982 2632 magis
3008 2559 3263 2614 Ieremia:
3290 2560 3571 2624 ordinem,
3604 2558 3818 2614 librario-

2254 2671 2372 2709 rum
2403 2668 2595 2710 errore
2621 2652 2931 2719 Confusum,
2953 2651 3234 2723 multaque
3253 2667 3375 2723 quae
3399 2652 3622 2720 desunt,
3647 2668 3707 2706 ex
3733 2650 3819 2705 lle-

2251 2750 2414 2804 brzeis
2445 2747 2686 2804 fontibus
2711 2747 2983 2818 digerere,
3014 2761 3076 2801 ac
3105 2747 3416 2817 complere:
3451 2758 3512 2802 ut
3541 2761 3726 2803 novum
3763 2758 3817 2800 ex

2251 2841 2445 2906 veteri,
2476 2855 2783 2911 verumque
2825 2854 2926 2910 pro
2957 2849 3222 2909 corrupto
3269 2850 3436 2910 atque
3483 2841 3671 2897 lalsato
3711 2838 3817 2893 Pro—

2251 2935 2468 3005 phetam
2529 2943 2717 2990 teneas
2762 2951 2776 2987 ι
2832 2935 3233 3004 parvipendens
3283 2933 3710 2990 obtrectatorum
3747 2946 3816 2987 ra-

2248 3030 2414 3094 biem,
2445 3027 2537 3098 qui
2559 3045 2666 3084 non
2698 3028 2875 3084 solum
2900 3028 3090 3094 verba,
3112 3028 3209 3084 sed
3241 3029 3488 3100 syllabas
3509 3044 3714 3101 quoque
3736 3043 3817 3082 no-

2248 3134 2487 3177 suorum
2522 3121 2814 3176 verborum
2859 3121 3313 3177 calumniantur:
3370 3123 3429 3178 in
3489 3140 3556 3179 eo
3601 3138 3659 3180 se
3699 3121 3814 3178 scire

2247 3212 2448 3283 aliquid
2477 3213 2829 3280 arbitrantes,
2860 3215 2905 3269 si
2937 3213 3004 3269 de
3023 3213 3218 3270 alienis
3237 3215 3811 3284 operibusdetrahant:

2250 3316 2272 3343 ο
2306 3317 2363 3360 ut
2396 3321 2569 3374 nuper
2601 3304 2851 3361 indoctus
2880 3307 3240 3362 calumniator
3284 3309 3495 3378 erupit,
3544 3309 3634 3380 qui
3677 3306 3812 3363 Com-

2242 3397 2407 3471 835
2429 3396 2636 3469 -836
2663 3399 2958 3452 meutarios
2987 3413 3138 3454 meos
3168 3397 3224 3453 in
3256 3398 3564 3469 Epistolam
3598 3399 3736 3454 Pauli
3757 3396 3811 3450 ad

2245 3492 2514 3563 Ephesios
2547 3491 3037 3562 reprehendendos
3076 3501 3246 3564 putat.
3298 3494 3410 3552 Nec
3444 3495 3723 3566 intelligit,
3749 3492 3811 3548 ni-

827 3683 968 3738 imus
1013 3683 1181 3738 hosce
1228 3681 1693 3749 Explanationnm
1729 3681 1780 3734 in
1823 3679 2122 3751 Ieremiam
2156 3685 2202 3744 Β
2231 3673 2316 3734 tur
2338 3680 2449 3751 jam
2477 3678 2776 3750 prudentes
2801 3689 2856 3735 et
2881 3681 3021 3751 mqui
3055 3681 3296 3736 lectores
3317 3681 3616 3749 judicium,
3649 3680 3808 3743 ﬁdem,

2235 3751 2687 3824 eteruditionem
2715 3751 2889 3824 critici
2912 3751 3356 3818 calumniatoris,
3387 3757 3484 3824 qui
3517 3769 3637 3809 cum
3663 3768 3810 3824 nuper

2232 3821 2459 3876 vidisset
2484 3823 2732 3876 codicem
2763 3821 2989 3892 Regium
3020 3821 3464 3889 manuscriptum
3495 3841 3644 3880 num.
3667 3823 3806 3885 3990,

2209 3893 2368 3966 {alias
2390 3892 2517 3954 569.
2542 3894 3004 3966 complectentem
3033 3893 3480 3966 Commentarios
3528 3895 3811 3966 Hieronymi

2231 3965 2282 4018 in
2309 3964 2600 4035 Jereniiam
2633 3974 2688 4018 et
2709 3963 2778 4017 ab
2819 3966 3019 4019 abbate
3049 3965 3214 4020 Petro
3247 3967 3543 4035 relectum,
3593 3963 3805 4022 clam—are

2231 4038 2400 4106 carpit
2429 4037 2480 4089 in
2509 4034 2738 4089 famosis
2761 4036 2876 4089 suis
2907 4035 3105 4092 libellis
3129 4054 3142 4090 :
3180 4055 3198 4088 ι
3225 4037 3268 4092 0
3293 4037 3478 4094 fraus!
3505 4034 3538 4093 ο
3566 4036 3806 4095 temerarii

2232 4107 2886 4166 monachi.Benedictini!
2916 4121 2950 4160 o
2969 4119 3325 4178 corruptores
3356 4109 3809 4178 praestantissimos

2231 4195 2346 4233 rum
2380 4179 2637 4250 librorum
2687 4179 2962 4250 veterum!
3002 4197 3021 4231 ›
3055 4177 3127 4250 Si,
3148 4189 3330 4234 autem
3361 4177 3661 4250 quaesieris
3695 4177 3803 4250 quid

2230 4258 2382 4305 tanto
2415 4248 2566 4304 hiatu
2597 4251 2818 4319 dignum
2849 4249 3088 4304 clamet?
3111 4248 3428 4319 Respondet
3445 4268 3573 4306 CIIII]
3599 4248 3806 4308 maerore

2227 4323 2410 4376 cordis
2455 4333 2511 4376 et
2554 4320 2748 4376 dolore
2785 4323 3074 4385 stomachi,
3117 4339 3136 4372 ί
3177 4321 3372 4376 Petrus
3401 4323 3580 4379 abbas
3615 4337 3806 4378 monas-

2227 4394 2346 4448 terii
2401 4391 2740 4448 Miciacensis
2787 4391 3017 4446 sustulit
3065 4407 3256 4447 vocem
3308 4393 3558 4449 Graecam
3593 4392 3803 4448 Pseudo-

2225 4463 2460 4534 graphou
2488 4478 2519 4518 e
2551 4479 2649 4517 suo
2680 4463 3002 4534 exemplari.
3038 4463 3178 4517 Proh
3220 4463 3404 4520 nefas!
3460 4465 3670 4530 Venite,
3697 4479 3801 4518 era-

2225 4532 2419 4588 damus
2467 4548 2660 4588 omnes
2707 4532 3006 4588 monachos
3039 4534 3098 4589 S.
3145 4535 3428 4590 Benedicti
3455 4536 3529 4592 de
3569 4545 3708 4592 terra
3737 4535 3803 4586 vi-

2226 4607 2487 4670 ventium,
2521 4606 2646 4672 quia
2696 4615 2752 4659 et
2796 4604 2901 4673 ipsi
2950 4605 3011 4678 in
3053 4605 3218 4678 libris,
3249 4610 3495 4678 antiquis
3541 4614 3803 4678 eraserunt

2226 4692 2385 4749 unam
2419 4690 2611 4749 vocem
2657 4689 2891 4749 graecam
2923 4691 2954 4732 e
2985 4676 3260 4749 Prooemio
3307 4676 3721 4749 S.‘llieronymi
3757 4676 3799 4730 in

2222 4745 2963 4803 Commentariosileremim.
3007 4767 3026 4800 ι
3073 4747 3180 4804 Sed
3211 4763 3359 4804 nunc
3389 4765 3560 4817 parce
3603 4745 3797 4817 lingua,

2223 4833 2387 4885 parce
2416 4817 2562 4889 stylo
2589 4833 2816 4882 serpens
2860 4819 3133 4874 contritus
3175 4831 3230 4875 et
3259 4829 3613 4886 excantatus;
3639 4823 3798 4888 relege

2224 4890 2612 4945 Przel'ationem
2647 4891 2705 4946 S.
2744 4889 3015 4953 Doctoris,
3065 4906 3122 4945 ut
3168 4900 3223 4944 te
3253 4903 3644 4957 compunctum
3689 4905 3800 4945 scn-

2223 4963 2324 5034 tias
2363 4961 2545 5034 verbis
2598 4961 2916 5034 llieronymi
2962 4961 3113 5034 velut
3149 4963 3292 5017 notis
3327 4962 3600 5018 Threiciis
3627 4969 3732 5034 :_et
3757 4959 3795 5014 si

2223 5032 2402 5087 rabies
2433 5033 2773 5087 obtrectandi
2806 5032 3106 5102 permittat,
3139 5034 3370 5089 consule
3413 5049 3545 5089 mss.
3573 5032 3792 5095 codices,

2141 5077 2186 5139 (ἶ
2223 5103 2403 5158 fruere
2429 5103 2774 5160 bibliothecis
2806 5077 3062 5158 ὀηιιιὶιηιι
3090 5077 3560 5160 ἶηοηεειεῖἰοηιῆ
3596 5077 3791 5162 Galliae:

2218 5174 2408 5233 Italiae.
2461 5173 2770 5230 Germania:
2823 5185 2880 5230 et
2929 5175 3235 5245 Hispaniae,
3295 5187 3355 5230 ut
3412 5178 3610 5231 invitus
3659 5171 3792 5245 testis

2217 5247 2448 5318 accedas
2478 5246 2606 5301 ﬁdei
2635 5256 2688 5302 et
2719 5247 3006 5318 religionis
3030 5243 3279 5301 omnium
3301 5247 3694 5303 monachorum
3711 5243 3790 5314 qvi

2215 5318 2269 5390 in
2323 5317 2535 5372 duobus
2589 5317 2841 5372 millibus
2871 5318 3266 5390 exemplarium
3311 5321 3788 5390 manuscriptorum

514 5385 756 5471 plaribus
782 5385 913 5447 ms's'.
945 5385 1066 5462 qua:
1097 5385 1296 5471 habent
1322 5389 1721 5471 Pseudografon
1751 5404 1816 5444 ex
1842 5389 2112 5471 imperitia
2214 5389 2470 5471 distincte
2499 5391 2839 5471 scripserunt
2868 5385 3058 5471 vocem
3090 5388 3358 5471 Grecam,
3399 5405 3500 5461 pro
3525 5385 3627 5471 qua
3675 5385 3786 5468 sub-

516 5462 853 5521 notariorum
885 5473 1151 5519 veterum.
1184 5462 1386 5519 Creteri
1411 5477 1603 5517 omnes
1636 5462 1990 5530 manuscripti
2020 5475 2112 5515 co-

515 5535 669 5593 dices
693 5537 985 5613 genuinam
1006 5549 1196 5613 vocem
1218 5533 1970 5613 ψευδεπίγραφονεοηειωιεθιχ
1989 5534 2112 5587 reti.

521 5618 672 5663 nent.
700 5603 761 5664 In
807 5621 916 5661 uno
954 5603 1328 5676 pulcherrimo
1356 5617 1410 5662 et
1441 5603 1650 5675 optimo
1677 5603 1978 5676 exemplari
2004 5617 2108 5657 ms.

518 5677 769 5732 Abbatiaa
795 5673 1208 5743 Cluniacensis,
1255 5684 1309 5733 et
1339 5673 1510 5731 altero
1541 5676 1599 5731 S.
1633 5675 1834 5729 Albinii
1863 5673 2114 5744 Andega-

519 5745 704 5805 vensis
772 5747 1032 5818 scriptum
1103 5748 1278 5820 reperi
1334 5754 1858 5808 γΕΥΔοΕΠιΓΡΔωΝ
1918 5745 2116 5802 Miren—

2217 5462 2320 5515 lata
2371 5475 2438 5516 ex
2491 5462 2652 5515 unico
2713 5461 3054 5531 exemplari,
3111 5461 3166 5516 in
3219 5460 3420 5518 tantam
3473 5460 3786 5518 calumniam

2215 5531 2463 5602 erupisti.
2498 5531 2768 5588 Murus.

2295 5615 2317 5639 ε
2358 5603 2633 5674 Pelagium
2667 5613 2839 5668 notat,
2870 5602 3028 5673 cujus
3059 5603 3226 5674 paulo
3269 5614 3390 5674 post
3427 5611 3782 5674 prtecursorem

2221 5673 2548 5740 Grunnium,
2579 5673 2831 5731 Ruﬁnum
2864 5673 3094 5745 scilicet,
3129 5674 3276 5731 dicit.

3261 6306 3320 6314 ἡ
3365 6296 3464 6312 -Αδ-εε
3484 6285 3770 6310 δ--π--ε--ἅ
