3972 6390
153 335 258 394 681

701 333 707 339 ’
737 338 1390 399 COMMENTAIIIOIIUM
1427 338 1492 395 IN
1533 334 1799 394 JEIIEMI.

1928 332 2357 393 PROPIIETAM
2396 335 2527 391 LIB.
2569 334 2610 391 Ι.
2653 336 2807 393 CAP.
2848 338 2892 394 Ι.

146 447 258 503 mia
310 455 558 508 stertens
585 451 865 517 vecordia,
895 453 1047 523 leges
1082 450 1645 515 Commentariorum,
1697 448 1754 505 in
1782 470 1839 531 Α

3357 337 3463 393 682
3479 357 3491 373 ·

1930 447 2040 505 Nec
2099 448 2425 505 recordatur
2491 448 2916 517 stolidissimos,
2964 460 3020 505 et
3087 450 3114 490 ιι
3167 450 3458 509 Scotorum

153 541 363 613 quibus
391 543 579 599 multae
630 542 970 599 diversorum
1001 554 1281 613 ponuntur
1328 542 1636 612 opiniones,
1668 540 1755 597 vel
1860 543 2104 613 pultibus
2148 551 2545 615 pra-gravatus,
2598 558 2698 598 nos
2747 544 2799 599 in
2850 543 2972 615 ipso
3002 543 3209 599 dixisse
3256 559 3464 615 opere:

148 634 359 705 tacitis,
390 636 479 692 vel
503 635 783 706 expressis
807 637 1106 692 Auctorum
1137 634 1473 701 nominibus,
1506 642 1565 689 ut
1587 635 1756 691 lecto-

150 728 238 785 ris
255 730 545 785 arbitrium
561 729 654 794 sit,
670 728 800 800 quid
832 729 1176 800 potissimum
1191 729 1397 799 eligere
1418 728 1637 794 debeat,
1669 728 1764 786 de-

150 837 389 879 cernere
415 841 430 877 :
455 837 789 893 quamquam
821 833 877 879 et
906 822 961 878 in
994 824 1174 894 primo
1203 822 1451 894 ejusdem
1482 823 1669 894 operis
1692 822 1762 878 Ii-

151 914 258 971 bro
287 914 544 985 praelatus
571 914 701 982 sim,
732 929 822 969 me
850 914 939 970 vel
980 914 1229 986 propria,
1267 914 1352 971 vel
1384 913 1562 970 aliena
1590 913 1767 971 dictu-
1820 964 1829 973 .

154 1023 281 1063 rum
316 1024 330 1061 :
357 1016 413 1064 et
441 1008 592 1077 ipsos
619 1006 1086 1074 Commentarios,
1116 1015 1223 1062 tam
1247 1015 1495 1063 veterum
1517 1005 1760 1080 Scripto-

156 1114 285 1155 rum
308 1113 456 1163 esse,
488 1112 652 1169 quam
685 1107 930 1153 nostros.
966 1095 1123 1165 Quod
1154 1112 1259 1151 non
1288 1096 1483 1152 videns
1530 1112 1770 1167 praecur-

156 1207 255 1248 sor
283 1198 309 1229 ι
348 1190 469 1262 ejus
497 1189 804 1254 Grunnius,
854 1189 988 1245 olim
1043 1189 1194 1244 nisus
1233 1197 1323 1245 est
1369 1204 1617 1260 carpere.
1667 1187 1771 1246 Cui

159 1282 376 1339 duobus
408 1281 669 1353 respondi
701 1281 857 1338 libris
880 1322 896 1347 ,
926 1280 1020 1336 ubi
1051 1296 1173 1351 qua:
1197 1280 1303 1336 istc
1329 1280 1490 1352 quasi
1514 1295 1609 1337 sua
1642 1296 1768 1352 pro-

160 1377 297 1443 fert,
350 1375 547 1432 etalio
589 1376 704 1446 jam
754 1374 1148 1440 calumniante,
1204 1385 1432 1447 purgata
1483 1386 1659 1431 sunt:
1714 1384 1772 1430 ut

160 1478 487 1542 praeteream
519 1477 709 1524 contra
759 1465 1107 1522 Joviniauum
1144 1467 1441 1533 volumina,
1491 1468 1547 1522 in
1574 1466 1771 1537 quibus

161 1563 317 1619 dolet
348 1561 709 1632 virginitatem
740 1558 965 1631 nuptiis,
1016 1565 1074 1615 et
1118 1559 1334 1629 nuptias
1381 1558 1658 1630 digamiae,
1689 1558 1771 1614 di-

163 1654 408 1728 gamiam
446 1651 774 1725 polygamiae
802 1665 930 1707 esse
960 1650 1270 1721 praelatam.

1867 653 1887 686 ι
1916 635 2035 691 Non
2054 636 2257 691 damno
2280 635 2554 705 digamus,
2582 635 2751 691 immo
2766 651 2867 693 nee
2890 635 3151 709 trigamos
3168 677 3183 701 ,
3203 645 3261 693 et
3277 638 3321 692 si
3344 637 3463 693 ﬁeri

1863 736 2045 798 potest
2067 740 2422 799 octogamos:
2453 730 2572 799 plus
2608 729 2815 799 aliquid
2842 729 3095 795 inferam,
3122 730 3287 786 etiam
3316 744 3471 786 scor-

1865 828 2103 877 tatorem
2149 820 2362 892 recipio
2411 821 2820 892 ptenitentem:
2878 821 3141 892 quidquid
3190 821 3473 892 aequaliter

1866 911 2017 973 licet,
2050 912 2248 983 aequali
2279 913 2433 970 lance
2459 914 2801 983 pensandum
2841 923 2944 970 est.
2979 934 2997 967 ι
3031 914 3197 986 Legat
3222 914 3468 985 ejusdem

1868 1005 2056 1074 operis
2079 1004 2433 1076 Apologiam,
2464 1022 2629 1074 quam
2658 1016 2787 1063 ante
2814 1022 2992 1063 annos
3021 1008 3287 1078 plttrimos
3323 1019 3344 1047 ο
3378 1006 3473 1063 ad-

1870 1112 2067 1154 versus
2105 1098 2431 1170 magistrum
2471 1098 2589 1168 ejus
2609 1099 2858 1170 gaudens
2889 1100 3058 1156 Roma
3094 1102 3337 1170 suscepit
3366 1120 3377 1155 :
3420 1111 3479 1156 et

1873 1198 2001 1246 tunc
2025 1190 2450 1259 animadvertet,
2486 1192 2686 1248 alienis
2713 1208 2774 1248 se
2806 1194 3032 1248 vocibus
3056 1194 3434 1264 blasphetnarc
3460 1213 3475 1261 ;

1875 1291 1932 1339 et
1960 1283 2014 1337 in
2051 1292 2262 1337 tantum
2285 1298 2410 1339 esse
2436 1284 2776 1353 imperitum,
2821 1295 2876 1340 ut
2920 1300 2989 1341 ne
3029 1285 3319 1341 maledicta
3357 1286 3480 1356 qui-

1877 1375 2004 1431 dem
2033 1375 2233 1431 habeat
2264 1378 2490 1446 propria
2522 1393 2535 1429 :
2571 1375 2668 1431 sed
2726 1376 3073 1432 inimicorum
3124 1377 3291 1432 etiam
3347 1378 3480 1432 olint

1878 1469 2223 1539 sepultorum
2250 1478 2441 1526 contra
2472 1484 2571 1525 nos
2594 1479 2779 1526 utatur
2808 1470 2981 1527 rabie.
3015 1470 3121 1528 Sed
3146 1470 3258 1541 jam
3283 1485 3484 1542 propo-

1879 1562 2047 1618 situm
2077 1578 2219 1634 opus
2245 1561 2674 1634 aggrediendum
2706 1572 2811 1618 est.

242 1809 271 1837 οι
313 1798 450 1874 Ejus
478 1796 771 1874 Grunnius.
822 1796 939 1874 Hoc
964 1798 1188 1874 npmine
1221 1796 1475 1851 Ruﬁnum
1518 1805 1695 1874 notat,
1718 1807 1779 1853 ut
1808 1800 1853 1861 Β
1883 1805 1974 1874 t_ea_
1998 1797 2181 1853 Scotia
2206 1796 2570 1874 appellatum
2606 1805 2726 1874 _e_st.
2762 1798 2875 1874 Hoc
2906 1798 3074 1874 igitur
3124 1811 3288 1874 sensu
3303 1807 3491 1874 “genta

166 1874 337 1930 etiam
356 1867 504 1927 infra
552 1869 878 1927 Prmt‘atione
910 1867 965 1922 in
996 1867 1220 1939 Librum
1252 1878 1509 1939 quartum
1542 1869 1773 1924 istorum
1881 1867 2169 1924 Britannus
2188 1867 2829 1939 dicitur_Mario.Mercat.
2860 1870 2912 1922 in
2932 1867 3269 1924 Commonit.
3295 1867 3489 1924 0i°osio

167 1943 728 2001 Commentariorum.
756 1939 891 1996 Vide
921 1938 1211 2009 epistolam
1241 1938 1308 1994 ad
1341 1937 1626 1995 Rusticum
1658 1954 1778 1993 mo-

170 2019 433 2081 nachum,
457 2012 551 2069 ubi
578 2011 882 2068 Grunnium
906 2009 1171 2081 graphice
1197 2009 1466 2081 depinxit.
1500 2010 1775 2065 Murrum.

245 2086 274 2126 δ
316 2086 399 2141 Ex
430 2086 531 2140 hoc
563 2084 683 2139 loco
712 2080 955 2147 itemque
997 2082 1106 2136 alio
1135 2080 1380 2147 ejusdem
1413 2080 1639 2136 llieron.
1676 2080 1774 2134 inf.

175 2158 273 2215 lib.
303 2172 387 2221 Ill,
417 2166 603 2211 natum
635 2154 835 2211 Scotite
860 2150 1137 2222 Pelagium
1161 2150 1331 2222 fuisse
1355 2151 1648 2222 evincitur.
1678 2151 1780 2220 Qui

172 2230 223 2285 si
244 2220 397 2311 apud.
424 2226 541 2311 ejus
566 2227 665 2311 aevi
686 2220 1381 2311 Scriptores—vulgo‘Bt-ito,
1415 2234 1469 2311 et
1492 2220 1783 2311 Britannus

174 2293 354 2361 audit,
385 2293 514 2354 inde
542 2303 631 2353 est
656 2293 1038 2368 quod’Latine
1089 2293 1371 2368 Britannia
1420 2295 1611 2368 totius;
1637 2302 1785 2349 esset

173 2371 378 2428 insulae
417 2383 617 2425 nomen
640 2363 813 2437 {non
844 2374 1076 2436 excepto
1103 2364 1253 2420 Nord
1295 2363 1439 2436 ipso,
1472 2366 1617 2436 quod
1657 2378 1786 2435 pos-

1885 1941 1938 2011 in
1974 1940 2315 2011 Apologetjc.
2375 1937 2682 2011 Britannias
2729 1947 2946 1994 noster:
2988 1939 3261 2009 Prospero
3305 1940 3489 2011 Carm.

1886 2010 1955 2083 de
1987 2007 2186 2083 itigraf.
2220 2007 2443 2083 Cojuber
2469 2008 2757 2083 Britannus
2790 2026 2814 2083 :A
2845 2018 2900 2065 et
2931 2020 3058 2066 ante
3087 2007 3279 2067 omnes
3308 2008 3491 2081 Augu-

1885 2082 2016 2136 stin.
2042 2079 2204 2152 épist.
2244 2080 2369 2146 186,
2402 2079 2551 2134 Brito
2578 2081 2996 2152 cognominatus.

1962 2163 1985 2190 ο
2027 2150 2289 2227 Adversus
2309 2154 2617 2224 magistrum
2648 2153 2781 2227 ejus.
2806 2150 2865 2205 In
2892 2152 3089 2227 plurali
3112 2154 3387 2227 magistros
3418 2153 3493 2227 le:

1887 2223 2066 2292 gimns
2093 2223 2144 2278 in
2172 2221 2415 2292 antiquo'
2431 2236 2536 2277 ms.
2565 2221 2759 2277 codice
2788 2233 2979 2279 nostro
3016 2221 3494 2281 Sancti'Germani

1888 2309 1917 2348 a
1946 2294 2147 2350 Pratis.
2174 2293 2451 2349 Maurum.

177 2502 3476 2534 —_—.‘—-———-——-———————-——————-——_

1233 2656 1712 2769 LIBER
1780 2653 2435 2765 PRIMUS.

259 3002 425 3075 (Cap.
476 2999 518 3055 I.
548 3026 621 3040 ——
648 2995 810 3052 Vers.
859 2995 887 3048 ί
942 2989 1125 3061 seqq.)
1189 2985 1362 3041 Verba
1404 2980 1794 3075 JercmiwA/ilii
1822 2988 1870 3053 ο
1899 2979 2219 3075 IEgyptum.
2244 2978 2431 3050 Ibique
2454 2980 2802 3050 prophetavit
2825 2981 2877 3035 in
2907 2980 3174 3051 Taphnis,
3209 2994 3267 3039 ut
3290 2984 3393 3043 hoc
3423 2987 3506 3056 ip-

189 3073 395 3150 Helcia:
420 3091 485 3146 de
532 3085 890 3146 sacerdotibus
934 3082 1025 3151 qui
1067 3085 1278 3153 fuerunt
1334 3078 1393 3131 in
1420 3073 1687 3130 Anathoth
1742 3073 1797 3126 in

188 3200 331 3246 terra
370 3186 682 3261 Benjamin:
722 3178 862 3255 quod
894 3179 1095 3249 factum
1119 3183 1191 3230 est
1233 3172 1443 3228 verbum
1483 3167 1693 3224 Domini
1729 3164 1797 3221 ad

189 3300 309 3338 eum
337 3283 392 3335 in
419 3260 600 3334 diebus
634 3275 798 3331 Josite
843 3272 943 3343 filii
973 3270 1141 3324 Aman
1189 3266 1325 3337 regis
1350 3262 1513 3327 Iuda,
1549 3262 1605 3315 in
1649 3260 1800 3313 tertio

190 3376 391 3430 decimo
417 3387 557 3426 anno
584 3368 729 3443 regni
753 3370 885 3440 ejus.
922 3361 993 3418 Et
1032 3361 1231 3431 factum
1251 3366 1325 3411 est
1355 3356 1411 3410 in
1454 3352 1637 3408 diebus
1671 3348 1804 3405 Joa-

191 3471 293 3524 cim
325 3467 426 3538 ﬁlii
454 3463 617 3519 Josite
645 3461 781 3532 regis
810 3457 977 3524 Iuda,
1011 3468 1172 3524 usque
1200 3450 1270 3505 ad
1300 3445 1801 3503 consummationem

195 3560 464 3617 undecimi
515 3556 641 3611 anni
696 3552 924 3610 Sedecia:
960 3548 1059 3619 [itii
1090 3544 1253 3601 Iasiaz
1281 3543 1415 3616 regis
1444 3539 1608 3608 Juda,
1645 3553 1804 3607 usque

194 3655 266 3709 ad
299 3648 815 3722 transmigrationem
840 3641 1156 3706 Jerusalem,
1178 3640 1235 3693 in
1264 3651 1433 3691 mense
1458 3634 1658 3706 quinto.
1687 3627 1806 3685 Ca:-

198 3750 298 3806 teri
345 3744 659 3819 prophetae,
694 3750 756 3796 ut
799 3738 990 3803 Isaias,
1025 3732 1188 3799 Osee,
1231 3730 1374 3796 Joel,
1426 3727 1652 3783 fuerunt
1677 3728 1808 3777 ante

202 3842 590 3914 captivitatem
642 3835 835 3892 decem
885 3831 1127 3887 tribuum
1173 3824 1367 3893 Israel,
1403 3821 1523 3878 sive
1571 3819 1805 3875 duarum

200 3938 469 3999 tribuum,
497 3930 656 3988 Judas
683 3940 739 3985 et
765 3923 1072 3996 Benjamin.
1106 3921 1210 3977 Alii
1238 3928 1365 3990 post
1394 3914 1805 3987 captivitatem:

202 4039 263 4083 ut
290 4025 507 4089 Daniel,
536 4023 769 4093 Aggaeus
795 4027 853 4075 et
882 4014 1199 4072 Zacharias.
1236 4010 1508 4068 Jeremias
1552 4016 1732 4062 autem
1756 4011 1813 4059 et

201 4118 461 4176 Ezechiel
510 4115 836 4170 imminente
879 4108 1204 4179 captivitate
1249 4104 1574 4161 vaticinium
1620 4108 1813 4154 texue-

201 4223 336 4272 runt
368 4232 379 4267 :
410 4211 505 4268 sed
533 4212 673 4267 alter
703 4221 896 4264 eorum
929 4206 982 4258 in
1016 4213 1163 4258 terra
1190 4198 1367 4256 Juda:
1399 4197 1537 4251 alter
1560 4193 1614 4249 in
1645 4190 1815 4262 Baby-

204 4308 354 4362 lone.
391 4301 662 4360 Jeremias
707 4314 832 4355 cum
879 4302 1031 4351 esset
1074 4291 1254 4347 adhuc
1291 4303 1450 4361 puer,
1483 4283 1814 4357 prophetare

1900 3086 1963 3127 so
1988 3071 2263 3127 volumine
2308 3072 2638 3128 continetur.
2672 3074 2780 3128 Pro
2831 3073 3014 3128 verbis
3042 3075 3321 3144 Jeremiae,
3367 3079 3504 3149 Sep-

1904 3164 2151 3236 tuaginta
2185 3173 2510 3234 posuerunt,
2558 3163 2782 3220 Verbum
2814 3163 2914 3219 Dei
2941 3167 3083 3236 quod
3104 3168 3303 3238 factum
3334 3180 3406 3224 est
3435 3170 3504 3225 ad

1900 3256 2186 3312 Jeremiam
2207 3255 2591 3329 (Jerem.xt.ut,
2622 3256 2681 3326 8)
2708 3276 2719 3311 :
2750 3258 2854 3313 hoc
2882 3257 3503 3332 videlicetsensu,quod

1902 3353 2072 3408 verba
2099 3351 2357 3407 Jeremize
2388 3351 2618 3407 verbum
2658 3352 2730 3405 sit
2779 3350 3020 3407 Domini.
3052 3352 3175 3409 Fuit
3208 3365 3388 3411 autem
3437 3356 3506 3412 de

1902 3458 2105 3515 genere
2134 3442 2483 3498 sacerdotum
2513 3487 2527 3511 ,
2562 3442 2653 3513 qui
2703 3441 3022 3499 habitabant
3066 3454 3258 3500 contra
3289 3455 3511 3516 septen-

1906 3538 2139 3593 trionem
2162 3535 2465 3592 Jerusalem
2493 3533 2744 3606 injtertio
2775 3533 3058 3604 milliario,
3089 3545 3145 3591 ct
3170 3545 3196 3574 ι
3228 3537 3409 3593 viculo
3438 3540 3512 3594 A-

1906 3627 2158 3685 nathotb.
2190 3626 2470 3697 Simulque
2519 3625 2858 3682 admirabilis
2914 3627 3207 3683 clementia
3256 3629 3511 3696 Domini,

1907 3721 2052 3793 quod
2088 3721 2200 3791 jam
2246 3720 2566 3790 captivitate
2599 3718 2803 3785 vicina,
2848 3726 2904 3773 et
2935 3718 3238 3790 Babylonio
3263 3720 3512 3775 exercitu

1908 3814 2143 3870 vallante
2170 3811 2495 3878 Jerusalem,
2535 3810 2897 3866 nihilominus
2947 3811 3213 3883 populum
3241 3812 3308 3867 ad
3341 3814 3518 3884 poeni-

1912 3912 2142 3968 tentiam
2170 3917 2458 3982 provocat,
2494 3908 2704 3963 malens
2742 3906 2960 3965 salvare
2994 3921 3308 3972 conversos,
3351 3925 3514 3979 quant

1915 4002 2147 4075 perdere
2197 4000 2605 4071 delinquentes.
2652 3998 2756 4055 Pro
2816 4000 3325 4070 transmigratione,
3373 4001 3519 4071 quod

1914 4111 2109 4153 omnes
2154 4094 2246 4151 alii
2274 4109 2410 4150 voce
2435 4106 2677 4148 consona
2707 4092 3130 4159 transtulerunt,
3159 4093 3520 4165 Septuaginta

1916 4203 2149 4261 posuere
2173 4187 2548 4257 captivitatem.
2572 4184 2705 4241 Post
2735 4183 3024 4239 exordium
3051 4192 3230 4241 autem
3256 4187 3518 4243 vaticina-

1918 4281 2087 4336 tionis
2106 4280 2381 4344 Jeremiae,
2412 4276 2696 4333 tricesimo
2716 4274 2911 4345 quinto
2943 4275 3242 4346 prophetia:
3270 4277 3390 4348 ejus
3418 4293 3520 4334 an-

206 4400 360 4472 cepit
386 4413 533 4452 anno
574 4396 739 4452 tertio
764 4391 982 4448 decimo
1023 4385 1191 4444 Josite
1218 4384 1317 4439 lilii
1342 4382 1518 4438 Amon
1547 4377 1691 4472 regis
1720 4377 1817 4433 Ju-
1842 4391 1898 4453 D
1924 4386 2015 4439 no,
2051 4370 2388 4454 Ezecltlelin
2422 4367 2697 4472 liabylo‘ne
2728 4365 2814 4421 his
2835 4366 2929 4438 qui
2958 4381 3081 4423 cum
3111 4383 3180 4424 eo
3207 4369 3353 4440 capti
3393 4369 3517 4426 fue-

209 4471 315 4550 dze.
350 4488 824 4560 Prophetavitque
855 4485 908 4539 in
941 4480 1177 4551 imperio
1208 4477 1328 4549 ejus
1355 4472 1517 4530 annis
1545 4471 1735 4528 decem
1765 4478 1822 4525 et

214 4600 417 4643 novem
450 4603 462 4638 ε
496 4590 552 4640 et
578 4592 768 4654 postea
807 4578 912 4634 sub
940 4575 1149 4632 Joacim
1183 4571 1298 4627 ﬁlio
1318 4569 1438 4641 ejus
1457 4565 1618 4623 annis
1648 4562 1822 4619 unde-

215 4681 322 4736 cim
355 4696 370 4733 ε
400 4686 456 4732 et
488 4676 590 4731 sub
629 4671 880 4737 Sedeeia,
908 4669 1000 4739 qui
1042 4667 1269 4723 ultimus
1298 4662 1398 4719 fuit
1436 4674 1630 4732 regum
1657 4655 1819 4721 Juda,

217 4772 380 4829 annis
412 4767 694 4831 undecim,
721 4778 895 4835 usque
924 4760 991 4816 ad
1021 4760 1271 4830 quintum
1303 4768 1575 4819 mensem,
1604 4747 1825 4822 quando

220 4881 249 4919 ιι
281 4859 600 4933 Babyloniis
636 4866 793 4929 capta
825 4864 911 4910 est
956 4850 1285 4909 Jerusalem.
1328 4845 1568 4903 Joachaz
1609 4856 1740 4898 vero
1770 4848 1827 4896 et

223 4953 505 5013 Jechoniu:
528 4952 669 5006 terni
696 4961 915 5004 menses
941 4949 1196 5015 (quorum
1225 4939 1365 4994 alter
1395 4938 1449 4992 in
1473 4934 1772 5007 Egyptum
1800 4972 1815 4998 ,

225 5049 365 5104 alter
389 5044 553 5119 837
577 5059 701 5099 enm
733 5051 907 5097 tnatre
931 5040 1128 5094 ductus
1156 5044 1242 5091 est
1289 5033 1345 5088 in
1376 5027 1734 5103 Babylonem)
1754 5028 1824 5119 in

229 5118 563 5213 supradictis
592 5138 750 5193 annis
776 5137 1160 5204 computantur
1186 5143 1202 5184 :
1243 5140 1343 5197 per
1382 5123 1488 5179 hoc
1507 5121 1576 5177 ab
1598 5118 1829 5177 exordio

230 5233 539 5307 prophetia;
565 5246 680 5289 suae
701 5243 876 5300 usque
895 5226 961 5282 ad
993 5221 1363 5294 captivitatem
1404 5214 1830 5307 Jerusalem-iu

232 5302 423 5399 quaet
444 5327 561 5395 ipse
580 5332 775 5393 captus
798 5329 907 5385 est,
939 5312 1289 5389 propltetavit
1319 5306 1481 5364 annis
1502 5302 1833 5399 quadragin-

239 5396 288 5478 ta
312 5429 369 5478 et
394 5434 503 5476 uno
533 5435 549 5474 :
578 5426 778 5489 praeter
808 5412 945 5470 illud
968 5418 1188 5481 tempus
1214 5401 1433 5476 quando
1452 5399 1653 5457 ductus
1674 5404 1758 5454 est
1780 5396 1836 5451 in

316 5629 344 5659 ι
374 5616 585 5674 Vitiose
608 5614 817 5687 pridem
850 5617 970 5687 erat
992 5606 1219 5687 vinculo.
1314 5672 1353 5687 n
1458 5670 1471 5687 ,
1612 5686 1615 5687 ν
1650 5670 1661 5682 .

316 5690 344 5728 ι’
377 5670 629 5744 Vit't'teéh.‘
648 5670 755 5743 320
783 5684 1076 5754 pericopen
1107 5679 1276 5754 hanc,
1305 5670 1623 5745 Prophetam
1643 5670 1699 5724 in
1720 5684 1845 5740 gen-

250 5762 385 5817 tibus
411 5762 631 5825 dedite,
668 5758 757 5813 hic
786 5750 1180 5827 ιιοιιιιςιιοειςξὶιΓ
1284 5817 1296 5827 ·
1369 5814 1405 5827 η
1473 5813 1486 5826 ,
1570 5812 1580 5827 Ι
1689 5810 1701 5824 ,

328 5810 1044 5899 :th'it—tzrue'sis'suspicat‘ur.
1079 5817 1331 5891 Origettis
1351 5812 1646 5885 discipulos
1686 5810 1848 5868 intel-

493 5927 773 5988 Ρηιιοι..
820 5914 1058 5979 XXIV.

1921 4472 2066 4530 rant,
2096 4476 2331 4519 exorsus
2366 4467 2453 4517 est
2482 4458 2831 4531 prophetare.

1997 4556 2178 4627 (Vers.
2203 4554 2259 4620 4,
2283 4551 2363 4624 5.)
2394 4552 2462 4607 Et
2493 4553 2689 4623 factum
2722 4558 2795 4606 est
2828 4550 3039 4606 verbum
3070 4550 3286 4607 Domini
3306 4553 3375 4607 ad
3404 4571 3486 4610 me
3506 4600 3521 4622 ,

1925 4649 2098 4725 dicens
2129 4663 2149 4701 :
2185 4644 2500 4716 Priusquam
2534 4652 2582 4696 te
2611 4646 2894 4713 formarem
2922 4644 2977 4697 in
3004 4653 3179 4711 utero,
3216 4646 3332 4700 novi
3361 4656 3449 4712 te;
3477 4659 3526 4702 et

1925 4748 2201 4807 antequam
2215 4737 2383 4792 exires
2399 4735 2464 4791 de
2478 4736 2635 4789 vulva
2650 4775 2663 4797 ,
2693 4732 3015 4803 sanctiﬁcavi
3042 4744 3090 4788 te
3112 4753 3131 4789 :
3156 4733 3184 4773 δ
3210 4734 3527 4809 Pwphetam

1926 4836 1980 4891 in
2019 4834 2256 4906 gentibus
2295 4831 2417 4887 dedi
2464 4839 2531 4885 te.
2565 4828 2684 4885 Non
2728 4843 2838 4898 quo
2889 4837 3015 4883 ante
3064 4831 3525 4900 conceptionem,

1931 4942 1952 4968 ο
1982 4939 2040 4984 ut
2062 4926 2290 4982 haeresis
2318 4922 2660 4995 suspicatur,
2695 4919 2862 4975 fuerit
2894 4919 3163 4977 Jeremias
3193 4940 3206 4976 :
3238 4919 3266 4960 ἀ
3300 4924 3395 4980 sed
3423 4940 3534 4996 quo

1929 5020 2210 5093 pracsciret
2236 5034 2359 5074 eum
2393 5014 2633 5071 futurum
2669 5014 2933 5071 Dominus
2955 5055 2971 5082 ,
3003 5014 3089 5069 cui
3137 5015 3367 5071 necdum
3393 5017 3535 5075 facta

1926 5116 2037 5187 jam
2071 5114 2211 5169 facta
2240 5120 2401 5177 sunt,
2442 5108 2743 5166 secundum
2775 5108 2907 5164 illud
2936 5107 3083 5180 quod
3122 5111 3422 5181 Apostolus
3454 5113 3533 5169 Io-

1931 5207 2117 5279 quitur
2151 5225 2166 5265 :
2202 5205 2303 5274 Qui
2327 5204 2525 5260 uocauit
2560 5219 2626 5259 ea
2657 5217 2775 5273 qua:
2808 5218 2911 5257 non
2944 5212 3094 5257 erant
3114 5242 3130 5270 ,
3154 5207 3305 5275 quasi
3334 5222 3395 5260 ea
3420 5224 3537 5278 qua:

1936 5307 2101 5356 essent
2150 5297 2328 5371 (Rom.
2368 5312 2444 5364 IV,
2489 5294 2601 5366 17).
2644 5292 2803 5363 Quod
2841 5300 3024 5350 autem
3063 5296 3435 5351 sanetilicatur
3480 5298 3535 5353 in

1941 5404 2098 5450 utero
2117 5433 2133 5462 ,
2158 5392 2315 5463 juxta
2338 5389 2476 5447 illud
2498 5388 2751 5460 Apostoli
2771 5387 3035 5445 debemus
3057 5390 3313 5461 accipere
3337 5407 3352 5444 :
3386 5389 3546 5448 Post-

1953 5595 2105 5667 ligit,
2138 5602 2200 5650 ut
2218 5592 2353 5667 alibi
2380 5590 2809 5667 saepediximus.
2843 5591 3117 5667 Mannert.

2023 5663 2052 5743 ti
2078 5666 2195 5743 Duo
2216 5664 2392 5721 Vatic.
2413 5660 2568 5743 fuerit
2587 5660 2841 5716 Jeremias
2863 5662 3147 5743 notandus,
3171 5665 3260 5719 sed
3294 5683 3398 5743 quo
3418 5690 3552 5743 pm.

1954 5738 2126 5793 scierit
2170 5753 2319 5818 eum,
2360 5733 2688 5818 etc._Quatn
2717 5746 2888 5816 porro
2933 5733 3161 5791 llieron.
3203 5733 3556 5818 perstringit,

1958 5824 2162 5881 nupera
2189 5806 2395 5879 Pelagii
2422 5814 2503 5862 est
2535 5804 2784 5861 haeresis.

3032 5901 3111 5963 22
