3972 6350
475 202 582 266 css
1712 205 1774 269 s.
1814 198 2091 271 EUSEBII
2128 198 2518 274 mutentur
3694 196 3804 275 est

466 344 626 397 quam
654 335 825 383 autem
847 320 1042 397 placuit
1062 320 1139 390 ei,
1170 319 1259 390 qui
1284 335 1363 381 me
1384 317 1668 394 segrégarit
1693 319 1757 376 de
1784 328 1931 376 utero
1959 338 2073 376 nta-
2102 330 2159 404 Α
2182 332 2269 387 tus
2293 332 2381 384 est
2403 364 2420 394 .
2453 332 2509 383 et
2549 337 2670 397 quae
2701 321 2757 387 in
2784 322 2895 387 alio
2936 322 3064 385 loco
3084 323 3370 387 brachium
3394 325 3595 389 dicitur
3623 346 3640 384 :
3687 343 3802 385 non

469 422 565 477 tris
602 437 763 489 ntere,
808 428 854 473 et
895 416 1091 473 vocavit
1127 430 1219 487 per
1258 415 1485 487 gratiam
1522 431 1707 481 suam,
1740 425 1798 470 ut
1839 415 2084 477 reuelaret
2186 426 2248 479 ιιι
2286 425 2508 488 peccata
2548 416 2800 483 auferat,
2831 432 2957 491 qua:
3006 432 3103 490 per
3134 419 3422 489 pueritiam
3469 421 3643 479 mutu
3690 437 3804 479 non

471 511 673 568 Filium
710 527 861 567 suum
890 510 945 564 in
975 524 1092 576 me;
1118 517 1174 563 ut
1203 508 1611 583 euangelizarem
1646 506 1801 565 illum
1830 508 1884 564 in
1918 510 2086 581 genti-
2184 514 2426 581 fecerat;
2455 512 2553 571 sed
2584 523 2644 571 ut
2665 513 3186 586 loquendigratiattt
3211 517 3429 578 tribuat.
3464 518 3644 577 Porro
3665 518 3803 576 Ete—

468 606 559 661 bus
587 603 787 676 (Galat.
819 619 866 695 r,
901 600 1013 676 t5).
1048 601 1287 661 Joannes
1315 616 1538 679 quoque
1568 601 1817 673 Baptista
1840 603 2083 671 structili:
2183 606 2329 669 cltiel
2369 606 2569 665 librum
2605 606 2834 667 devorat
2854 617 2912 665 et
2939 607 3085 669 intus
3110 618 3167 673 et
3193 609 3329 671 loris
3354 612 3659 683 scriptum,
3690 621 3798 668 tam

466 710 623 757 catur
651 700 704 755 in
737 708 892 759 utero
916 740 931 767 ,
960 708 1017 759 et
1042 707 1295 755 sanctum
1326 696 1591 770 Spiritum
1622 697 1860 771 accipit,
1890 707 1945 759 et
1974 712 2084 759 mo.
2182 706 2530 765 sacramenta
2554 699 2738 763 divina
2760 742 2778 768 .
2809 717 2974 774 quam
3003 703 3312 774 simplicem
3346 703 3635 764 historiam
3661 721 3800 762 con-

460 801 618 855 vetur
663 794 717 851 in
748 791 935 861 vulva,
969 802 1026 848 et
1056 807 1153 867 per
1193 807 1255 846 os
1296 790 1487 846 matris
1531 788 1772 867 loquitur
1807 788 1971 865 (.Luc.
2004 787 2078 865 t).
2179 794 2465 861 ridentem.
2509 795 2767 857 Jeremite
2806 811 2869 853 os
2917 796 3164 867 tangitur
3188 838 3206 866 ,
3253 798 3424 872 ω
3464 808 3524 855 et
3578 798 3799 855 Domini

463 886 622 956 Quod
644 895 830 946 autem
861 885 1035 955 dixit,
1065 883 1385 959 Prophetam
1414 884 1468 940 in
1496 884 1735 960 gentibus
1757 883 1879 943 dedi
1901 894 1949 940 te
1968 930 1984 955 ,
2015 884 2081 941 il-
2182 887 3183 961 verbatr'tbttuntur,utconlidentiam
3198 890 3795 961 accipiatprardicandi.

460 978 557 1036 lud
584 979 700 1035 vult
731 978 994 1052 intelligi,
1026 977 1172 1052 quod
1202 976 1256 1035 in
1290 975 1413 1047 ipso
1441 984 1630 1048 postea
1658 973 1934 1048 Propheta
1965 972 2078 1031 lec-

458 1072 568 1131 turi
616 1088 842 1141 sumus,
898 1070 1046 1145 quod
1096 1086 1204 1126 non
1254 1070 1434 1126 solum
1474 1066 1818 1137 Jerusalem,
1869 1066 1967 1125 sed
2021 1073 2077 1125 et

459 1168 718 1226 multisin
739 1166 974 1225 circuitu
998 1163 1257 1236 gentibus
1285 1160 1650 1237 prOphetarit.
1672 1159 1901 1230 Quidam
1931 1158 2076 1217 hunc

457 1262 643 1320 locum
675 1274 843 1334 super
873 1257 1160 1315 Salvatore
1191 1256 1543 1334 intelligunt,
1574 1254 1665 1331 qui
1694 1252 1916 1326 pr0prie
1942 1251 2078 1308 Pro-

457 1356 622 1428 pheta
649 1353 895 1426 gentium
928 1351 1070 1421 fuit;
1100 1359 1157 1409 et
1184 1366 1283 1423 per
1310 1346 1607 1421 Apostolos
1636 1345 1851 1407 vocavit
1878 1359 2073 1405 omnes

454 1450 735 1507 nationes.
778 1447 889 1505 Iste
927 1446 1073 1502 cnim
1103 1460 1234 1500 vere
1275 1442 1591 1515 priusquam
1625 1439 1680 1499 in
1721 1449 1878 1501 utero
1902 1438 2071 1511 virgi-

452 1543 563 1600 nali
600 1541 968 1606 lormaretur,
1000 1547 1059 1595 et
1111 1545 1406 1607 antequam
1428 1535 1618 1607 ,exiret
1655 1532 1724 1589 de
1755 1533 1919 1589 vulva
1952 1545 2069 1587 ma-

454 1637 587 1703 tris,
615 1633 994 1692 sanctiﬁcatus
1018 1632 1072 1687 in
1107 1640 1265 1686 utero
1287 1638 1402 1697 est;
1438 1636 1494 1683 et
1519 1634 1683 1683 notus
1701 1625 1871 1699 838
1895 1625 2064 1693 Patri,

2178 977 2526 1054 Pulchreque
2549 981 2706 1053 juxta
2739 981 2980 1043 litteram
3007 995 3204 1039 manus
3228 982 3486 1049 mittitur.
3519 991 3581 1040 ut
3606 982 3797 1038 huma-

2179 1088 2374 1135 norum
2399 1084 2618 1135 artuum
2648 1074 2840 1137 videns
2868 1073 3289 1137 similitudinem
3310 1115 3327 1142 ,
3365 1084 3569 1134 tactum
3602 1092 3797 1133 atauus

2180 1182 2292 1227 non
2321 1167 2662 1227 reformidet.

2247 1260 2439 1332 (Vers.
2466 1262 2585 1335 10.)
2616 1259 2755 1323 Ecce
2770 1278 2865 1336 ego
2892 1265 3143 1320 constitui
3172 1272 3221 1320 te
3245 1263 3404 1321 hodie
3429 1280 3590 1335 super
3617 1273 3794 1337 gentes

2173 1362 2221 1410 et
2253 1371 2411 1425 super
2440 1372 2600 1426 regna
2629 1399 2646 1424 ,
2674 1365 2729 1419 ut
2756 1357 2947 1414 evellas
2971 1365 3021 1413 et
3043 1357 3311 1423 destruas,
3336 1365 3385 1412 et
3404 1359 3682 1428 disperde:
3699 1403 3714 1425 ,
3746 1369 3793 1412 et

2172 1447 2426 1518 dissipes,
2448 1457 2497 1507 et
2529 1449 2788 1520 wdiﬁces,
2819 1457 2866 1505 et
2893 1447 3122 1522 pientes.
3145 1449 3260 1511 Hoc
3295 1450 3441 1522 quod
3467 1465 3569 1506 nos
3593 1450 3663 1506 de
3691 1450 3798 1507 lie-

2169 1542 2357 1599 braico
2397 1541 2740 1613 addidimus,
2789 1543 3039 1615 dissipes,
3086 1544 3206 1600 sive
3249 1544 3515 1617 deponas,
3560 1544 3619 1600 in
3650 1544 3797 1616 Sep-

2172 1635 2416 1706 tuaginta
2451 1651 2558 1690 non
2593 1634 2845 1692 habetur.
2878 1636 2943 1691 Et
2973 1635 3439 1697 considerandum
3468 1636 3619 1715 quod
3651 1652 3791 1708 qua-

451 1728 657 1800 quinpe
677 1725 769 1799 qui
791 1740 1010 1796 semper
1035 1725 1091 1781 in
1121 1723 1304 1789 Patre,
1324 1729 1386 1777 et
1413 1721 1468 1776 in
1495 1735 1607 1793 quo
1632 1733 1853 1790 semper
1876 1718 2055 1773 Pater»
2089 1732 2138 1794 Β
2164 1739 2289 1787 tuor
2308 1730 2561 1786 tristibus
2584 1729 2697 1791 duo
2723 1729 2847 1786 laeta
2876 1730 3190 1789 succedant.
3224 1728 3415 1807 Neque
3438 1731 3588 1787 enim
3620 1730 3792 1789 :cditi.

526 1823 707 1898 (Vera.
739 1818 823 1894 6.)
851 1817 918 1873 Et
942 1818 1055 1877 dixi
1088 1818 1230 1886 :Ah,
1263 1817 1354 1883 alt,
1381 1814 1471 1883 alt,
1502 1812 1726 1873 Domine
1755 1809 1927 1881 Deus,
1953 1827 2066 1869 ecce

450 1917 625 1977 nescio
671 1916 850 1989 loqui,
888 1915 1013 1987 quia
1041 1929 1169 1987 puer
1204 1928 1296 1984 ego
1333 1926 1469 1967 sum.
1508 1905 1655 1973 LXX
1689 1923 1705 1965 ε
1737 1905 1807 1967 Et
1838 1904 1983 1973 dixi,
2034 1922 2065 1965 ο

449 2012 675 2070 Domine
708 2012 846 2067 Deus
866 2051 882 2079 ,
917 2010 1090 2065 nescio
1116 2008 1290 2079 loqui,
1326 2005 1453 2076 quia
1480 2003 1687 2077 juvenis
1705 2018 1842 2057 satin.
1876 2002 2067 2059 Detes-

451 2114 597 2164 tatur
626 2105 865 2167 cilicium
897 2104 1045 2178 quod
1073 2117 1174 2175 pro
1206 2111 1370 2158 :etate
1409 2115 1518 2155 non
1548 2106 1728 2171 potest
1753 2096 2025 2154 sustinere
2044 2136 2062 2165 ,

451 2200 645 2258 eadem
677 2196 1011 2257 verecundia
1040 2211 1149 2267 qua
1184 2205 1241 2252 et
1283 2193 1498 2266 Moyses
1530 2191 1716 2257 multis
1752 2200 1810 2249 et
1847 2188 2065 2262 gracilis

450 2296 605 2352 Vocis
640 2308 763 2351 esse
807 2308 867 2349 se
910 2290 1042 2347 dicit
1081 2288 1280 2362 (Exod.
1314 2302 1370 2343 rv
1402 2295 1457 2343 et
1482 2285 1563 2359 6).
1617 2284 1726 2343 Sed
1773 2284 1863 2339 ille
1911 2282 2064 2351 quasi

448 2403 661 2460 magna:
691 2386 1046 2456 robusteque
1076 2381 1254 2442 sciatis
1283 2380 1582 2450 corripitur
1602 2392 1622 2437 z
1646 2377 1783 2436 huic
1808 2375 2065 2446 pueritia:

447 2481 612 2540 datur
637 2481 800 2539 venia
826 2520 839 2546 ,
873 2494 998 2551 quae
1027 2474 1360 2534 verecundia
1386 2483 1444 2532 et
1476 2472 1683 2545 pudore
1709 2470 2023 2527 decoratur.

523 2578 709 2651 (Vers.
743 2577 800 2643 7,
832 2574 916 2646 8.)
941 2571 1011 2629 Et
1035 2573 1167 2627 dixit
1198 2571 1458 2627 Dominus
1483 2567 1552 2623 ad
1574 2581 1695 2633 me:
1726 2564 1850 2629 Noli
1870 2565 2061 2634 dicere,

454 2670 597 2726 Puer
623 2686 769 2739 sum,
803 2668 1051 2740 quoniam
1072 2666 1141 2720 ad
1166 2664 1342 2719 omnia
1370 2677 1485 2734 quae
1518 2661 1717 2715 mittam
1743 2666 1791 2713 te
1808 2703 1822 2727 ,
1855 2658 1950 2713 ibis
1973 2700 1987 2725 ,
2014 2668 2061 2713 et

450 2768 692 2821 universa
735 2779 1069 2836 quiscumque
1106 2760 1420 2815 mandavero
1455 2759 1575 2826 tibi,
1616 2758 1860 2828 loqueris.
1894 2753 2064 2809 Neli-

451 2869 589 2914 ἠεαδ
617 2876 647 2912 a
676 2858 812 2928 [acie
834 2872 1015 2913 eorum
1037 2873 1056 2912 :
1076 2857 1199 2926 quia
1225 2872 1316 2931 ego
1347 2866 1514 2913 tecum
1540 2870 1678 2925 sum,
1711 2862 1767 2909 ut
1792 2868 1972 2911 eruam
1990 2860 2058 2919 te,

448 2950 575 3008 dicit
603 2951 880 3008 Dominus.
912 2950 992 3011 Ne
1022 2959 1273 3017 aetatem,
1310 2949 1513 3023 inquit,
1559 2947 1877 3009 consideres
1905 2962 1920 3013 ;
1951 2946 2059 3005 alio

450 3047 596 3104 enim
628 3046 893 3119 propheta
916 3045 1197 3117 loquente.
1226 3043 1502 3101 didicisti:
1533 3042 1662 3098 Cani
1691 3040 1916 3096 hominis
1938 3049 2057 3099 sunt

2168 1824 2280 1887 cari
2309 1833 2564 1895 poterant
2588 1824 2729 1883 bona
2752 1865 2768 1891 ,
2800 1824 2908 1881 nisi
2938 1823 3220 1884 destructa
3249 1834 3442 1882 essent
3462 1825 3609 1883 mala
3635 1843 3648 1879 :
3683 1840 3788 1883 nec

2169 1918 2404 1989 plantari
2433 1917 2640 1989 optima
2666 1958 2680 1985 ,
2711 1916 2817 1974 nisi
2848 1918 3264 1975 eradicarentur
3283 1919 3549 1988 pessima.
3589 1920 3785 1977 Omnis

2166 2012 2314 2073 enim
2343 2011 2641 2082 plantatio,
2674 2027 2839 2087 quam
2871 2027 2980 2070 non
3010 2012 3280 2083 plantavit
3307 2012 3549 2069 emicetis
3580 2012 3746 2073 Pater
3766 2054 3785 2080 ,

2166 2104 2534 2169 eradicabitur
2572 2124 2589 2162 :
2639 2115 2698 2169 et
2730 2104 3023 2165 editicatio
3048 2122 3172 2178 quae
3198 2121 3365 2177 supra
3404 2116 3624 2177 petram
3670 2120 3786 2165 non

2168 2199 2334 2257 habet
2361 2200 2803 2268 fundamentum,
2825 2200 2923 2257 sed
2952 2202 3004 2256 in
3029 2215 3198 2256 arena
3225 2209 3501 2258 exstructa
3525 2209 3636 2265 est.
3665 2214 3783 2257 ser-

2165 2311 2333 2353 mone
2362 2297 2457 2353 Del
2495 2295 2787 2353 suffoditur
2829 2305 2994 2367 atque
3032 2295 3356 2353 destruitur.
3390 2295 3549 2351 Illam
3594 2306 3780 2351 autem

2160 2400 2649 2462 quamconsumet
2687 2388 2851 2446 Jesus
2882 2388 3083 2460 spiritu
3125 2391 3239 2445 oris
3270 2389 3386 2456 sui,
3430 2397 3487 2445 et
3526 2390 3784 2446 destruet

2166 2482 2406 2537 adventu
2436 2482 2743 2552 praesentia:
2769 2495 2914 2547 suae,
2941 2495 3165 2536 omnem
3208 2479 3418 2536 scilicet
3446 2479 3781 2550 sacrilegam

2163 2588 2596 2653 pet-versantque
2619 2572 2927 2637 doctrinam
2951 2613 2967 2640 ,
3008 2571 3291 2643 disperdct
3321 2571 3373 2627 in
3422 2579 3777 2643 perpetuum.

2164 2664 2338 2723 Porro
2366 2683 2426 2723 ea
2457 2684 2579 2739 qua:
2605 2667 2891 2724 elevantur
2925 2675 3116 2723 contra
3147 2665 3436 2723 scientiam
3465 2666 3607 2733 Dei,
3637 2675 3692 2721 et
3719 2666 3779 2721 in

2164 2775 2262 2817 sua
2292 2761 2580 2818 confidunt
2624 2760 2924 2832 sapientia,
2968 2776 3089 2831 qum
3134 2762 3276 2832 apud
3330 2762 3497 2816 Deum
3537 2759 3779 2816 stultitia

2162 2863 2281 2925 est,
2311 2855 2598 2929 dissipabit
2625 2864 2789 2931 atque
2814 2854 3086 2925 deputtet:
3123 2860 3180 2915 ut
3200 2852 3543 2917 mdilicentur
3568 2868 3669 2924 pro
3692 2852 3781 2909 his

2161 2944 2426 3015 humilia,
2479 2958 2535 3011 et
2584 2949 2640 3009 in
2694 2948 2873 3009 locum
2923 2947 3274 3019 superiorum
3324 2961 3450 3025 quae
3497 2945 3783 3007 destructa

2162 3050 2295 3103 sunt
2332 3049 2388 3099 et
2424 3040 2652 3111 evulsa,
2697 3047 3052 3101 exstruuntur
3092 3049 3255 3117 atque
3287 3038 3623 3110 plantentur,
3655 3053 3781 3111 qua:

451 3140 707 3213 sapientia
733 3143 846 3212 ejus
868 3139 1030 3212 (Sap.
1064 3153 1141 3208 tv,
1171 3136 1261 3212 9):
1292 3147 1396 3199 tute
1427 3137 1498 3193 sit
1520 3144 1733 3194 tantum
1757 3132 2053 3195 voluntatis
2079 3130 2125 3194 C
2160 3134 2557 3197 Ειιυιοεὶειςιὶριυ
2581 3134 2911 3197 conveniunt
2928 3135 3144 3193 veritati
3179 3152 3190 3188 :
3223 3140 3279 3193 et
3308 3134 3610 3205 impleatur
3640 3132 3776 3193 illud

456 3238 515 3290 ut
533 3250 762 3309 pergas;
779 3233 1103 3292 meltabebis
1125 3233 1405 3300 comitem,
1422 3248 1529 3305 quo
1549 3241 1743 3289 cuncta
1760 3230 2057 3303 adiuvante

451 3331 755 3403 complebis
773 3350 786 3385 :
801 3330 954 3405 aperi
969 3346 1032 3386 os
1049 3340 1199 3387 tuum
1218 3338 1274 3387 et
1288 3327 1525 3399 implebo
1540 3326 1670 3383 illud
1685 3320 2054 3399 (Psalmtxx).

451 3421 566 3479 Nec
594 3422 916 3479 consideres
938 3418 1346 3481 multitudinem
1376 3434 1567 3481 eurum
1598 3418 1663 3481 ad
1688 3432 1827 3489 quos
1853 3425 1909 3475 et
1928 3431 2058 3475 con-

458 3526 540 3572 tra
564 3531 704 3589 quos
734 3515 1019 3579 locuturus
1055 3530 1117 3573 es
1149 3532 1162 3568 :
1204 3514 1300 3571 sed
1337 3528 1459 3582 me,
1485 3512 1579 3584 qui
1610 3521 1787 3571 tecum
1814 3524 1934 3567 sum
1955 3549 1972 3579 ,
2003 3515 2061 3567 ut

456 3623 647 3663 eruam
688 3618 769 3677 te,
812 3607 945 3663 dicit
974 3606 1260 3665 Dominus.
1291 3604 1513 3663 Liberat
1540 3612 1722 3665 autem
1753 3602 2018 3661 Dominus
2041 3639 2057 3668 ,

457 3718 569 3759 non
600 3717 707 3775 quo
740 3700 1012 3772 Propheta
1048 3699 1520 3772 persecutionibus
1559 3706 1747 3759 careat
1785 3705 1841 3753 et
1891 3710 2063 3766 angu-

460 3796 602 3862 stiis,
619 3795 821 3871 quippe
849 3808 973 3849 cum
997 3792 1244 3865 legamus
1264 3806 1388 3849 eum
1414 3790 1584 3847 multa
1600 3802 1940 3861 perpessum;
1965 3784 2062 3844 sed

456 3896 520 3947 ut
550 3886 763 3961 patiens
794 3885 977 3941 omnia
1003 3891 1228 3953 superet
1248 3922 1264 3950 .
1288 3896 1390 3943 nec
1416 3879 1575 3941 cedat
1602 3878 1889 3955 angustiae.

536 3982 719 4056 (Vers.
757 3977 837 4053 9.)
878 3976 950 4034 Et
980 3977 1121 4037 misit
1160 3973 1415 4037 Dominus
1444 3991 1655 4037 manum
1693 3991 1873 4041 suam,
1912 3982 1959 4029 et
1990 3982 2066 4027 te-

465 4077 581 4148 tigit
619 4091 675 4131 os
719 4087 934 4129 meum:
975 4080 1023 4125 et
1063 4067 1195 4127 dixit
1227 4066 1484 4131 Dominus
1524 4067 1593 4127 ad
1623 4084 1701 4124 me
1742 4064 1923 4129 :Ecce
1951 4065 2068 4121 dedi

468 4167 618 4223 verba
654 4183 765 4221 mea
806 4165 860 4219 in
905 4180 992 4218 ore
1039 4172 1146 4218 tuo.
1200 4159 1512 4223 Notandum
1557 4160 1700 4233 quod
1747 4159 1837 4221 hic
1877 4174 2071 4217 manus

472 4260 721 4316 mittatur
764 4256 895 4323 Dei,
938 4271 1058 4329 qum
1090 4262 1278 4325 tangat
1311 4268 1375 4309 os
1406 4252 1733 4325 Prophetas,
1769 4261 1825 4315 et
1862 4252 2074 4311 dicatur

472 4355 523 4411 ei
557 4371 572 4409 :
610 4350 746 4407 Ecce
791 4351 910 4405 dedi
942 4335 1091 4403 verba
1134 4364 1246 4403 mea
1283 4348 1339 4405 in
1369 4363 1455 4407 ore
1478 4356 1590 4414 tuo;
1632 4347 1687 4405 in
1719 4345 1856 4405 Isaia
1892 4355 2072 4407 autem

474 4445 737 4517 scriptum
770 4442 877 4498 sit:
909 4439 977 4497 Et
999 4439 1183 4501 missus
1204 4448 1278 4495 est
1308 4440 1376 4495 ad
1404 4455 1483 4499 nte
1511 4455 1647 4499 unus
1676 4438 1743 4493 de
1766 4435 2043 4505 Seraphin:
2062 4478 2076 4503 ,

2165 3230 2314 3301 quod
2355 3228 2487 3287 dicit
2512 3228 2812 3301 Apostolus
2836 3273 2849 3297 ,
2876 3229 2973 3289 Dei
2998 3228 3302 3298 ludiﬁcatio,
3327 3226 3428 3289 Dei
3453 3228 3778 3304 agricultura

2161 3325 2284 3379 estis
2315 3322 2386 3395 (ll
2416 3320 2537 3383 Cor.
2568 3338 2627 3383 ut
2647 3366 2662 3394 ,
2693 3321 2770 3393 9).
2801 3319 2955 3377 Multi
2985 3320 3129 3379 hunc
3168 3321 3352 3381 locant
3393 3335 3562 3393 super
3588 3333 3778 3395 perito.

2162 3431 2286 3477 nam
2332 3415 2539 3475 Christi
2571 3415 2884 3488 intelligunt
2913 3431 2927 3470 :
2953 3413 3212 3474 Jereutias
3260 3414 3409 3471 enim
3444 3416 3775 3484 interpreta-

2163 3518 2251 3569 tur
2297 3509 2530 3569 excelsus
2581 3509 2841 3565 Domini:
2882 3508 2974 3580 qui
3013 3505 3285 3568 destruxit
3325 3522 3496 3584 regna
3535 3506 3777 3575 diaboli,

2163 3615 2284 3670 qua:
2313 3599 2419 3659 sibi
2458 3600 2513 3659 in
2543 3599 2750 3661 montis
2779 3598 3100 3659 ostenderat
3127 3598 3349 3659 excelso
3377 3615 3391 3652 :
3430 3598 3778 3661 adversaria:

2165 3693 2466 3767 perdiderit
2488 3705 2817 3769 potestates,
2848 3694 3043 3755 dolens
3064 3692 3497 3767 chirographum
3527 3709 3779 3754 errorum

2167 3788 2222 3845 in
2252 3805 2437 3849 cruce.
2468 3788 2548 3847 De
2579 3790 2777 3862 quibus
2798 3798 2855 3847 et
2882 3788 2936 3845 in
2966 3788 3190 3851 Psalmn
3214 3797 3339 3865 post
3369 3787 3617 3851 hietoria:
3640 3789 3781 3849 reri.

2169 3890 2337 3943 tatem
2388 3891 2644 3962 τροπικῶς
2700 3884 2943 3957 loquitur
2985 3902 2997 3939 :
3043 3882 3219 3957 Quare
3266 3886 3595 3954 fremuerunt
3655 3900 3779 3957 geu-

2169 3986 2280 4047 tes,
2318 3987 2366 4039 et
2404 3980 2585 4051 populi
2621 3978 2853 4035 meditati
2889 3985 3011 4036 sunt
3051 3977 3269 4035 inania?
3308 3976 3601 4035 Attiterunt
3638 3991 3778 4049 reges

2171 4079 2345 4142 terre,
2369 4080 2416 4127 et
2439 4073 2702 4145 principes
2723 4082 3067 4133 convenerunt
3092 4070 3145 4124 in
3168 4086 3327 4127 unum
3347 4067 3527 4142 (Psal.
3549 4085 3614 4139 tt,
3635 4067 3774 4139 ιβ).

2173 4164 2279 4223 Pro
2310 4164 2395 4222 his
2423 4165 2667 4237 evulsis,
2694 4165 3023 4235 destructis,
3066 4172 3122 4221 et
3160 4161 3424 4233 perditis,
3463 4172 3522 4226 ct
3550 4163 3607 4223 in
3649 4160 3781 4218 inle-

2174 4257 2322 4315 riora
2351 4257 2651 4326 detractis,
2693 4256 2996 4319 aediﬁcatur
3032 4264 3193 4328 atque
3226 4255 3509 4329 plantatur
3538 4254 3781 4315 Ecclesia

2179 4350 2298 4411 Dei.
2332 4350 2512 4423 Super
2537 4350 2793 4411 leremite
2822 4360 3006 4411 autem
3046 4362 3285 4425 persona
3323 4348 3474 4407 nulla
3514 4346 3782 4405 dubitatio

2179 4453 2285 4505 est.
2309 4443 2566 4515 Legimus
2596 4442 2745 4503 enim
2769 4441 2825 4503 in
2846 4440 3312 4512 consequentibus
3328 4439 3453 4511 (Ad.
3483 4456 3605 4511 cap.
3629 4439 3780 4510 xxv),

474 4549 521 4595 et
557 4537 615 4594 in
650 4552 806 4591 manu
836 4533 1049 4590 habebat
1078 4532 1350 4591 carbonem
1381 4549 1529 4605 quem
1560 4532 1758 4606 forcipe
1792 4532 1977 4589 tulerat
2014 4530 2077 4589 de
2103 4529 2154 4591 D
2179 4539 2325 4610 quod
2350 4539 2404 4595 in
2427 4553 2592 4597 manu
2621 4536 2848 4608 accipiat
2870 4537 3096 4595 calicem
3122 4537 3263 4593 meri
3289 4534 3550 4607 plenum;
3573 4542 3633 4591 et
3662 4548 3785 4606 pro-

475 4633 653 4702 altari,
691 4641 738 4691 et
763 4629 926 4704 tetigit
946 4646 1003 4684 os
1034 4645 1200 4687 ineunt
1228 4639 1278 4685 et
1306 4630 1438 4685 dixit
1473 4628 1647 4689 :Ecce
1680 4629 1846 4703 tetigit
1868 4630 1963 4686 iste
1989 4630 2071 4686 la-

477 4726 561 4782 bia
583 4735 689 4793 tua,
721 4733 766 4778 et
787 4726 984 4794 auferet
1007 4721 1301 4791 iniquitates
1329 4730 1468 4787 tuas,
1499 4732 1546 4777 et
1569 4730 1781 4793 peccata
1811 4731 1900 4777 tua
1928 4738 2071 4783 mun-

478 4818 618 4873 dabit
664 4814 801 4891 (Isa.
843 4831 929 4879 vt,
959 4814 1017 4883 6,
1048 4811 1127 4886 7).
1166 4813 1243 4869 ibi
1266 4814 1414 4871 enim
1445 4813 1571 4884 quia
1624 4814 1818 4871 solida:
1845 4823 1900 4871 ct
1948 4829 2073 4884 per-

478 4911 634 4967 lecta:
660 4908 832 4967 atatis
858 4916 1004 4975 erat,
1034 4916 1091 4960 et
1111 4906 1228 4975 ipse
1253 4904 1574 4975 simpliciter
1600 4905 1888 4962 conlitetur
1928 4906 2074 4976 quod

484 5001 765 5060 immunda
814 4999 955 5055 labia
1002 4998 1311 5069 habent,ct
1340 4998 1545 5055 habitet
1574 4998 1628 5053 in
1668 4999 1849 5059 medio
1895 4998 2078 5071 populi

482 5095 688 5169 polluta
718 5092 858 5147 labia
892 5090 1171 5154 habentis:
1196 5091 1429 5151 mittitur
1468 5106 1607 5151 unus
1648 5088 1718 5153 de
1762 5089 2074 5159 Seraphitn,

479 5190 572 5265 qui
603 5204 711 5245 non
742 5200 932 5252 manu,
962 5184 1057 5241 sed
1084 5184 1290 5255 forcipe
1312 5193 1366 5251 et
1394 5184 1632 5245 carbone
1662 5192 1847 5257 tangat
1869 5197 1932 5236 os
1958 5181 2076 5253 ejus

475 5297 530 5344 et
561 5282 878 5355 iniquitates
897 5276 1114 5341 auferat
1132 5321 1146 5343 .
1175 5288 1229 5337 et
1245 5277 1475 5339 ntundet
1500 5286 1745 5355 peccata.
1772 5277 1871 5339 Hic
1892 5285 2073 5339 autem

472 5378 646 5450 ipsius
678 5375 774 5430 Dei
803 5386 995 5428 manus
1028 5370 1281 5438 ntittitur,
1315 5384 1412 5442 per
1438 5386 1599 5440 quam
1641 5379 1833 5427 cuncta
1881 5384 2072 5440 opera-

548 5553 572 5579 ίε
603 5540 717 5595 Huc
746 5536 892 5593 refer
920 5549 1041 5606 quae
1072 5530 1512 5606 adrEccleaiasltB
1537 5544 1663 5606 CO‘P-
1707 5529 1803 5583 υη·
1840 5536 2067 5606 ³ηηοί9⁸

478 5614 652 5669 vimus
676 5630 689 5665 :
712 5617 876 5679 atque
906 5597 1034 5661 inde
1060 5605 1287 5673 colligas
1310 5597 1712 5679 praeferendum
1740 5610 1973 5679 utroque
2010 5597 2064 5651 in

472 5684 599 5736 loco
627 5671 819 5748 δισσαί,
861 5693 981 5747 qua
1006 5687 1060 5732 et
1088 5671 1334 5730 Veterum
1379 5673 1764 5748 nuttttullorum
1815 5671 2065 5748 codicum

467 5752 611 5808 ectio
644 5759 775 5823 est.,
802 5739 973 5807 Porro
1017 5754 1143 5811 ante
1170 5761 1241 5804 ex
1268 5759 1340 5804 eo
1372 5743 1576 5802 dicitur
1619 5745 1772 5815 virga
1804 5739 2064 5812 atnygda-

2184 4629 2643 4705 piuarejubeattur
2671 4630 2882 4689 cunctis
2909 4630 2965 4687 iu
2994 4627 3225 4686 circuitu
3254 4626 3593 4683 nationibus.

2258 4721 2439 4794 (Vers.
2484 4722 2583 4790 ll,
2621 4719 2739 4793 η.)
2773 4719 2841 4779 Et
2868 4724 3067 4795 factum
3094 4728 3167 4779 est
3213 4721 3419 4776 verbum
3452 4718 3671 4775 Domini
3716 4719 3786 4774 ad

2185 4830 2294 4883 me,
2322 4814 2499 4873 dicem
2526 4830 2546 4871 .‘
2576 4812 2715 4881 Quid
2742 4821 2797 4869 tu
2820 4814 2980 4882 rides,
3006 4812 3273 4869 Ieremia?
3298 4811 3369 4866 Et
3398 4812 3533 4875 dixi.
3573 4811 3789 4884 Virgant

2182 4906 2482 4980 vigilantem
2509 4922 2602 4980 ego
2642 4907 2808 4967 video.
2837 4904 2906 4965 Et
2932 4907 3064 4965 dixit
3088 4903 3343 4962 Dominus
3365 4904 3537 4982 βω
3560 4907 3633 4961 ad
3660 4923 3742 4961 me
3769 4921 3790 4965 .'

2183 4997 2321 5053 Bene
2347 4999 2521 5056 vidisti
2549 5014 2568 5057 .'
2592 5001 2713 5072 quia
2737 4998 2961 5073 vigilabo
2980 5013 3074 5073 ego
3114 5014 3268 5073 super
3291 5000 3502 5053 verbum
3530 5014 3705 5055 meum
3735 5006 3790 5053 ut

2179 5092 2373 5161 faciant
2400 5090 2559 5149 illud.
2592 5091 2703 5151 Pro
2732 5090 2883 5163 virga
2918 5091 3177 5165 vigilante
3198 5133 3214 5159 ,
3246 5088 3391 5151 LXX
3418 5090 3666 5151 baculum
3690 5107 3792 5144 nn-

2179 5197 2322 5241 ceuut
2347 5183 2767 5243 transtulerunt.
2797 5181 3181 5241 Laborandum
3214 5183 3378 5254 igitur
3406 5182 3567 5243 nobis
3588 5193 3698 5245 est.
3732 5191 3794 5239 ut

2175 5274 2418 5340 breviter
2461 5277 2742 5339 llcbrtcam
2785 5276 3168 5349 etymologiam
3212 5276 3441 5339 Latinus
3487 5276 3665 5335 lector
3708 5277 3792 5335 in-

2175 5368 2402 5442 telligat.
2438 5370 2614 5428 Sacen
2644 5379 2670 5408 ιι
2698 5386 2807 5425 nar
2846 5368 3046 5426 dicitur
3079 5386 3091 5423 :
3124 5367 3303 5442 vigilia
3342 5378 3525 5426 autent
3548 5410 3564 5437 ,
3598 5371 3681 5427 vel
3708 5370 3790 5423 ri-

2176 5524 2327 5600 lina,
2362 5526 2533 5600 quod,
2575 5534 2711 5600 teste
2750 5525 2962 5591 Plinio,

2176 5596 2589 5680 nunrioﬂoreist.
2610 5596 3039 5681 Chrysostontug
3056 5598 3114 5681 in
3146 5597 3293 5681 hunc
3313 5598 3495 5681 locum
3523 5597 3623 5681 abs
3655 5596 3789 5681 llic-

2174 5668 2495 5750 ronymiuna
2541 5668 2882 5738 expositione
2917 5668 3102 5731 verbis
3143 5678 3355 5725 tantum
3374 5668 3587 5725 Graecis
3627 5668 3788 5723 ablu-

2172 5738 2249 5794 dtt
2268 5740 2361 5796 ετὸ
2383 5740 2438 5798 8i
2460 5742 2723 5823 καρνΐνην,
2754 5740 3103 5814 ἀμνγδαλίνην
3130 5743 3266 5805 rivi:
3292 5742 3647 5819 ἦρμήνιυσαν,
3674 5739 3701 5795 ὅ
3723 5737 3781 5795 δέ

3006 5525 3177 5597 prima
3215 5526 3447 5581 omnium
3481 5541 3667 5597 mense
3686 5523 3789 5597 Ja-
