3972 6398
205 340 317 398 685

783 343 1431 404 COMMENTARIORUM
1475 345 1541 402 ιιι
1578 343 1934 404 JEREMIAM
1977 339 2399 404 PROPIIETAM
2438 341 2569 404 LIB.
2613 347 2653 404 l.
2695 347 2853 406 CAP.
2886 349 2930 406 1.

3406 355 3515 417 686

202 453 314 524 git,
361 454 476 512 sive
522 458 734 532 vigilare
765 459 1074 530 appellatur
1108 459 1286 516 Socsu
1314 458 1506 542 (1,221).
1548 459 1707 516 Unde
1753 469 1810 517 et
1837 461 1884 520 Α
1913 456 1997 512 nis
2045 457 2207 514 Ponti
2233 500 2251 527 ,
2294 459 2524 517 Galatia:
2566 469 2626 517 et
2665 461 3026 533 Cappadociae
3072 464 3116 535 (Ι
3162 465 3304 526 Petr.
3334 469 3396 542 ι).
3446 471 3522 528 Ει

201 549 262 604 in
295 554 726 623 posterioribus,
764 551 964 623 pardus
1001 553 1245 625 vigilans.
1267 553 1372 612 hoc
1406 556 1623 611 nomine
1655 557 1810 627 poni.-
1904 546 2058 620 juxta
2089 550 2350 624 mysticos
2382 551 2688 610 intellectus
2719 555 2975 612 Salomon
3005 557 3247 629 loquitur
3279 580 3290 615 :
3320 563 3512 629 Aquilo

203 650 314 698 tur.
351 644 434 697 Ab
456 659 522 698 eo
551 643 710 715 igitur
738 643 884 713 quod
907 643 1107 700 dicitur
1133 662 1268 715 nux,
1303 637 1527 718 propter
1553 647 1702 702 verbi
1735 648 1808 704 si-

201 734 574 790 militudinem
604 735 672 790 ad
707 735 876 808 vigilis
905 736 1316 806 intelligentiam
1346 755 1545 795 nomen
1581 740 1766 796 allusit
1792 758 1805 795 :

196 827 346 898 quod
400 827 618 899 quidem
675 837 730 885 et
780 829 834 884 in
892 829 1116 887 Daniele
1161 831 1315 902 juxta
1371 831 1804 898 Theodotionem

197 923 470 991 scriptum
497 931 582 977 est
608 967 621 991 ,
665 931 724 977 ut
751 923 818 978 ab
849 925 1140 982 arboribus
1162 930 1340 1002 πρίνου
1365 934 1420 982 et
1451 911 1663 1000 σχίνῳ,
1688 927 1806 993 ilice

197 1014 458 1070 videlicet
495 1025 549 1071 et
583 1016 832 1085 lentisco,
872 1019 1068 1074 scissio
1091 1028 1254 1088 atque
1281 1021 1514 1077 serratio
1542 1021 1808 1079 adulteris

198 1109 543 1181 presbyteris
572 1110 921 1167 decernatur.
949 1113 1206 1185 Alioquin
1231 1122 1285 1169 et
1322 1115 1375 1170 in
1407 1116 1677 1188 principio
1698 1117 1806 1174 Ge-

171 1190 400 1260 -ueseos
445 1217 475 1256 a
506 1203 640 1270 viro,
675 1204 764 1274 qui
819 1203 1017 1260 dicitur
1058 1220 1104 1261 ts
1135 1207 1300 1277 (wit),
1341 1208 1534 1264 mulier
1566 1211 1806 1280 appella-

198 1304 294 1354 tur
331 1296 678 1369 usurum),
708 1300 861 1368 quasi
915 1301 1164 1371 quaedam
1203 1303 1410 1375 virago,
1456 1319 1521 1359 eo
1553 1304 1697 1374 quod
1737 1305 1808 1361 de

197 1390 324 1446 viro
351 1401 565 1462 sumpta
588 1393 674 1448 sit.
702 1392 806 1447 Pro
830 1392 1012 1447 baculo
1041 1410 1224 1462 nuceo,
1257 1396 1456 1468 uirgam
1483 1397 1803 1468 vigilantem,

198 1483 396 1556 Aquila
429 1493 484 1540 et
503 1483 896 1557 Symmachus;
921 1485 1228 1543 Tltcodotio
1258 1503 1390 1544 vero
1417 1489 1806 1561 amygdaliuam

200 1578 628 1636 transtulerunt.
663 1579 861 1650 Vigilat
901 1589 1083 1635 autem
1127 1580 1280 1652 virga
1307 1621 1321 1646 ,
1371 1591 1568 1637 cuncta
1622 1583 1808 1653 populi

200 1682 428 1745 peccata
459 1673 840 1743 considerans,
873 1684 933 1730 ut
962 1676 1236 1747 percutiat
1263 1686 1316 1732 et
1341 1676 1602 1746 corripiat
1631 1676 1808 1746 deliis-7

201 1775 454 1836 quentes.
505 1767 664 1824 Unde
711 1778 765 1822 et
811 1768 1114 1844 Apostolus
1160 1769 1350 1824 scribit
1395 1770 1752 1838 peccantibus
1793 1787 1807 1824 :

1909 642 2071 698 durus
2092 653 2268 698 ventus
2289 643 2472 715 (Prov.
2500 662 2632 715 xxv,
2653 647 2746 719 23)
2774 667 2785 701 :
2811 650 3037 707 nomine
3058 663 3239 708 autem
3262 652 3292 692 ι)
3315 654 3512 711 dexter

1909 746 2134 790 vocatur
2166 737 2234 791 ab
2263 737 2348 793 bis
2377 737 2664 808 videlicet,
2692 741 2786 813 qui
2814 742 2933 815 ejus
2959 744 3249 816 obriguere
3272 746 3509 819 frigore,

1909 835 1964 884 et
1983 827 2220 884 calorem
2245 829 2372 885 ﬁdei
2403 831 2787 902 perdiderunt.

1982 921 2167 992 (Vers.
2198 923 2288 989 15,
2325 923 2442 997 16.)
2488 926 2625 992 Quia
2655 945 2769 983 ecce
2800 932 3090 986 convocabo
3113 948 3292 989 omnes
3319 951 3510 1007 cogna-

1908 1015 2406 1088 tionesregnorum
2454 1017 2749 1090 Aquilonis,
2805 1023 2879 1076 ait
2926 1024 3204 1094 Dominus,
3231 1039 3276 1083 ct
3306 1031 3512 1084 uenient

1908 1113 1959 1160 et
1987 1117 2177 1177 ponent
2207 1110 2558 1181 unusquisque
2587 1111 2777 1170 solium
2821 1131 2976 1169 suum
3008 1117 3060 1170 in
3089 1118 3306 1174 introitu
3334 1131 3516 1191 porta-

1908 1215 2025 1253 runt
2051 1198 2373 1269 Jerusalem,
2395 1213 2443 1259 et
2465 1220 2622 1276 super
2648 1220 2824 1260 omnes
2852 1224 3029 1265 muros
3051 1214 3164 1283 ejus
3192 1213 3244 1266 in
3263 1215 3514 1284 circuitu,

1909 1301 1955 1347 ct
1987 1309 2142 1365 super
2170 1296 2433 1350 uniuersas
2465 1297 2614 1356 urbes
2643 1298 2824 1356 Judae.
2864 1299 2936 1356 Et
2967 1303 3150 1372 loquar
3168 1306 3375 1376 judicia
3402 1325 3516 1362 utea

1908 1404 2024 1441 cum
2063 1390 2138 1443 eis
2168 1407 2324 1462 super
2347 1393 2488 1446 omni
2524 1393 2725 1447 malitia
2753 1411 2955 1462 coeunt,
3011 1399 3100 1468 qui
3125 1398 3516 1470 dereliquerunt

1910 1499 2012 1548 me,
2043 1491 2091 1536 et
2121 1483 2410 1538 libaverant
2446 1485 2547 1540 diis
2573 1486 2761 1542 altatis
2790 1498 2841 1544 et
2863 1489 3218 1546 adoraverunt
3242 1509 3374 1562 opus
3402 1508 3515 1547 ma-

1911 1592 2072 1632 nuum
2097 1594 2332 1632 suarum.
2359 1577 2503 1637 Nulli
2523 1579 2772 1648 dubium,
2794 1583 2996 1640 multas
3021 1595 3213 1654 gentes
3239 1597 3297 1643 et
3328 1588 3516 1658 singu-

1912 1666 2090 1724 larum
2118 1671 2360 1740 gentium
2405 1687 2568 1743 reges
2593 1673 2896 1745 Babylonio
2925 1677 3042 1748 regi
3071 1678 3246 1736 fuisse
3293 1680 3516 1750 subjec-

1914 1771 2021 1830 tos,
2049 1765 2161 1835 qui,
2184 1765 2406 1822 obsessa
2426 1766 2754 1836 Jerusalem,
2774 1781 3078 1839 posuerunt
3103 1772 3160 1828 iu
3188 1774 3445 1842 circuitu,
3464 1785 3519 1832 et

206 1859 348 1928 Quid
376 1859 575 1916 vultis?
622 1862 673 1914 iu
712 1864 855 1934 virga
887 1863 1091 1917 vetitam
1117 1862 1186 1915 ad
1222 1878 1340 1928 ros,
1371 1879 1438 1916 an
1471 1865 1524 1916 in
1553 1862 1806 1917 charitate
1836 1850 1885 1912 B
1910 1857 2151 1914 maxime
2194 1861 2251 1913 in
2277 1857 2519 1916 exitibus
2545 1871 2824 1930 portarum
2853 1861 3112 1920 thronum
3160 1880 3323 1924 suum
3349 1877 3517 1938 atque

202 1962 249 2006 ct
278 1955 466 2024 spiritu
486 1953 898 2008 ntansuetudinis
927 1954 968 2023 (l
992 1952 1113 2010 Cor.
1135 1969 1210 2021 tv,
1235 1953 1358 2024 25)?
1387 1954 1490 2009 lsta
1522 1962 1606 2010 est
1638 1955 1806 2026 virga,

203 2047 297 2102 vel
326 2046 582 2114 baculus,
615 2047 684 2104 de
710 2062 811 2117 qua
838 2047 1006 2102 David
1038 2048 1321 2118 loquitur:
1356 2046 1512 2121 Virga
1543 2057 1634 2101 tua
1654 2057 1700 2101 et
1723 2047 1813 2101 ba-

207 2142 359 2196 culus
391 2150 530 2208 tuus,
563 2143 674 2214 ipsa
707 2159 784 2195 me
809 2141 1080 2197 consolata
1099 2150 1218 2196 sunt
1244 2139 1362 2213 (Ps.
1394 2157 1506 2197 ιλιι
1529 2180 1543 2205 ,
1577 2140 1654 2211 5).
1687 2141 1815 2196 Pul-

207 2237 454 2306 chreque
482 2236 692 2306 posuit,
723 2237 1164 2307 consolatasunt.
1197 2236 1280 2292 Ad
1307 2235 1412 2292 hoc
1443 2236 1587 2292 enim
1624 2235 1813 2290 Domi-

210 2343 321 2384 nus
364 2329 630 2400 corripit,
696 2339 754 2385 ut
793 2329 1167 2386 emendet.'Et
1195 2329 1472 2400 quomodo
1513 2345 1652 2396 nux,
1700 2328 1814 2385 sive

212 2423 588 2495 amygdalum,
621 2424 1024 2480 araarissimatn
1055 2424 1217 2479 habet
1245 2424 1508 2479 corticem
1529 2465 1544 2489 ,
1593 2433 1647 2478 et
1678 2432 1816 2478 testa

213 2515 511 2572 durissima
535 2517 794 2588 cingitur,
826 2527 884 2572 ut
915 2517 1175 2574 detractis
1203 2517 1598 2573 austerioribus
1634 2527 1688 2573 et
1717 2518 1816 2571 du-

215 2609 295 2664 ris
319 2648 336 2676 ,
367 2608 580 2665 fruetus
604 2609 956 2666 dulcissimus
997 2610 1300 2680 reperiatur
1329 2626 1343 2665 :
1375 2609 1453 2665 sic
1491 2610 1670 2666 omnis
1696 2625 1818 2664 cor-

217 2703 419 2771 reptio,
444 2711 500 2758 et
536 2703 692 2758 labor
729 2701 1083 2758 continentia:
1103 2744 1118 2771 ,
1141 2718 1322 2757 amara
1351 2701 1570 2773 quidem
1602 2701 1818 2756 videtur

217 2794 290 2850 ad
317 2810 568 2866 praesens
592 2815 605 2850 :
639 2795 736 2852 sed
777 2796 987 2850 fruetus
1013 2797 1156 2866 parit
1180 2795 1545 2850 dulcissimos.
1581 2793 1736 2850 Unde
1763 2802 1818 2850 et

219 2896 377 2943 vetus
400 2888 492 2944 illa
513 2889 790 2945 sententia
809 2897 894 2944 est
916 2908 926 2943 :
952 2889 1282 2945 Litterarum
1307 2897 1334 2926 ει
1356 2888 1570 2945 radices
1594 2899 1817 2954 amarae,

219 2980 430 3038 fructus
455 2983 668 3038 dulces.
695 2983 924 3050 Quidam
949 2983 1158 3054 virgam
1179 2981 1498 3052 vigilantem
1529 2990 1691 3050 atque
1714 2994 1817 3034 nu-

217 3088 409 3142 oeam,
454 3075 767 3146 intelligunt
815 3075 1144 3141 Dominum,
1189 3074 1258 3130 de
1299 3091 1405 3144 quo
1443 3073 1578 3129 dicit
1602 3071 1815 3128 Isaias:

216 3164 378 3221 Exiet
400 3168 543 3239 virga
563 3166 627 3222 de
655 3168 826 3222 radice
853 3166 999 3222 Iesse
1018 3165 1152 3239 (Iac.
1187 3181 1274 3234 at,
1307 3165 1383 3236 l).
1412 3165 1565 3222 Unde
1585 3175 1640 3222 et
1669 3165 1817 3236 virga

1917 1951 2187 2018 tentoria,
2239 1965 2308 2008 ne
2339 1954 2459 2022 quis
2511 1969 2702 2010 eorum
2759 1955 2852 2026 qui
2896 1957 3068 2012 clausi
3127 1968 3286 2014 erant
3329 1973 3519 2030 posset

1914 2058 2245 2113 erumpere:
2277 2054 2334 2101 et
2359 2061 2468 2103 non
2496 2047 2677 2102 solum
2723 2047 3032 2106 Jerusalem
3055 2093 3068 2117 ,
3100 2053 3196 2107 sed
3219 2063 3273 2109 et
3321 2069 3518 2112 omnes

1913 2135 2082 2191 urbes
2107 2135 2266 2192 Judte
2294 2137 2466 2194 simili
2498 2139 2792 2196 obsidione
2815 2142 3069 2199 vallatus.
3103 2145 3381 2217 Cumque,
3415 2147 3515 2215 ait,

1916 2236 2077 2297 capta
2106 2227 2270 2284 fuerit
2299 2229 2516 2302 civitas,
2570 2240 2701 2287 tunc
2728 2233 2923 2304 loquar
2949 2235 3018 2290 ad
3045 2251 3142 2291 eos
3168 2249 3316 2293 recta
3349 2238 3523 2296 fuisse

1911 2319 2115 2391 judicia
2145 2337 2288 2391 mea,
2311 2331 2366 2379 et
2394 2324 2671 2394 recepisse
2698 2326 2966 2396 singulos,
2983 2344 3105 2397 quae
3129 2331 3517 2386 merebantur:

1918 2431 2024 2470 non
2048 2428 2148 2485 pro
2177 2416 2396 2472 caeteris
2415 2419 2594 2488 vitiis,
2617 2420 2817 2490 quibus
2845 2422 3090 2491 subiacet
3123 2424 3360 2480 humana
3390 2443 3525 2482 con-

1918 2507 2087 2574 ditio;
2112 2509 2208 2565 sed
2230 2511 2466 2567 maxime
2493 2528 2590 2582 pro
2616 2512 2952 2583 idololatria,
2978 2531 3076 2585 per
3088 2533 3248 2587 quam
3263 2519 3526 2576 deseren—

1922 2608 2005 2657 tes
2042 2617 2152 2668 me,
2213 2603 2582 2661 adoravernnt
2609 2622 2777 2677 opera
2819 2623 3078 2664 uiantium
3110 2626 3356 2666 suarum.
3392 2614 3523 2681 Qui-

1920 2691 2046 2747 dam
2074 2693 2219 2750 hunc
2248 2697 2426 2752 locum
2461 2698 2518 2753 in
2553 2699 2751 2754 bonam
2790 2709 3001 2770 partem
3032 2704 3344 2774 accipiunt,
3375 2707 3519 2777 quod

1920 2785 2188 2844 videlicet
2217 2788 2270 2843 hi
2311 2791 2402 2860 qui
2437 2790 2492 2845 in
2524 2791 2634 2846 olla
2684 2808 2836 2849 tenes
2867 2795 3082 2850 excocti
3139 2798 3370 2869 fuerint,
3431 2817 3530 2871 per

1921 2883 2197 2939 cruciatus
2225 2893 2352 2940 ante
2377 2887 2613 2957 purgati,
2638 2899 2825 2958 postea
2852 2891 3131 2963 principes
3159 2893 3265 2948 sint
3299 2895 3525 2952 Jerusa-

1922 2973 2060 3030 lem:
2093 2987 2149 3032 et
2181 2988 2470 3050 postquam
2501 2981 2758 3037 misertus
2805 2998 2995 3040 eorum
3045 2985 3208 3042 fuerit
3235 2989 3523 3059 Dominus,

1925 3076 2054 3123 tunc
2079 3070 2374 3138 exprobret
2399 3072 2501 3140 eis,
2532 3074 2658 3142 quia
2686 3088 2749 3129 se
2774 3075 3019 3142 deserto,
3047 3078 3338 3138 simulacra
3365 3098 3531 3138 vene-

1923 3159 2032 3214 rati
2080 3169 2228 3216 sunt.
2285 3163 2390 3218 Sed
2422 3162 2539 3219 haec
2569 3163 2809 3221 violenta
2859 3176 3109 3240 etprava
3141 3172 3530 3246 interpretatio

215 3266 407 3320 Aaron
430 3305 446 3330 ,
484 3280 610 3334 qua
644 3265 936 3335 putabatur
973 3272 1219 3320 emortua
1242 3303 1258 3332 ,
1316 3263 1369 3318 in
1418 3262 1822 3320 resurrectione
1847 3246 1900 3312 Ο
1926 3261 2048 3307 03'»:
2079 3268 2148 3308 Ite
2171 3254 2504 3311 calumniam
2528 3256 2692 3312 faciat
2723 3268 2988 3317 ιηωωιοι»
3016 3263 3288 3322 indoctus.

218 3356 439 3414 Domini
465 3359 716 3415 ﬂoruisse
748 3367 1020 3414 narratur.

290 3451 474 3522 (Vera.
508 3451 608 3518 15,
640 3449 759 3523 14.)
795 3450 866 3505 Et
905 3455 1102 3522 factum
1141 3459 1216 3504 est
1248 3450 1455 3504 verbum
1497 3448 1713 3504 Domini
1744 3465 1823 3504 sc-

217 3543 394 3602 cundo
420 3545 489 3598 ad
522 3561 599 3599 me
635 3545 808 3600 dicens
837 3561 858 3599 :
899 3545 1038 3613 Quid
1079 3553 1140 3598 tu
1173 3543 1352 3599 rides?
1388 3551 1434 3598 et
1475 3544 1614 3608 dixi,
1647 3543 1822 3598 Ollans

215 3653 522 3694 succensum
540 3655 633 3709 ego
660 3640 808 3694 video
839 3656 860 3694 .'
887 3646 936 3692 et
960 3639 1151 3708 faciem
1175 3639 1287 3709 ejus
1309 3653 1342 3690 a
1372 3638 1506 3708 facie
1527 3636 1821 3706 Aquilonis.

217 3731 291 3787 Et
311 3731 718 3787 disitDontiuus
735 3733 802 3786 ad
831 3748 908 3786 me
931 3747 950 3787 :
978 3731 1053 3785 Αι
1081 3730 1333 3800 Aquilone
1355 3731 1656 3801 aperientur
1681 3730 1824 3800 (sive

217 3827 585 3897 exardeuent)
613 3825 752 3880 mala
775 3843 934 3896 super
953 3843 1128 3881 omnes
1150 3827 1462 3881 habitatores
1493 3836 1660 3880 terra.
1691 3824 1822 3894 Qni-

219 3923 454 3978 lruedam
489 3923 770 3994 git-adimis,
803 3924 1153 3995 peccantibus
1188 3931 1456 3978 tormenta
1488 3922 1818 3986 tribuuntur;

220 4024 280 4069 ut
307 4014 568 4085 paulatim
595 4017 817 4070 veniant
841 4017 910 4070 at!
930 4015 1183 4070 salu-tem.
1209 4015 1373 4086 ει]
1387 4013 1490 4082 Qui
1521 4012 1816 4078 noluerint,

221 4110 563 4180 [remanente
608 4108 758 4180 virga
789 4151 805 4177 ,
852 4108 1132 4166 emendari
1158 4152 1172 4174 ,
1224 4110 1514 4164 mittuntur
1551 4107 1608 4162 in
1657 4107 1824 4161 ollam

220 4213 432 4260 meum
458 4215 628 4274 atque
650 4217 994 4269 succensum,
1017 4201 1090 4257 de
1111 4213 1220 4271 qua
1243 4202 1454 4271 plenius
1477 4201 1668 4255 scribit
1689 4201 1824 4256 Eze-

220 4296 384 4362 chiel,
412 4313 534 4366 qua!
555 4311 582 4352 a
607 4296 745 4352 facie
761 4293 1052 4367 Aquilonis
1074 4294 1388 4350 accenditur
1404 4293 1618 4364 (Bacch.
1645 4292 1819 4365 χειν),

219 4387 578 4461 Babyloniam
603 4388 712 4463 [ΑΙ.
742 4386 1192 4461 Babyloniorum]
1218 4397 1401 4458 regem
1428 4387 1740 4458 signiﬁcans
1769 4393 1825 4442 et

220 4484 411 4540 urbem
439 4484 766 4540 Jerusalem.
801 4483 1149 4554 Pulchreque
1177 4483 1449 4537 insertur:
1475 4479 1550 4534 Ab
1571 4480 1825 4550 Aquilone

217 4563 555 4636 aeruca-cent
595 4580 736 4635 mala
768 4595 925 4649 super
961 4595 1136 4634 omnes
1175 4577 1489 4632 habitatores
1516 4583 1666 4630 term
1687 4591 1706 4628 :
1737 4573 1824 4630 vel

1996 3347 2186 3418 (Vere.
2221 3348 2335 3423 17.)
2377 3350 2458 3405 Tu
2483 3368 2602 3425 ergo
2631 3355 2847 3426 accinge
2875 3356 3078 3413 lumbos
3098 3368 3214 3414 tuos
3235 3377 3254 3416 :
3277 3371 3324 3415 et
3349 3379 3524 3434 surge,

1923 3451 1970 3498 et
2004 3443 2230 3512 loquere
2245 3445 2314 3498 ad
2337 3463 2426 3502 eos
2455 3449 2650 3514 omnia,
2681 3465 2797 3518 quw
2826 3467 2922 3522 ego
2944 3455 3190 3524 ιντωεὶρὶο
3221 3458 3332 3511 tr'bi.
3362 3458 3529 3532 8&2

1921 3532 1993 3589 Et
2019 3533 2124 3590 Job
2167 3537 2502 3608 praecipitur,
2546 3549 2602 3594 ut
2635 3542 2885 3612 accingat
2936 3543 3154 3601 lumbos
3197 3561 3331 3603 suos
3374 3552 3521 3621 (Job.

1923 3626 2047 3696 tv):
2102 3637 2158 3683 et
2188 3628 2469 3699 Apostolis
2523 3631 2676 3704 (Luc.
2724 3632 2844 3704 an).
2895 3644 2952 3688 ut
2996 3638 3262 3694 accinetis
3297 3641 3528 3709 lumbis,

1923 3733 2066 3791 quos
2085 3720 2241 3776 Elias
2281 3721 2374 3795 (IV
2398 3721 2526 3794 Reg.
2563 3723 2608 3794 t)
2656 3733 2711 3779 et
2749 3725 2992 3782 Joannes
3031 3729 3274 3800 Baptista
3304 3732 3525 3804 (Matth.

1923 3818 2006 3888 nt)
2047 3816 2201 3873 zonis
2242 3819 2650 3874 niortiltcavere
2681 3819 2958 3890 pelliceis,
3004 3823 3262 3880 lucernas
3307 3835 3528 3884 teneant

1926 3911 1977 3968 in
2007 3911 2259 3967 manibus
2287 3914 2425 3977 suis,
2449 3912 2860 3983 praedicationis
2882 3915 3136 3972 videlicet
3159 3915 3526 3989 Evangelieai.

1923 4003 2266 4074 Quicumque
2297 4005 2467 4076 igitur
2495 4018 2778 4063 sermones
2816 4007 3126 4065 locuturus"
3153 4019 3236 4066 est
3266 4012 3397 4081 Dei,
3432 4015 3528 4072 de-

1924 4095 2015 4150 bet
2043 4097 2328 4167 accingere
2350 4099 2565 4154 lumbos
2595 4114 2723 4154 suos
2749 4141 2763 4166 ,
2789 4104 2972 4157 sciens
2999 4103 3142 4173 quod
3174 4104 3375 4162 diaboli
3407 4121 3524 4164 om-

1925 4191 2012 4245 nis
2043 4192 2221 4247 virtus
2253 4193 2306 4247 in
2332 4193 2531 4249 lumbis
2555 4194 2625 4249 sit
2657 4193 2802 4265 (Job.
2837 4195 2962 4267 xs);
3004 4207 3056 4253 et
3083 4197 3264 4268 justus
3292 4200 3442 4257 dicat
3469 4204 3522 4259 in

1925 4285 2190 4342 Psalmis:
2227 4287 2419 4344 Lumbi
2441 4291 2542 4344 mei
2569 4289 2776 4361 impleti
2817 4301 2934 4347 sunt
2963 4291 3300 4351 illusionibus
3347 4296 3524 4371 (Psal.

1926 4393 2132 4448 nam,
2164 4380 2242 4450 8).
2278 4381 2525 4453 Cumque
2554 4384 2858 4440 accinxerit
2885 4385 3121 4454 lumbos,
3171 4389 3359 4446 audiat
3392 4395 3525 4451 illud

1926 4470 2070 4540 quod
2116 4473 2378 4541 scriptum
2406 4483 2528 4529 est:
2557 4474 2731 4548 Surge
2771 4477 2860 4546 qui
2904 4477 3124 4545 dormis,
3154 4490 3202 4532 et
3227 4482 3454 4539 elevare:
3483 4496 3530 4540 ct

1925 4561 2245 4617 illuminabit
2294 4571 2344 4617 te
2387 4564 2626 4620 Christus
2675 4566 2906 4637 (Ep/tes.
2937 4583 2989 4637 ν,
3029 4570 3166 4641 H);
3202 4583 3262 4627 ut
3306 4589 3527 4646 semper

221 4683 383 4732 teme
411 4675 566 4732 Judte
585 4716 600 4742 ,
630 4676 718 4731 ref
745 4683 899 4731 certe
924 4676 1195 4730 universa:
1227 4683 1415 4739 terrae,
1451 4671 1519 4727 de
1547 4669 1747 4742 quibus
1767 4668 1816 4724 in

1927 4656 2183 4727 vigilans,
2210 4657 2356 4714 etde
2379 4673 2577 4715 somno
2605 4675 2967 4734 consurgens,
2998 4637 3256 4736 loquatur
3277 4683 3398 4739 quae
3424 4637 3530 4729 sibi

220 4769 550 4841 Apocalypsi
583 4769 854 4839 scriptum
888 4779 973 4824 est
1005 4785 1018 4822 :
1065 4767 1152 4822 Va:
1187 4783 1340 4834 super
1365 4781 1538 4822 omnes
1561 4765 1819 4820 habitato-

222 4879 306 4919 res
335 4873 484 4920 terra
522 4864 708 4936 (Apoc.
736 4879 826 4920 vm
850 4906 865 4932 ,
902 4862 1011 4935 l3).
1040 4861 1224 4918 Sancti
1251 4861 1400 4917 enim
1427 4877 1534 4915 non
1566 4868 1692 4914 sunt
1721 4857 1818 4914 ha-

223 4957 488 5013 bitatores
511 4966 707 5014 teme:
733 4957 835 5013 sed
853 4954 1078 5011 advenae
1102 4962 1264 5024 atque
1276 4953 1569 5025 peregrini,
1593 4965 1821 5023 quorum

224 5065 366 5106 unus
405 5049 537 5107 dicit
571 5067 584 5104 ε
625 5049 839 5106 Advena
863 5065 956 5123 ego
993 5063 1104 5104 sum
1133 5063 1287 5116 super
1328 5054 1546 5113 terram;
1592 5053 1638 5100 et
1679 5059 1826 5114 pere-

224 5145 409 5215 grinus
431 5145 564 5199 sicut
595 5159 768 5199 omnes
797 5153 969 5214 patres
1014 5141 1112 5196 mei
1134 5139 1308 5212 (Psal.
1337 5153 1538 5194 xxxvnt
1557 5180 1570 5202 ,
1614 5137 1722 5208 15).
1756 5136 1825 5192 Et

226 5238 367 5294 alius
399 5255 434 5312 :I
455 5235 613 5291 Paret
655 5245 776 5292 sunt
796 5245 848 5290 et
875 5235 1082 5308 pessimi
1110 5234 1218 5288 dies
1247 5232 1374 5300 mei,
1405 5229 1590 5298 quibus
1619 5246 1710 5302 ego
1738 5245 1824 5298 pe-

226 5332 464 5404 regrinar
509 5330 566 5384 in
614 5338 748 5384 terra
784 5325 938 5400 (Gen.
981 5341 1154 5393 van,
1202 5325 1280 5397 9).
1327 5323 1482 5380 Unde
1533 5331 1590 5379 et
1634 5321 1824 5385 Petrus

227 5421 564 5482 Catholicam
592 5422 892 5494 Epistulam
924 5419 1114 5477 scribit
1143 5418 1367 5475 advenis
1396 5425 1556 5488 atque
1587 5413 1826 5487 peregri-

231 5599 638 5687 ξϐραζθςιρῧτῳς
666 5599 818 5676 ἔχειν
857 5603 1136 5687 {impiare
1156 5602 1516 5687 Αέἵρηγρευῐαῖ
1562 5599 1663 5687 ε’γῴ
1691 5594 1826 5687 ’ὁρᾷ

229 5669 416 5752 Ἐ’γᾲρ
450 5669 760 5752 δγρήσγοιρᾰίς-
797 5680 883 5731 καὶ
1009 5669 1412 5752 ἆμύνδυῦιςον
1448 5680 1564 5752 eam
1579 5669 1750 5752 ἀύτῶῂ

233 5739 908 5839 ῖῷ’ὶξραίιξῷ’π’ροφέρεται
946 5739 1204 5822 (iuuit-on.
1237 5746 1452 5818 Ἐπάγει
1477 5749 1618 5815 γοῦν
1658 5739 1828 5800 Καλῶς

233 5829 488 5894 ἑώρακας,
516 5829 621 5874 ctc.

306 5899 333 5928 ι
359 5889 564 5947 Confer
588 5887 747 5958 epist.
776 5889 865 5956 9.9,
889 5889 954 5947 ad
979 5887 1474 5960 Eustocli.,et125,
1501 5885 1568 5942 ad
1592 5883 1826 5951 Rustic.,

1926 4755 2247 4824 praeceperit
2282 4754 2444 4810 Deus.

2000 4845 2084 4900 Ne
2113 4846 2294 4901 timeas
2319 4864 2354 4900 α
2380 4847 2514 4918 {acie
2534 4863 2712 4902 eorum
2733 4864 2752 4902 :
2781 4865 2872 4902 nec
2897 4850 3034 4904 enim
3057 4851 3235 4907 timere.
3265 4861 3312 4909 te
3335 4853 3527 4926 faciam

1925 4939 2126 4995 vultum
2152 4955 2350 4994 eorum.
2373 4939 2500 4996 Sive
2526 4947 2582 4995 ut
2613 4940 2999 5012 Septuaginta,
3028 4951 3084 4999 et
3115 4946 3300 5002 επιειτί
3328 4947 3529 5008 habent

1927 5035 2290 5107 interpretes:
2316 5046 2340 5075 ε
2360 5052 2420 5090 ne
2449 5035 2586 5106 forte
2613 5036 2788 5090 timere.
2818 5045 2866 5092 te
2889 5037 3104 5109 faciant.
3133 5039 3202 5095 Et
3227 5052 3312 5098 est
3332 5060 3530 5104 sensus

1927 5128 2078 5200 juxta
2133 5128 2550 5183 translationem
2605 5136 2883 5183 nostram:
2927 5127 3050 5185 Noli
3107 5131 3358 5191 timeres
3391 5137 3528 5194 facie

1931 5237 2159 5279 eorum:
2196 5239 2280 5278 me
2304 5225 2457 5279 enim
2479 5217 2733 5293 adiutore
2754 5265 2767 5288 ,
2798 5239 2893 5280 eos
2926 5225 3123 5282 timere
3161 5243 3267 5283 non
3297 5234 3524 5300 p0teris.

1932 5317 2094 5375 Juxta
2125 5317 2482 5388 Septuaginta
2512 5335 2524 5370 :
2582 5315 2705 5371 Noli
2751 5317 2952 5373 timere
2973 5334 3001 5372 a
3031 5320 3165 5376 l‘acie
3187 5335 3398 5390 eorum,
3434 5324 3532 5379 ha-

1934 5413 2065 5467 beto
2101 5425 2238 5467 mea;
2278 5409 2669 5467 conﬁdentiam
2700 5409 2986 5481 jussionis.
3021 5410 3083 5467 Si
3121 5414 3265 5468 enim
3298 5428 3403 5470 non
3438 5418 3534 5473 ob—

1935 5593 2803 5738 n.ltfaidesuperiusann‘otttttttin‘
2829 5664 3092 5732 lsai.cap.
3123 5677 3220 5733 ιιι,
3254 5668 3360 5724 col.
3396 5671 3525 5730 265.

2009 5751 2031 5778 ο
2063 5739 2154 5795 Sic
2180 5740 2341 5794 habet
2366 5756 2536 5794 unum
2564 5738 2794 5810 Cantab.
2823 5738 3130 5810 exemplar,
3159 5745 3355 5810 μὴπῡτι
3377 5767 3538 5804 πτοη-

1931 5809 2075 5872 θῆναί
2096 5833 2153 5868 σι
2177 5815 2398 5871 ποιήσω.
2430 5813 2638 5868 Cretera
2670 5809 2799 5883 μηδὲ
2825 5809 3082 5879 monens,
3109 5809 3200 5866 nec
3223 5814 3423 5870 timeas.
