  <div class='ocr_page' id='page_1' title='image "/cluster/home/n/w/nwhite01/storage/ocr_20150623/24/uva.x000826571/351.png"; bbox 0 0 3972 6334; ppageno 0'>
   <div class='ocr_carea' id='block_1_1' title="bbox 472 261 3783 339">
    <p class='ocr_par' dir='ltr' id='par_1_1' title="bbox 472 261 3783 339">
     <span class='ocr_line' id='line_1_1' title="bbox 472 261 3783 339; baseline -0.006 -1"><span class='ocrx_word' id='word_1_1' title='bbox 472 281 575 339; x_wconf 83' lang='lat'><strong>687</strong></span> <span class='ocrx_word' id='word_1_2' title='bbox 1723 268 1784 326; x_wconf 86' lang='lat' dir='ltr'><strong>S.</strong></span> <span class='ocrx_word' id='word_1_3' title='bbox 1827 265 2099 326; x_wconf 77' lang='lat' dir='ltr'><strong>EUSEBII</strong></span> <span class='ocrx_word' id='word_1_4' title='bbox 2141 263 2396 324; x_wconf 73' lang='lat' dir='ltr'><strong>IIIERON</strong></span> <span class='ocrx_word' id='word_1_5' title='bbox 2409 265 2518 324; x_wconf 72' lang='grc' dir='ltr'><strong>ΥΜΙ</strong></span> <span class='ocrx_word' id='word_1_6' title='bbox 3675 261 3783 318; x_wconf 81' lang='grc'><strong>688</strong></span> 
     </span>
    </p>
   </div>
   <div class='ocr_carea' id='block_1_2' title="bbox 467 378 3786 464">
    <p class='ocr_par' dir='ltr' id='par_1_2' title="bbox 467 378 3786 464">
     <span class='ocr_line' id='line_1_2' title="bbox 467 378 3786 464; baseline -0.007 -11"><span class='ocrx_word' id='word_1_7' title='bbox 467 397 676 461; x_wconf 88' lang='lat' dir='ltr'><strong>tuleris,</strong></span> <span class='ocrx_word' id='word_1_8' title='bbox 711 394 854 464; x_wconf 91' lang='lat' dir='ltr'><strong>quod</strong></span> <span class='ocrx_word' id='word_1_9' title='bbox 884 391 1071 454; x_wconf 86' lang='lat' dir='ltr'><strong>habes,</strong></span> <span class='ocrx_word' id='word_1_10' title='bbox 1099 396 1158 441; x_wconf 94' lang='lat' dir='ltr'><strong>ut</strong></span> <span class='ocrx_word' id='word_1_11' title='bbox 1190 387 1385 441; x_wconf 88' lang='lat' dir='ltr'><strong>timere</strong></span> <span class='ocrx_word' id='word_1_12' title='bbox 1410 383 1655 448; x_wconf 85' lang='lat' dir='ltr'><strong>desinas,</strong></span> <span class='ocrx_word' id='word_1_13' title='bbox 1684 381 2066 453; x_wconf 85' lang='lat' dir='ltr'><strong>derelinquam</strong></span> <span class='ocrx_word' id='word_1_14' title='bbox 2096 383 2146 446; x_wconf 89' lang='grc' dir='ltr'><strong>Λ</strong></span> <span class='ocrx_word' id='word_1_15' title='bbox 2175 384 2426 438; x_wconf 85' lang='lat' dir='ltr'><strong>miserans</strong></span> <span class='ocrx_word' id='word_1_16' title='bbox 2453 381 2856 437; x_wconf 84' lang='lat' dir='ltr'><strong>adolescentiam</strong></span> <span class='ocrx_word' id='word_1_17' title='bbox 2897 389 3040 434; x_wconf 87' lang='lat' dir='ltr'><strong>tuam</strong></span> <span class='ocrx_word' id='word_1_18' title='bbox 3066 389 3114 434; x_wconf 89' lang='lat' dir='ltr'><strong>et</strong></span> <span class='ocrx_word' id='word_1_19' title='bbox 3149 379 3460 434; x_wconf 88' lang='lat' dir='ltr'><strong>charitatem</strong></span> <span class='ocrx_word' id='word_1_20' title='bbox 3496 378 3786 448; x_wconf 84' lang='lat' dir='ltr'><strong>desponsa-</strong></span> 
     </span>
    </p>
   </div>
   <div class='ocr_carea' id='block_1_3' title="bbox 471 473 2071 552">
    <p class='ocr_par' dir='ltr' id='par_1_3' title="bbox 471 473 2071 552">
     <span class='ocr_line' id='line_1_3' title="bbox 471 473 2071 552; baseline -0.009 -8"><span class='ocrx_word' id='word_1_21' title='bbox 471 498 542 552; x_wconf 89' lang='lat' dir='ltr'><strong>te,</strong></span> <span class='ocrx_word' id='word_1_22' title='bbox 562 498 616 542; x_wconf 90' lang='lat' dir='ltr'><strong>et</strong></span> <span class='ocrx_word' id='word_1_23' title='bbox 646 485 852 539; x_wconf 87' lang='lat' dir='ltr'><strong>tradam</strong></span> <span class='ocrx_word' id='word_1_24' title='bbox 884 479 1089 543; x_wconf 86' lang='lat' dir='ltr'><strong>timori,</strong></span> <span class='ocrx_word' id='word_1_25' title='bbox 1120 487 1176 534; x_wconf 90' lang='lat' dir='ltr'><strong>et</strong></span> <span class='ocrx_word' id='word_1_26' title='bbox 1205 474 1613 548; x_wconf 85' lang='lat' dir='ltr'><strong>quodammodo</strong></span> <span class='ocrx_word' id='word_1_27' title='bbox 1626 473 1860 529; x_wconf 86' lang='lat' dir='ltr'><strong>videbor</strong></span> <span class='ocrx_word' id='word_1_28' title='bbox 1876 474 2071 530; x_wconf 89' lang='lat' dir='ltr'><strong>timere</strong></span> 
     </span>
    </p>
   </div>
   <div class='ocr_carea' id='block_1_4' title="bbox 470 564 2076 640">
    <p class='ocr_par' dir='ltr' id='par_1_4' title="bbox 470 564 2076 640">
     <span class='ocr_line' id='line_1_4' title="bbox 470 564 2076 640; baseline -0.01 -7"><span class='ocrx_word' id='word_1_29' title='bbox 470 590 522 633; x_wconf 90' lang='lat' dir='ltr'><strong>te</strong></span> <span class='ocrx_word' id='word_1_30' title='bbox 552 578 753 638; x_wconf 80' lang='lat' dir='ltr'><strong>facere,</strong></span> <span class='ocrx_word' id='word_1_31' title='bbox 783 573 910 627; x_wconf 88' lang='lat' dir='ltr'><strong>dum</strong></span> <span class='ocrx_word' id='word_1_32' title='bbox 936 569 1195 640; x_wconf 88' lang='lat' dir='ltr'><strong>relinquo</strong></span> <span class='ocrx_word' id='word_1_33' title='bbox 1221 566 1526 623; x_wconf 83' lang='lat' dir='ltr'><strong>formidini.</strong></span> <span class='ocrx_word' id='word_1_34' title='bbox 1557 565 1670 620; x_wconf 88' lang='lat' dir='ltr'><strong>Hoc</strong></span> <span class='ocrx_word' id='word_1_35' title='bbox 1693 575 1878 619; x_wconf 87' lang='lat' dir='ltr'><strong>autem</strong></span> <span class='ocrx_word' id='word_1_36' title='bbox 1906 564 2076 634; x_wconf 86' lang='lat' dir='ltr'><strong>signi-</strong></span> 
     </span>
    </p>
   </div>
   <div class='ocr_carea' id='block_1_5' title="bbox 475 657 2073 738">
    <p class='ocr_par' dir='ltr' id='par_1_5' title="bbox 475 657 2073 738">
     <span class='ocr_line' id='line_1_5' title="bbox 475 657 2073 738; baseline -0.007 -15"><span class='ocrx_word' id='word_1_37' title='bbox 475 673 618 732; x_wconf 85' lang='lat' dir='ltr'><strong>licat,</strong></span> <span class='ocrx_word' id='word_1_38' title='bbox 646 666 790 738; x_wconf 90' lang='lat' dir='ltr'><strong>quod</strong></span> <span class='ocrx_word' id='word_1_39' title='bbox 822 679 1042 734; x_wconf 84' lang='lat' dir='ltr'><strong>semper</strong></span> <span class='ocrx_word' id='word_1_40' title='bbox 1069 661 1305 718; x_wconf 87' lang='lat' dir='ltr'><strong>amanda</strong></span> <span class='ocrx_word' id='word_1_41' title='bbox 1335 662 1408 717; x_wconf 94' lang='lat' dir='ltr'><strong>sit</strong></span> <span class='ocrx_word' id='word_1_42' title='bbox 1433 663 1675 716; x_wconf 86' lang='lat' dir='ltr'><strong>veritas:</strong></span> <span class='ocrx_word' id='word_1_43' title='bbox 1707 674 1807 714; x_wconf 87' lang='lat' dir='ltr'><strong>nec</strong></span> <span class='ocrx_word' id='word_1_44' title='bbox 1836 657 2073 714; x_wconf 88' lang='lat' dir='ltr'><strong>timenda</strong></span> 
     </span>
    </p>
   </div>
   <div class='ocr_carea' id='block_1_6' title="bbox 473 748 2076 825">
    <p class='ocr_par' dir='ltr' id='par_1_6' title="bbox 473 748 2076 825">
     <span class='ocr_line' id='line_1_6' title="bbox 473 748 2076 825; baseline -0.007 -12"><span class='ocrx_word' id='word_1_45' title='bbox 473 761 756 816; x_wconf 89' lang='lat' dir='ltr'><strong>hominum</strong></span> <span class='ocrx_word' id='word_1_46' title='bbox 806 755 1138 822; x_wconf 88' lang='lat' dir='ltr'><strong>multitudo,</strong></span> <span class='ocrx_word' id='word_1_47' title='bbox 1189 754 1282 825; x_wconf 87' lang='lat' dir='ltr'><strong>qui</strong></span> <span class='ocrx_word' id='word_1_48' title='bbox 1328 753 1586 823; x_wconf 76' lang='lat' dir='ltr'><strong>increpiti</strong></span> <span class='ocrx_word' id='word_1_49' title='bbox 1645 750 1754 824; x_wconf 77' lang='grc' dir='ltr'><strong>[ΑΙ.</strong></span> <span class='ocrx_word' id='word_1_50' title='bbox 1792 748 2076 822; x_wconf 77' lang='lat' dir='ltr'><strong>intrepidi]</strong></span> 
     </span>
    </p>
   </div>
   <div class='ocr_carea' id='block_1_7' title="bbox 471 843 2080 921">
    <p class='ocr_par' dir='ltr' id='par_1_7' title="bbox 471 843 2080 921">
     <span class='ocr_line' id='line_1_7' title="bbox 471 843 2080 921; baseline -0.007 -13"><span class='ocrx_word' id='word_1_51' title='bbox 471 850 884 921; x_wconf 88' lang='lat' dir='ltr'><strong>correptionem</strong></span> <span class='ocrx_word' id='word_1_52' title='bbox 919 865 1026 903; x_wconf 91' lang='lat' dir='ltr'><strong>non</strong></span> <span class='ocrx_word' id='word_1_53' title='bbox 1060 848 1373 911; x_wconf 91' lang='lat' dir='ltr'><strong>sustinent;</strong></span> <span class='ocrx_word' id='word_1_54' title='bbox 1425 844 1520 900; x_wconf 89' lang='lat' dir='ltr'><strong>sed</strong></span> <span class='ocrx_word' id='word_1_55' title='bbox 1564 843 1792 899; x_wconf 82' lang='lat' dir='ltr'><strong>insidias</strong></span> <span class='ocrx_word' id='word_1_56' title='bbox 1841 843 2080 898; x_wconf 88' lang='lat' dir='ltr'><strong>tendunt</strong></span> 
     </span>
    </p>
   </div>
   <div class='ocr_carea' id='block_1_8' title="bbox 474 935 2080 1014">
    <p class='ocr_par' dir='ltr' id='par_1_8' title="bbox 474 935 2080 1014">
     <span class='ocr_line' id='line_1_8' title="bbox 474 935 2080 1014; baseline -0.007 -14"><span class='ocrx_word' id='word_1_57' title='bbox 474 946 548 1009; x_wconf 86' lang='lat' dir='ltr'><strong>ei,</strong></span> <span class='ocrx_word' id='word_1_58' title='bbox 572 960 600 997; x_wconf 88' lang='lat' dir='ltr'><strong>a</strong></span> <span class='ocrx_word' id='word_1_59' title='bbox 629 957 740 1014; x_wconf 89' lang='lat' dir='ltr'><strong>quo</strong></span> <span class='ocrx_word' id='word_1_60' title='bbox 770 941 1166 1012; x_wconf 91' lang='lat' dir='ltr'><strong>corripiuntur.</strong></span> <span class='ocrx_word' id='word_1_61' title='bbox 1218 936 1494 1008; x_wconf 88' lang='lat' dir='ltr'><strong>Quodque</strong></span> <span class='ocrx_word' id='word_1_62' title='bbox 1531 937 1684 1007; x_wconf 93' lang='lat' dir='ltr'><strong>juxta</strong></span> <span class='ocrx_word' id='word_1_63' title='bbox 1717 935 1860 992; x_wconf 80' lang='lat' dir='ltr'><strong>LXX</strong></span> <span class='ocrx_word' id='word_1_64' title='bbox 1896 935 2080 1006; x_wconf 87' lang='lat' dir='ltr'><strong>sequi-</strong></span> 
     </span>
    </p>
   </div>
   <div class='ocr_carea' id='block_1_9' title="bbox 475 1019 2082 1108">
    <p class='ocr_par' dir='ltr' id='par_1_9' title="bbox 475 1019 2082 1108">
     <span class='ocr_line' id='line_1_9' title="bbox 475 1019 2082 1108; baseline -0.007 -17"><span class='ocrx_word' id='word_1_65' title='bbox 475 1046 590 1091; x_wconf 94' lang='lat' dir='ltr'><strong>tur:</strong></span> <span class='ocrx_word' id='word_1_66' title='bbox 620 1035 746 1108; x_wconf 86' lang='lat' dir='ltr'><strong>quia</strong></span> <span class='ocrx_word' id='word_1_67' title='bbox 774 1043 939 1087; x_wconf 83' lang='lat' dir='ltr'><strong>tecum</strong></span> <span class='ocrx_word' id='word_1_68' title='bbox 977 1046 1096 1086; x_wconf 85' lang='lat' dir='ltr'><strong>sum</strong></span> <span class='ocrx_word' id='word_1_69' title='bbox 1121 1039 1176 1083; x_wconf 92' lang='lat' dir='ltr'><strong>ut</strong></span> <span class='ocrx_word' id='word_1_70' title='bbox 1205 1019 1411 1084; x_wconf 69' lang='lat' dir='ltr'><strong>libei&#39;em</strong></span> <span class='ocrx_word' id='word_1_71' title='bbox 1440 1037 1508 1094; x_wconf 92' lang='lat' dir='ltr'><strong>te,</strong></span> <span class='ocrx_word' id='word_1_72' title='bbox 1563 1028 1692 1082; x_wconf 88' lang='lat' dir='ltr'><strong>dicit</strong></span> <span class='ocrx_word' id='word_1_73' title='bbox 1719 1026 1991 1093; x_wconf 78' lang='lat' dir='ltr'><strong>Dominus,</strong></span> <span class='ocrx_word' id='word_1_74' title='bbox 2026 1027 2082 1080; x_wconf 91' lang='lat' dir='ltr'><strong>in</strong></span> 
     </span>
    </p>
   </div>
   <div class='ocr_carea' id='block_1_10' title="bbox 473 1117 2078 1184">
    <p class='ocr_par' dir='ltr' id='par_1_10' title="bbox 473 1117 2078 1184">
     <span class='ocr_line' id='line_1_10' title="bbox 473 1117 2078 1184; baseline -0.009 0"><span class='ocrx_word' id='word_1_75' title='bbox 473 1126 750 1184; x_wconf 80' lang='lat' dir='ltr'><strong>Hebraico</strong></span> <span class='ocrx_word' id='word_1_76' title='bbox 799 1138 910 1179; x_wconf 91' lang='lat' dir='ltr'><strong>non</strong></span> <span class='ocrx_word' id='word_1_77' title='bbox 949 1121 1204 1178; x_wconf 86' lang='lat' dir='ltr'><strong>habetur.</strong></span> <span class='ocrx_word' id='word_1_78' title='bbox 1252 1118 1323 1174; x_wconf 87' lang='lat' dir='ltr'><strong>Et</strong></span> <span class='ocrx_word' id='word_1_79' title='bbox 1362 1128 1446 1174; x_wconf 92' lang='lat' dir='ltr'><strong>est</strong></span> <span class='ocrx_word' id='word_1_80' title='bbox 1475 1133 1704 1175; x_wconf 86' lang='lat' dir='ltr'><strong>sensus:</strong></span> <span class='ocrx_word' id='word_1_81' title='bbox 1769 1117 1969 1172; x_wconf 88' lang='lat' dir='ltr'><strong>Eruam</strong></span> <span class='ocrx_word' id='word_1_82' title='bbox 2004 1123 2078 1183; x_wconf 91' lang='lat' dir='ltr'><strong>te,</strong></span> 
     </span>
    </p>
   </div>
   <div class='ocr_carea' id='block_1_11' title="bbox 478 1211 2086 1279">
    <p class='ocr_par' dir='ltr' id='par_1_11' title="bbox 478 1211 2086 1279">
     <span class='ocr_line' id='line_1_11' title="bbox 478 1211 2086 1279; baseline -0.008 -3"><span class='ocrx_word' id='word_1_83' title='bbox 478 1238 585 1276; x_wconf 90' lang='lat' dir='ltr'><strong>non</strong></span> <span class='ocrx_word' id='word_1_84' title='bbox 611 1221 665 1275; x_wconf 92' lang='lat' dir='ltr'><strong>in</strong></span> <span class='ocrx_word' id='word_1_85' title='bbox 695 1233 763 1273; x_wconf 92' lang='lat' dir='ltr'><strong>eo</strong></span> <span class='ocrx_word' id='word_1_86' title='bbox 805 1226 864 1272; x_wconf 90' lang='lat' dir='ltr'><strong>ut</strong></span> <span class='ocrx_word' id='word_1_87' title='bbox 893 1215 986 1271; x_wconf 88' lang='lat' dir='ltr'><strong>tibi</strong></span> <span class='ocrx_word' id='word_1_88' title='bbox 1011 1214 1196 1269; x_wconf 91' lang='lat' dir='ltr'><strong>nullus</strong></span> <span class='ocrx_word' id='word_1_89' title='bbox 1216 1212 1546 1278; x_wconf 87' lang='lat' dir='ltr'><strong>insidietur;</strong></span> <span class='ocrx_word' id='word_1_90' title='bbox 1581 1211 1675 1268; x_wconf 91' lang='lat' dir='ltr'><strong>sed</strong></span> <span class='ocrx_word' id='word_1_91' title='bbox 1703 1211 1755 1265; x_wconf 94' lang='lat' dir='ltr'><strong>in</strong></span> <span class='ocrx_word' id='word_1_92' title='bbox 1777 1225 1868 1279; x_wconf 88' lang='lat' dir='ltr'><strong>eo,</strong></span> <span class='ocrx_word' id='word_1_93' title='bbox 1902 1217 1962 1264; x_wconf 93' lang='lat' dir='ltr'><strong>ut</strong></span> <span class='ocrx_word' id='word_1_94' title='bbox 1987 1223 2086 1279; x_wconf 88' lang='lat' dir='ltr'><strong>pa-</strong></span> 
     </span>
    </p>
   </div>
   <div class='ocr_carea' id='block_1_12' title="bbox 476 1308 1403 1378">
    <p class='ocr_par' dir='ltr' id='par_1_12' title="bbox 476 1308 1403 1378">
     <span class='ocr_line' id='line_1_12' title="bbox 476 1308 1403 1378; baseline -0.01 -8"><span class='ocrx_word' id='word_1_95' title='bbox 476 1313 622 1370; x_wconf 90' lang='lat' dir='ltr'><strong>tiens</strong></span> <span class='ocrx_word' id='word_1_96' title='bbox 653 1311 919 1376; x_wconf 83' lang='lat' dir='ltr'><strong>insidias,</strong></span> <span class='ocrx_word' id='word_1_97' title='bbox 953 1325 1059 1364; x_wconf 89' lang='lat' dir='ltr'><strong>non</strong></span> <span class='ocrx_word' id='word_1_98' title='bbox 1087 1308 1403 1378; x_wconf 85' lang='lat' dir='ltr'><strong>delinquas.</strong></span> 
     </span>
    </p>
   </div>
   <div class='ocr_carea' id='block_1_13' title="bbox 553 1393 2087 1478">
    <p class='ocr_par' dir='ltr' id='par_1_13' title="bbox 553 1393 2087 1478">
     <span class='ocr_line' id='line_1_13' title="bbox 553 1393 2087 1478; baseline -0.008 -17"><span class='ocrx_word' id='word_1_99' title='bbox 553 1405 740 1478; x_wconf 82' lang='lat' dir='ltr'><strong>(Vers.</strong></span> <span class='ocrx_word' id='word_1_100' title='bbox 775 1404 863 1468; x_wconf 77' lang='grc'><strong>18,</strong></span> <span class='ocrx_word' id='word_1_101' title='bbox 893 1399 1007 1471; x_wconf 78' lang='grc'><strong>19.)</strong></span> <span class='ocrx_word' id='word_1_102' title='bbox 1035 1399 1146 1474; x_wconf 86' lang='lat' dir='ltr'><strong>Ego</strong></span> <span class='ocrx_word' id='word_1_103' title='bbox 1163 1401 1358 1471; x_wconf 81' lang='lat' dir='ltr'><strong>quippe</strong></span> <span class='ocrx_word' id='word_1_104' title='bbox 1385 1398 1507 1452; x_wconf 83' lang='lat' dir='ltr'><strong>dedi</strong></span> <span class='ocrx_word' id='word_1_105' title='bbox 1533 1408 1578 1451; x_wconf 91' lang='lat' dir='ltr'><strong>te</strong></span> <span class='ocrx_word' id='word_1_106' title='bbox 1601 1396 1756 1451; x_wconf 83' lang='lat' dir='ltr'><strong>hodie</strong></span> <span class='ocrx_word' id='word_1_107' title='bbox 1779 1395 1920 1467; x_wconf 83' lang='lat' dir='ltr'><strong>(sive</strong></span> <span class='ocrx_word' id='word_1_108' title='bbox 1949 1393 2087 1449; x_wconf 89' lang='lat' dir='ltr'><strong>Ecce</strong></span> 
     </span>
    </p>
   </div>
   <div class='ocr_carea' id='block_1_14' title="bbox 480 1487 2086 1571">
    <p class='ocr_par' dir='ltr' id='par_1_14' title="bbox 480 1487 2086 1571">
     <span class='ocr_line' id='line_1_14' title="bbox 480 1487 2086 1571; baseline -0.009 -17"><span class='ocrx_word' id='word_1_109' title='bbox 480 1501 634 1571; x_wconf 77' lang='lat' dir='ltr'><strong>posui</strong></span> <span class='ocrx_word' id='word_1_110' title='bbox 661 1507 707 1551; x_wconf 91' lang='lat' dir='ltr'><strong>te</strong></span> <span class='ocrx_word' id='word_1_111' title='bbox 727 1498 784 1550; x_wconf 90' lang='lat' dir='ltr'><strong>in</strong></span> <span class='ocrx_word' id='word_1_112' title='bbox 808 1495 909 1550; x_wconf 83' lang='lat' dir='ltr'><strong>hac</strong></span> <span class='ocrx_word' id='word_1_113' title='bbox 935 1493 1042 1565; x_wconf 90' lang='lat' dir='ltr'><strong>die)</strong></span> <span class='ocrx_word' id='word_1_114' title='bbox 1070 1494 1122 1547; x_wconf 89' lang='lat' dir='ltr'><strong>in</strong></span> <span class='ocrx_word' id='word_1_115' title='bbox 1143 1493 1400 1547; x_wconf 80' lang='lat' dir='ltr'><strong>civitatem</strong></span> <span class='ocrx_word' id='word_1_116' title='bbox 1431 1489 1702 1553; x_wconf 76' lang='lat' dir='ltr'><strong>munitam,</strong></span> <span class='ocrx_word' id='word_1_117' title='bbox 1729 1499 1775 1542; x_wconf 87' lang='lat' dir='ltr'><strong>et</strong></span> <span class='ocrx_word' id='word_1_118' title='bbox 1804 1493 1856 1541; x_wconf 87' lang='lat' dir='ltr'><strong>in</strong></span> <span class='ocrx_word' id='word_1_119' title='bbox 1885 1487 2086 1543; x_wconf 83' lang='lat' dir='ltr'><strong>colum-</strong></span> 
     </span>
    </p>
   </div>
   <div class='ocr_carea' id='block_1_15' title="bbox 481 1589 2084 1665">
    <p class='ocr_par' dir='ltr' id='par_1_15' title="bbox 481 1589 2084 1665">
     <span class='ocr_line' id='line_1_15' title="bbox 481 1589 2084 1665; baseline -0.009 -17"><span class='ocrx_word' id='word_1_120' title='bbox 481 1611 603 1648; x_wconf 92' lang='lat' dir='ltr'><strong>nam</strong></span> <span class='ocrx_word' id='word_1_121' title='bbox 629 1597 852 1665; x_wconf 78' lang='lat' dir='ltr'><strong>ferream</strong></span> <span class='ocrx_word' id='word_1_122' title='bbox 869 1634 884 1656; x_wconf 93' lang='lat'><strong>,</strong></span> <span class='ocrx_word' id='word_1_123' title='bbox 939 1599 986 1642; x_wconf 87' lang='lat' dir='ltr'><strong>et</strong></span> <span class='ocrx_word' id='word_1_124' title='bbox 1026 1589 1081 1641; x_wconf 94' lang='lat' dir='ltr'><strong>in</strong></span> <span class='ocrx_word' id='word_1_125' title='bbox 1111 1603 1317 1640; x_wconf 90' lang='lat' dir='ltr'><strong>murum</strong></span> <span class='ocrx_word' id='word_1_126' title='bbox 1345 1601 1546 1640; x_wconf 79' lang='lat' dir='ltr'><strong>teneam</strong></span> <span class='ocrx_word' id='word_1_127' title='bbox 1570 1599 1725 1656; x_wconf 88' lang='lat' dir='ltr'><strong>super</strong></span> <span class='ocrx_word' id='word_1_128' title='bbox 1753 1598 1954 1637; x_wconf 87' lang='lat' dir='ltr'><strong>omnem</strong></span> <span class='ocrx_word' id='word_1_129' title='bbox 1977 1589 2084 1634; x_wconf 91' lang='lat' dir='ltr'><strong>ter-</strong></span> 
     </span>
    </p>
   </div>
   <div class='ocr_carea' id='block_1_16' title="bbox 481 1672 2084 1756">
    <p class='ocr_par' dir='ltr' id='par_1_16' title="bbox 481 1672 2084 1756">
     <span class='ocr_line' id='line_1_16' title="bbox 481 1672 2084 1756; baseline -0.011 -15"><span class='ocrx_word' id='word_1_130' title='bbox 481 1701 632 1741; x_wconf 89' lang='lat' dir='ltr'><strong>ram:</strong></span> <span class='ocrx_word' id='word_1_131' title='bbox 661 1682 868 1756; x_wconf 90' lang='lat' dir='ltr'><strong>regibus</strong></span> <span class='ocrx_word' id='word_1_132' title='bbox 890 1679 1064 1743; x_wconf 83' lang='lat' dir='ltr'><strong>Juda,</strong></span> <span class='ocrx_word' id='word_1_133' title='bbox 1106 1675 1430 1748; x_wconf 79' lang='lat' dir='ltr'><strong>principibus</strong></span> <span class='ocrx_word' id='word_1_134' title='bbox 1458 1677 1592 1747; x_wconf 87' lang='lat' dir='ltr'><strong>ejus,</strong></span> <span class='ocrx_word' id='word_1_135' title='bbox 1623 1683 1668 1728; x_wconf 90' lang='lat' dir='ltr'><strong>et</strong></span> <span class='ocrx_word' id='word_1_136' title='bbox 1707 1672 2084 1738; x_wconf 79' lang='lat' dir='ltr'><strong>sacerdotibus,</strong></span> 
     </span>
    </p>
   </div>
   <div class='ocr_carea' id='block_1_17' title="bbox 2175 470 3786 542">
    <p class='ocr_par' dir='ltr' id='par_1_17' title="bbox 2175 470 3786 542">
     <span class='ocr_line' id='line_1_17' title="bbox 2175 470 3786 542; baseline -0.005 -14"><span class='ocrx_word' id='word_1_137' title='bbox 2175 475 2330 528; x_wconf 82' lang='lat' dir='ltr'><strong>tionis</strong></span> <span class='ocrx_word' id='word_1_138' title='bbox 2377 484 2520 530; x_wconf 70' lang='lat' dir='ltr'><strong>tute:</strong></span> <span class='ocrx_word' id='word_1_139' title='bbox 2551 473 2759 542; x_wconf 86' lang='lat' dir='ltr'><strong>quando</strong></span> <span class='ocrx_word' id='word_1_140' title='bbox 2788 481 2966 526; x_wconf 87' lang='lat' dir='ltr'><strong>secuta</strong></span> <span class='ocrx_word' id='word_1_141' title='bbox 2995 488 3071 524; x_wconf 87' lang='lat' dir='ltr'><strong>me</strong></span> <span class='ocrx_word' id='word_1_142' title='bbox 3100 487 3153 524; x_wconf 88' lang='lat' dir='ltr'><strong>es</strong></span> <span class='ocrx_word' id='word_1_143' title='bbox 3174 472 3228 524; x_wconf 90' lang='lat' dir='ltr'><strong>in</strong></span> <span class='ocrx_word' id='word_1_144' title='bbox 3256 472 3458 524; x_wconf 86' lang='lat' dir='ltr'><strong>deserto</strong></span> <span class='ocrx_word' id='word_1_145' title='bbox 3486 511 3501 536; x_wconf 89' lang='lat'><strong>,</strong></span> <span class='ocrx_word' id='word_1_146' title='bbox 3553 470 3610 524; x_wconf 91' lang='lat' dir='ltr'><strong>in</strong></span> <span class='ocrx_word' id='word_1_147' title='bbox 3643 479 3786 522; x_wconf 85' lang='lat' dir='ltr'><strong>terra</strong></span> 
     </span>
    </p>
   </div>
   <div class='ocr_carea' id='block_1_18' title="bbox 2174 559 3786 640">
    <p class='ocr_par' dir='ltr' id='par_1_18' title="bbox 2174 559 3786 640">
     <span class='ocr_line' id='line_1_18' title="bbox 2174 559 3786 640; baseline -0.006 -18"><span class='ocrx_word' id='word_1_148' title='bbox 2174 585 2290 640; x_wconf 73' lang='lat' dir='ltr'><strong>qua:</strong></span> <span class='ocrx_word' id='word_1_149' title='bbox 2318 585 2422 623; x_wconf 89' lang='lat' dir='ltr'><strong>non</strong></span> <span class='ocrx_word' id='word_1_150' title='bbox 2445 569 2753 624; x_wconf 87' lang='lat' dir='ltr'><strong>seminatur.</strong></span> <span class='ocrx_word' id='word_1_151' title='bbox 2783 564 2929 620; x_wconf 81' lang='lat' dir='ltr'><strong>LXX</strong></span> <span class='ocrx_word' id='word_1_152' title='bbox 2956 583 2968 617; x_wconf 89' lang='lat'><strong>:</strong></span> <span class='ocrx_word' id='word_1_153' title='bbox 3016 563 3144 618; x_wconf 75' lang='lat' dir='ltr'><strong>Hazc</strong></span> <span class='ocrx_word' id='word_1_154' title='bbox 3173 563 3299 616; x_wconf 85' lang='lat' dir='ltr'><strong>dicit</strong></span> <span class='ocrx_word' id='word_1_155' title='bbox 3323 560 3585 616; x_wconf 86' lang='lat' dir='ltr'><strong>Dominus</strong></span> <span class='ocrx_word' id='word_1_156' title='bbox 3609 576 3630 615; x_wconf 89' lang='lat'><strong><em>:</em></strong></span> <span class='ocrx_word' id='word_1_157' title='bbox 3679 559 3786 613; x_wconf 81' lang='lat' dir='ltr'><strong>Re-</strong></span> 
     </span>
    </p>
   </div>
   <div class='ocr_carea' id='block_1_19' title="bbox 2177 653 3788 721">
    <p class='ocr_par' dir='ltr' id='par_1_19' title="bbox 2177 653 3788 721">
     <span class='ocr_line' id='line_1_19' title="bbox 2177 653 3788 721; baseline -0.004 -6"><span class='ocrx_word' id='word_1_158' title='bbox 2177 661 2419 716; x_wconf 88' lang='lat' dir='ltr'><strong>cordatus</strong></span> <span class='ocrx_word' id='word_1_159' title='bbox 2447 677 2559 714; x_wconf 89' lang='lat' dir='ltr'><strong>sum</strong></span> <span class='ocrx_word' id='word_1_160' title='bbox 2588 658 2959 714; x_wconf 71' lang='lat' dir='ltr'><strong>misericordia:</strong></span> <span class='ocrx_word' id='word_1_161' title='bbox 3004 656 3366 710; x_wconf 69' lang='lat' dir='ltr'><strong>adolescentia</strong></span> <span class='ocrx_word' id='word_1_162' title='bbox 3391 663 3516 721; x_wconf 76' lang='lat' dir='ltr'><strong>tute,</strong></span> <span class='ocrx_word' id='word_1_163' title='bbox 3551 662 3598 708; x_wconf 91' lang='lat' dir='ltr'><strong>et</strong></span> <span class='ocrx_word' id='word_1_164' title='bbox 3627 653 3788 708; x_wconf 87' lang='lat' dir='ltr'><strong>dilec-</strong></span> 
     </span>
    </p>
   </div>
   <div class='ocr_carea' id='block_1_20' title="bbox 2179 745 3787 826">
    <p class='ocr_par' dir='ltr' id='par_1_20' title="bbox 2179 745 3787 826">
     <span class='ocr_line' id='line_1_20' title="bbox 2179 745 3787 826; baseline -0.006 -16"><span class='ocrx_word' id='word_1_165' title='bbox 2179 757 2339 811; x_wconf 88' lang='lat' dir='ltr'><strong>tionis</strong></span> <span class='ocrx_word' id='word_1_166' title='bbox 2369 754 2703 826; x_wconf 77' lang='lat' dir='ltr'><strong>perfectionis</strong></span> <span class='ocrx_word' id='word_1_167' title='bbox 2734 763 2857 807; x_wconf 71' lang='lat' dir='ltr'><strong>tuaz.</strong></span> <span class='ocrx_word' id='word_1_168' title='bbox 2887 750 3114 806; x_wconf 85' lang='lat' dir='ltr'><strong>Plenius</strong></span> <span class='ocrx_word' id='word_1_169' title='bbox 3139 749 3243 805; x_wconf 88' lang='lat' dir='ltr'><strong>hoc</strong></span> <span class='ocrx_word' id='word_1_170' title='bbox 3270 749 3324 804; x_wconf 89' lang='lat' dir='ltr'><strong>in</strong></span> <span class='ocrx_word' id='word_1_171' title='bbox 3356 746 3616 804; x_wconf 85' lang='lat' dir='ltr'><strong>Ezechiel</strong></span> <span class='ocrx_word' id='word_1_172' title='bbox 3648 745 3787 802; x_wconf 83' lang='lat' dir='ltr'><strong>dici-</strong></span> 
     </span>
    </p>
   </div>
   <div class='ocr_carea' id='block_1_21' title="bbox 2181 840 3787 920">
    <p class='ocr_par' dir='ltr' id='par_1_21' title="bbox 2181 840 3787 920">
     <span class='ocr_line' id='line_1_21' title="bbox 2181 840 3787 920; baseline -0.005 -17"><span class='ocrx_word' id='word_1_173' title='bbox 2181 856 2270 903; x_wconf 94' lang='lat' dir='ltr'><strong>tur</strong></span> <span class='ocrx_word' id='word_1_174' title='bbox 2301 847 2513 920; x_wconf 75' lang='lat' dir='ltr'><strong>(Ezech.</strong></span> <span class='ocrx_word' id='word_1_175' title='bbox 2548 846 2630 916; x_wconf 86' lang='grc' dir='ltr'><strong>ι),</strong></span> <span class='ocrx_word' id='word_1_176' title='bbox 2680 844 2900 915; x_wconf 85' lang='lat' dir='ltr'><strong>quando</strong></span> <span class='ocrx_word' id='word_1_177' title='bbox 2933 843 3039 897; x_wconf 86' lang='lat' dir='ltr'><strong>sibi</strong></span> <span class='ocrx_word' id='word_1_178' title='bbox 3066 841 3466 898; x_wconf 63' lang='lat' dir='ltr'><strong>Jerusalem&#39;in</strong></span> <span class='ocrx_word' id='word_1_179' title='bbox 3500 840 3787 896; x_wconf 90' lang='lat' dir='ltr'><strong>matrimo-</strong></span> 
     </span>
    </p>
   </div>
   <div class='ocr_carea' id='block_1_22' title="bbox 2182 933 3788 1009">
    <p class='ocr_par' dir='ltr' id='par_1_22' title="bbox 2182 933 3788 1009">
     <span class='ocr_line' id='line_1_22' title="bbox 2182 933 3788 1009; baseline -0.004 -15"><span class='ocrx_word' id='word_1_180' title='bbox 2182 939 2274 994; x_wconf 92' lang='lat' dir='ltr'><strong>nio</strong></span> <span class='ocrx_word' id='word_1_181' title='bbox 2301 939 2562 994; x_wconf 88' lang='lat' dir='ltr'><strong>Dominus</strong></span> <span class='ocrx_word' id='word_1_182' title='bbox 2599 937 2850 1009; x_wconf 79' lang='lat' dir='ltr'><strong>copulat,</strong></span> <span class='ocrx_word' id='word_1_183' title='bbox 2908 947 2964 992; x_wconf 90' lang='lat' dir='ltr'><strong>et</strong></span> <span class='ocrx_word' id='word_1_184' title='bbox 2999 935 3106 990; x_wconf 91' lang='lat' dir='ltr'><strong>sub</strong></span> <span class='ocrx_word' id='word_1_185' title='bbox 3144 949 3378 1004; x_wconf 89' lang='lat' dir='ltr'><strong>persona</strong></span> <span class='ocrx_word' id='word_1_186' title='bbox 3407 933 3618 998; x_wconf 79' lang='lat' dir='ltr'><strong>uxoris,</strong></span> <span class='ocrx_word' id='word_1_187' title='bbox 3671 933 3788 988; x_wconf 90' lang='lat' dir='ltr'><strong>suis</strong></span> 
     </span>
    </p>
   </div>
   <div class='ocr_carea' id='block_1_23' title="bbox 2178 1027 3788 1103">
    <p class='ocr_par' dir='ltr' id='par_1_23' title="bbox 2178 1027 3788 1103">
     <span class='ocr_line' id='line_1_23' title="bbox 2178 1027 3788 1103; baseline -0.002 -17"><span class='ocrx_word' id='word_1_188' title='bbox 2178 1031 2356 1103; x_wconf 77' lang='lat' dir='ltr'><strong>jungit</strong></span> <span class='ocrx_word' id='word_1_189' title='bbox 2377 1031 2749 1101; x_wconf 79' lang='lat' dir='ltr'><strong>amplexibus:</strong></span> <span class='ocrx_word' id='word_1_190' title='bbox 2775 1031 2893 1085; x_wconf 85' lang='lat' dir='ltr'><strong>sive</strong></span> <span class='ocrx_word' id='word_1_191' title='bbox 2919 1037 2984 1084; x_wconf 92' lang='lat' dir='ltr'><strong>ut</strong></span> <span class='ocrx_word' id='word_1_192' title='bbox 3009 1028 3380 1084; x_wconf 87' lang='lat' dir='ltr'><strong>ardentiorem</strong></span> <span class='ocrx_word' id='word_1_193' title='bbox 3408 1037 3683 1084; x_wconf 79' lang='lat' dir='ltr'><strong>monstret</strong></span> <span class='ocrx_word' id='word_1_194' title='bbox 3705 1027 3788 1082; x_wconf 82' lang='lat' dir='ltr'><strong>ai-</strong></span> 
     </span>
    </p>
   </div>
   <div class='ocr_carea' id='block_1_24' title="bbox 2186 1119 3790 1195">
    <p class='ocr_par' dir='ltr' id='par_1_24' title="bbox 2186 1119 3790 1195">
     <span class='ocr_line' id='line_1_24' title="bbox 2186 1119 3790 1195; baseline -0.004 -15"><span class='ocrx_word' id='word_1_195' title='bbox 2186 1125 2410 1191; x_wconf 83' lang='lat' dir='ltr'><strong>fectum,</strong></span> <span class='ocrx_word' id='word_1_196' title='bbox 2435 1125 2668 1195; x_wconf 86' lang='lat' dir='ltr'><strong>puellam</strong></span> <span class='ocrx_word' id='word_1_197' title='bbox 2692 1139 2812 1180; x_wconf 85' lang='lat' dir='ltr'><strong>eam</strong></span> <span class='ocrx_word' id='word_1_198' title='bbox 2836 1130 2893 1178; x_wconf 89' lang='lat' dir='ltr'><strong>et</strong></span> <span class='ocrx_word' id='word_1_199' title='bbox 2921 1121 3390 1177; x_wconf 86' lang='lat' dir='ltr'><strong>adolescentulam</strong></span> <span class='ocrx_word' id='word_1_200' title='bbox 3411 1129 3470 1177; x_wconf 91' lang='lat' dir='ltr'><strong>et</strong></span> <span class='ocrx_word' id='word_1_201' title='bbox 3489 1119 3790 1190; x_wconf 83' lang='lat' dir='ltr'><strong>desponsa-</strong></span> 
     </span>
    </p>
   </div>
   <div class='ocr_carea' id='block_1_25' title="bbox 2186 1213 3790 1286">
    <p class='ocr_par' dir='ltr' id='par_1_25' title="bbox 2186 1213 3790 1286">
     <span class='ocr_line' id='line_1_25' title="bbox 2186 1213 3790 1286; baseline -0.002 -14"><span class='ocrx_word' id='word_1_202' title='bbox 2186 1227 2293 1273; x_wconf 85' lang='lat' dir='ltr'><strong>tam</strong></span> <span class='ocrx_word' id='word_1_203' title='bbox 2318 1228 2498 1274; x_wconf 88' lang='lat' dir='ltr'><strong>vocat.</strong></span> <span class='ocrx_word' id='word_1_204' title='bbox 2523 1218 2643 1286; x_wconf 91' lang='lat' dir='ltr'><strong>Quo</strong></span> <span class='ocrx_word' id='word_1_205' title='bbox 2668 1217 2814 1272; x_wconf 90' lang='lat' dir='ltr'><strong>enim</strong></span> <span class='ocrx_word' id='word_1_206' title='bbox 2841 1215 3076 1272; x_wconf 90' lang='lat' dir='ltr'><strong>necdum</strong></span> <span class='ocrx_word' id='word_1_207' title='bbox 3107 1213 3264 1286; x_wconf 89' lang='lat' dir='ltr'><strong>potiti</strong></span> <span class='ocrx_word' id='word_1_208' title='bbox 3287 1227 3498 1279; x_wconf 91' lang='lat' dir='ltr'><strong>sumus,</strong></span> <span class='ocrx_word' id='word_1_209' title='bbox 3527 1213 3701 1284; x_wconf 87' lang='lat' dir='ltr'><strong>magis</strong></span> <span class='ocrx_word' id='word_1_210' title='bbox 3732 1221 3790 1268; x_wconf 91' lang='lat' dir='ltr'><strong>ut</strong></span> 
     </span>
    </p>
   </div>
   <div class='ocr_carea' id='block_1_26' title="bbox 2187 1306 3790 1382">
    <p class='ocr_par' dir='ltr' id='par_1_26' title="bbox 2187 1306 3790 1382">
     <span class='ocr_line' id='line_1_26' title="bbox 2187 1306 3790 1382; baseline -0.002 -16"><span class='ocrx_word' id='word_1_211' title='bbox 2187 1312 2460 1382; x_wconf 91' lang='lat' dir='ltr'><strong>potiamur</strong></span> <span class='ocrx_word' id='word_1_212' title='bbox 2487 1309 2820 1380; x_wconf 88' lang='lat' dir='ltr'><strong>appetimus.</strong></span> <span class='ocrx_word' id='word_1_213' title='bbox 2866 1308 3120 1376; x_wconf 86' lang='lat' dir='ltr'><strong>Quando,</strong></span> <span class='ocrx_word' id='word_1_214' title='bbox 3159 1306 3360 1377; x_wconf 88' lang='lat' dir='ltr'><strong>inquit,</strong></span> <span class='ocrx_word' id='word_1_215' title='bbox 3390 1314 3576 1363; x_wconf 89' lang='lat' dir='ltr'><strong>secuta</strong></span> <span class='ocrx_word' id='word_1_216' title='bbox 3606 1321 3670 1362; x_wconf 90' lang='lat' dir='ltr'><strong>es</strong></span> <span class='ocrx_word' id='word_1_217' title='bbox 3701 1320 3790 1362; x_wconf 88' lang='lat' dir='ltr'><strong>me</strong></span> 
     </span>
    </p>
   </div>
   <div class='ocr_carea' id='block_1_27' title="bbox 2186 1398 3788 1470">
    <p class='ocr_par' dir='ltr' id='par_1_27' title="bbox 2186 1398 3788 1470">
     <span class='ocr_line' id='line_1_27' title="bbox 2186 1398 3788 1470; baseline -0.001 -14"><span class='ocrx_word' id='word_1_218' title='bbox 2186 1403 2242 1456; x_wconf 91' lang='lat' dir='ltr'><strong>in</strong></span> <span class='ocrx_word' id='word_1_219' title='bbox 2273 1403 2575 1459; x_wconf 90' lang='lat' dir='ltr'><strong>solitudine</strong></span> <span class='ocrx_word' id='word_1_220' title='bbox 2599 1418 2614 1468; x_wconf 92' lang='lat'><strong>;</strong></span> <span class='ocrx_word' id='word_1_221' title='bbox 2639 1412 2694 1457; x_wconf 89' lang='lat' dir='ltr'><strong>et</strong></span> <span class='ocrx_word' id='word_1_222' title='bbox 2725 1401 2897 1457; x_wconf 89' lang='lat' dir='ltr'><strong>instar</strong></span> <span class='ocrx_word' id='word_1_223' title='bbox 2921 1400 3326 1470; x_wconf 83' lang='lat' dir='ltr'><strong>sponsaliorum</strong></span> <span class='ocrx_word' id='word_1_224' title='bbox 3355 1409 3411 1456; x_wconf 92' lang='lat' dir='ltr'><strong>et</strong></span> <span class='ocrx_word' id='word_1_225' title='bbox 3430 1399 3601 1467; x_wconf 89' lang='lat' dir='ltr'><strong>d0tis,</strong></span> <span class='ocrx_word' id='word_1_226' title='bbox 3629 1398 3788 1470; x_wconf 85' lang='lat' dir='ltr'><strong>Legis</strong></span> 
     </span>
    </p>
   </div>
   <div class='ocr_carea' id='block_1_28' title="bbox 2187 1491 3786 1552">
    <p class='ocr_par' dir='ltr' id='par_1_28' title="bbox 2187 1491 3786 1552">
     <span class='ocr_line' id='line_1_28' title="bbox 2187 1491 3786 1552; baseline -0.003 0"><span class='ocrx_word' id='word_1_227' title='bbox 2187 1497 2284 1552; x_wconf 89' lang='lat' dir='ltr'><strong>tibi</strong></span> <span class='ocrx_word' id='word_1_228' title='bbox 2308 1504 2631 1552; x_wconf 88' lang='lat' dir='ltr'><strong>ornamenta</strong></span> <span class='ocrx_word' id='word_1_229' title='bbox 2661 1505 2717 1552; x_wconf 89' lang='lat' dir='ltr'><strong>et</strong></span> <span class='ocrx_word' id='word_1_230' title='bbox 2741 1495 3032 1551; x_wconf 86' lang='lat' dir='ltr'><strong>verborum</strong></span> <span class='ocrx_word' id='word_1_231' title='bbox 3064 1494 3318 1550; x_wconf 89' lang='lat' dir='ltr'><strong>distribui</strong></span> <span class='ocrx_word' id='word_1_232' title='bbox 3367 1493 3616 1548; x_wconf 90' lang='lat' dir='ltr'><strong>monilia.</strong></span> <span class='ocrx_word' id='word_1_233' title='bbox 3670 1491 3786 1548; x_wconf 74' lang='grc' dir='ltr'><strong>Τοσ</strong></span> 
     </span>
    </p>
   </div>
   <div class='ocr_carea' id='block_1_29' title="bbox 2189 1583 3789 1662">
    <p class='ocr_par' dir='ltr' id='par_1_29' title="bbox 2189 1583 3789 1662">
     <span class='ocr_line' id='line_1_29' title="bbox 2189 1583 3789 1662; baseline -0.005 -15"><span class='ocrx_word' id='word_1_234' title='bbox 2189 1601 2411 1662; x_wconf 90' lang='lat' dir='ltr'><strong>tumque</strong></span> <span class='ocrx_word' id='word_1_235' title='bbox 2447 1591 2551 1646; x_wconf 93' lang='lat' dir='ltr'><strong>hoc</strong></span> <span class='ocrx_word' id='word_1_236' title='bbox 2603 1604 2715 1644; x_wconf 93' lang='lat' dir='ltr'><strong>non</strong></span> <span class='ocrx_word' id='word_1_237' title='bbox 2759 1587 2826 1643; x_wconf 91' lang='lat' dir='ltr'><strong>ad</strong></span> <span class='ocrx_word' id='word_1_238' title='bbox 2871 1588 3124 1644; x_wconf 91' lang='lat' dir='ltr'><strong>meritum</strong></span> <span class='ocrx_word' id='word_1_239' title='bbox 3183 1586 3304 1656; x_wconf 87' lang='lat' dir='ltr'><strong>ejus</strong></span> <span class='ocrx_word' id='word_1_240' title='bbox 3335 1585 3527 1651; x_wconf 77' lang='lat' dir='ltr'><strong>refert,</strong></span> <span class='ocrx_word' id='word_1_241' title='bbox 3576 1583 3675 1640; x_wconf 89' lang='lat' dir='ltr'><strong>sed</strong></span> <span class='ocrx_word' id='word_1_242' title='bbox 3723 1583 3789 1640; x_wconf 88' lang='lat' dir='ltr'><strong>ad</strong></span> 
     </span>
    </p>
   </div>
   <div class='ocr_carea' id='block_1_30' title="bbox 2188 1677 3793 1750">
    <p class='ocr_par' dir='ltr' id='par_1_30' title="bbox 2188 1677 3793 1750">
     <span class='ocr_line' id='line_1_30' title="bbox 2188 1677 3793 1750; baseline -0.003 -12"><span class='ocrx_word' id='word_1_243' title='bbox 2188 1698 2343 1738; x_wconf 91' lang='lat' dir='ltr'><strong>suam</strong></span> <span class='ocrx_word' id='word_1_244' title='bbox 2375 1679 2832 1745; x_wconf 87' lang='lat' dir='ltr'><strong>misericordiam,</strong></span> <span class='ocrx_word' id='word_1_245' title='bbox 2860 1695 2958 1750; x_wconf 89' lang='lat' dir='ltr'><strong>per</strong></span> <span class='ocrx_word' id='word_1_246' title='bbox 2978 1695 3140 1750; x_wconf 92' lang='lat' dir='ltr'><strong>quam</strong></span> <span class='ocrx_word' id='word_1_247' title='bbox 3168 1687 3222 1734; x_wconf 88' lang='lat' dir='ltr'><strong>et</strong></span> <span class='ocrx_word' id='word_1_248' title='bbox 3247 1677 3572 1734; x_wconf 86' lang='lat' dir='ltr'><strong>charitatem</strong></span> <span class='ocrx_word' id='word_1_249' title='bbox 3597 1691 3793 1734; x_wconf 87' lang='lat' dir='ltr'><strong>conse-</strong></span> 
     </span>
    </p>
   </div>
   <div class='ocr_carea' id='block_1_31' title="bbox 479 1767 3789 1849">
    <p class='ocr_par' dir='ltr' id='par_1_31' title="bbox 479 1767 3789 1849">
     <span class='ocr_line' id='line_1_31' title="bbox 479 1767 3789 1849; baseline -0.002 -17"><span class='ocrx_word' id='word_1_250' title='bbox 479 1788 527 1832; x_wconf 86' lang='lat' dir='ltr'><strong>et</strong></span> <span class='ocrx_word' id='word_1_251' title='bbox 551 1776 744 1849; x_wconf 84' lang='lat' dir='ltr'><strong>papula</strong></span> <span class='ocrx_word' id='word_1_252' title='bbox 770 1783 942 1828; x_wconf 64' lang='lat' dir='ltr'><strong>terrae.</strong></span> <span class='ocrx_word' id='word_1_253' title='bbox 964 1769 1033 1824; x_wconf 87' lang='lat' dir='ltr'><strong>Et</strong></span> <span class='ocrx_word' id='word_1_254' title='bbox 1056 1769 1316 1824; x_wconf 87' lang='lat' dir='ltr'><strong>bellabunt</strong></span> <span class='ocrx_word' id='word_1_255' title='bbox 1343 1770 1619 1823; x_wconf 87' lang='lat' dir='ltr'><strong>adversum</strong></span> <span class='ocrx_word' id='word_1_256' title='bbox 1640 1777 1708 1833; x_wconf 87' lang='lat' dir='ltr'><strong>te,</strong></span> <span class='ocrx_word' id='word_1_257' title='bbox 1737 1776 1783 1822; x_wconf 88' lang='lat' dir='ltr'><strong>et</strong></span> <span class='ocrx_word' id='word_1_258' title='bbox 1813 1783 1915 1820; x_wconf 92' lang='lat' dir='ltr'><strong>non</strong></span> <span class='ocrx_word' id='word_1_259' title='bbox 1942 1779 2076 1835; x_wconf 80' lang='lat' dir='ltr'><strong>prte-</strong></span> <span class='ocrx_word' id='word_1_260' title='bbox 2108 1767 2156 1829; x_wconf 81' lang='grc' dir='ltr'>Β</span> <span class='ocrx_word' id='word_1_261' title='bbox 2179 1787 2304 1832; x_wconf 63' lang='lat' dir='ltr'><strong>cum</strong></span> <span class='ocrx_word' id='word_1_262' title='bbox 2323 1783 2426 1830; x_wconf 72' lang='grc' dir='ltr'><strong>εει,</strong></span> <span class='ocrx_word' id='word_1_263' title='bbox 2447 1774 2560 1830; x_wconf 78' lang='lat' dir='ltr'><strong>Hoc</strong></span> <span class='ocrx_word' id='word_1_264' title='bbox 2583 1787 2804 1845; x_wconf 81' lang='lat' dir='ltr'><strong>quoque</strong></span> <span class='ocrx_word' id='word_1_265' title='bbox 2826 1771 2970 1842; x_wconf 85' lang='lat' dir='ltr'><strong>quod</strong></span> <span class='ocrx_word' id='word_1_266' title='bbox 2987 1771 3292 1842; x_wconf 86' lang='lat' dir='ltr'><strong>posuimus,</strong></span> <span class='ocrx_word' id='word_1_267' title='bbox 3318 1768 3789 1842; x_wconf 57' lang='lat' dir='ltr'><strong>ianeserto,</strong></span> 
     </span>
    </p>
   </div>
   <div class='ocr_carea' id='block_1_32' title="bbox 481 1856 2082 1936">
    <p class='ocr_par' dir='ltr' id='par_1_32' title="bbox 481 1856 2082 1936">
     <span class='ocr_line' id='line_1_32' title="bbox 481 1856 2082 1936; baseline -0.01 -11"><span class='ocrx_word' id='word_1_268' title='bbox 481 1869 757 1925; x_wconf 90' lang='lat' dir='ltr'><strong>valebunt:</strong></span> <span class='ocrx_word' id='word_1_269' title='bbox 806 1866 931 1936; x_wconf 90' lang='lat' dir='ltr'><strong>quia</strong></span> <span class='ocrx_word' id='word_1_270' title='bbox 961 1871 1131 1916; x_wconf 87' lang='lat' dir='ltr'><strong>tecum</strong></span> <span class='ocrx_word' id='word_1_271' title='bbox 1155 1877 1248 1934; x_wconf 88' lang='lat' dir='ltr'><strong>ego</strong></span> <span class='ocrx_word' id='word_1_272' title='bbox 1273 1879 1408 1927; x_wconf 91' lang='lat' dir='ltr'><strong>sum,</strong></span> <span class='ocrx_word' id='word_1_273' title='bbox 1459 1861 1531 1914; x_wconf 88' lang='lat' dir='ltr'><strong>ait</strong></span> <span class='ocrx_word' id='word_1_274' title='bbox 1560 1859 1837 1926; x_wconf 86' lang='lat' dir='ltr'><strong>Dominus,</strong></span> <span class='ocrx_word' id='word_1_275' title='bbox 1865 1865 1921 1912; x_wconf 90' lang='lat' dir='ltr'><strong>ut</strong></span> <span class='ocrx_word' id='word_1_276' title='bbox 1955 1856 2082 1912; x_wconf 87' lang='lat' dir='ltr'><strong>libe-</strong></span> 
     </span>
    </p>
   </div>
   <div class='ocr_carea' id='block_1_33' title="bbox 482 1950 2080 2021">
    <p class='ocr_par' dir='ltr' id='par_1_33' title="bbox 482 1950 2080 2021">
     <span class='ocr_line' id='line_1_33' title="bbox 482 1950 2080 2021; baseline -0.008 -5"><span class='ocrx_word' id='word_1_277' title='bbox 482 1979 593 2017; x_wconf 89' lang='lat' dir='ltr'><strong>rem</strong></span> <span class='ocrx_word' id='word_1_278' title='bbox 641 1970 713 2016; x_wconf 89' lang='lat' dir='ltr'><strong>te.</strong></span> <span class='ocrx_word' id='word_1_279' title='bbox 771 1955 1044 2013; x_wconf 86' lang='lat' dir='ltr'><strong>Describit</strong></span> <span class='ocrx_word' id='word_1_280' title='bbox 1070 1969 1254 2009; x_wconf 91' lang='lat' dir='ltr'><strong>sermo</strong></span> <span class='ocrx_word' id='word_1_281' title='bbox 1282 1953 1500 2008; x_wconf 88' lang='lat' dir='ltr'><strong>divinus</strong></span> <span class='ocrx_word' id='word_1_282' title='bbox 1521 1993 1534 2018; x_wconf 90' lang='lat'><strong>,</strong></span> <span class='ocrx_word' id='word_1_283' title='bbox 1584 1967 1682 2007; x_wconf 92' lang='lat' dir='ltr'><strong>cur</strong></span> <span class='ocrx_word' id='word_1_284' title='bbox 1711 1950 1984 2021; x_wconf 85' lang='lat' dir='ltr'><strong>Propheta</strong></span> <span class='ocrx_word' id='word_1_285' title='bbox 2013 1950 2080 2004; x_wconf 85' lang='lat' dir='ltr'><strong>ti-</strong></span> 
     </span>
    </p>
   </div>
   <div class='ocr_carea' id='block_1_34' title="bbox 481 2041 2079 2117">
    <p class='ocr_par' dir='ltr' id='par_1_34' title="bbox 481 2041 2079 2117">
     <span class='ocr_line' id='line_1_34' title="bbox 481 2041 2079 2117; baseline -0.008 -9"><span class='ocrx_word' id='word_1_286' title='bbox 481 2071 630 2110; x_wconf 89' lang='lat' dir='ltr'><strong>mere</strong></span> <span class='ocrx_word' id='word_1_287' title='bbox 660 2068 766 2107; x_wconf 91' lang='lat' dir='ltr'><strong>non</strong></span> <span class='ocrx_word' id='word_1_288' title='bbox 795 2049 1016 2105; x_wconf 88' lang='lat' dir='ltr'><strong>debeat.</strong></span> <span class='ocrx_word' id='word_1_289' title='bbox 1070 2047 1203 2117; x_wconf 87' lang='lat' dir='ltr'><strong>Ego,</strong></span> <span class='ocrx_word' id='word_1_290' title='bbox 1235 2045 1432 2116; x_wconf 90' lang='lat' dir='ltr'><strong>inquit,</strong></span> <span class='ocrx_word' id='word_1_291' title='bbox 1479 2045 1669 2114; x_wconf 89' lang='lat' dir='ltr'><strong>posui,</strong></span> <span class='ocrx_word' id='word_1_292' title='bbox 1722 2045 1837 2100; x_wconf 88' lang='lat' dir='ltr'><strong>sive</strong></span> <span class='ocrx_word' id='word_1_293' title='bbox 1867 2041 1994 2098; x_wconf 89' lang='lat' dir='ltr'><strong>dedi</strong></span> <span class='ocrx_word' id='word_1_294' title='bbox 2025 2050 2079 2097; x_wconf 92' lang='lat' dir='ltr'><strong>te</strong></span> 
     </span>
    </p>
   </div>
   <div class='ocr_carea' id='block_1_35' title="bbox 478 2134 2078 2218">
    <p class='ocr_par' dir='ltr' id='par_1_35' title="bbox 478 2134 2078 2218">
     <span class='ocr_line' id='line_1_35' title="bbox 478 2134 2078 2218; baseline -0.009 -16"><span class='ocrx_word' id='word_1_295' title='bbox 478 2147 664 2212; x_wconf 91' lang='lat' dir='ltr'><strong>hodie,</strong></span> <span class='ocrx_word' id='word_1_296' title='bbox 697 2144 804 2199; x_wconf 90' lang='lat' dir='ltr'><strong>hoc</strong></span> <span class='ocrx_word' id='word_1_297' title='bbox 833 2151 939 2206; x_wconf 88' lang='lat' dir='ltr'><strong>est,</strong></span> <span class='ocrx_word' id='word_1_298' title='bbox 975 2143 1030 2195; x_wconf 92' lang='lat' dir='ltr'><strong>in</strong></span> <span class='ocrx_word' id='word_1_299' title='bbox 1058 2138 1313 2218; x_wconf 60' lang='lat' dir='ltr'><strong>prasenti</strong></span> <span class='ocrx_word' id='word_1_300' title='bbox 1341 2139 1476 2204; x_wconf 87' lang='lat' dir='ltr'><strong>vita,</strong></span> <span class='ocrx_word' id='word_1_301' title='bbox 1511 2137 1692 2194; x_wconf 90' lang='lat' dir='ltr'><strong>donec</strong></span> <span class='ocrx_word' id='word_1_302' title='bbox 1723 2145 1948 2192; x_wconf 83' lang='lat' dir='ltr'><strong>vocatur</strong></span> <span class='ocrx_word' id='word_1_303' title='bbox 1976 2134 2078 2189; x_wconf 88' lang='lat' dir='ltr'><strong>ho-</strong></span> 
     </span>
    </p>
   </div>
   <div class='ocr_carea' id='block_1_36' title="bbox 475 2229 2080 2310">
    <p class='ocr_par' dir='ltr' id='par_1_36' title="bbox 475 2229 2080 2310">
     <span class='ocr_line' id='line_1_36' title="bbox 475 2229 2080 2310; baseline -0.009 -15"><span class='ocrx_word' id='word_1_304' title='bbox 475 2241 590 2306; x_wconf 90' lang='lat' dir='ltr'><strong>die,</strong></span> <span class='ocrx_word' id='word_1_305' title='bbox 632 2237 785 2310; x_wconf 91' lang='lat' dir='ltr'><strong>quasi</strong></span> <span class='ocrx_word' id='word_1_306' title='bbox 841 2233 1126 2291; x_wconf 87' lang='lat' dir='ltr'><strong>civitatem</strong></span> <span class='ocrx_word' id='word_1_307' title='bbox 1183 2229 1590 2285; x_wconf 82' lang='lat' dir='ltr'><strong>ﬁrmissimam:</strong></span> <span class='ocrx_word' id='word_1_308' title='bbox 1642 2245 1752 2284; x_wconf 88' lang='lat' dir='ltr'><strong>non</strong></span> <span class='ocrx_word' id='word_1_309' title='bbox 1802 2236 1862 2282; x_wconf 91' lang='lat' dir='ltr'><strong>ut</strong></span> <span class='ocrx_word' id='word_1_310' title='bbox 1915 2239 2080 2282; x_wconf 87' lang='lat' dir='ltr'><strong>unam</strong></span> 
     </span>
    </p>
   </div>
   <div class='ocr_carea' id='block_1_37' title="bbox 473 2319 2080 2397">
    <p class='ocr_par' dir='ltr' id='par_1_37' title="bbox 473 2319 2080 2397">
     <span class='ocr_line' id='line_1_37' title="bbox 473 2319 2080 2397; baseline -0.009 -9"><span class='ocrx_word' id='word_1_311' title='bbox 473 2334 724 2397; x_wconf 90' lang='lat' dir='ltr'><strong>domum,</strong></span> <span class='ocrx_word' id='word_1_312' title='bbox 771 2344 872 2384; x_wconf 91' lang='lat' dir='ltr'><strong>nec</strong></span> <span class='ocrx_word' id='word_1_313' title='bbox 893 2327 1112 2390; x_wconf 89' lang='lat' dir='ltr'><strong>turrim,</strong></span> <span class='ocrx_word' id='word_1_314' title='bbox 1169 2332 1260 2378; x_wconf 84' lang='lat' dir='ltr'><strong>aut</strong></span> <span class='ocrx_word' id='word_1_315' title='bbox 1285 2321 1466 2394; x_wconf 88' lang='lat' dir='ltr'><strong>aliqua</strong></span> <span class='ocrx_word' id='word_1_316' title='bbox 1498 2323 1698 2378; x_wconf 81' lang='lat' dir='ltr'><strong>mtenia</strong></span> <span class='ocrx_word' id='word_1_317' title='bbox 1728 2320 1944 2389; x_wconf 80' lang='lat' dir='ltr'><strong>(Matth.</strong></span> <span class='ocrx_word' id='word_1_318' title='bbox 1977 2319 2031 2388; x_wconf 93' lang='lat' dir='ltr'><strong>v)</strong></span> <span class='ocrx_word' id='word_1_319' title='bbox 2061 2337 2080 2391; x_wconf 87' lang='lat'><strong>;</strong></span> 
     </span>
    </p>
   </div>
   <div class='ocr_carea' id='block_1_38' title="bbox 473 2415 2082 2486">
    <p class='ocr_par' dir='ltr' id='par_1_38' title="bbox 473 2415 2082 2486">
     <span class='ocr_line' id='line_1_38' title="bbox 473 2415 2082 2486; baseline -0.008 -4"><span class='ocrx_word' id='word_1_320' title='bbox 473 2426 572 2482; x_wconf 89' lang='lat' dir='ltr'><strong>sed</strong></span> <span class='ocrx_word' id='word_1_321' title='bbox 603 2438 822 2480; x_wconf 90' lang='lat' dir='ltr'><strong>omnem</strong></span> <span class='ocrx_word' id='word_1_322' title='bbox 855 2421 1140 2477; x_wconf 88' lang='lat' dir='ltr'><strong>civitatem</strong></span> <span class='ocrx_word' id='word_1_323' title='bbox 1167 2459 1180 2482; x_wconf 90' lang='lat'><strong>,</strong></span> <span class='ocrx_word' id='word_1_324' title='bbox 1235 2431 1360 2486; x_wconf 71' lang='lat' dir='ltr'><strong>qua:</strong></span> <span class='ocrx_word' id='word_1_325' title='bbox 1390 2417 1495 2470; x_wconf 88' lang='lat' dir='ltr'><strong>sita</strong></span> <span class='ocrx_word' id='word_1_326' title='bbox 1528 2430 1696 2486; x_wconf 89' lang='lat' dir='ltr'><strong>super</strong></span> <span class='ocrx_word' id='word_1_327' title='bbox 1724 2426 1970 2470; x_wconf 89' lang='lat' dir='ltr'><strong>montem</strong></span> <span class='ocrx_word' id='word_1_328' title='bbox 2001 2415 2082 2470; x_wconf 88' lang='lat' dir='ltr'><strong>la-</strong></span> 
     </span>
    </p>
   </div>
   <div class='ocr_carea' id='block_1_39' title="bbox 480 2507 2081 2586">
    <p class='ocr_par' dir='ltr' id='par_1_39' title="bbox 480 2507 2081 2586">
     <span class='ocr_line' id='line_1_39' title="bbox 480 2507 2081 2586; baseline -0.008 -11"><span class='ocrx_word' id='word_1_329' title='bbox 480 2529 598 2574; x_wconf 89' lang='lat' dir='ltr'><strong>tere</strong></span> <span class='ocrx_word' id='word_1_330' title='bbox 625 2531 732 2573; x_wconf 92' lang='lat' dir='ltr'><strong>non</strong></span> <span class='ocrx_word' id='word_1_331' title='bbox 764 2523 965 2586; x_wconf 89' lang='lat' dir='ltr'><strong>potest.</strong></span> <span class='ocrx_word' id='word_1_332' title='bbox 1004 2512 1080 2566; x_wconf 91' lang='lat' dir='ltr'><strong>De</strong></span> <span class='ocrx_word' id='word_1_333' title='bbox 1104 2525 1209 2580; x_wconf 89' lang='lat' dir='ltr'><strong>qua</strong></span> <span class='ocrx_word' id='word_1_334' title='bbox 1235 2510 1497 2580; x_wconf 87' lang='lat' dir='ltr'><strong>scriptum</strong></span> <span class='ocrx_word' id='word_1_335' title='bbox 1530 2518 1642 2564; x_wconf 90' lang='lat' dir='ltr'><strong>est:</strong></span> <span class='ocrx_word' id='word_1_336' title='bbox 1669 2507 1913 2564; x_wconf 87' lang='lat' dir='ltr'><strong>Gloriosa</strong></span> <span class='ocrx_word' id='word_1_337' title='bbox 1939 2510 2081 2563; x_wconf 86' lang='lat' dir='ltr'><strong>dicta</strong></span> 
     </span>
    </p>
   </div>
   <div class='ocr_carea' id='block_1_40' title="bbox 472 2599 2081 2674">
    <p class='ocr_par' dir='ltr' id='par_1_40' title="bbox 472 2599 2081 2674">
     <span class='ocr_line' id='line_1_40' title="bbox 472 2599 2081 2674; baseline -0.009 -7"><span class='ocrx_word' id='word_1_338' title='bbox 472 2620 591 2667; x_wconf 88' lang='lat' dir='ltr'><strong>sunt</strong></span> <span class='ocrx_word' id='word_1_339' title='bbox 620 2610 683 2666; x_wconf 88' lang='lat' dir='ltr'><strong>de</strong></span> <span class='ocrx_word' id='word_1_340' title='bbox 712 2619 781 2673; x_wconf 92' lang='lat' dir='ltr'><strong>te,</strong></span> <span class='ocrx_word' id='word_1_341' title='bbox 815 2609 994 2662; x_wconf 85' lang='lat' dir='ltr'><strong>civitas</strong></span> <span class='ocrx_word' id='word_1_342' title='bbox 1017 2602 1116 2658; x_wconf 85' lang='lat' dir='ltr'><strong>Dei</strong></span> <span class='ocrx_word' id='word_1_343' title='bbox 1148 2600 1323 2674; x_wconf 87' lang='lat' dir='ltr'><strong>(Psal.</strong></span> <span class='ocrx_word' id='word_1_344' title='bbox 1355 2617 1584 2667; x_wconf 83' lang='lat' dir='ltr'><strong>Lxxxvt,</strong></span> <span class='ocrx_word' id='word_1_345' title='bbox 1616 2601 1699 2670; x_wconf 73' lang='grc'><strong>2).</strong></span> <span class='ocrx_word' id='word_1_346' title='bbox 1731 2601 1830 2655; x_wconf 84' lang='grc' dir='ltr'><strong>Ει;</strong></span> <span class='ocrx_word' id='word_1_347' title='bbox 1869 2599 1982 2670; x_wconf 88' lang='lat' dir='ltr'><strong>Ego</strong></span> <span class='ocrx_word' id='word_1_348' title='bbox 2007 2601 2081 2654; x_wconf 82' lang='lat' dir='ltr'><strong>ci-</strong></span> 
     </span>
    </p>
   </div>
   <div class='ocr_carea' id='block_1_41' title="bbox 472 2689 2080 2771">
    <p class='ocr_par' dir='ltr' id='par_1_41' title="bbox 472 2689 2080 2771">
     <span class='ocr_line' id='line_1_41' title="bbox 472 2689 2080 2771; baseline -0.008 -14"><span class='ocrx_word' id='word_1_349' title='bbox 472 2705 604 2757; x_wconf 81' lang='lat' dir='ltr'><strong>vitas</strong></span> <span class='ocrx_word' id='word_1_350' title='bbox 629 2702 783 2771; x_wconf 90' lang='lat' dir='ltr'><strong>ﬁrma</strong></span> <span class='ocrx_word' id='word_1_351' title='bbox 805 2741 820 2764; x_wconf 93' lang='lat'><strong>,</strong></span> <span class='ocrx_word' id='word_1_352' title='bbox 855 2698 1038 2751; x_wconf 84' lang='lat' dir='ltr'><strong>civitas</strong></span> <span class='ocrx_word' id='word_1_353' title='bbox 1079 2709 1196 2764; x_wconf 67' lang='lat' dir='ltr'><strong>qua?</strong></span> <span class='ocrx_word' id='word_1_354' title='bbox 1238 2700 1573 2764; x_wconf 82' lang='lat' dir='ltr'><strong>oppugnatur</strong></span> <span class='ocrx_word' id='word_1_355' title='bbox 1604 2689 1754 2763; x_wconf 87' lang='lat' dir='ltr'><strong>(Isa.</strong></span> <span class='ocrx_word' id='word_1_356' title='bbox 1787 2706 1961 2757; x_wconf 83' lang='lat' dir='ltr'><strong>xxvn,</strong></span> <span class='ocrx_word' id='word_1_357' title='bbox 1991 2689 2080 2763; x_wconf 81' lang='grc'><strong>5).</strong></span> 
     </span>
    </p>
   </div>
   <div class='ocr_carea' id='block_1_42' title="bbox 481 2780 2087 2857">
    <p class='ocr_par' dir='ltr' id='par_1_42' title="bbox 481 2780 2087 2857">
     <span class='ocr_line' id='line_1_42' title="bbox 481 2780 2087 2857; baseline -0.006 -10"><span class='ocrx_word' id='word_1_358' title='bbox 481 2794 570 2857; x_wconf 76' lang='lat' dir='ltr'><strong>Et,</strong></span> <span class='ocrx_word' id='word_1_359' title='bbox 615 2793 671 2844; x_wconf 84' lang='lat' dir='ltr'><strong>in</strong></span> <span class='ocrx_word' id='word_1_360' title='bbox 717 2789 1051 2849; x_wconf 78' lang='lat' dir='ltr'><strong>columnam,</strong></span> <span class='ocrx_word' id='word_1_361' title='bbox 1113 2783 1312 2850; x_wconf 90' lang='lat' dir='ltr'><strong>inquit,</strong></span> <span class='ocrx_word' id='word_1_362' title='bbox 1367 2782 1615 2851; x_wconf 76' lang='lat' dir='ltr'><strong>ferream,</strong></span> <span class='ocrx_word' id='word_1_363' title='bbox 1666 2780 1735 2837; x_wconf 90' lang='lat' dir='ltr'><strong>de</strong></span> <span class='ocrx_word' id='word_1_364' title='bbox 1761 2796 1865 2850; x_wconf 85' lang='lat' dir='ltr'><strong>qua</strong></span> <span class='ocrx_word' id='word_1_365' title='bbox 1892 2781 2087 2837; x_wconf 83' lang='lat' dir='ltr'><strong>scribit</strong></span> 
     </span>
    </p>
   </div>
   <div class='ocr_carea' id='block_1_43' title="bbox 473 2872 2080 2956">
    <p class='ocr_par' dir='ltr' id='par_1_43' title="bbox 473 2872 2080 2956">
     <span class='ocr_line' id='line_1_43' title="bbox 473 2872 2080 2956; baseline -0.006 -19"><span class='ocrx_word' id='word_1_366' title='bbox 473 2882 799 2956; x_wconf 78' lang='lat' dir='ltr'><strong>Apostolus:</strong></span> <span class='ocrx_word' id='word_1_367' title='bbox 826 2877 1083 2933; x_wconf 87' lang='lat' dir='ltr'><strong>Columna</strong></span> <span class='ocrx_word' id='word_1_368' title='bbox 1113 2883 1160 2929; x_wconf 90' lang='lat' dir='ltr'><strong>et</strong></span> <span class='ocrx_word' id='word_1_369' title='bbox 1186 2875 1575 2945; x_wconf 88' lang='lat' dir='ltr'><strong>ﬁrmamentum</strong></span> <span class='ocrx_word' id='word_1_370' title='bbox 1606 2875 1838 2928; x_wconf 83' lang='lat' dir='ltr'><strong>veritatis</strong></span> <span class='ocrx_word' id='word_1_371' title='bbox 1863 2873 1905 2946; x_wconf 96' lang='lat' dir='ltr'><strong>(l</strong></span> <span class='ocrx_word' id='word_1_372' title='bbox 1936 2872 2080 2928; x_wconf 91' lang='lat' dir='ltr'><strong>Tim.</strong></span> 
     </span>
    </p>
   </div>
   <div class='ocr_carea' id='block_1_44' title="bbox 473 2965 2085 3046">
    <p class='ocr_par' dir='ltr' id='par_1_44' title="bbox 473 2965 2085 3046">
     <span class='ocr_line' id='line_1_44' title="bbox 473 2965 2085 3046; baseline -0.007 -14"><span class='ocrx_word' id='word_1_373' title='bbox 473 2993 562 3045; x_wconf 83' lang='grc' dir='ltr'>ιιι,</span> <span class='ocrx_word' id='word_1_374' title='bbox 598 2972 709 3046; x_wconf 81' lang='lat' dir='ltr'><strong>I5).</strong></span> <span class='ocrx_word' id='word_1_375' title='bbox 733 2970 898 3045; x_wconf 66' lang='grc'><strong>843</strong></span> <span class='ocrx_word' id='word_1_376' title='bbox 943 2968 1096 3025; x_wconf 91' lang='lat' dir='ltr'><strong>Unde</strong></span> <span class='ocrx_word' id='word_1_377' title='bbox 1150 2968 1346 3023; x_wconf 84' lang='lat' dir='ltr'><strong>Petrus</strong></span> <span class='ocrx_word' id='word_1_378' title='bbox 1371 2974 1428 3022; x_wconf 93' lang='lat' dir='ltr'><strong>et</strong></span> <span class='ocrx_word' id='word_1_379' title='bbox 1457 2965 1703 3022; x_wconf 84' lang='lat' dir='ltr'><strong>Joannes</strong></span> <span class='ocrx_word' id='word_1_380' title='bbox 1725 3010 1739 3033; x_wconf 94' lang='lat'><strong>,</strong></span> <span class='ocrx_word' id='word_1_381' title='bbox 1794 2965 1890 3037; x_wconf 90' lang='lat' dir='ltr'><strong>qui</strong></span> <span class='ocrx_word' id='word_1_382' title='bbox 1924 2975 2085 3038; x_wconf 90' lang='lat' dir='ltr'><strong>puta-</strong></span> 
     </span>
    </p>
   </div>
   <div class='ocr_carea' id='block_1_45' title="bbox 477 3057 2085 3124">
    <p class='ocr_par' dir='ltr' id='par_1_45' title="bbox 477 3057 2085 3124">
     <span class='ocr_line' id='line_1_45' title="bbox 477 3057 2085 3124; baseline -0.006 -2"><span class='ocrx_word' id='word_1_383' title='bbox 477 3071 677 3123; x_wconf 85' lang='lat' dir='ltr'><strong>hantur</strong></span> <span class='ocrx_word' id='word_1_384' title='bbox 706 3065 983 3120; x_wconf 72' lang='lat' dir='ltr'><strong>columna:</strong></span> <span class='ocrx_word' id='word_1_385' title='bbox 1013 3059 1295 3124; x_wconf 59' lang='lat' dir='ltr'><strong>Ecclesiae,</strong></span> <span class='ocrx_word' id='word_1_386' title='bbox 1329 3058 1549 3113; x_wconf 88' lang='lat' dir='ltr'><strong>dextras</strong></span> <span class='ocrx_word' id='word_1_387' title='bbox 1599 3057 1871 3114; x_wconf 90' lang='lat' dir='ltr'><strong>dederunt</strong></span> <span class='ocrx_word' id='word_1_388' title='bbox 1913 3059 2085 3114; x_wconf 89' lang='lat' dir='ltr'><strong>Paulo</strong></span> 
     </span>
    </p>
   </div>
   <div class='ocr_carea' id='block_1_46' title="bbox 2182 1863 3686 1940">
    <p class='ocr_par' dir='ltr' id='par_1_46' title="bbox 2182 1863 3686 1940">
     <span class='ocr_line' id='line_1_46' title="bbox 2182 1863 3686 1940; baseline -0.004 -18"><span class='ocrx_word' id='word_1_389' title='bbox 2182 1872 2236 1924; x_wconf 91' lang='lat' dir='ltr'><strong>in</strong></span> <span class='ocrx_word' id='word_1_390' title='bbox 2276 1879 2411 1924; x_wconf 90' lang='lat' dir='ltr'><strong>terra</strong></span> <span class='ocrx_word' id='word_1_391' title='bbox 2431 1885 2546 1940; x_wconf 79' lang='lat' dir='ltr'><strong>qua:</strong></span> <span class='ocrx_word' id='word_1_392' title='bbox 2567 1884 2670 1922; x_wconf 92' lang='lat' dir='ltr'><strong>non</strong></span> <span class='ocrx_word' id='word_1_393' title='bbox 2700 1867 3006 1931; x_wconf 87' lang='lat' dir='ltr'><strong>seminatur,</strong></span> <span class='ocrx_word' id='word_1_394' title='bbox 3030 1863 3083 1920; x_wconf 89' lang='lat' dir='ltr'><strong>in</strong></span> <span class='ocrx_word' id='word_1_395' title='bbox 3118 1863 3261 1920; x_wconf 80' lang='lat' dir='ltr'><strong>LXX</strong></span> <span class='ocrx_word' id='word_1_396' title='bbox 3293 1878 3399 1918; x_wconf 91' lang='lat' dir='ltr'><strong>non</strong></span> <span class='ocrx_word' id='word_1_397' title='bbox 3429 1864 3686 1918; x_wconf 84' lang='lat' dir='ltr'><strong>habetur.</strong></span> 
     </span>
    </p>
   </div>
   <div class='ocr_carea' id='block_1_47' title="bbox 2257 1957 3794 2034">
    <p class='ocr_par' dir='ltr' id='par_1_47' title="bbox 2257 1957 3794 2034">
     <span class='ocr_line' id='line_1_47' title="bbox 2257 1957 3794 2034; baseline -0.005 -17"><span class='ocrx_word' id='word_1_398' title='bbox 2257 1961 2438 2033; x_wconf 80' lang='lat' dir='ltr'><strong>(Vers.</strong></span> <span class='ocrx_word' id='word_1_399' title='bbox 2463 1959 2545 2034; x_wconf 79' lang='lat'><strong>5.)</strong></span> <span class='ocrx_word' id='word_1_400' title='bbox 2589 1960 2816 2016; x_wconf 87' lang='lat' dir='ltr'><strong>Sanctus</strong></span> <span class='ocrx_word' id='word_1_401' title='bbox 2847 1957 3018 2012; x_wconf 85' lang='lat' dir='ltr'><strong>Israel</strong></span> <span class='ocrx_word' id='word_1_402' title='bbox 3047 1957 3271 2011; x_wconf 89' lang='lat' dir='ltr'><strong>Domino</strong></span> <span class='ocrx_word' id='word_1_403' title='bbox 3299 1957 3548 2028; x_wconf 81' lang='lat' dir='ltr'><strong>primitice</strong></span> <span class='ocrx_word' id='word_1_404' title='bbox 3577 1960 3794 2028; x_wconf 75' lang='lat' dir='ltr'><strong>frugum</strong></span> 
     </span>
    </p>
   </div>
   <div class='ocr_carea' id='block_1_48' title="bbox 2184 2046 3794 2124">
    <p class='ocr_par' dir='ltr' id='par_1_48' title="bbox 2184 2046 3794 2124">
     <span class='ocr_line' id='line_1_48' title="bbox 2184 2046 3794 2124; baseline -0.006 -18"><span class='ocrx_word' id='word_1_405' title='bbox 2184 2054 2331 2124; x_wconf 86' lang='lat' dir='ltr'><strong>ejus:</strong></span> <span class='ocrx_word' id='word_1_406' title='bbox 2353 2068 2527 2106; x_wconf 89' lang='lat' dir='ltr'><strong>omnes</strong></span> <span class='ocrx_word' id='word_1_407' title='bbox 2543 2052 2634 2122; x_wconf 90' lang='lat' dir='ltr'><strong>qui</strong></span> <span class='ocrx_word' id='word_1_408' title='bbox 2655 2049 2906 2104; x_wconf 86' lang='lat' dir='ltr'><strong>devorant</strong></span> <span class='ocrx_word' id='word_1_409' title='bbox 2923 2065 3061 2113; x_wconf 88' lang='lat' dir='ltr'><strong>eum,</strong></span> <span class='ocrx_word' id='word_1_410' title='bbox 3084 2047 3382 2116; x_wconf 88' lang='lat' dir='ltr'><strong>delinquent</strong></span> <span class='ocrx_word' id='word_1_411' title='bbox 3402 2061 3421 2100; x_wconf 91' lang='lat'><strong>:</strong></span> <span class='ocrx_word' id='word_1_412' title='bbox 3437 2046 3576 2100; x_wconf 90' lang='lat' dir='ltr'><strong>mala</strong></span> <span class='ocrx_word' id='word_1_413' title='bbox 3592 2047 3794 2100; x_wconf 76' lang='lat' dir='ltr'><strong>venient</strong></span> 
     </span>
    </p>
   </div>
   <div class='ocr_carea' id='block_1_49' title="bbox 2181 2136 3794 2214">
    <p class='ocr_par' dir='ltr' id='par_1_49' title="bbox 2181 2136 3794 2214">
     <span class='ocr_line' id='line_1_49' title="bbox 2181 2136 3794 2214; baseline -0.003 -17"><span class='ocrx_word' id='word_1_414' title='bbox 2181 2159 2346 2214; x_wconf 85' lang='lat' dir='ltr'><strong>super</strong></span> <span class='ocrx_word' id='word_1_415' title='bbox 2372 2159 2481 2210; x_wconf 86' lang='lat' dir='ltr'><strong>eos,</strong></span> <span class='ocrx_word' id='word_1_416' title='bbox 2515 2141 2643 2196; x_wconf 82' lang='lat' dir='ltr'><strong>dicit</strong></span> <span class='ocrx_word' id='word_1_417' title='bbox 2671 2139 2949 2195; x_wconf 86' lang='lat' dir='ltr'><strong>Dominus.</strong></span> <span class='ocrx_word' id='word_1_418' title='bbox 2975 2137 3204 2206; x_wconf 85' lang='lat' dir='ltr'><strong>Quando</strong></span> <span class='ocrx_word' id='word_1_419' title='bbox 3234 2137 3401 2193; x_wconf 88' lang='lat' dir='ltr'><strong>Israel</strong></span> <span class='ocrx_word' id='word_1_420' title='bbox 3431 2136 3565 2193; x_wconf 87' lang='lat' dir='ltr'><strong>dicit</strong></span> <span class='ocrx_word' id='word_1_421' title='bbox 3595 2136 3794 2207; x_wconf 90' lang='lat' dir='ltr'><strong>primi-</strong></span> 
     </span>
    </p>
   </div>
   <div class='ocr_carea' id='block_1_50' title="bbox 2185 2230 3792 2308">
    <p class='ocr_par' dir='ltr' id='par_1_50' title="bbox 2185 2230 3792 2308">
     <span class='ocr_line' id='line_1_50' title="bbox 2185 2230 3792 2308; baseline -0.004 -15"><span class='ocrx_word' id='word_1_422' title='bbox 2185 2239 2289 2293; x_wconf 87' lang='lat' dir='ltr'><strong>tias</strong></span> <span class='ocrx_word' id='word_1_423' title='bbox 2319 2237 2532 2308; x_wconf 82' lang='lat' dir='ltr'><strong>frugum</strong></span> <span class='ocrx_word' id='word_1_424' title='bbox 2566 2233 2805 2301; x_wconf 87' lang='lat' dir='ltr'><strong>Domini,</strong></span> <span class='ocrx_word' id='word_1_425' title='bbox 2839 2232 3084 2289; x_wconf 87' lang='lat' dir='ltr'><strong>ostendit</strong></span> <span class='ocrx_word' id='word_1_426' title='bbox 3126 2232 3386 2302; x_wconf 92' lang='lat' dir='ltr'><strong>populum</strong></span> <span class='ocrx_word' id='word_1_427' title='bbox 3433 2231 3500 2287; x_wconf 91' lang='lat' dir='ltr'><strong>de</strong></span> <span class='ocrx_word' id='word_1_428' title='bbox 3531 2230 3792 2302; x_wconf 77' lang='lat' dir='ltr'><strong>gentibus</strong></span> 
     </span>
    </p>
   </div>
   <div class='ocr_carea' id='block_1_51' title="bbox 2183 2321 3792 2402">
    <p class='ocr_par' dir='ltr' id='par_1_51' title="bbox 2183 2321 3792 2402">
     <span class='ocr_line' id='line_1_51' title="bbox 2183 2321 3792 2402; baseline -0.006 -16"><span class='ocrx_word' id='word_1_429' title='bbox 2183 2339 2576 2402; x_wconf 75' lang='lat' dir='ltr'><strong>congregatum</strong></span> <span class='ocrx_word' id='word_1_430' title='bbox 2615 2342 2739 2384; x_wconf 90' lang='lat' dir='ltr'><strong>esse</strong></span> <span class='ocrx_word' id='word_1_431' title='bbox 2788 2336 2910 2398; x_wconf 91' lang='lat' dir='ltr'><strong>post</strong></span> <span class='ocrx_word' id='word_1_432' title='bbox 2951 2324 3262 2397; x_wconf 88' lang='lat' dir='ltr'><strong>primitias;</strong></span> <span class='ocrx_word' id='word_1_433' title='bbox 3298 2324 3451 2394; x_wconf 85' lang='lat' dir='ltr'><strong>juxta</strong></span> <span class='ocrx_word' id='word_1_434' title='bbox 3475 2322 3610 2378; x_wconf 92' lang='lat' dir='ltr'><strong>illud</strong></span> <span class='ocrx_word' id='word_1_435' title='bbox 3642 2321 3792 2392; x_wconf 90' lang='lat' dir='ltr'><strong>quod</strong></span> 
     </span>
    </p>
   </div>
   <div class='ocr_carea' id='block_1_52' title="bbox 2182 2415 3792 2490">
    <p class='ocr_par' dir='ltr' id='par_1_52' title="bbox 2182 2415 3792 2490">
     <span class='ocr_line' id='line_1_52' title="bbox 2182 2415 3792 2490; baseline -0.007 -11"><span class='ocrx_word' id='word_1_436' title='bbox 2182 2423 2237 2479; x_wconf 92' lang='lat' dir='ltr'><strong>in</strong></span> <span class='ocrx_word' id='word_1_437' title='bbox 2268 2423 2381 2478; x_wconf 90' lang='lat' dir='ltr'><strong>alio</strong></span> <span class='ocrx_word' id='word_1_438' title='bbox 2404 2423 2525 2478; x_wconf 90' lang='lat' dir='ltr'><strong>loco</strong></span> <span class='ocrx_word' id='word_1_439' title='bbox 2550 2421 2814 2490; x_wconf 88' lang='lat' dir='ltr'><strong>scriptum</strong></span> <span class='ocrx_word' id='word_1_440' title='bbox 2855 2428 2972 2474; x_wconf 89' lang='lat' dir='ltr'><strong>est:</strong></span> <span class='ocrx_word' id='word_1_441' title='bbox 3000 2417 3200 2471; x_wconf 81' lang='lat' dir='ltr'><strong>Memor</strong></span> <span class='ocrx_word' id='word_1_442' title='bbox 3241 2424 3348 2470; x_wconf 84' lang='lat' dir='ltr'><strong>esto</strong></span> <span class='ocrx_word' id='word_1_443' title='bbox 3376 2415 3792 2487; x_wconf 87' lang='lat' dir='ltr'><strong>congregationis</strong></span> 
     </span>
    </p>
   </div>
   <div class='ocr_carea' id='block_1_53' title="bbox 2184 2505 3790 2584">
    <p class='ocr_par' dir='ltr' id='par_1_53' title="bbox 2184 2505 3790 2584">
     <span class='ocr_line' id='line_1_53' title="bbox 2184 2505 3790 2584; baseline -0.004 -17"><span class='ocrx_word' id='word_1_444' title='bbox 2184 2524 2288 2569; x_wconf 76' lang='lat' dir='ltr'><strong>tua:</strong></span> <span class='ocrx_word' id='word_1_445' title='bbox 2307 2555 2322 2580; x_wconf 92' lang='lat'><strong>,</strong></span> <span class='ocrx_word' id='word_1_446' title='bbox 2351 2530 2506 2584; x_wconf 88' lang='lat' dir='ltr'><strong>quam</strong></span> <span class='ocrx_word' id='word_1_447' title='bbox 2552 2511 2828 2582; x_wconf 84' lang='lat' dir='ltr'><strong>possedisti</strong></span> <span class='ocrx_word' id='word_1_448' title='bbox 2853 2510 2918 2564; x_wconf 90' lang='lat' dir='ltr'><strong>ab</strong></span> <span class='ocrx_word' id='word_1_449' title='bbox 2947 2509 3098 2563; x_wconf 88' lang='lat' dir='ltr'><strong>initio</strong></span> <span class='ocrx_word' id='word_1_450' title='bbox 3126 2507 3306 2578; x_wconf 88' lang='lat' dir='ltr'><strong>(Psal.</strong></span> <span class='ocrx_word' id='word_1_451' title='bbox 3331 2522 3524 2575; x_wconf 81' lang='lat' dir='ltr'><strong>Lxxut,</strong></span> <span class='ocrx_word' id='word_1_452' title='bbox 3549 2506 3632 2577; x_wconf 76' lang='lat'><strong>2).</strong></span> <span class='ocrx_word' id='word_1_453' title='bbox 3665 2505 3790 2561; x_wconf 84' lang='lat' dir='ltr'><strong>Pri-</strong></span> 
     </span>
    </p>
   </div>
   <div class='ocr_carea' id='block_1_54' title="bbox 2185 2599 3789 2672">
    <p class='ocr_par' dir='ltr' id='par_1_54' title="bbox 2185 2599 3789 2672">
     <span class='ocr_line' id='line_1_54' title="bbox 2185 2599 3789 2672; baseline -0.004 -11"><span class='ocrx_word' id='word_1_454' title='bbox 2185 2605 2353 2662; x_wconf 74' lang='lat' dir='ltr'><strong>mitiae</strong></span> <span class='ocrx_word' id='word_1_455' title='bbox 2377 2614 2561 2660; x_wconf 89' lang='lat' dir='ltr'><strong>autem</strong></span> <span class='ocrx_word' id='word_1_456' title='bbox 2589 2618 2813 2672; x_wconf 88' lang='lat' dir='ltr'><strong>semper</strong></span> <span class='ocrx_word' id='word_1_457' title='bbox 2841 2601 3116 2657; x_wconf 89' lang='lat' dir='ltr'><strong>debentur</strong></span> <span class='ocrx_word' id='word_1_458' title='bbox 3140 2599 3546 2668; x_wconf 90' lang='lat' dir='ltr'><strong>sacerdotibus,</strong></span> <span class='ocrx_word' id='word_1_459' title='bbox 3592 2608 3650 2654; x_wconf 90' lang='lat' dir='ltr'><strong>et</strong></span> <span class='ocrx_word' id='word_1_460' title='bbox 3673 2613 3789 2654; x_wconf 90' lang='lat' dir='ltr'><strong>non</strong></span> 
     </span>
    </p>
   </div>
   <div class='ocr_carea' id='block_1_55' title="bbox 2186 2693 3789 2766">
    <p class='ocr_par' dir='ltr' id='par_1_55' title="bbox 2186 2693 3789 2766">
     <span class='ocr_line' id='line_1_55' title="bbox 2186 2693 3789 2766; baseline -0.006 -12"><span class='ocrx_word' id='word_1_461' title='bbox 2186 2698 2456 2754; x_wconf 88' lang='lat' dir='ltr'><strong>hostibus.</strong></span> <span class='ocrx_word' id='word_1_462' title='bbox 2489 2696 2647 2766; x_wconf 89' lang='lat' dir='ltr'><strong>Quod</strong></span> <span class='ocrx_word' id='word_1_463' title='bbox 2675 2696 2959 2766; x_wconf 88' lang='lat' dir='ltr'><strong>sequitur:</strong></span> <span class='ocrx_word' id='word_1_464' title='bbox 3014 2693 3207 2748; x_wconf 88' lang='lat' dir='ltr'><strong>Omnes</strong></span> <span class='ocrx_word' id='word_1_465' title='bbox 3245 2694 3335 2764; x_wconf 89' lang='lat' dir='ltr'><strong>qui</strong></span> <span class='ocrx_word' id='word_1_466' title='bbox 3364 2694 3615 2747; x_wconf 83' lang='lat' dir='ltr'><strong>devorant</strong></span> <span class='ocrx_word' id='word_1_467' title='bbox 3645 2708 3789 2760; x_wconf 76' lang='grc' dir='ltr'>ειιιιι,</span> 
     </span>
    </p>
   </div>
   <div class='ocr_carea' id='block_1_56' title="bbox 2186 2783 3790 2861">
    <p class='ocr_par' dir='ltr' id='par_1_56' title="bbox 2186 2783 3790 2861">
     <span class='ocr_line' id='line_1_56' title="bbox 2186 2783 3790 2861; baseline -0.006 -15"><span class='ocrx_word' id='word_1_468' title='bbox 2186 2790 2520 2861; x_wconf 90' lang='lat' dir='ltr'><strong>delinquent:</strong></span> <span class='ocrx_word' id='word_1_469' title='bbox 2575 2789 2716 2844; x_wconf 82' lang='lat' dir='ltr'><strong>uiola</strong></span> <span class='ocrx_word' id='word_1_470' title='bbox 2748 2788 2949 2842; x_wconf 79' lang='lat' dir='ltr'><strong>venient</strong></span> <span class='ocrx_word' id='word_1_471' title='bbox 2979 2801 3132 2857; x_wconf 87' lang='lat' dir='ltr'><strong>super</strong></span> <span class='ocrx_word' id='word_1_472' title='bbox 3169 2802 3278 2850; x_wconf 91' lang='lat' dir='ltr'><strong>eos,</strong></span> <span class='ocrx_word' id='word_1_473' title='bbox 3332 2785 3461 2839; x_wconf 87' lang='lat' dir='ltr'><strong>dicit</strong></span> <span class='ocrx_word' id='word_1_474' title='bbox 3506 2783 3790 2850; x_wconf 88' lang='lat' dir='ltr'><strong>Dominus,</strong></span> 
     </span>
    </p>
   </div>
   <div class='ocr_carea' id='block_1_57' title="bbox 2187 2877 3790 2950">
    <p class='ocr_par' dir='ltr' id='par_1_57' title="bbox 2187 2877 3790 2950">
     <span class='ocr_line' id='line_1_57' title="bbox 2187 2877 3790 2950; baseline -0.003 -12"><span class='ocrx_word' id='word_1_475' title='bbox 2187 2885 2333 2940; x_wconf 92' lang='lat' dir='ltr'><strong>hunc</strong></span> <span class='ocrx_word' id='word_1_476' title='bbox 2363 2883 2529 2939; x_wconf 88' lang='lat' dir='ltr'><strong>habet</strong></span> <span class='ocrx_word' id='word_1_477' title='bbox 2572 2896 2832 2938; x_wconf 89' lang='lat' dir='ltr'><strong>sensum:</strong></span> <span class='ocrx_word' id='word_1_478' title='bbox 2859 2879 3149 2948; x_wconf 89' lang='lat' dir='ltr'><strong>Quomodo</strong></span> <span class='ocrx_word' id='word_1_479' title='bbox 3179 2878 3275 2950; x_wconf 94' lang='lat' dir='ltr'><strong>qui</strong></span> <span class='ocrx_word' id='word_1_480' title='bbox 3305 2877 3574 2947; x_wconf 87' lang='lat' dir='ltr'><strong>primitias</strong></span> <span class='ocrx_word' id='word_1_481' title='bbox 3619 2878 3790 2933; x_wconf 79' lang='lat' dir='ltr'><strong>devo-</strong></span> 
     </span>
    </p>
   </div>
   <div class='ocr_carea' id='block_1_58' title="bbox 2189 2968 3787 3048">
    <p class='ocr_par' dir='ltr' id='par_1_58' title="bbox 2189 2968 3787 3048">
     <span class='ocr_line' id='line_1_58' title="bbox 2189 2968 3787 3048; baseline -0.005 -16"><span class='ocrx_word' id='word_1_482' title='bbox 2189 2986 2313 3032; x_wconf 90' lang='lat' dir='ltr'><strong>rant</strong></span> <span class='ocrx_word' id='word_1_483' title='bbox 2343 2975 2532 3048; x_wconf 88' lang='lat' dir='ltr'><strong>(Num.</strong></span> <span class='ocrx_word' id='word_1_484' title='bbox 2563 2973 2641 3047; x_wconf 91' lang='lat' dir='ltr'><strong>v),</strong></span> <span class='ocrx_word' id='word_1_485' title='bbox 2695 2988 3035 3044; x_wconf 87' lang='lat' dir='ltr'><strong>nequaquam</strong></span> <span class='ocrx_word' id='word_1_486' title='bbox 3079 2971 3150 3027; x_wconf 91' lang='lat' dir='ltr'><strong>de</strong></span> <span class='ocrx_word' id='word_1_487' title='bbox 3178 2971 3385 3042; x_wconf 86' lang='lat' dir='ltr'><strong>genere</strong></span> <span class='ocrx_word' id='word_1_488' title='bbox 3429 2968 3787 3034; x_wconf 86' lang='lat' dir='ltr'><strong>sacerdotali,</strong></span> 
     </span>
    </p>
   </div>
   <div class='ocr_carea' id='block_1_59' title="bbox 2188 3059 3790 3136">
    <p class='ocr_par' dir='ltr' id='par_1_59' title="bbox 2188 3059 3790 3136">
     <span class='ocr_line' id='line_1_59' title="bbox 2188 3059 3790 3136; baseline -0.007 -10"><span class='ocrx_word' id='word_1_489' title='bbox 2188 3069 2416 3126; x_wconf 89' lang='lat' dir='ltr'><strong>sceleris</strong></span> <span class='ocrx_word' id='word_1_490' title='bbox 2440 3067 2520 3124; x_wconf 89' lang='lat' dir='ltr'><strong>rei</strong></span> <span class='ocrx_word' id='word_1_491' title='bbox 2543 3076 2700 3123; x_wconf 92' lang='lat' dir='ltr'><strong>sunt:</strong></span> <span class='ocrx_word' id='word_1_492' title='bbox 2737 3065 2818 3120; x_wconf 91' lang='lat' dir='ltr'><strong>sic</strong></span> <span class='ocrx_word' id='word_1_493' title='bbox 2848 3067 2938 3136; x_wconf 90' lang='lat' dir='ltr'><strong>qui</strong></span> <span class='ocrx_word' id='word_1_494' title='bbox 2967 3063 3349 3120; x_wconf 85' lang='lat' dir='ltr'><strong>contaminant</strong></span> <span class='ocrx_word' id='word_1_495' title='bbox 3380 3061 3576 3128; x_wconf 89' lang='lat' dir='ltr'><strong>Israel,</strong></span> <span class='ocrx_word' id='word_1_496' title='bbox 3626 3059 3790 3116; x_wconf 86' lang='lat' dir='ltr'><strong>malis</strong></span> 
     </span>
    </p>
   </div>
   <div class='ocr_carea' id='block_1_60' title="bbox 470 3145 3788 3232">
    <p class='ocr_par' dir='ltr' id='par_1_60' title="bbox 470 3145 3788 3232">
     <span class='ocr_line' id='line_1_60' title="bbox 470 3145 3788 3232; baseline -0.005 -14"><span class='ocrx_word' id='word_1_497' title='bbox 470 3173 528 3219; x_wconf 92' lang='lat' dir='ltr'><strong>et</strong></span> <span class='ocrx_word' id='word_1_498' title='bbox 555 3158 820 3216; x_wconf 77' lang='lat' dir='ltr'><strong>Barnabze</strong></span> <span class='ocrx_word' id='word_1_499' title='bbox 851 3152 1280 3211; x_wconf 82' lang='lat' dir='ltr'><strong>communionis.</strong></span> <span class='ocrx_word' id='word_1_500' title='bbox 1337 3151 1449 3206; x_wconf 83' lang='lat' dir='ltr'><strong>Nec</strong></span> <span class='ocrx_word' id='word_1_501' title='bbox 1479 3151 1582 3206; x_wconf 89' lang='lat' dir='ltr'><strong>hoc</strong></span> <span class='ocrx_word' id='word_1_502' title='bbox 1623 3150 1853 3216; x_wconf 79' lang='lat' dir='ltr'><strong>sufﬁcit,</strong></span> <span class='ocrx_word' id='word_1_503' title='bbox 1887 3152 1983 3208; x_wconf 90' lang='lat' dir='ltr'><strong>sed</strong></span> <span class='ocrx_word' id='word_1_504' title='bbox 2023 3153 2076 3206; x_wconf 80' lang='lat' dir='ltr'><strong>in</strong></span> <span class='ocrx_word' id='word_1_505' title='bbox 2101 3145 2150 3210; x_wconf 65' lang='grc' dir='ltr'><strong>(ἶ</strong></span> <span class='ocrx_word' id='word_1_506' title='bbox 2180 3162 2576 3232; x_wconf 78' lang='lat' dir='ltr'><strong>subjiciemur:</strong></span> <span class='ocrx_word' id='word_1_507' title='bbox 2619 3159 2774 3231; x_wconf 81' lang='lat' dir='ltr'><strong>juxta</strong></span> <span class='ocrx_word' id='word_1_508' title='bbox 2831 3157 2968 3213; x_wconf 81' lang='lat' dir='ltr'><strong>illud</strong></span> <span class='ocrx_word' id='word_1_509' title='bbox 3007 3157 3155 3227; x_wconf 87' lang='lat' dir='ltr'><strong>quod</strong></span> <span class='ocrx_word' id='word_1_510' title='bbox 3213 3156 3268 3210; x_wconf 89' lang='lat' dir='ltr'><strong>in</strong></span> <span class='ocrx_word' id='word_1_511' title='bbox 3302 3155 3577 3210; x_wconf 79' lang='lat' dir='ltr'><strong>vicesimo</strong></span> <span class='ocrx_word' id='word_1_512' title='bbox 3632 3162 3788 3209; x_wconf 72' lang='lat' dir='ltr'><strong>sexto</strong></span> 
     </span>
    </p>
   </div>
   <div class='ocr_carea' id='block_1_61' title="bbox 470 3243 2078 3318">
    <p class='ocr_par' dir='ltr' id='par_1_61' title="bbox 470 3243 2078 3318">
     <span class='ocr_line' id='line_1_61' title="bbox 470 3243 2078 3318; baseline -0.005 -10"><span class='ocrx_word' id='word_1_513' title='bbox 470 3269 697 3318; x_wconf 88' lang='lat' dir='ltr'><strong>murum,</strong></span> <span class='ocrx_word' id='word_1_514' title='bbox 726 3251 825 3316; x_wconf 90' lang='lat' dir='ltr'><strong>ait,</strong></span> <span class='ocrx_word' id='word_1_515' title='bbox 858 3263 1080 3311; x_wconf 76' lang='lat' dir='ltr'><strong>teneam,</strong></span> <span class='ocrx_word' id='word_1_516' title='bbox 1112 3243 1206 3315; x_wconf 93' lang='lat' dir='ltr'><strong>qui</strong></span> <span class='ocrx_word' id='word_1_517' title='bbox 1237 3243 1384 3297; x_wconf 93' lang='lat' dir='ltr'><strong>nulla</strong></span> <span class='ocrx_word' id='word_1_518' title='bbox 1411 3243 1646 3298; x_wconf 88' lang='lat' dir='ltr'><strong>violatur</strong></span> <span class='ocrx_word' id='word_1_519' title='bbox 1669 3243 1946 3312; x_wconf 89' lang='lat' dir='ltr'><strong>rubigine,</strong></span> <span class='ocrx_word' id='word_1_520' title='bbox 1977 3258 2078 3300; x_wconf 92' lang='lat' dir='ltr'><strong>nec</strong></span> 
     </span>
    </p>
   </div>
   <div class='ocr_carea' id='block_1_62' title="bbox 466 3335 2077 3412">
    <p class='ocr_par' dir='ltr' id='par_1_62' title="bbox 466 3335 2077 3412">
     <span class='ocr_line' id='line_1_62' title="bbox 466 3335 2077 3412; baseline -0.009 -8"><span class='ocrx_word' id='word_1_521' title='bbox 466 3362 654 3412; x_wconf 39' lang='lat' dir='ltr'><strong>caesus,</strong></span> <span class='ocrx_word' id='word_1_522' title='bbox 677 3343 941 3400; x_wconf 90' lang='lat' dir='ltr'><strong>imbribus</strong></span> <span class='ocrx_word' id='word_1_523' title='bbox 985 3338 1234 3410; x_wconf 88' lang='lat' dir='ltr'><strong>deperit;</strong></span> <span class='ocrx_word' id='word_1_524' title='bbox 1288 3337 1384 3392; x_wconf 88' lang='lat' dir='ltr'><strong>sed</strong></span> <span class='ocrx_word' id='word_1_525' title='bbox 1434 3345 1708 3393; x_wconf 87' lang='lat' dir='ltr'><strong>vetustate</strong></span> <span class='ocrx_word' id='word_1_526' title='bbox 1740 3337 1800 3390; x_wconf 85' lang='lat' dir='ltr'><strong>iit</strong></span> <span class='ocrx_word' id='word_1_527' title='bbox 1841 3335 1950 3408; x_wconf 80' lang='grc' dir='ltr'><strong>[Αι.</strong></span> <span class='ocrx_word' id='word_1_528' title='bbox 1984 3335 2077 3408; x_wconf 84' lang='lat' dir='ltr'><strong>sit]</strong></span> 
     </span>
    </p>
   </div>
   <div class='ocr_carea' id='block_1_63' title="bbox 467 3429 2080 3498">
    <p class='ocr_par' dir='ltr' id='par_1_63' title="bbox 467 3429 2080 3498">
     <span class='ocr_line' id='line_1_63' title="bbox 467 3429 2080 3498; baseline -0.006 -4"><span class='ocrx_word' id='word_1_529' title='bbox 467 3440 680 3494; x_wconf 81' lang='lat' dir='ltr'><strong>fortior.</strong></span> <span class='ocrx_word' id='word_1_530' title='bbox 715 3435 838 3491; x_wconf 86' lang='lat' dir='ltr'><strong>Eris</strong></span> <span class='ocrx_word' id='word_1_531' title='bbox 865 3440 1050 3487; x_wconf 89' lang='lat' dir='ltr'><strong>autem</strong></span> <span class='ocrx_word' id='word_1_532' title='bbox 1084 3430 1210 3485; x_wconf 88' lang='lat' dir='ltr'><strong>talis</strong></span> <span class='ocrx_word' id='word_1_533' title='bbox 1231 3440 1423 3484; x_wconf 92' lang='lat' dir='ltr'><strong>contra</strong></span> <span class='ocrx_word' id='word_1_534' title='bbox 1447 3443 1607 3498; x_wconf 88' lang='lat' dir='ltr'><strong>reges</strong></span> <span class='ocrx_word' id='word_1_535' title='bbox 1636 3436 1691 3483; x_wconf 92' lang='lat' dir='ltr'><strong>et</strong></span> <span class='ocrx_word' id='word_1_536' title='bbox 1718 3429 1993 3498; x_wconf 86' lang='lat' dir='ltr'><strong>principes</strong></span> <span class='ocrx_word' id='word_1_537' title='bbox 2020 3436 2080 3484; x_wconf 89' lang='lat' dir='ltr'><strong>et</strong></span> 
     </span>
    </p>
   </div>
   <div class='ocr_carea' id='block_1_64' title="bbox 465 3521 2080 3604">
    <p class='ocr_par' dir='ltr' id='par_1_64' title="bbox 465 3521 2080 3604">
     <span class='ocr_line' id='line_1_64' title="bbox 465 3521 2080 3604; baseline -0.002 -22"><span class='ocrx_word' id='word_1_538' title='bbox 465 3534 753 3604; x_wconf 80' lang='lat' dir='ltr'><strong>populum,</strong></span> <span class='ocrx_word' id='word_1_539' title='bbox 809 3543 920 3584; x_wconf 91' lang='lat' dir='ltr'><strong>non</strong></span> <span class='ocrx_word' id='word_1_540' title='bbox 962 3523 1254 3594; x_wconf 87' lang='lat' dir='ltr'><strong>cujuslibet</strong></span> <span class='ocrx_word' id='word_1_541' title='bbox 1290 3523 1416 3587; x_wconf 88' lang='lat' dir='ltr'><strong>loci,</strong></span> <span class='ocrx_word' id='word_1_542' title='bbox 1468 3521 1566 3577; x_wconf 89' lang='lat' dir='ltr'><strong>sed</strong></span> <span class='ocrx_word' id='word_1_543' title='bbox 1595 3529 1789 3586; x_wconf 66' lang='lat' dir='ltr'><strong>terrae;</strong></span> <span class='ocrx_word' id='word_1_544' title='bbox 1823 3531 1847 3557; x_wconf 71' lang='grc' dir='ltr'><strong>τί</strong></span> <span class='ocrx_word' id='word_1_545' title='bbox 1873 3522 1945 3576; x_wconf 91' lang='lat' dir='ltr'><strong>iis</strong></span> <span class='ocrx_word' id='word_1_546' title='bbox 1985 3522 2080 3592; x_wconf 91' lang='lat' dir='ltr'><strong>qui</strong></span> 
     </span>
    </p>
   </div>
   <div class='ocr_carea' id='block_1_65' title="bbox 469 3613 2081 3690">
    <p class='ocr_par' dir='ltr' id='par_1_65' title="bbox 469 3613 2081 3690">
     <span class='ocr_line' id='line_1_65' title="bbox 469 3613 2081 3690; baseline -0.008 -10"><span class='ocrx_word' id='word_1_547' title='bbox 469 3636 688 3680; x_wconf 88' lang='lat' dir='ltr'><strong>terrena</strong></span> <span class='ocrx_word' id='word_1_548' title='bbox 710 3621 970 3690; x_wconf 78' lang='lat' dir='ltr'><strong>sapiunt,</strong></span> <span class='ocrx_word' id='word_1_549' title='bbox 1012 3625 1069 3671; x_wconf 87' lang='lat' dir='ltr'><strong>et</strong></span> <span class='ocrx_word' id='word_1_550' title='bbox 1094 3615 1345 3670; x_wconf 63' lang='lat' dir='ltr'><strong>caelestia</strong></span> <span class='ocrx_word' id='word_1_551' title='bbox 1376 3627 1484 3668; x_wconf 93' lang='lat' dir='ltr'><strong>non</strong></span> <span class='ocrx_word' id='word_1_552' title='bbox 1530 3622 1824 3679; x_wconf 91' lang='lat' dir='ltr'><strong>noverunt,</strong></span> <span class='ocrx_word' id='word_1_553' title='bbox 1858 3613 1951 3682; x_wconf 92' lang='lat' dir='ltr'><strong>qui</strong></span> <span class='ocrx_word' id='word_1_554' title='bbox 1981 3613 2081 3668; x_wconf 88' lang='lat' dir='ltr'><strong>ha-</strong></span> 
     </span>
    </p>
   </div>
   <div class='ocr_carea' id='block_1_66' title="bbox 471 3706 2075 3785">
    <p class='ocr_par' dir='ltr' id='par_1_66' title="bbox 471 3706 2075 3785">
     <span class='ocr_line' id='line_1_66' title="bbox 471 3706 2075 3785; baseline -0.007 -13"><span class='ocrx_word' id='word_1_555' title='bbox 471 3719 603 3774; x_wconf 90' lang='lat' dir='ltr'><strong>bent</strong></span> <span class='ocrx_word' id='word_1_556' title='bbox 631 3715 924 3785; x_wconf 86' lang='lat' dir='ltr'><strong>imaginem</strong></span> <span class='ocrx_word' id='word_1_557' title='bbox 965 3716 1152 3782; x_wconf 79' lang='grc' dir='ltr'>χοϊκοῦ</span> <span class='ocrx_word' id='word_1_558' title='bbox 1178 3718 1234 3764; x_wconf 84' lang='lat' dir='ltr'><strong>et.</strong></span> <span class='ocrx_word' id='word_1_559' title='bbox 1272 3723 1380 3762; x_wconf 92' lang='lat' dir='ltr'><strong>non</strong></span> <span class='ocrx_word' id='word_1_560' title='bbox 1431 3707 1699 3764; x_wconf 80' lang='lat' dir='ltr'><strong>ctelestis.</strong></span> <span class='ocrx_word' id='word_1_561' title='bbox 1734 3706 1824 3772; x_wconf 83' lang='lat' dir='ltr'><strong>Hi,</strong></span> <span class='ocrx_word' id='word_1_562' title='bbox 1875 3706 2075 3776; x_wconf 89' lang='lat' dir='ltr'><strong>inquit,</strong></span> 
     </span>
    </p>
   </div>
   <div class='ocr_carea' id='block_1_67' title="bbox 469 3799 2080 3870">
    <p class='ocr_par' dir='ltr' id='par_1_67' title="bbox 469 3799 2080 3870">
     <span class='ocr_line' id='line_1_67' title="bbox 469 3799 2080 3870; baseline -0.007 -5"><span class='ocrx_word' id='word_1_563' title='bbox 469 3810 734 3864; x_wconf 90' lang='lat' dir='ltr'><strong>bellabunt</strong></span> <span class='ocrx_word' id='word_1_564' title='bbox 761 3806 1032 3860; x_wconf 81' lang='lat' dir='ltr'><strong>adversum</strong></span> <span class='ocrx_word' id='word_1_565' title='bbox 1055 3812 1126 3866; x_wconf 91' lang='lat' dir='ltr'><strong>te,</strong></span> <span class='ocrx_word' id='word_1_566' title='bbox 1147 3810 1195 3856; x_wconf 90' lang='lat' dir='ltr'><strong>et</strong></span> <span class='ocrx_word' id='word_1_567' title='bbox 1212 3818 1313 3856; x_wconf 91' lang='lat' dir='ltr'><strong>non</strong></span> <span class='ocrx_word' id='word_1_568' title='bbox 1329 3800 1702 3870; x_wconf 66' lang='lat' dir='ltr'><strong>praevalebunt.</strong></span> <span class='ocrx_word' id='word_1_569' title='bbox 1725 3800 1834 3855; x_wconf 87' lang='lat' dir='ltr'><strong>Cur</strong></span> <span class='ocrx_word' id='word_1_570' title='bbox 1855 3799 2080 3870; x_wconf 56' lang='lat' dir='ltr'><strong>quaso?</strong></span> 
     </span>
    </p>
   </div>
   <div class='ocr_carea' id='block_1_68' title="bbox 470 3893 2081 3970">
    <p class='ocr_par' dir='ltr' id='par_1_68' title="bbox 470 3893 2081 3970">
     <span class='ocr_line' id='line_1_68' title="bbox 470 3893 2081 3970; baseline -0.006 -13"><span class='ocrx_word' id='word_1_571' title='bbox 470 3904 603 3970; x_wconf 71' lang='lat' dir='ltr'><strong>Quae</strong></span> <span class='ocrx_word' id='word_1_572' title='bbox 631 3908 718 3956; x_wconf 86' lang='lat' dir='ltr'><strong>est</strong></span> <span class='ocrx_word' id='word_1_573' title='bbox 743 3906 914 3954; x_wconf 84' lang='lat' dir='ltr'><strong>tantae</strong></span> <span class='ocrx_word' id='word_1_574' title='bbox 953 3893 1292 3950; x_wconf 80' lang='lat' dir='ltr'><strong>fortitudinis</strong></span> <span class='ocrx_word' id='word_1_575' title='bbox 1320 3907 1509 3957; x_wconf 91' lang='lat' dir='ltr'><strong>causa,</strong></span> <span class='ocrx_word' id='word_1_576' title='bbox 1539 3899 1600 3948; x_wconf 92' lang='lat' dir='ltr'><strong>ut</strong></span> <span class='ocrx_word' id='word_1_577' title='bbox 1631 3906 1731 3947; x_wconf 90' lang='lat' dir='ltr'><strong>nec</strong></span> <span class='ocrx_word' id='word_1_578' title='bbox 1769 3905 1954 3962; x_wconf 89' lang='lat' dir='ltr'><strong>reges,</strong></span> <span class='ocrx_word' id='word_1_579' title='bbox 1977 3906 2081 3947; x_wconf 90' lang='lat' dir='ltr'><strong>nec</strong></span> 
     </span>
    </p>
   </div>
   <div class='ocr_carea' id='block_1_69' title="bbox 472 3983 2079 4064">
    <p class='ocr_par' dir='ltr' id='par_1_69' title="bbox 472 3983 2079 4064">
     <span class='ocr_line' id='line_1_69' title="bbox 472 3983 2079 4064; baseline -0.006 -16"><span class='ocrx_word' id='word_1_580' title='bbox 472 3994 768 4064; x_wconf 86' lang='lat' dir='ltr'><strong>principes,</strong></span> <span class='ocrx_word' id='word_1_581' title='bbox 797 4004 897 4044; x_wconf 91' lang='lat' dir='ltr'><strong>nec</strong></span> <span class='ocrx_word' id='word_1_582' title='bbox 920 3984 1256 4051; x_wconf 84' lang='lat' dir='ltr'><strong>sacerdotes,</strong></span> <span class='ocrx_word' id='word_1_583' title='bbox 1281 3999 1387 4040; x_wconf 90' lang='lat' dir='ltr'><strong>nec</strong></span> <span class='ocrx_word' id='word_1_584' title='bbox 1411 3983 1596 4054; x_wconf 90' lang='lat' dir='ltr'><strong>p0puli</strong></span> <span class='ocrx_word' id='word_1_585' title='bbox 1619 3983 1884 4039; x_wconf 89' lang='lat' dir='ltr'><strong>adversus</strong></span> <span class='ocrx_word' id='word_1_586' title='bbox 1911 3999 2079 4038; x_wconf 89' lang='lat' dir='ltr'><strong>unum</strong></span> 
     </span>
    </p>
   </div>
   <div class='ocr_carea' id='block_1_70' title="bbox 472 4072 2080 4156">
    <p class='ocr_par' dir='ltr' id='par_1_70' title="bbox 472 4072 2080 4156">
     <span class='ocr_line' id='line_1_70' title="bbox 472 4072 2080 4156; baseline -0.008 -15"><span class='ocrx_word' id='word_1_587' title='bbox 472 4081 847 4156; x_wconf 66' lang='lat' dir='ltr'><strong>praevaleant?</strong></span> <span class='ocrx_word' id='word_1_588' title='bbox 872 4079 1135 4148; x_wconf 90' lang='lat' dir='ltr'><strong>Sequitur</strong></span> <span class='ocrx_word' id='word_1_589' title='bbox 1156 4094 1168 4128; x_wconf 93' lang='lat'><strong>:</strong></span> <span class='ocrx_word' id='word_1_590' title='bbox 1193 4075 1330 4142; x_wconf 88' lang='lat' dir='ltr'><strong>Quia</strong></span> <span class='ocrx_word' id='word_1_591' title='bbox 1354 4085 1519 4130; x_wconf 90' lang='lat' dir='ltr'><strong>tecum</strong></span> <span class='ocrx_word' id='word_1_592' title='bbox 1535 4092 1628 4147; x_wconf 86' lang='lat' dir='ltr'><strong>ego</strong></span> <span class='ocrx_word' id='word_1_593' title='bbox 1655 4092 1790 4139; x_wconf 89' lang='lat' dir='ltr'><strong>sum,</strong></span> <span class='ocrx_word' id='word_1_594' title='bbox 1808 4076 1883 4129; x_wconf 87' lang='lat' dir='ltr'><strong>ait</strong></span> <span class='ocrx_word' id='word_1_595' title='bbox 1898 4072 2080 4129; x_wconf 89' lang='lat' dir='ltr'><strong>Domi—</strong></span> 
     </span>
    </p>
   </div>
   <div class='ocr_carea' id='block_1_71' title="bbox 467 4169 2079 4244">
    <p class='ocr_par' dir='ltr' id='par_1_71' title="bbox 467 4169 2079 4244">
     <span class='ocr_line' id='line_1_71' title="bbox 467 4169 2079 4244; baseline -0.004 -13"><span class='ocrx_word' id='word_1_596' title='bbox 467 4196 585 4244; x_wconf 89' lang='lat' dir='ltr'><strong>nus,</strong></span> <span class='ocrx_word' id='word_1_597' title='bbox 604 4185 658 4232; x_wconf 88' lang='lat' dir='ltr'><strong>ut</strong></span> <span class='ocrx_word' id='word_1_598' title='bbox 684 4175 892 4229; x_wconf 86' lang='lat' dir='ltr'><strong>liberem</strong></span> <span class='ocrx_word' id='word_1_599' title='bbox 916 4181 984 4226; x_wconf 88' lang='lat' dir='ltr'><strong>te.</strong></span> <span class='ocrx_word' id='word_1_600' title='bbox 1000 4171 1057 4228; x_wconf 91' lang='lat' dir='ltr'><strong>Si</strong></span> <span class='ocrx_word' id='word_1_601' title='bbox 1076 4169 1296 4242; x_wconf 78' lang='lat' dir='ltr'><strong>quando</strong></span> <span class='ocrx_word' id='word_1_602' title='bbox 1318 4184 1474 4240; x_wconf 89' lang='lat' dir='ltr'><strong>reges</strong></span> <span class='ocrx_word' id='word_1_603' title='bbox 1492 4169 1658 4236; x_wconf 78' lang='lat' dir='ltr'><strong>Iuda,</strong></span> <span class='ocrx_word' id='word_1_604' title='bbox 1683 4169 1774 4239; x_wconf 89' lang='lat' dir='ltr'><strong>qui</strong></span> <span class='ocrx_word' id='word_1_605' title='bbox 1806 4169 2079 4239; x_wconf 90' lang='lat' dir='ltr'><strong>interpre-</strong></span> 
     </span>
    </p>
   </div>
   <div class='ocr_carea' id='block_1_72' title="bbox 467 4261 2080 4337">
    <p class='ocr_par' dir='ltr' id='par_1_72' title="bbox 467 4261 2080 4337">
     <span class='ocr_line' id='line_1_72' title="bbox 467 4261 2080 4337; baseline -0.005 -11"><span class='ocrx_word' id='word_1_606' title='bbox 467 4280 613 4327; x_wconf 89' lang='lat' dir='ltr'><strong>tatur</strong></span> <span class='ocrx_word' id='word_1_607' title='bbox 634 4268 886 4337; x_wconf 78' lang='lat' dir='ltr'><strong>confessio</strong></span> <span class='ocrx_word' id='word_1_608' title='bbox 907 4307 921 4331; x_wconf 93' lang='lat'><strong>,</strong></span> <span class='ocrx_word' id='word_1_609' title='bbox 955 4273 1011 4319; x_wconf 90' lang='lat' dir='ltr'><strong>et</strong></span> <span class='ocrx_word' id='word_1_610' title='bbox 1040 4264 1320 4335; x_wconf 87' lang='lat' dir='ltr'><strong>principes</strong></span> <span class='ocrx_word' id='word_1_611' title='bbox 1343 4262 1464 4334; x_wconf 91' lang='lat' dir='ltr'><strong>ejus</strong></span> <span class='ocrx_word' id='word_1_612' title='bbox 1485 4272 1540 4318; x_wconf 90' lang='lat' dir='ltr'><strong>et</strong></span> <span class='ocrx_word' id='word_1_613' title='bbox 1563 4261 1882 4318; x_wconf 86' lang='lat' dir='ltr'><strong>sacerdotes</strong></span> <span class='ocrx_word' id='word_1_614' title='bbox 1902 4270 1959 4318; x_wconf 92' lang='lat' dir='ltr'><strong>et</strong></span> <span class='ocrx_word' id='word_1_615' title='bbox 1981 4276 2080 4333; x_wconf 90' lang='lat' dir='ltr'><strong>po-</strong></span> 
     </span>
    </p>
   </div>
   <div class='ocr_carea' id='block_1_73' title="bbox 466 4353 2075 4434">
    <p class='ocr_par' dir='ltr' id='par_1_73' title="bbox 466 4353 2075 4434">
     <span class='ocr_line' id='line_1_73' title="bbox 466 4353 2075 4434; baseline -0.004 -18"><span class='ocrx_word' id='word_1_616' title='bbox 466 4359 851 4434; x_wconf 87' lang='lat' dir='ltr'><strong>puli,episcopi</strong></span> <span class='ocrx_word' id='word_1_617' title='bbox 866 4356 1121 4412; x_wconf 87' lang='lat' dir='ltr'><strong>videlicet</strong></span> <span class='ocrx_word' id='word_1_618' title='bbox 1141 4364 1198 4412; x_wconf 91' lang='lat' dir='ltr'><strong>et</strong></span> <span class='ocrx_word' id='word_1_619' title='bbox 1211 4354 1519 4426; x_wconf 86' lang='lat' dir='ltr'><strong>presbyteri</strong></span> <span class='ocrx_word' id='word_1_620' title='bbox 1544 4361 1600 4410; x_wconf 91' lang='lat' dir='ltr'><strong>et</strong></span> <span class='ocrx_word' id='word_1_621' title='bbox 1618 4353 1860 4420; x_wconf 89' lang='lat' dir='ltr'><strong>diaconi,</strong></span> <span class='ocrx_word' id='word_1_622' title='bbox 1879 4363 1934 4410; x_wconf 88' lang='lat' dir='ltr'><strong>et</strong></span> <span class='ocrx_word' id='word_1_623' title='bbox 1957 4354 2075 4409; x_wconf 91' lang='lat' dir='ltr'><strong>vul-</strong></span> 
     </span>
    </p>
   </div>
   <div class='ocr_carea' id='block_1_74' title="bbox 462 4445 2078 4526">
    <p class='ocr_par' dir='ltr' id='par_1_74' title="bbox 462 4445 2078 4526">
     <span class='ocr_line' id='line_1_74' title="bbox 462 4445 2078 4526; baseline -0.004 -17"><span class='ocrx_word' id='word_1_624' title='bbox 462 4472 566 4526; x_wconf 83' lang='lat' dir='ltr'><strong>gus</strong></span> <span class='ocrx_word' id='word_1_625' title='bbox 579 4453 688 4508; x_wconf 90' lang='lat' dir='ltr'><strong>vile</strong></span> <span class='ocrx_word' id='word_1_626' title='bbox 707 4460 870 4522; x_wconf 88' lang='lat' dir='ltr'><strong>atque</strong></span> <span class='ocrx_word' id='word_1_627' title='bbox 891 4447 1148 4520; x_wconf 87' lang='lat' dir='ltr'><strong>ignobile,</strong></span> <span class='ocrx_word' id='word_1_628' title='bbox 1163 4456 1350 4502; x_wconf 90' lang='lat' dir='ltr'><strong>contra</strong></span> <span class='ocrx_word' id='word_1_629' title='bbox 1379 4462 1432 4502; x_wconf 87' lang='lat' dir='ltr'><strong>sa</strong></span> <span class='ocrx_word' id='word_1_630' title='bbox 1443 4456 1628 4502; x_wconf 82' lang='lat' dir='ltr'><strong>notum</strong></span> <span class='ocrx_word' id='word_1_631' title='bbox 1649 4445 1827 4501; x_wconf 86' lang='lat' dir='ltr'><strong>virum</strong></span> <span class='ocrx_word' id='word_1_632' title='bbox 1845 4461 2078 4502; x_wconf 90' lang='lat' dir='ltr'><strong>consur-</strong></span> 
     </span>
    </p>
   </div>
   <div class='ocr_carea' id='block_1_75' title="bbox 2181 3248 3789 3324">
    <p class='ocr_par' dir='ltr' id='par_1_75' title="bbox 2181 3248 3789 3324">
     <span class='ocr_line' id='line_1_75' title="bbox 2181 3248 3789 3324; baseline -0.006 -14"><span class='ocrx_word' id='word_1_633' title='bbox 2181 3255 2392 3324; x_wconf 88' lang='lat' dir='ltr'><strong>psalmo</strong></span> <span class='ocrx_word' id='word_1_634' title='bbox 2420 3261 2643 3309; x_wconf 87' lang='lat' dir='ltr'><strong>sanctus</strong></span> <span class='ocrx_word' id='word_1_635' title='bbox 2672 3250 2841 3306; x_wconf 85' lang='lat' dir='ltr'><strong>David</strong></span> <span class='ocrx_word' id='word_1_636' title='bbox 2872 3250 3151 3321; x_wconf 89' lang='lat' dir='ltr'><strong>loquitur:</strong></span> <span class='ocrx_word' id='word_1_637' title='bbox 3183 3248 3327 3303; x_wconf 89' lang='lat' dir='ltr'><strong>Dum</strong></span> <span class='ocrx_word' id='word_1_638' title='bbox 3355 3249 3789 3321; x_wconf 79' lang='lat' dir='ltr'><strong>apprOpinquant</strong></span> 
     </span>
    </p>
   </div>
   <div class='ocr_carea' id='block_1_76' title="bbox 2177 3337 3786 3415">
    <p class='ocr_par' dir='ltr' id='par_1_76' title="bbox 2177 3337 3786 3415">
     <span class='ocr_line' id='line_1_76' title="bbox 2177 3337 3786 3415; baseline -0.004 -15"><span class='ocrx_word' id='word_1_639' title='bbox 2177 3361 2338 3415; x_wconf 84' lang='lat' dir='ltr'><strong>super</strong></span> <span class='ocrx_word' id='word_1_640' title='bbox 2360 3362 2440 3399; x_wconf 89' lang='lat' dir='ltr'><strong>me</strong></span> <span class='ocrx_word' id='word_1_641' title='bbox 2465 3352 2727 3410; x_wconf 85' lang='lat' dir='ltr'><strong>nocentes,</strong></span> <span class='ocrx_word' id='word_1_642' title='bbox 2749 3350 2805 3396; x_wconf 88' lang='lat' dir='ltr'><strong>ut</strong></span> <span class='ocrx_word' id='word_1_643' title='bbox 2817 3341 2978 3395; x_wconf 89' lang='lat' dir='ltr'><strong>edant</strong></span> <span class='ocrx_word' id='word_1_644' title='bbox 3004 3357 3185 3395; x_wconf 84' lang='lat' dir='ltr'><strong>carnes</strong></span> <span class='ocrx_word' id='word_1_645' title='bbox 3210 3357 3352 3394; x_wconf 88' lang='lat' dir='ltr'><strong>meas</strong></span> <span class='ocrx_word' id='word_1_646' title='bbox 3371 3357 3389 3394; x_wconf 91' lang='lat'><strong>:</strong></span> <span class='ocrx_word' id='word_1_647' title='bbox 3415 3340 3506 3410; x_wconf 85' lang='lat' dir='ltr'><strong>qui</strong></span> <span class='ocrx_word' id='word_1_648' title='bbox 3534 3337 3786 3393; x_wconf 87' lang='lat' dir='ltr'><strong>tribulant</strong></span> 
     </span>
    </p>
   </div>
   <div class='ocr_carea' id='block_1_77' title="bbox 2178 3433 3783 3508">
    <p class='ocr_par' dir='ltr' id='par_1_77' title="bbox 2178 3433 3783 3508">
     <span class='ocr_line' id='line_1_77' title="bbox 2178 3433 3783 3508; baseline -0.002 -15"><span class='ocrx_word' id='word_1_649' title='bbox 2178 3455 2260 3493; x_wconf 90' lang='lat' dir='ltr'><strong>me</strong></span> <span class='ocrx_word' id='word_1_650' title='bbox 2280 3439 2479 3493; x_wconf 87' lang='lat' dir='ltr'><strong>inimici</strong></span> <span class='ocrx_word' id='word_1_651' title='bbox 2506 3439 2629 3504; x_wconf 87' lang='lat' dir='ltr'><strong>mei,</strong></span> <span class='ocrx_word' id='word_1_652' title='bbox 2652 3437 2753 3508; x_wconf 82' lang='lat' dir='ltr'><strong>ipsi</strong></span> <span class='ocrx_word' id='word_1_653' title='bbox 2778 3436 3033 3506; x_wconf 90' lang='lat' dir='ltr'><strong>inﬁrmati</strong></span> <span class='ocrx_word' id='word_1_654' title='bbox 3061 3445 3182 3490; x_wconf 89' lang='lat' dir='ltr'><strong>sunt</strong></span> <span class='ocrx_word' id='word_1_655' title='bbox 3208 3445 3257 3490; x_wconf 88' lang='lat' dir='ltr'><strong>et</strong></span> <span class='ocrx_word' id='word_1_656' title='bbox 3279 3434 3578 3489; x_wconf 88' lang='lat' dir='ltr'><strong>ceciderunt</strong></span> <span class='ocrx_word' id='word_1_657' title='bbox 3607 3433 3783 3506; x_wconf 86' lang='lat' dir='ltr'><strong>(Psal.</strong></span> 
     </span>
    </p>
   </div>
   <div class='ocr_carea' id='block_1_78' title="bbox 2180 3528 3785 3604">
    <p class='ocr_par' dir='ltr' id='par_1_78' title="bbox 2180 3528 3785 3604">
     <span class='ocr_line' id='line_1_78' title="bbox 2180 3528 3785 3604; baseline -0.002 -18"><span class='ocrx_word' id='word_1_658' title='bbox 2180 3547 2329 3596; x_wconf 77' lang='lat' dir='ltr'><strong>xxvr,</strong></span> <span class='ocrx_word' id='word_1_659' title='bbox 2360 3532 2416 3599; x_wconf 77' lang='lat'><strong>3,</strong></span> <span class='ocrx_word' id='word_1_660' title='bbox 2447 3530 2530 3604; x_wconf 75' lang='grc'><strong>4).</strong></span> <span class='ocrx_word' id='word_1_661' title='bbox 2561 3530 2750 3601; x_wconf 81' lang='lat' dir='ltr'><strong>Neque</strong></span> <span class='ocrx_word' id='word_1_662' title='bbox 2775 3530 2921 3585; x_wconf 89' lang='lat' dir='ltr'><strong>enim</strong></span> <span class='ocrx_word' id='word_1_663' title='bbox 2953 3545 3020 3586; x_wconf 87' lang='lat' dir='ltr'><strong>ex</strong></span> <span class='ocrx_word' id='word_1_664' title='bbox 3044 3544 3112 3586; x_wconf 90' lang='lat' dir='ltr'><strong>eo</strong></span> <span class='ocrx_word' id='word_1_665' title='bbox 3142 3529 3287 3601; x_wconf 93' lang='lat' dir='ltr'><strong>quod</strong></span> <span class='ocrx_word' id='word_1_666' title='bbox 3309 3528 3409 3583; x_wconf 91' lang='lat' dir='ltr'><strong>Dei</strong></span> <span class='ocrx_word' id='word_1_667' title='bbox 3437 3537 3785 3598; x_wconf 83' lang='lat' dir='ltr'><strong>exequuntur</strong></span> 
     </span>
    </p>
   </div>
   <div class='ocr_carea' id='block_1_79' title="bbox 2179 3619 3784 3692">
    <p class='ocr_par' dir='ltr' id='par_1_79' title="bbox 2179 3619 3784 3692">
     <span class='ocr_line' id='line_1_79' title="bbox 2179 3619 3784 3692; baseline -0.001 -16"><span class='ocrx_word' id='word_1_668' title='bbox 2179 3624 2536 3688; x_wconf 88' lang='lat' dir='ltr'><strong>sententiam,</strong></span> <span class='ocrx_word' id='word_1_669' title='bbox 2559 3621 2830 3678; x_wconf 91' lang='lat' dir='ltr'><strong>immunes</strong></span> <span class='ocrx_word' id='word_1_670' title='bbox 2857 3630 3018 3676; x_wconf 88' lang='lat' dir='ltr'><strong>erunt</strong></span> <span class='ocrx_word' id='word_1_671' title='bbox 3038 3636 3071 3676; x_wconf 73' lang='grc' dir='ltr'>ει</span> <span class='ocrx_word' id='word_1_672' title='bbox 3097 3620 3395 3690; x_wconf 89' lang='lat' dir='ltr'><strong>supplicio,</strong></span> <span class='ocrx_word' id='word_1_673' title='bbox 3419 3619 3784 3692; x_wconf 86' lang='lat' dir='ltr'><strong>malaqueve-</strong></span> 
     </span>
    </p>
   </div>
   <div class='ocr_carea' id='block_1_80' title="bbox 2181 3711 3786 3786">
    <p class='ocr_par' dir='ltr' id='par_1_80' title="bbox 2181 3711 3786 3786">
     <span class='ocr_line' id='line_1_80' title="bbox 2181 3711 3786 3786; baseline -0.002 -16"><span class='ocrx_word' id='word_1_674' title='bbox 2181 3716 2340 3770; x_wconf 93' lang='lat' dir='ltr'><strong>niunt</strong></span> <span class='ocrx_word' id='word_1_675' title='bbox 2367 3729 2534 3786; x_wconf 92' lang='lat' dir='ltr'><strong>super</strong></span> <span class='ocrx_word' id='word_1_676' title='bbox 2563 3729 2692 3770; x_wconf 90' lang='lat' dir='ltr'><strong>eos:</strong></span> <span class='ocrx_word' id='word_1_677' title='bbox 2724 3721 2945 3784; x_wconf 89' lang='lat' dir='ltr'><strong>oportet</strong></span> <span class='ocrx_word' id='word_1_678' title='bbox 2971 3713 3118 3768; x_wconf 91' lang='lat' dir='ltr'><strong>enim</strong></span> <span class='ocrx_word' id='word_1_679' title='bbox 3140 3713 3330 3768; x_wconf 87' lang='lat' dir='ltr'><strong>venire</strong></span> <span class='ocrx_word' id='word_1_680' title='bbox 3353 3711 3656 3778; x_wconf 87' lang='lat' dir='ltr'><strong>scandala;</strong></span> <span class='ocrx_word' id='word_1_681' title='bbox 3691 3726 3786 3766; x_wconf 77' lang='lat' dir='ltr'><strong>ve-</strong></span> 
     </span>
    </p>
   </div>
   <div class='ocr_carea' id='block_1_81' title="bbox 2181 3804 3779 3878">
    <p class='ocr_par' dir='ltr' id='par_1_81' title="bbox 2181 3804 3779 3878">
     <span class='ocr_line' id='line_1_81' title="bbox 2181 3804 3779 3878; baseline -0.002 -16"><span class='ocrx_word' id='word_1_682' title='bbox 2181 3823 2335 3875; x_wconf 91' lang='lat' dir='ltr'><strong>rum,</strong></span> <span class='ocrx_word' id='word_1_683' title='bbox 2370 3823 2451 3862; x_wconf 84' lang='lat' dir='ltr'><strong>vae</strong></span> <span class='ocrx_word' id='word_1_684' title='bbox 2482 3808 2531 3862; x_wconf 88' lang='lat' dir='ltr'><strong>ei</strong></span> <span class='ocrx_word' id='word_1_685' title='bbox 2564 3822 2664 3878; x_wconf 91' lang='lat' dir='ltr'><strong>per</strong></span> <span class='ocrx_word' id='word_1_686' title='bbox 2689 3822 2850 3878; x_wconf 91' lang='lat' dir='ltr'><strong>quem</strong></span> <span class='ocrx_word' id='word_1_687' title='bbox 2880 3807 3111 3863; x_wconf 90' lang='lat' dir='ltr'><strong>veniunt</strong></span> <span class='ocrx_word' id='word_1_688' title='bbox 3139 3804 3572 3875; x_wconf 74' lang='lat' dir='ltr'><strong>scandalaUIat.</strong></span> <span class='ocrx_word' id='word_1_689' title='bbox 3608 3804 3779 3874; x_wconf 84' lang='lat' dir='ltr'><strong>xvm).</strong></span> 
     </span>
    </p>
   </div>
   <div class='ocr_carea' id='block_1_82' title="bbox 2253 3896 3783 3971">
    <p class='ocr_par' dir='ltr' id='par_1_82' title="bbox 2253 3896 3783 3971">
     <span class='ocr_line' id='line_1_82' title="bbox 2253 3896 3783 3971; baseline -0.004 -15"><span class='ocrx_word' id='word_1_690' title='bbox 2253 3899 2439 3971; x_wconf 82' lang='lat' dir='ltr'><strong>(Vers.</strong></span> <span class='ocrx_word' id='word_1_691' title='bbox 2471 3900 2525 3965; x_wconf 74' lang='grc'><strong>4,</strong></span> <span class='ocrx_word' id='word_1_692' title='bbox 2555 3898 2640 3971; x_wconf 82' lang='grc'><strong>5.)</strong></span> <span class='ocrx_word' id='word_1_693' title='bbox 2672 3899 2864 3953; x_wconf 81' lang='lat' dir='ltr'><strong>Audite</strong></span> <span class='ocrx_word' id='word_1_694' title='bbox 2918 3898 3129 3952; x_wconf 82' lang='lat' dir='ltr'><strong>verbum</strong></span> <span class='ocrx_word' id='word_1_695' title='bbox 3159 3896 3411 3963; x_wconf 84' lang='lat' dir='ltr'><strong>Domini,</strong></span> <span class='ocrx_word' id='word_1_696' title='bbox 3463 3897 3652 3951; x_wconf 79' lang='lat' dir='ltr'><strong>domus</strong></span> <span class='ocrx_word' id='word_1_697' title='bbox 3687 3897 3783 3950; x_wconf 78' lang='lat' dir='ltr'><strong>Ja-</strong></span> 
     </span>
    </p>
   </div>
   <div class='ocr_carea' id='block_1_83' title="bbox 2179 3987 3783 4062">
    <p class='ocr_par' dir='ltr' id='par_1_83' title="bbox 2179 3987 3783 4062">
     <span class='ocr_line' id='line_1_83' title="bbox 2179 3987 3783 4062; baseline -0.004 -14"><span class='ocrx_word' id='word_1_698' title='bbox 2179 3993 2292 4057; x_wconf 90' lang='lat' dir='ltr'><strong>cob,</strong></span> <span class='ocrx_word' id='word_1_699' title='bbox 2322 4003 2368 4046; x_wconf 90' lang='lat' dir='ltr'><strong>et</strong></span> <span class='ocrx_word' id='word_1_700' title='bbox 2400 4007 2576 4047; x_wconf 86' lang='lat' dir='ltr'><strong>omnes</strong></span> <span class='ocrx_word' id='word_1_701' title='bbox 2601 3992 2936 4062; x_wconf 85' lang='lat' dir='ltr'><strong>cognationes</strong></span> <span class='ocrx_word' id='word_1_702' title='bbox 2954 3990 3140 4044; x_wconf 89' lang='lat' dir='ltr'><strong>domus</strong></span> <span class='ocrx_word' id='word_1_703' title='bbox 3171 3988 3360 4044; x_wconf 88' lang='lat' dir='ltr'><strong>Israel.</strong></span> <span class='ocrx_word' id='word_1_704' title='bbox 3376 3987 3514 4044; x_wconf 70' lang='lat' dir='ltr'><strong>Hac</strong></span> <span class='ocrx_word' id='word_1_705' title='bbox 3533 3989 3660 4043; x_wconf 86' lang='lat' dir='ltr'><strong>dicit</strong></span> <span class='ocrx_word' id='word_1_706' title='bbox 3677 3987 3783 4042; x_wconf 84' lang='lat' dir='ltr'><strong>Do-</strong></span> 
     </span>
    </p>
   </div>
   <div class='ocr_carea' id='block_1_84' title="bbox 2177 4082 3779 4154">
    <p class='ocr_par' dir='ltr' id='par_1_84' title="bbox 2177 4082 3779 4154">
     <span class='ocr_line' id='line_1_84' title="bbox 2177 4082 3779 4154; baseline -0.002 -14"><span class='ocrx_word' id='word_1_707' title='bbox 2177 4087 2382 4140; x_wconf 89' lang='lat' dir='ltr'><strong>minus:</strong></span> <span class='ocrx_word' id='word_1_708' title='bbox 2402 4085 2542 4154; x_wconf 82' lang='lat' dir='ltr'><strong>Quid</strong></span> <span class='ocrx_word' id='word_1_709' title='bbox 2567 4085 2872 4140; x_wconf 81' lang='lat' dir='ltr'><strong>inuenerunt</strong></span> <span class='ocrx_word' id='word_1_710' title='bbox 2895 4091 3066 4154; x_wconf 89' lang='lat' dir='ltr'><strong>patres</strong></span> <span class='ocrx_word' id='word_1_711' title='bbox 3093 4082 3248 4137; x_wconf 83' lang='lat' dir='ltr'><strong>vestri</strong></span> <span class='ocrx_word' id='word_1_712' title='bbox 3272 4083 3326 4136; x_wconf 91' lang='lat' dir='ltr'><strong>in</strong></span> <span class='ocrx_word' id='word_1_713' title='bbox 3354 4098 3432 4136; x_wconf 86' lang='lat' dir='ltr'><strong>me</strong></span> <span class='ocrx_word' id='word_1_714' title='bbox 3467 4082 3779 4152; x_wconf 85' lang='lat' dir='ltr'><strong>iniquitatis,</strong></span> 
     </span>
    </p>
   </div>
   <div class='ocr_carea' id='block_1_85' title="bbox 2178 4172 3782 4252">
    <p class='ocr_par' dir='ltr' id='par_1_85' title="bbox 2178 4172 3782 4252">
     <span class='ocr_line' id='line_1_85' title="bbox 2178 4172 3782 4252; baseline -0.003 -18"><span class='ocrx_word' id='word_1_715' title='bbox 2178 4183 2302 4252; x_wconf 88' lang='lat' dir='ltr'><strong>quia</strong></span> <span class='ocrx_word' id='word_1_716' title='bbox 2331 4179 2698 4252; x_wconf 85' lang='lat' dir='ltr'><strong>elongaverunt</strong></span> <span class='ocrx_word' id='word_1_717' title='bbox 2727 4196 2762 4232; x_wconf 91' lang='lat' dir='ltr'><strong>a</strong></span> <span class='ocrx_word' id='word_1_718' title='bbox 2786 4194 2866 4233; x_wconf 89' lang='lat' dir='ltr'><strong>me</strong></span> <span class='ocrx_word' id='word_1_719' title='bbox 2887 4172 2913 4232; x_wconf 71' lang='grc' dir='ltr'><strong>ε’</strong></span> <span class='ocrx_word' id='word_1_720' title='bbox 2935 4185 2981 4232; x_wconf 90' lang='lat' dir='ltr'><strong>et</strong></span> <span class='ocrx_word' id='word_1_721' title='bbox 3008 4175 3406 4233; x_wconf 79' lang='lat' dir='ltr'><strong>ambulaverunt</strong></span> <span class='ocrx_word' id='word_1_722' title='bbox 3434 4184 3555 4249; x_wconf 90' lang='lat' dir='ltr'><strong>post</strong></span> <span class='ocrx_word' id='word_1_723' title='bbox 3581 4177 3782 4232; x_wconf 76' lang='lat' dir='ltr'><strong>uanita-</strong></span> 
     </span>
    </p>
   </div>
   <div class='ocr_carea' id='block_1_86' title="bbox 2179 4267 3781 4342">
    <p class='ocr_par' dir='ltr' id='par_1_86' title="bbox 2179 4267 3781 4342">
     <span class='ocr_line' id='line_1_86' title="bbox 2179 4267 3781 4342; baseline -0.001 -18"><span class='ocrx_word' id='word_1_724' title='bbox 2179 4280 2316 4326; x_wconf 90' lang='lat' dir='ltr'><strong>tem:</strong></span> <span class='ocrx_word' id='word_1_725' title='bbox 2345 4281 2393 4326; x_wconf 87' lang='lat' dir='ltr'><strong>et</strong></span> <span class='ocrx_word' id='word_1_726' title='bbox 2419 4271 2541 4326; x_wconf 77' lang='lat' dir='ltr'><strong>vani</strong></span> <span class='ocrx_word' id='word_1_727' title='bbox 2569 4271 2694 4342; x_wconf 82' lang='lat' dir='ltr'><strong>[acti</strong></span> <span class='ocrx_word' id='word_1_728' title='bbox 2739 4268 2900 4326; x_wconf 82' lang='lat' dir='ltr'><strong>sunt?</strong></span> <span class='ocrx_word' id='word_1_729' title='bbox 2954 4268 3110 4324; x_wconf 83' lang='lat' dir='ltr'><strong>Hunc</strong></span> <span class='ocrx_word' id='word_1_730' title='bbox 3138 4283 3362 4324; x_wconf 92' lang='lat' dir='ltr'><strong>sensum</strong></span> <span class='ocrx_word' id='word_1_731' title='bbox 3397 4276 3454 4323; x_wconf 91' lang='lat' dir='ltr'><strong>et</strong></span> <span class='ocrx_word' id='word_1_732' title='bbox 3485 4267 3632 4324; x_wconf 88' lang='lat' dir='ltr'><strong>alius</strong></span> <span class='ocrx_word' id='word_1_733' title='bbox 3660 4281 3781 4338; x_wconf 89' lang='lat' dir='ltr'><strong>pro-</strong></span> 
     </span>
    </p>
   </div>
   <div class='ocr_carea' id='block_1_87' title="bbox 2180 4356 3778 4435">
    <p class='ocr_par' dir='ltr' id='par_1_87' title="bbox 2180 4356 3778 4435">
     <span class='ocr_line' id='line_1_87' title="bbox 2180 4356 3778 4435; baseline -0.005 -18"><span class='ocrx_word' id='word_1_734' title='bbox 2180 4363 2344 4435; x_wconf 91' lang='lat' dir='ltr'><strong>pheta</strong></span> <span class='ocrx_word' id='word_1_735' title='bbox 2371 4372 2642 4419; x_wconf 87' lang='lat' dir='ltr'><strong>testatur:</strong></span> <span class='ocrx_word' id='word_1_736' title='bbox 2680 4360 2918 4430; x_wconf 86' lang='lat' dir='ltr'><strong>Populus</strong></span> <span class='ocrx_word' id='word_1_737' title='bbox 2949 4377 3092 4416; x_wconf 87' lang='lat' dir='ltr'><strong>meus</strong></span> <span class='ocrx_word' id='word_1_738' title='bbox 3118 4360 3245 4432; x_wconf 88' lang='lat' dir='ltr'><strong>quid</strong></span> <span class='ocrx_word' id='word_1_739' title='bbox 3271 4360 3369 4432; x_wconf 77' lang='lat' dir='ltr'><strong>feci</strong></span> <span class='ocrx_word' id='word_1_740' title='bbox 3395 4359 3522 4432; x_wconf 61' lang='lat' dir='ltr'><strong>tibi,</strong></span> <span class='ocrx_word' id='word_1_741' title='bbox 3579 4368 3628 4412; x_wconf 73' lang='lat' dir='ltr'><strong>et</strong></span> <span class='ocrx_word' id='word_1_742' title='bbox 3657 4356 3778 4430; x_wconf 85' lang='lat' dir='ltr'><strong>quid</strong></span> 
     </span>
    </p>
   </div>
   <div class='ocr_carea' id='block_1_88' title="bbox 2181 4452 3778 4527">
    <p class='ocr_par' dir='ltr' id='par_1_88' title="bbox 2181 4452 3778 4527">
     <span class='ocr_line' id='line_1_88' title="bbox 2181 4452 3778 4527; baseline -0.004 -17"><span class='ocrx_word' id='word_1_743' title='bbox 2181 4457 2424 4511; x_wconf 90' lang='lat' dir='ltr'><strong>molestus</strong></span> <span class='ocrx_word' id='word_1_744' title='bbox 2439 4457 2516 4526; x_wconf 82' lang='lat' dir='ltr'><strong>fui</strong></span> <span class='ocrx_word' id='word_1_745' title='bbox 2546 4456 2638 4510; x_wconf 86' lang='lat' dir='ltr'><strong>tibi</strong></span> <span class='ocrx_word' id='word_1_746' title='bbox 2649 4455 2673 4509; x_wconf 74' lang='lat' dir='ltr'><strong>I</strong></span> <span class='ocrx_word' id='word_1_747' title='bbox 2689 4453 2963 4527; x_wconf 84' lang='lat' dir='ltr'><strong>Responde</strong></span> <span class='ocrx_word' id='word_1_748' title='bbox 2993 4453 3120 4507; x_wconf 83' lang='lat' dir='ltr'><strong>mihi</strong></span> <span class='ocrx_word' id='word_1_749' title='bbox 3136 4454 3294 4524; x_wconf 90' lang='lat' dir='ltr'><strong>:quia</strong></span> <span class='ocrx_word' id='word_1_750' title='bbox 3311 4453 3472 4507; x_wconf 70' lang='lat' dir='ltr'><strong>eduxi</strong></span> <span class='ocrx_word' id='word_1_751' title='bbox 3497 4462 3548 4507; x_wconf 92' lang='lat' dir='ltr'><strong>te</strong></span> <span class='ocrx_word' id='word_1_752' title='bbox 3564 4452 3632 4506; x_wconf 90' lang='lat' dir='ltr'><strong>de</strong></span> <span class='ocrx_word' id='word_1_753' title='bbox 3646 4461 3778 4506; x_wconf 84' lang='lat' dir='ltr'><strong>terra</strong></span> 
     </span>
    </p>
   </div>
   <div class='ocr_carea' id='block_1_89' title="bbox 460 4527 3773 4620">
    <p class='ocr_par' dir='ltr' id='par_1_89' title="bbox 460 4527 3773 4620">
     <span class='ocr_line' id='line_1_89' title="bbox 460 4527 3773 4620; baseline -0.002 -17"><span class='ocrx_word' id='word_1_754' title='bbox 460 4564 591 4619; x_wconf 85' lang='lat' dir='ltr'><strong>gere</strong></span> <span class='ocrx_word' id='word_1_755' title='bbox 609 4543 1120 4608; x_wconf 87' lang='lat' dir='ltr'><strong>voluerint,habeat</strong></span> <span class='ocrx_word' id='word_1_756' title='bbox 1145 4540 1269 4596; x_wconf 82' lang='lat' dir='ltr'><strong>ﬁdei</strong></span> <span class='ocrx_word' id='word_1_757' title='bbox 1289 4538 1702 4610; x_wconf 82' lang='lat' dir='ltr'><strong>ﬁrmitatem,&#39;_et</strong></span> <span class='ocrx_word' id='word_1_758' title='bbox 1723 4527 2428 4620; x_wconf 76' lang='lat' dir='ltr'><strong>timeredesi-D/Eggpti,</strong></span> <span class='ocrx_word' id='word_1_759' title='bbox 2483 4557 2531 4601; x_wconf 89' lang='lat' dir='ltr'><strong>et</strong></span> <span class='ocrx_word' id='word_1_760' title='bbox 2573 4546 2636 4600; x_wconf 90' lang='lat' dir='ltr'><strong>de</strong></span> <span class='ocrx_word' id='word_1_761' title='bbox 2686 4545 2840 4600; x_wconf 88' lang='lat' dir='ltr'><strong>domo</strong></span> <span class='ocrx_word' id='word_1_762' title='bbox 2885 4546 3217 4601; x_wconf 84' lang='lat' dir='ltr'><strong>servientium</strong></span> <span class='ocrx_word' id='word_1_763' title='bbox 3261 4544 3474 4599; x_wconf 86' lang='lat' dir='ltr'><strong>liberavi</strong></span> <span class='ocrx_word' id='word_1_764' title='bbox 3506 4553 3553 4598; x_wconf 86' lang='lat' dir='ltr'><strong>te</strong></span> <span class='ocrx_word' id='word_1_765' title='bbox 3585 4543 3773 4617; x_wconf 70' lang='lat' dir='ltr'><strong>(Mica.</strong></span> 
     </span>
    </p>
   </div>
   <div class='ocr_carea' id='block_1_90' title="bbox 465 4632 1713 4711">
    <p class='ocr_par' dir='ltr' id='par_1_90' title="bbox 465 4632 1713 4711">
     <span class='ocr_line' id='line_1_90' title="bbox 465 4632 1713 4711; baseline -0.006 -15"><span class='ocrx_word' id='word_1_766' title='bbox 465 4649 604 4696; x_wconf 74' lang='lat' dir='ltr'><strong>suit:</strong></span> <span class='ocrx_word' id='word_1_767' title='bbox 637 4639 786 4711; x_wconf 91' lang='lat' dir='ltr'><strong>quia,</strong></span> <span class='ocrx_word' id='word_1_768' title='bbox 807 4636 1038 4693; x_wconf 91' lang='lat' dir='ltr'><strong>Domino</strong></span> <span class='ocrx_word' id='word_1_769' title='bbox 1063 4633 1386 4700; x_wconf 88' lang='lat' dir='ltr'><strong>auxiliante,</strong></span> <span class='ocrx_word' id='word_1_770' title='bbox 1406 4632 1713 4703; x_wconf 89' lang='lat' dir='ltr'><strong>superabit.</strong></span> 
     </span>
    </p>
   </div>
   <div class='ocr_carea' id='block_1_91' title="bbox 535 4725 2075 4805">
    <p class='ocr_par' dir='ltr' id='par_1_91' title="bbox 535 4725 2075 4805">
     <span class='ocr_line' id='line_1_91' title="bbox 535 4725 2075 4805; baseline -0.006 -15"><span class='ocrx_word' id='word_1_771' title='bbox 535 4735 692 4805; x_wconf 84' lang='lat' dir='ltr'><strong>(Cap.</strong></span> <span class='ocrx_word' id='word_1_772' title='bbox 719 4732 784 4788; x_wconf 93' lang='lat' dir='ltr'><strong>ll.</strong></span> <span class='ocrx_word' id='word_1_773' title='bbox 809 4761 879 4772; x_wconf 93' lang='lat'><strong><em>—</em></strong></span> <span class='ocrx_word' id='word_1_774' title='bbox 898 4730 1054 4785; x_wconf 83' lang='lat' dir='ltr'><strong>Vers.</strong></span> <span class='ocrx_word' id='word_1_775' title='bbox 1083 4729 1160 4797; x_wconf 81' lang='grc'><strong>1.)</strong></span> <span class='ocrx_word' id='word_1_776' title='bbox 1192 4725 1262 4780; x_wconf 84' lang='grc' dir='ltr'>Ει</span> <span class='ocrx_word' id='word_1_777' title='bbox 1290 4731 1490 4797; x_wconf 78' lang='lat' dir='ltr'><strong>factum</strong></span> <span class='ocrx_word' id='word_1_778' title='bbox 1520 4737 1592 4782; x_wconf 93' lang='lat' dir='ltr'><strong>est</strong></span> <span class='ocrx_word' id='word_1_779' title='bbox 1622 4727 1830 4782; x_wconf 82' lang='lat' dir='ltr'><strong>verbum</strong></span> <span class='ocrx_word' id='word_1_780' title='bbox 1858 4726 2075 4782; x_wconf 87' lang='lat' dir='ltr'><strong>Domini</strong></span> 
     </span>
    </p>
   </div>
   <div class='ocr_carea' id='block_1_92' title="bbox 463 4819 2074 4888">
    <p class='ocr_par' dir='ltr' id='par_1_92' title="bbox 463 4819 2074 4888">
     <span class='ocr_line' id='line_1_92' title="bbox 463 4819 2074 4888; baseline -0.003 -9"><span class='ocrx_word' id='word_1_781' title='bbox 463 4827 532 4879; x_wconf 86' lang='lat' dir='ltr'><strong>ad</strong></span> <span class='ocrx_word' id='word_1_782' title='bbox 564 4843 640 4879; x_wconf 91' lang='lat' dir='ltr'><strong>me</strong></span> <span class='ocrx_word' id='word_1_783' title='bbox 669 4825 880 4879; x_wconf 86' lang='lat' dir='ltr'><strong>dicens:</strong></span> <span class='ocrx_word' id='word_1_784' title='bbox 919 4821 1086 4888; x_wconf 86' lang='lat' dir='ltr'><strong>Vade,</strong></span> <span class='ocrx_word' id='word_1_785' title='bbox 1113 4827 1159 4873; x_wconf 88' lang='lat' dir='ltr'><strong>et</strong></span> <span class='ocrx_word' id='word_1_786' title='bbox 1192 4820 1363 4873; x_wconf 90' lang='lat' dir='ltr'><strong>clama</strong></span> <span class='ocrx_word' id='word_1_787' title='bbox 1403 4821 1457 4872; x_wconf 89' lang='lat' dir='ltr'><strong>in</strong></span> <span class='ocrx_word' id='word_1_788' title='bbox 1502 4819 1723 4874; x_wconf 89' lang='lat' dir='ltr'><strong>auribus</strong></span> <span class='ocrx_word' id='word_1_789' title='bbox 1776 4819 2074 4874; x_wconf 79' lang='lat' dir='ltr'><strong>Jerusalem</strong></span> 
     </span>
    </p>
   </div>
   <div class='ocr_carea' id='block_1_93' title="bbox 461 4910 2073 4982">
    <p class='ocr_par' dir='ltr' id='par_1_93' title="bbox 461 4910 2073 4982">
     <span class='ocr_line' id='line_1_93' title="bbox 461 4910 2073 4982; baseline -0.001 -10"><span class='ocrx_word' id='word_1_790' title='bbox 461 4919 660 4972; x_wconf 88' lang='lat' dir='ltr'><strong>dicens.</strong></span> <span class='ocrx_word' id='word_1_791' title='bbox 717 4917 832 4971; x_wconf 83' lang='lat' dir='ltr'><strong>lloc</strong></span> <span class='ocrx_word' id='word_1_792' title='bbox 886 4915 943 4969; x_wconf 91' lang='lat' dir='ltr'><strong>in</strong></span> <span class='ocrx_word' id='word_1_793' title='bbox 973 4911 1325 4982; x_wconf 86' lang='lat' dir='ltr'><strong>Septuaginta</strong></span> <span class='ocrx_word' id='word_1_794' title='bbox 1364 4926 1472 4965; x_wconf 92' lang='lat' dir='ltr'><strong>non</strong></span> <span class='ocrx_word' id='word_1_795' title='bbox 1519 4910 1789 4966; x_wconf 89' lang='lat' dir='ltr'><strong>habetur:</strong></span> <span class='ocrx_word' id='word_1_796' title='bbox 1823 4911 1919 4966; x_wconf 88' lang='lat' dir='ltr'><strong>sed</strong></span> <span class='ocrx_word' id='word_1_797' title='bbox 1969 4915 2073 4971; x_wconf 88' lang='lat' dir='ltr'><strong>sub</strong></span> 
     </span>
    </p>
   </div>
   <div class='ocr_carea' id='block_1_94' title="bbox 464 5002 2067 5076">
    <p class='ocr_par' dir='ltr' id='par_1_94' title="bbox 464 5002 2067 5076">
     <span class='ocr_line' id='line_1_94' title="bbox 464 5002 2067 5076; baseline -0.002 -12"><span class='ocrx_word' id='word_1_798' title='bbox 464 5007 748 5064; x_wconf 88' lang='lat' dir='ltr'><strong>asteriscis</strong></span> <span class='ocrx_word' id='word_1_799' title='bbox 778 5007 846 5061; x_wconf 90' lang='lat' dir='ltr'><strong>de</strong></span> <span class='ocrx_word' id='word_1_800' title='bbox 870 5002 1268 5060; x_wconf 87' lang='lat' dir='ltr'><strong>Theodotionis</strong></span> <span class='ocrx_word' id='word_1_801' title='bbox 1293 5002 1536 5058; x_wconf 89' lang='lat' dir='ltr'><strong>editione</strong></span> <span class='ocrx_word' id='word_1_802' title='bbox 1564 5002 1808 5058; x_wconf 87' lang='lat' dir='ltr'><strong>additum</strong></span> <span class='ocrx_word' id='word_1_803' title='bbox 1840 5011 1946 5069; x_wconf 91' lang='lat' dir='ltr'><strong>est,</strong></span> <span class='ocrx_word' id='word_1_804' title='bbox 1975 5006 2067 5076; x_wconf 93' lang='lat' dir='ltr'><strong>qui</strong></span> 
     </span>
    </p>
   </div>
   <div class='ocr_carea' id='block_1_95' title="bbox 463 5097 2068 5187">
    <p class='ocr_par' dir='ltr' id='par_1_95' title="bbox 463 5097 2068 5187">
     <span class='ocr_line' id='line_1_95' title="bbox 463 5097 2068 5187; baseline -0.007 -33"><span class='ocrx_word' id='word_1_805' title='bbox 463 5101 690 5158; x_wconf 88' lang='lat' dir='ltr'><strong>verbum</strong></span> <span class='ocrx_word' id='word_1_806' title='bbox 723 5099 1052 5155; x_wconf 85' lang='lat' dir='ltr'><strong>Hebraicum</strong></span> <span class='ocrx_word' id='word_1_807' title='bbox 1094 5113 1310 5154; x_wconf 69' lang='lat' dir='ltr'><strong>canna</strong></span> <span class='ocrx_word' id='word_1_808' title='bbox 1343 5097 1564 5187; x_wconf 53' lang='grc' dir='ltr'><strong>(τηεψ),</strong></span> <span class='ocrx_word' id='word_1_809' title='bbox 1595 5112 1694 5168; x_wconf 92' lang='lat' dir='ltr'><strong>pro</strong></span> <span class='ocrx_word' id='word_1_810' title='bbox 1722 5113 1829 5169; x_wconf 93' lang='lat' dir='ltr'><strong>quo</strong></span> <span class='ocrx_word' id='word_1_811' title='bbox 1854 5113 1954 5154; x_wconf 90' lang='lat' dir='ltr'><strong>nos</strong></span> <span class='ocrx_word' id='word_1_812' title='bbox 1982 5099 2068 5155; x_wconf 89' lang='lat' dir='ltr'><strong>di-</strong></span> 
     </span>
    </p>
   </div>
   <div class='ocr_carea' id='block_1_96' title="bbox 463 5189 2061 5264">
    <p class='ocr_par' dir='ltr' id='par_1_96' title="bbox 463 5189 2061 5264">
     <span class='ocr_line' id='line_1_96' title="bbox 463 5189 2061 5264; baseline -0.002 -15"><span class='ocrx_word' id='word_1_813' title='bbox 463 5194 644 5249; x_wconf 89' lang='lat' dir='ltr'><strong>ximus</strong></span> <span class='ocrx_word' id='word_1_814' title='bbox 665 5191 858 5257; x_wconf 83' lang='lat' dir='ltr'><strong>clama;</strong></span> <span class='ocrx_word' id='word_1_815' title='bbox 909 5189 1024 5245; x_wconf 88' lang='lat' dir='ltr'><strong>sive</strong></span> <span class='ocrx_word' id='word_1_816' title='bbox 1055 5189 1309 5261; x_wconf 81' lang='lat' dir='ltr'><strong>prtedica,</strong></span> <span class='ocrx_word' id='word_1_817' title='bbox 1360 5190 1758 5260; x_wconf 86' lang='lat' dir='ltr'><strong>interpretatus</strong></span> <span class='ocrx_word' id='word_1_818' title='bbox 1792 5201 1897 5259; x_wconf 88' lang='lat' dir='ltr'><strong>est,</strong></span> <span class='ocrx_word' id='word_1_819' title='bbox 1930 5191 2061 5264; x_wconf 89' lang='lat' dir='ltr'><strong>lege.</strong></span> 
     </span>
    </p>
   </div>
   <div class='ocr_carea' id='block_1_97' title="bbox 459 5281 2064 5353">
    <p class='ocr_par' dir='ltr' id='par_1_97' title="bbox 459 5281 2064 5353">
     <span class='ocr_line' id='line_1_97' title="bbox 459 5281 2064 5353; baseline -0.001 -10"><span class='ocrx_word' id='word_1_820' title='bbox 459 5289 528 5343; x_wconf 86' lang='lat' dir='ltr'><strong>Et</strong></span> <span class='ocrx_word' id='word_1_821' title='bbox 555 5286 848 5344; x_wconf 87' lang='lat' dir='ltr'><strong>lectionem</strong></span> <span class='ocrx_word' id='word_1_822' title='bbox 887 5283 1034 5340; x_wconf 92' lang='lat' dir='ltr'><strong>enim</strong></span> <span class='ocrx_word' id='word_1_823' title='bbox 1083 5291 1138 5338; x_wconf 91' lang='lat' dir='ltr'><strong>et</strong></span> <span class='ocrx_word' id='word_1_824' title='bbox 1166 5281 1465 5337; x_wconf 86' lang='lat' dir='ltr'><strong>clamorem</strong></span> <span class='ocrx_word' id='word_1_825' title='bbox 1515 5290 1568 5338; x_wconf 91' lang='lat' dir='ltr'><strong>et</strong></span> <span class='ocrx_word' id='word_1_826' title='bbox 1617 5282 2064 5353; x_wconf 66' lang='lat' dir='ltr'><strong>praedicationem</strong></span> 
     </span>
    </p>
   </div>
   <div class='ocr_carea' id='block_1_98' title="bbox 461 5372 2068 5447">
    <p class='ocr_par' dir='ltr' id='par_1_98' title="bbox 461 5372 2068 5447">
     <span class='ocr_line' id='line_1_98' title="bbox 461 5372 2068 5447; baseline 0 -15"><span class='ocrx_word' id='word_1_827' title='bbox 461 5395 562 5447; x_wconf 83' lang='lat' dir='ltr'><strong>pro</strong></span> <span class='ocrx_word' id='word_1_828' title='bbox 593 5378 678 5434; x_wconf 89' lang='lat' dir='ltr'><strong>sui</strong></span> <span class='ocrx_word' id='word_1_829' title='bbox 707 5375 1069 5447; x_wconf 85' lang='lat' dir='ltr'><strong>ambiguitate</strong></span> <span class='ocrx_word' id='word_1_830' title='bbox 1095 5372 1390 5444; x_wconf 80' lang='lat' dir='ltr'><strong>signiﬁcat.</strong></span> <span class='ocrx_word' id='word_1_831' title='bbox 1437 5373 1617 5430; x_wconf 82' lang='lat' dir='ltr'><strong>Aures</strong></span> <span class='ocrx_word' id='word_1_832' title='bbox 1641 5381 1824 5430; x_wconf 89' lang='lat' dir='ltr'><strong>autem</strong></span> <span class='ocrx_word' id='word_1_833' title='bbox 1847 5375 2068 5432; x_wconf 81' lang='lat' dir='ltr'><strong>Jerusa-</strong></span> 
     </span>
    </p>
   </div>
   <div class='ocr_carea' id='block_1_99' title="bbox 479 5465 2063 5540">
    <p class='ocr_par' dir='ltr' id='par_1_99' title="bbox 479 5465 2063 5540">
     <span class='ocr_line' id='line_1_99' title="bbox 479 5465 2063 5540; baseline -0.001 -16"><span class='ocrx_word' id='word_1_834' title='bbox 479 5485 588 5536; x_wconf 89' lang='lat' dir='ltr'><strong>em,</strong></span> <span class='ocrx_word' id='word_1_835' title='bbox 605 5485 703 5540; x_wconf 93' lang='lat' dir='ltr'><strong>pro</strong></span> <span class='ocrx_word' id='word_1_836' title='bbox 727 5467 954 5522; x_wconf 87' lang='lat' dir='ltr'><strong>auribus</strong></span> <span class='ocrx_word' id='word_1_837' title='bbox 978 5465 1344 5521; x_wconf 77' lang='lat' dir='ltr'><strong>habitatorum</strong></span> <span class='ocrx_word' id='word_1_838' title='bbox 1370 5465 1487 5536; x_wconf 90' lang='lat' dir='ltr'><strong>ejus</strong></span> <span class='ocrx_word' id='word_1_839' title='bbox 1507 5465 1772 5522; x_wconf 90' lang='lat' dir='ltr'><strong>debemus</strong></span> <span class='ocrx_word' id='word_1_840' title='bbox 1793 5471 2063 5539; x_wconf 89' lang='lat' dir='ltr'><strong>accipere.</strong></span> 
     </span>
    </p>
   </div>
   <div class='ocr_carea' id='block_1_100' title="bbox 531 5557 2063 5633">
    <p class='ocr_par' dir='ltr' id='par_1_100' title="bbox 531 5557 2063 5633">
     <span class='ocr_line' id='line_1_100' title="bbox 531 5557 2063 5633; baseline -0.001 -15"><span class='ocrx_word' id='word_1_841' title='bbox 531 5559 959 5633; x_wconf 68' lang='lat' dir='ltr'><strong>(Vers.2.)_Hazc</strong></span> <span class='ocrx_word' id='word_1_842' title='bbox 985 5558 1112 5613; x_wconf 88' lang='lat' dir='ltr'><strong>dicit</strong></span> <span class='ocrx_word' id='word_1_843' title='bbox 1135 5557 1394 5613; x_wconf 90' lang='lat' dir='ltr'><strong>Dominus</strong></span> <span class='ocrx_word' id='word_1_844' title='bbox 1419 5573 1438 5612; x_wconf 90' lang='lat'><strong>:</strong></span> <span class='ocrx_word' id='word_1_845' title='bbox 1464 5557 1791 5614; x_wconf 85' lang='lat' dir='ltr'><strong>Recordutus</strong></span> <span class='ocrx_word' id='word_1_846' title='bbox 1815 5576 1936 5616; x_wconf 91' lang='lat' dir='ltr'><strong>sum</strong></span> <span class='ocrx_word' id='word_1_847' title='bbox 1965 5564 2063 5630; x_wconf 86' lang='lat' dir='ltr'><strong>tui,</strong></span> 
     </span>
    </p>
   </div>
   <div class='ocr_carea' id='block_1_101' title="bbox 528 5745 1684 5820">
    <p class='ocr_par' dir='ltr' id='par_1_101' title="bbox 528 5745 1684 5820">
     <span class='ocr_line' id='line_1_101' title="bbox 528 5745 1684 5820; baseline 0.003 -16"><span class='ocrx_word' id='word_1_848' title='bbox 528 5758 554 5787; x_wconf 69' lang='grc' dir='ltr'><strong>εί</strong></span> <span class='ocrx_word' id='word_1_849' title='bbox 588 5745 820 5816; x_wconf 75' lang='lat' dir='ltr'><strong>Victor.,</strong></span> <span class='ocrx_word' id='word_1_850' title='bbox 855 5750 908 5802; x_wconf 83' lang='lat' dir='ltr'><strong>id</strong></span> <span class='ocrx_word' id='word_1_851' title='bbox 929 5760 1000 5802; x_wconf 89' lang='lat' dir='ltr'><strong>est</strong></span> <span class='ocrx_word' id='word_1_852' title='bbox 1029 5764 1204 5804; x_wconf 84' lang='lat' dir='ltr'><strong>eorum</strong></span> <span class='ocrx_word' id='word_1_853' title='bbox 1224 5750 1310 5820; x_wconf 88' lang='lat' dir='ltr'><strong>qui</strong></span> <span class='ocrx_word' id='word_1_854' title='bbox 1332 5757 1554 5820; x_wconf 75' lang='lat' dir='ltr'><strong>terrena,</strong></span> <span class='ocrx_word' id='word_1_855' title='bbox 1579 5758 1684 5806; x_wconf 85' lang='lat' dir='ltr'><strong>etc.</strong></span> 
     </span>
    </p>
   </div>
   <div class='ocr_carea' id='block_1_102' title="bbox 2178 4635 3776 4709">
    <p class='ocr_par' dir='ltr' id='par_1_102' title="bbox 2178 4635 3776 4709">
     <span class='ocr_line' id='line_1_102' title="bbox 2178 4635 3776 4709; baseline -0.001 -17"><span class='ocrx_word' id='word_1_856' title='bbox 2178 4638 2382 4709; x_wconf 61' lang='lat' dir='ltr'><strong>v1.54).</strong></span> <span class='ocrx_word' id='word_1_857' title='bbox 2417 4638 2713 4708; x_wconf 89' lang='lat' dir='ltr'><strong>Utrumque</strong></span> <span class='ocrx_word' id='word_1_858' title='bbox 2742 4648 2926 4693; x_wconf 90' lang='lat' dir='ltr'><strong>autem</strong></span> <span class='ocrx_word' id='word_1_859' title='bbox 2950 4652 3172 4705; x_wconf 92' lang='lat' dir='ltr'><strong>nomen,</strong></span> <span class='ocrx_word' id='word_1_860' title='bbox 3194 4636 3365 4693; x_wconf 79' lang='lat' dir='ltr'><strong>Jacob</strong></span> <span class='ocrx_word' id='word_1_861' title='bbox 3399 4643 3457 4692; x_wconf 91' lang='lat' dir='ltr'><strong>et</strong></span> <span class='ocrx_word' id='word_1_862' title='bbox 3487 4635 3658 4692; x_wconf 88' lang='lat' dir='ltr'><strong>Israel</strong></span> <span class='ocrx_word' id='word_1_863' title='bbox 3684 4650 3776 4705; x_wconf 85' lang='lat' dir='ltr'><strong>po-</strong></span> 
     </span>
    </p>
   </div>
   <div class='ocr_carea' id='block_1_103' title="bbox 2179 4729 3778 4799">
    <p class='ocr_par' dir='ltr' id='par_1_103' title="bbox 2179 4729 3778 4799">
     <span class='ocr_line' id='line_1_103' title="bbox 2179 4729 3778 4799; baseline -0.001 -14"><span class='ocrx_word' id='word_1_864' title='bbox 2179 4730 2355 4787; x_wconf 91' lang='lat' dir='ltr'><strong>nitur:</strong></span> <span class='ocrx_word' id='word_1_865' title='bbox 2381 4746 2489 4785; x_wconf 93' lang='lat' dir='ltr'><strong>non</strong></span> <span class='ocrx_word' id='word_1_866' title='bbox 2513 4729 2813 4786; x_wconf 89' lang='lat' dir='ltr'><strong>secundum</strong></span> <span class='ocrx_word' id='word_1_867' title='bbox 2836 4730 2974 4785; x_wconf 91' lang='lat' dir='ltr'><strong>duas</strong></span> <span class='ocrx_word' id='word_1_868' title='bbox 2992 4731 3256 4786; x_wconf 90' lang='lat' dir='ltr'><strong>etdecem</strong></span> <span class='ocrx_word' id='word_1_869' title='bbox 3286 4729 3488 4796; x_wconf 88' lang='lat' dir='ltr'><strong>tribus,</strong></span> <span class='ocrx_word' id='word_1_870' title='bbox 3507 4729 3608 4786; x_wconf 90' lang='lat' dir='ltr'><strong>sed</strong></span> <span class='ocrx_word' id='word_1_871' title='bbox 3627 4730 3778 4799; x_wconf 84' lang='lat' dir='ltr'><strong>juxta</strong></span> 
     </span>
    </p>
   </div>
   <div class='ocr_carea' id='block_1_104' title="bbox 2177 4821 3772 4894">
    <p class='ocr_par' dir='ltr' id='par_1_104' title="bbox 2177 4821 3772 4894">
     <span class='ocr_line' id='line_1_104' title="bbox 2177 4821 3772 4894; baseline 0 -16"><span class='ocrx_word' id='word_1_872' title='bbox 2177 4839 2400 4878; x_wconf 87' lang='lat' dir='ltr'><strong>omnem</strong></span> <span class='ocrx_word' id='word_1_873' title='bbox 2435 4823 2730 4893; x_wconf 87' lang='lat' dir='ltr'><strong>pepulum:</strong></span> <span class='ocrx_word' id='word_1_874' title='bbox 2782 4837 2906 4878; x_wconf 90' lang='lat' dir='ltr'><strong>cum</strong></span> <span class='ocrx_word' id='word_1_875' title='bbox 2939 4831 2996 4877; x_wconf 91' lang='lat' dir='ltr'><strong>et</strong></span> <span class='ocrx_word' id='word_1_876' title='bbox 3026 4827 3143 4893; x_wconf 90' lang='lat' dir='ltr'><strong>ipse</strong></span> <span class='ocrx_word' id='word_1_877' title='bbox 3171 4821 3343 4879; x_wconf 83' lang='lat' dir='ltr'><strong>Jacob</strong></span> <span class='ocrx_word' id='word_1_878' title='bbox 3365 4833 3560 4893; x_wconf 87' lang='lat' dir='ltr'><strong>postea</strong></span> <span class='ocrx_word' id='word_1_879' title='bbox 3595 4823 3772 4894; x_wconf 83' lang='lat' dir='ltr'><strong>appel-</strong></span> 
     </span>
    </p>
   </div>
   <div class='ocr_carea' id='block_1_105' title="bbox 2175 4911 3776 4986">
    <p class='ocr_par' dir='ltr' id='par_1_105' title="bbox 2175 4911 3776 4986">
     <span class='ocr_line' id='line_1_105' title="bbox 2175 4911 3776 4986; baseline -0.001 -16"><span class='ocrx_word' id='word_1_880' title='bbox 2175 4915 2318 4970; x_wconf 90' lang='lat' dir='ltr'><strong>latus</strong></span> <span class='ocrx_word' id='word_1_881' title='bbox 2365 4914 2437 4970; x_wconf 89' lang='lat' dir='ltr'><strong>sit</strong></span> <span class='ocrx_word' id='word_1_882' title='bbox 2466 4912 2631 4970; x_wconf 89' lang='lat' dir='ltr'><strong>Israel</strong></span> <span class='ocrx_word' id='word_1_883' title='bbox 2664 4911 2827 4986; x_wconf 84' lang='lat' dir='ltr'><strong>(Gen.</strong></span> <span class='ocrx_word' id='word_1_884' title='bbox 2849 4912 3048 4986; x_wconf 85' lang='lat' dir='ltr'><strong>xxxn).</strong></span> <span class='ocrx_word' id='word_1_885' title='bbox 3097 4912 3373 4970; x_wconf 68' lang='lat' dir='ltr'><strong>Olfensam</strong></span> <span class='ocrx_word' id='word_1_886' title='bbox 3405 4924 3594 4972; x_wconf 88' lang='lat' dir='ltr'><strong>autem</strong></span> <span class='ocrx_word' id='word_1_887' title='bbox 3627 4913 3776 4970; x_wconf 90' lang='lat' dir='ltr'><strong>ducit</strong></span> 
     </span>
    </p>
   </div>
   <div class='ocr_carea' id='block_1_106' title="bbox 2173 5005 3774 5079">
    <p class='ocr_par' dir='ltr' id='par_1_106' title="bbox 2173 5005 3774 5079">
     <span class='ocr_line' id='line_1_106' title="bbox 2173 5005 3774 5079; baseline 0.002 -18"><span class='ocrx_word' id='word_1_888' title='bbox 2173 5022 2202 5061; x_wconf 90' lang='lat' dir='ltr'><strong>a</strong></span> <span class='ocrx_word' id='word_1_889' title='bbox 2234 5005 2513 5076; x_wconf 89' lang='lat' dir='ltr'><strong>patribus,</strong></span> <span class='ocrx_word' id='word_1_890' title='bbox 2555 5020 2664 5062; x_wconf 93' lang='lat' dir='ltr'><strong>non</strong></span> <span class='ocrx_word' id='word_1_891' title='bbox 2692 5020 2802 5076; x_wconf 93' lang='lat' dir='ltr'><strong>quo</strong></span> <span class='ocrx_word' id='word_1_892' title='bbox 2835 5013 3057 5075; x_wconf 85' lang='lat' dir='ltr'><strong>peccata</strong></span> <span class='ocrx_word' id='word_1_893' title='bbox 3090 5013 3310 5077; x_wconf 89' lang='lat' dir='ltr'><strong>patrum</strong></span> <span class='ocrx_word' id='word_1_894' title='bbox 3339 5005 3467 5062; x_wconf 78' lang='lat' dir='ltr'><strong>(iliis</strong></span> <span class='ocrx_word' id='word_1_895' title='bbox 3502 5006 3774 5079; x_wconf 87' lang='lat' dir='ltr'><strong>imputen-</strong></span> 
     </span>
    </p>
   </div>
   <div class='ocr_carea' id='block_1_107' title="bbox 2174 5097 3770 5170">
    <p class='ocr_par' dir='ltr' id='par_1_107' title="bbox 2174 5097 3770 5170">
     <span class='ocr_line' id='line_1_107' title="bbox 2174 5097 3770 5170; baseline 0.001 -16"><span class='ocrx_word' id='word_1_896' title='bbox 2174 5108 2288 5155; x_wconf 88' lang='lat' dir='ltr'><strong>tur:</strong></span> <span class='ocrx_word' id='word_1_897' title='bbox 2320 5098 2414 5155; x_wconf 91' lang='lat' dir='ltr'><strong>sed</strong></span> <span class='ocrx_word' id='word_1_898' title='bbox 2439 5114 2548 5170; x_wconf 92' lang='lat' dir='ltr'><strong>quo</strong></span> <span class='ocrx_word' id='word_1_899' title='bbox 2578 5107 2634 5156; x_wconf 90' lang='lat' dir='ltr'><strong>et</strong></span> <span class='ocrx_word' id='word_1_900' title='bbox 2657 5097 2756 5154; x_wconf 81' lang='lat' dir='ltr'><strong>lilii</strong></span> <span class='ocrx_word' id='word_1_901' title='bbox 2780 5098 3048 5155; x_wconf 89' lang='lat' dir='ltr'><strong>habentes</strong></span> <span class='ocrx_word' id='word_1_902' title='bbox 3079 5108 3298 5170; x_wconf 89' lang='lat' dir='ltr'><strong>patrum</strong></span> <span class='ocrx_word' id='word_1_903' title='bbox 3323 5099 3770 5167; x_wconf 88' lang='lat' dir='ltr'><strong>similitudinem,</strong></span> 
     </span>
    </p>
   </div>
   <div class='ocr_carea' id='block_1_108' title="bbox 2171 5191 3772 5265">
    <p class='ocr_par' dir='ltr' id='par_1_108' title="bbox 2171 5191 3772 5265">
     <span class='ocr_line' id='line_1_108' title="bbox 2171 5191 3772 5265; baseline 0 -17"><span class='ocrx_word' id='word_1_904' title='bbox 2171 5201 2228 5248; x_wconf 92' lang='lat' dir='ltr'><strong>et</strong></span> <span class='ocrx_word' id='word_1_905' title='bbox 2255 5207 2356 5248; x_wconf 92' lang='lat' dir='ltr'><strong>suo</strong></span> <span class='ocrx_word' id='word_1_906' title='bbox 2386 5201 2442 5247; x_wconf 89' lang='lat' dir='ltr'><strong>et</strong></span> <span class='ocrx_word' id='word_1_907' title='bbox 2482 5203 2770 5264; x_wconf 89' lang='lat' dir='ltr'><strong>parentum</strong></span> <span class='ocrx_word' id='word_1_908' title='bbox 2820 5191 3032 5248; x_wconf 89' lang='lat' dir='ltr'><strong>scelere</strong></span> <span class='ocrx_word' id='word_1_909' title='bbox 3063 5192 3380 5262; x_wconf 90' lang='lat' dir='ltr'><strong>puniantur.</strong></span> <span class='ocrx_word' id='word_1_910' title='bbox 3424 5193 3589 5264; x_wconf 70' lang='lat' dir='ltr'><strong>Saepe</strong></span> <span class='ocrx_word' id='word_1_911' title='bbox 3643 5192 3772 5265; x_wconf 83' lang='lat' dir='ltr'><strong>legi-</strong></span> 
     </span>
    </p>
   </div>
   <div class='ocr_carea' id='block_1_109' title="bbox 2169 5283 3770 5356">
    <p class='ocr_par' dir='ltr' id='par_1_109' title="bbox 2169 5283 3770 5356">
     <span class='ocr_line' id='line_1_109' title="bbox 2169 5283 3770 5356; baseline 0 -17"><span class='ocrx_word' id='word_1_912' title='bbox 2169 5300 2291 5340; x_wconf 88' lang='lat' dir='ltr'><strong>mus</strong></span> <span class='ocrx_word' id='word_1_913' title='bbox 2318 5284 2462 5356; x_wconf 91' lang='lat' dir='ltr'><strong>quod</strong></span> <span class='ocrx_word' id='word_1_914' title='bbox 2487 5293 2711 5354; x_wconf 90' lang='lat' dir='ltr'><strong>propter</strong></span> <span class='ocrx_word' id='word_1_915' title='bbox 2739 5291 2962 5338; x_wconf 87' lang='lat' dir='ltr'><strong>sanctos</strong></span> <span class='ocrx_word' id='word_1_916' title='bbox 2993 5292 3201 5354; x_wconf 87' lang='lat' dir='ltr'><strong>patres,</strong></span> <span class='ocrx_word' id='word_1_917' title='bbox 3235 5283 3476 5341; x_wconf 82' lang='lat' dir='ltr'><strong>ﬁliorum</strong></span> <span class='ocrx_word' id='word_1_918' title='bbox 3508 5284 3770 5342; x_wconf 86' lang='lat' dir='ltr'><strong>miserea-</strong></span> 
     </span>
    </p>
   </div>
   <div class='ocr_carea' id='block_1_110' title="bbox 2170 5377 3768 5451">
    <p class='ocr_par' dir='ltr' id='par_1_110' title="bbox 2170 5377 3768 5451">
     <span class='ocr_line' id='line_1_110' title="bbox 2170 5377 3768 5451; baseline 0.003 -19"><span class='ocrx_word' id='word_1_919' title='bbox 2170 5385 2260 5433; x_wconf 92' lang='lat' dir='ltr'><strong>tur</strong></span> <span class='ocrx_word' id='word_1_920' title='bbox 2290 5377 2456 5433; x_wconf 87' lang='lat' dir='ltr'><strong>Deus.</strong></span> <span class='ocrx_word' id='word_1_921' title='bbox 2485 5377 2917 5448; x_wconf 90' lang='lat' dir='ltr'><strong>Dereliquerunt</strong></span> <span class='ocrx_word' id='word_1_922' title='bbox 2941 5385 3124 5434; x_wconf 90' lang='lat' dir='ltr'><strong>autem</strong></span> <span class='ocrx_word' id='word_1_923' title='bbox 3151 5386 3339 5450; x_wconf 89' lang='lat' dir='ltr'><strong>patres</strong></span> <span class='ocrx_word' id='word_1_924' title='bbox 3371 5379 3559 5450; x_wconf 91' lang='lat' dir='ltr'><strong>populi</strong></span> <span class='ocrx_word' id='word_1_925' title='bbox 3588 5393 3768 5451; x_wconf 78' lang='lat' dir='ltr'><strong>pecca-</strong></span> 
     </span>
    </p>
   </div>
   <div class='ocr_carea' id='block_1_111' title="bbox 2170 5470 3762 5544">
    <p class='ocr_par' dir='ltr' id='par_1_111' title="bbox 2170 5470 3762 5544">
     <span class='ocr_line' id='line_1_111' title="bbox 2170 5470 3762 5544; baseline 0 -19"><span class='ocrx_word' id='word_1_926' title='bbox 2170 5471 2308 5527; x_wconf 91' lang='lat' dir='ltr'><strong>toris</strong></span> <span class='ocrx_word' id='word_1_927' title='bbox 2341 5472 2546 5535; x_wconf 85' lang='lat' dir='ltr'><strong>Deum;</strong></span> <span class='ocrx_word' id='word_1_928' title='bbox 2597 5478 2656 5525; x_wconf 90' lang='lat' dir='ltr'><strong>et</strong></span> <span class='ocrx_word' id='word_1_929' title='bbox 2687 5485 2794 5526; x_wconf 93' lang='lat' dir='ltr'><strong>non</strong></span> <span class='ocrx_word' id='word_1_930' title='bbox 2821 5470 3092 5538; x_wconf 89' lang='lat' dir='ltr'><strong>breviter,</strong></span> <span class='ocrx_word' id='word_1_931' title='bbox 3122 5471 3222 5528; x_wconf 90' lang='lat' dir='ltr'><strong>sed</strong></span> <span class='ocrx_word' id='word_1_932' title='bbox 3267 5473 3434 5544; x_wconf 89' lang='lat' dir='ltr'><strong>longo</strong></span> <span class='ocrx_word' id='word_1_933' title='bbox 3483 5481 3762 5544; x_wconf 90' lang='lat' dir='ltr'><strong>tempore:</strong></span> 
     </span>
    </p>
   </div>
   <div class='ocr_carea' id='block_1_112' title="bbox 2169 5563 3761 5635">
    <p class='ocr_par' dir='ltr' id='par_1_112' title="bbox 2169 5563 3761 5635">
     <span class='ocr_line' id='line_1_112' title="bbox 2169 5563 3761 5635; baseline -0.001 -15"><span class='ocrx_word' id='word_1_934' title='bbox 2169 5573 2226 5620; x_wconf 89' lang='lat' dir='ltr'><strong>et</strong></span> <span class='ocrx_word' id='word_1_935' title='bbox 2257 5579 2357 5635; x_wconf 87' lang='lat' dir='ltr'><strong>pro</strong></span> <span class='ocrx_word' id='word_1_936' title='bbox 2393 5563 2504 5620; x_wconf 92' lang='lat' dir='ltr'><strong>Deo</strong></span> <span class='ocrx_word' id='word_1_937' title='bbox 2535 5563 2714 5621; x_wconf 89' lang='lat' dir='ltr'><strong>secuti</strong></span> <span class='ocrx_word' id='word_1_938' title='bbox 2771 5572 2900 5620; x_wconf 89' lang='lat' dir='ltr'><strong>sunt</strong></span> <span class='ocrx_word' id='word_1_939' title='bbox 2938 5565 3259 5632; x_wconf 87' lang='lat' dir='ltr'><strong>vanitatem,</strong></span> <span class='ocrx_word' id='word_1_940' title='bbox 3309 5565 3456 5622; x_wconf 87' lang='lat' dir='ltr'><strong>idola</strong></span> <span class='ocrx_word' id='word_1_941' title='bbox 3480 5565 3761 5632; x_wconf 87' lang='lat' dir='ltr'><strong>videlicet,</strong></span> 
     </span>
    </p>
   </div>
  </div>
