3972 6352
293 344 408 404 689

873 344 1529 407 COMMENTARIORUM
1560 343 1629 401 IN
1667 344 2022 402 JEREMIAM
2061 342 2489 402 PROPHETAM
2520 341 2651 401 LIB.
2694 342 2737 401 1.
2779 343 2936 403 CAP.
2978 344 3043 401 Il.

3505 346 3614 405 690

294 475 427 533 qua:
472 462 615 520 nihil
643 471 877 536 prosunt
899 462 1208 519 cultoribus
1236 462 1393 517 suis:
1444 468 1500 517 et
1522 459 1660 531 ipsis
1689 460 1904 516 similes
1930 470 1978 532 Α
2006 457 2271 515 beneﬁcia
2302 467 2586 515 verterunt
2632 459 2684 514 in
2725 468 3099 531 contemptum
3133 459 3410 534 privilegia
3442 462 3623 536 digni—

299 553 435 612 facti
477 568 608 612 sunt
635 555 934 613 secundum
963 554 1097 612 illud
1118 555 1261 626 quod
1287 555 1551 626 scriptum
1583 562 1699 611 est:
1733 554 1901 611 Simi-

302 646 381 702 les
405 645 517 701 illis
542 647 677 717 ﬁunt
696 647 783 718 qui
806 648 1009 718 faciunt
1030 663 1089 703 ea
1112 663 1132 716 ;
1161 657 1209 703 et
1232 662 1408 703 omnes
1436 647 1524 719 qui
1553 645 1819 716 conﬁdunt
1846 646 1903 700 in

296 738 376 794 eis
403 737 582 811 (Psal.
607 753 764 806 CXIII,
794 738 907 809 16).

370 828 661 904 (Vers.6.)
680 830 746 886 Et
776 849 881 888 non
902 833 1172 900 dixerunt,
1203 833 1305 891 Ubi
1332 843 1406 890 est
1436 833 1791 906 Dominusqui
1816 851 1903 889 as-

295 922 523 978 cendere
549 940 646 979 nos
668 924 790 997 fecit
813 926 880 980 de
903 934 1042 981 terra
1064 926 1289 1001 .Egypti
1314 942 1334 981 :
1359 928 1449 998 qui
1480 925 1780 982 transduxit
1808 941 1903 980 nos

294 1032 393 1088 per
419 1019 686 1072 desertum
714 1057 730 1085 ,
794 1033 889 1089 per
914 1029 1109 1073 terram
1133 1018 1532 1073 inhabitabilem
1575 1027 1625 1072 et
1662 1018 1858 1072 inviam
1881 1033 1901 1071 :

293 1123 395 1181 per
421 1118 613 1165 terram
633 1108 745 1164 sitis
772 1118 823 1163 et
846 1108 1013 1182 845
1035 1110 1316 1183 imaginem
1332 1108 1517 1164 mortis
1537 1150 1554 1177 ,
1586 1125 1679 1179 per
1707 1117 1902 1162 terram

295 1200 355 1255 in
384 1217 487 1271 qua
515 1216 622 1256 non
648 1200 932 1255 ambulavit
961 1201 1063 1269 vir,
1096 1217 1258 1273 neque
1305 1200 1556 1256 habitabit
1578 1199 1751 1256 homo.
1793 1199 1901 1255 Pro

295 1294 553 1363 homine,
593 1290 740 1349 LXX
771 1295 943 1365 ﬁlium
974 1294 1203 1349 hominis
1244 1293 1597 1365 interpretati
1627 1300 1793 1358 sunt;
1845 1302 1901 1350 et

291 1399 401 1455 pro
427 1386 663 1457 imagine
704 1386 898 1441 mortis
918 1426 934 1452 ,
985 1385 1055 1443 de
1084 1385 1468 1443 Theodotione
1507 1385 1749 1442 additum
1778 1393 1898 1453 est,

293 1476 487 1531 umbra
515 1477 719 1533 mortis.
749 1476 908 1545 Quod
956 1491 1082 1534 cum
1133 1477 1289 1549 juxta
1330 1477 1614 1534 historiam
1644 1474 1902 1532 manifes-

294 1577 413 1624 tum
428 1570 521 1637 sit,
539 1568 674 1626 illud
691 1569 1156 1626 considerandum
1175 1580 1257 1626 est
1273 1569 1575 1627 secundum
1593 1582 1898 1640 anagogen,

292 1660 445 1731 quod
472 1660 812 1732 quamdiuin
842 1664 949 1717 isto
975 1662 1181 1717 secqu
1209 1675 1400 1717 sumus
1422 1702 1437 1728 ,
1478 1670 1533 1717 et
1561 1660 1631 1716 de
1657 1659 1899 1733 Egypto

291 1752 605 1819 educimur,
634 1753 899 1825 paulatim
928 1753 1301 1821 ascendimus,
1334 1763 1391 1810 et
1418 1754 1654 1824 primum
1678 1752 1897 1808 deserta

2004 551 2132 606 tatis
2164 569 2180 605 :
2231 560 2289 605 nt
2333 550 2645 607 sacerdotes
2675 550 2965 608 Dominum
3018 567 3127 608 non
3167 566 3521 625 quaererent:
3557 567 3619 614 ut

2005 644 2261 700 doctores
2285 644 2446 716 Legis
2477 645 2796 717 ignorarent
2819 663 2942 703 eum
2966 692 2981 716 ,
3013 647 3106 719 qui
3137 647 3275 703 alios
3301 649 3503 707 docere
3525 651 3620 708 de-

2005 736 2243 793 bebant:
2274 747 2331 794 et
2356 746 2604 809 pastores
2631 737 2740 811 [AL
2767 737 3173 812 praedicatores]
3206 754 3304 810 per
3328 742 3613 813 negligen-

2004 829 2133 885 tiam
2164 831 2608 901 prievaricatores
2638 830 2835 888 ﬁerent
2867 850 2878 886 :
2911 842 2967 889 et
2998 832 3290 903 Propheta:
3317 833 3408 904 qui
3435 834 3487 887 in
3518 849 3617 904 po-

2009 922 2154 992 pulis
2199 923 2525 994 disputant,
2549 940 2658 980 non
2688 924 2803 981 Deo
2832 925 3163 997 loquantur,
3214 927 3309 982 sed
3341 927 3519 995 idolo,
3562 938 3620 983 et

2004 1032 2102 1072 sua
2135 1016 2396 1089 ﬁgmenta
2426 1026 2779 1074 venerentur.
2812 1017 2908 1074 llis
2930 1028 3112 1075 autem
3141 1020 3322 1075 verbis
3354 1020 3613 1075 utendum

2005 1116 2089 1164 est
2113 1110 2376 1166 adversus
2405 1110 2578 1165 nostri
2618 1110 2824 1166 ordinis
2854 1110 3145 1181 magistros
3171 1154 3187 1179 ,
3230 1111 3323 1182 qui
3347 1111 3617 1167 devorant

2005 1202 2219 1273 plebem
2270 1202 2368 1259 Dei
2398 1202 2551 1259 velut
2594 1201 2775 1258 cibum
2821 1202 2977 1273 panis
3007 1242 3025 1271 ,
3072 1212 3129 1258 et
3153 1216 3249 1272 per
3278 1202 3423 1258 mala
3447 1217 3614 1274 opera

2003 1308 2111 1350 non
2144 1295 2400 1350 invocant
2426 1295 2734 1350 Dominum.

2075 1385 2259 1455 (Vers.
2292 1384 2375 1458 9.)
2425 1385 2710 1456 Propterea
2736 1386 2914 1441 adhuc
2928 1385 3139 1457 judicio
3165 1384 3478 1441 contendam
3522 1401 3612 1439 vo-

2003 1477 2223 1543 biscum,
2251 1478 2323 1531 ait
2357 1476 2609 1532 Dominus
2637 1494 2657 1531 :
2685 1486 2873 1532 etcum
2900 1477 3027 1548 ﬁliis
3065 1478 3248 1532 vestris
3289 1476 3609 1547 disceptabo.

2004 1568 2083 1625 Ne
2108 1580 2130 1608 ο
2157 1569 2407 1626 videatur
2426 1578 2714 1640 percutere
2732 1585 2830 1640 per
2850 1570 3170 1640 potentiam,
3193 1570 3349 1640 quasi
3375 1584 3496 1624 cum
3518 1584 3615 1640 pa-

2004 1662 2155 1737 ribus
2183 1664 2395 1719 ratione
2416 1662 2726 1729 contendit;
2756 1663 2910 1734 juxta
2932 1662 3066 1718 illud
3097 1661 3243 1734 quod
3277 1661 3442 1717 David
3467 1662 3614 1717 canit

2001 1765 2057 1812 et
2084 1767 2312 1828 usurpat
2359 1756 2656 1827 Apostolus
2686 1775 2699 1810 :
2752 1755 2823 1812 Ut
2842 1755 3155 1830 justiﬁceris
3185 1756 3239 1809 in
3287 1752 3613 1809 sermonibus

294 1844 596 1900 transimus
645 1854 700 1902 et
731 1853 932 1902 terram
963 1845 1388 1902 inhabitabilem
1412 1887 1429 1914 ,
1479 1860 1641 1917 quam
1672 1854 1897 1901 sanctus
1927 1864 1974 1925 Β
2002 1847 2108 1902 tuis
2129 1888 2144 1914 ,
2173 1857 2222 1903 et
2247 1847 2424 1903 uincas
2466 1865 2583 1903 cum
2598 1848 2864 1920 judicaris
2890 1845 3066 1920 (Psal.
3098 1863 3163 1914 ι,
3205 1846 3277 1913 6;
3311 1844 3468 1901 Rom.
3501 1860 3561 1900 ιιι
3590 1890 3605 1915 ,

293 1934 610 1993 inhabitare
637 1952 748 1994 non
799 1937 984 2004 debet,
1042 1946 1100 1994 et
1127 1937 1372 2005 inviam,
1430 1947 1488 1993 ut
1516 1936 1893 1993 difficultatem

291 2035 567 2084 monstret
592 2028 828 2084 itineris.
870 2028 979 2084 Per
1000 2036 1192 2083 terram
1221 2029 1358 2095 sitis,
1391 2026 1485 2084 ubi
1534 2042 1754 2097 semper
1781 2042 1897 2081 ma-

281 2118 410 2190 jora
439 2120 713 2191 cupimus,
738 2136 844 2177 nec
894 2122 1258 2191 praesentibus
1287 2123 1531 2177 contenti
1576 2136 1797 2188 sumus;
1846 2130 1895 2175 et

289 2212 599 2284 imaginem,
631 2214 749 2270 sive
776 2213 1019 2269 umbram
1042 2216 1225 2270 mortis
1248 2232 1267 2270 :
1296 2229 1518 2286 semper
1546 2215 1694 2271 enim
1724 2216 1777 2270 in
1800 2229 1896 2286 pe-

286 2305 469 2360 riculo
513 2305 892 2373 consistimus,
948 2316 1005 2362 et
1055 2307 1257 2378 ubique
1303 2307 1560 2363 diabolus
1603 2307 1779 2364 tendit
1817 2308 1896 2362 la-

284 2410 461 2466 queos
508 2411 670 2452 suos:
703 2414 795 2470 per
817 2410 1028 2464 terram,
1074 2400 1129 2453 in
1167 2416 1273 2471 qua
1312 2416 1418 2454 non
1459 2400 1745 2454 ambulavit
1791 2401 1890 2467 vir,

288 2490 386 2559 qui
424 2487 678 2560 perlecta:
709 2492 887 2547 aetatis
917 2491 969 2546 in
1007 2490 1231 2548 Christo
1257 2500 1364 2548 est.
1396 2491 1605 2548 Omnes
1633 2492 1779 2548 enim
1808 2506 1895 2548 re-

283 2597 578 2655 surgemus
608 2584 663 2639 in
682 2584 861 2639 virum
893 2584 1200 2657 perfectura
1224 2631 1239 2656 ,
1274 2585 1330 2641 in
1367 2600 1684 2642 mensuram
1712 2585 1895 2642 aetatis

288 2677 648 2746 plenitudinis
695 2678 921 2735 Christi.
969 2679 1158 2749 Neque
1208 2693 1450 2750 unquam
1484 2680 1538 2734 in
1588 2693 1652 2735 ea
1686 2678 1896 2734 habitat

285 2769 381 2840 qui
412 2771 579 2825 homo
604 2769 701 2827 Del
730 2781 837 2837 est,
859 2770 947 2826 vel
976 2770 1120 2827 ﬁlius
1146 2769 1418 2838 hominis;
1450 2771 1545 2827 sed
1579 2785 1798 2841 semper
1824 2770 1892 2826 ad

286 2860 502 2930 majora
523 2859 769 2918 festinat.
809 2862 890 2918 Ex
916 2877 1028 2934 quo
1070 2863 1419 2933 perspicuum
1449 2873 1571 2932 est,
1632 2879 1742 2918 non
1768 2878 1895 2921 esse

290 2953 684 3025 perfectionem
713 2954 770 3010 in
795 2956 911 3010 via:
936 2955 1034 3012 sed
1059 2956 1113 3011 in
1142 2954 1253 3011 fine
1279 2956 1382 3011 viae
1412 2964 1469 3012 et
1499 2956 1553 3012 in
1578 2958 1888 3029 mansione,

284 3062 415 3118 quae
438 3049 643 3104 sanctis
666 3048 721 3104 in
747 3049 1071 3106 coelestibus
1118 3058 1478 3121 praeparatur,
1513 3061 1569 3106 et
1587 3050 1787 3121 quibus
1811 3050 1896 3106 di-

286 3140 470 3194 citur:
503 3138 607 3206 Qui
628 3141 782 3195 statis
805 3142 860 3195 in
888 3141 1043 3196 domo
1067 3141 1299 3209 Domini,
1325 3145 1379 3197 in
1412 3143 1562 3198 atriis
1587 3143 1772 3197 domus
1795 3141 1895 3197 Dei

1999 1938 2081 2011 ὁ).
2111 1938 2378 2010 Quodque
2408 1940 2592 2011 posuit
2618 1983 2632 2007 ,
2657 1939 2837 1995 adhuc
2868 1953 3018 2010 saepe
3038 1954 3096 1994 se
3119 1936 3313 1995 fecisse
3339 1944 3570 1993 testatur
3597 1954 3611 1991 :

1999 2041 2054 2087 et
2075 2033 2220 2103 quod
2253 2033 2471 2099 intulit,
2520 2049 2638 2088 cum
2667 2033 2792 2102 ﬁliis
2837 2038 3022 2088 uestris
3044 2076 3060 2102 ,
3093 2032 3331 2088 similem
3370 2029 3613 2087 ostendit

1998 2123 2160 2178 etiam
2186 2123 2237 2178 in
2268 2123 2393 2180 ﬁliis
2421 2124 2689 2180 malorum
2735 2124 3106 2194 pertinaciam.
3151 2123 3375 2180 Occulte
3422 2130 3607 2177 autem

1998 2213 2257 2286 ﬁgniﬁcat
2282 2215 2426 2287 quod
2453 2216 2727 2287 antiquam
2757 2216 2809 2270 in
2833 2216 3002 2272 Deum
3030 2214 3372 2287 negationem
3400 2258 3415 2284 ,
3442 2214 3605 2269 etiam

1996 2311 2092 2367 ﬁlii
2121 2328 2310 2368 eorum
2341 2313 2396 2368 in
2419 2312 2656 2368 adventu
2685 2311 2899 2367 Domini
2929 2311 3043 2367 sint
3074 2310 3273 2368 secuti.

2068 2405 2250 2476 (Vers.
2279 2407 2348 2463 10
2367 2451 2382 2475 ,
2418 2405 2535 2478 il.)
2586 2405 2824 2460 Transite
2849 2405 2919 2459 ad
2944 2405 3150 2460 insulas
3192 2403 3426 2470 Cethim,
3451 2411 3499 2458 et
3529 2404 3609 2457 ui-

1996 2497 2110 2552 dete
2135 2514 2154 2553 :
2178 2506 2225 2554 et
2246 2499 2301 2552 in
2330 2495 2502 2553 Cedar
2532 2498 2743 2563 mittite,
2768 2507 2816 2552 et
2839 2496 3168 2552 considerate
3194 2494 3538 2560 vehementer,
3562 2503 3611 2549 et

1997 2589 2161 2644 videte
2187 2590 2234 2644 si
2251 2592 2447 2661 factum
2473 2597 2549 2645 est
2579 2587 2945 2660 hujuscemodi
2976 2604 2994 2643 :
3025 2588 3071 2643 si
3094 2588 3309 2642 mutavit
3332 2601 3458 2657 gens
3483 2586 3606 2639 deos

1997 2680 2139 2755 (sive
2162 2682 2288 2737 deos
2333 2681 2500 2753 suos).
2535 2679 2602 2735 Et
2652 2688 2791 2735 certe
2817 2681 2924 2750 ipsi
2949 2697 3056 2735 non
3076 2689 3196 2735 sunt
3231 2679 3349 2734 dii:
3382 2677 3611 2751 populus

1994 2788 2114 2826 vero
2142 2787 2287 2827 meus
2308 2772 2524 2826 mutauit
2534 2769 2758 2842 gloriam
2783 2786 2931 2825 suam
2956 2772 3009 2825 in
3035 2768 3235 2824 idolum
3254 2769 3394 2840 (sive
3417 2769 3482 2823 de
3502 2784 3604 2835 quo

1995 2863 2045 2916 ei
2067 2861 2201 2919 nihil
2221 2860 2499 2933 proderit).
2542 2861 3020 2946 Comparationem
3054 2858 3182 2915 facit
3207 2860 3327 2929 ejus
3371 2859 3450 2915 rei
3479 2873 3605 2930 quae

1997 2955 2437 3026 incomparabilis
2461 2964 2547 3011 est
2570 2999 2585 3022 ,
2636 2963 2693 3011 et
2723 2970 2909 3010 verum
2943 2955 3115 3010 Deum
3138 2952 3355 3008 confert
3380 2951 3610 3008 menda-

1997 3047 2171 3103 cibus.
2208 3047 2285 3102 Ite
2311 3087 2328 3113 ,
2356 3046 2551 3117 .inquit
2580 3045 2647 3101 ad
2695 3046 2904 3102 insulas
2932 3043 3145 3101 Cethim
3178 3062 3190 3097 :
3217 3060 3356 3116 quas
3382 3044 3473 3099 vel
3503 3043 3611 3100 Ita-

1994 3139 2081 3195 lia:
2109 3182 2123 3206 ,
2154 3140 2241 3195 vel
2280 3139 2708 3196 Occidentalium
2751 3139 2987 3209 partium
3015 3138 3281 3195 debemus
3322 3139 3568 3208 accipere
3596 3156 3606 3192 :

287 3232 456 3286 nostri
478 3230 654 3301 (Psal.
672 3247 906 3300 cxxxut,
937 3234 1018 3300 i).
1042 3231 1273 3290 Frustra
1295 3235 1462 3305 igitur
1487 3249 1628 3289 nova
1652 3243 1679 3273 ι
1700 3249 1769 3291 ex
1800 3245 1891 3290 ve-
1921 3243 1967 3309 ρ
1998 3233 2069 3287 ab
2095 3247 2161 3289 eo
2182 3232 2324 3303 quod
2346 3241 2507 3288 terra:
2534 3231 2737 3287 Iudaeae
2765 3229 2979 3304 Cyprus
3008 3231 3190 3286 insula
3212 3276 3227 3301 ,
3256 3231 3310 3287 in
3333 3245 3437 3301 qua
3481 3230 3610 3285 urbs

286 3325 392 3380 teri
416 3323 643 3382 haeresis
663 3327 996 3396 suspicatur,
1018 3327 1106 3383 hic
1124 3327 1423 3398 perfectam
1445 3343 1568 3383 esse
1580 3328 1889 3395 victoriam,

288 3414 383 3472 ubi
409 3432 585 3489 pugna
612 3427 697 3473 est
723 3428 890 3489 atque
916 3428 1220 3488 certamen,
1249 3429 1309 3477 et
1332 3421 1574 3476 incertus
1596 3422 1780 3477 exitus
1810 3420 1895 3476 fn-

291 3517 571 3564 turorum.

364 3599 549 3671 (Vers.
579 3598 661 3672 7.)
683 3598 753 3654 Et
791 3601 979 3657 induxi
1007 3617 1094 3657 vos
1120 3603 1174 3657 in
1206 3611 1396 3659 terram
1414 3601 1691 3674 lCarmeli,
1719 3613 1777 3658 ut
1805 3621 1895 3660 co-

286 3692 559 3747 mederetis
587 3695 812 3765 fructum
842 3697 955 3766 ejus
971 3703 1019 3749 et
1034 3695 1170 3750 bona
1189 3694 1333 3751 illius
1357 3712 1377 3751 :
1398 3705 1444 3751 et
1462 3697 1684 3768 ingressi
1712 3708 1893 3752 conta-

284 3787 527 3843 minastis
559 3797 747 3843 terram
770 3806 935 3844 meam
957 3807 978 3855 ;
1001 3799 1049 3845 et
1070 3791 1425 3846 hwreditatem
1449 3807 1615 3845 meam
1643 3793 1893 3864 posuistis

283 3881 343 3935 in
368 3881 826 3939 abominationem.
852 3882 959 3938 Pro
988 3883 1175 3940 labore
1205 3884 1479 3940 durissimi
1506 3884 1734 3953 itineris,
1765 3884 1893 3941 dedi

285 3973 443 4028 vobis
487 3975 732 4030 omnium
761 3989 943 4030 rerum
972 3975 1385 4031 abundantiam.
1434 3976 1549 4033 Hoc
1587 3977 1788 4047 quippe
1826 3977 1895 4033 si-

284 4062 512 4134 gniﬁcat
534 4063 854 4134 Carmelus,
886 4066 978 4136 qui
1002 4066 1268 4122 Hebraice
1306 4067 1621 4138 appellatur
1640 4081 1891 4123 caenum.

287 4140 535 4231 (57313),
568 4167 624 4213 et
674 4158 727 4213 in
774 4157 957 4229 lingua
995 4167 1181 4212 nostra
1221 4168 1381 4212 sonat
1426 4158 1771 4227 cognitionem
1795 4160 1893 4212 cir-

285 4251 640 4305 cumcisionis.
679 4249 966 4319 Quomodo
1019 4260 1201 4305 autem
1250 4249 1344 4304 ille
1394 4249 1630 4318 p0pulus
1689 4257 1890 4305 terram

285 4351 530 4397 sanctam
549 4385 565 4408 ,
595 4353 651 4399 et
670 4343 913 4397 omnium
942 4356 1122 4397 rerum
1150 4338 1385 4397 fertilem
1408 4381 1422 4405 ,
1447 4339 1752 4396 idololatria
1774 4342 1893 4411 pol-

288 4432 387 4489 luit
418 4443 582 4504 atque
629 4433 852 4488 violavit
878 4451 892 4485 :
925 4433 1005 4488 sic
1039 4447 1143 4488 nos
1173 4447 1318 4488 verte
1347 4430 1775 4487 circumcisionis
1804 4448 1894 4487 ac-

284 4525 550 4596 tipientes
578 4527 861 4583 scientiam
884 4570 900 4595 ,
951 4509 1292 4583 comedimus
1336 4526 1543 4581 fructus
1568 4524 1729 4595 ejus;
1761 4534 1819 4582 et
1845 4527 1892 4581 si

1996 3322 2023 3361 ἀ
2058 3325 2160 3380 hoc
2189 3324 2458 3381 vocabulo
2501 3333 2848 3395 nuncupatur
2870 3364 2886 3390 ,
2919 3324 3092 3380 vicina
3125 3322 3235 3389 sit,
3269 3323 3348 3378 De
3389 3337 3494 3393 qua
3547 3332 3608 3378 et

1997 3416 2145 3473 Zeno
2173 3420 2423 3490 princeps
2449 3416 2758 3474 Stoicorum
2787 3417 2909 3472 fuit.
2937 3413 3117 3473 Cedar
3144 3424 3324 3472 autem
3352 3416 3501 3485 regio
3520 3422 3607 3470 est

1995 3507 2308 3564 solitudinis
2353 3519 2406 3565 et
2438 3507 2871 3578 lsmaelitarum,
2924 3521 3066 3578 quos
3097 3522 3242 3562 nunc
3269 3506 3607 3563 Sarracenos

1998 3612 2192 3658 vocant
2226 3619 2240 3657 :
2269 3610 2458 3658 contra
2498 3614 2664 3672 quam
2695 3601 2858 3671 hujus
2906 3601 3074 3671 ipsius
3106 3599 3396 3670 Propheta:
3428 3599 3481 3653 in
3508 3613 3606 3655 ex-

1996 3695 2186 3751 tremis
2204 3695 2446 3768 partibus
2460 3695 2659 3751 texitur
2674 3694 2990 3750 vaticinium
3004 3692 3179 3766 (Infra
3199 3693 3269 3747 ad
3290 3708 3407 3764 cap.
3427 3691 3600 3762 xm),

1994 3797 2051 3842 et
2074 3788 2229 3857 cujus
2261 3787 2511 3843 meminit
2538 3786 2702 3841 David
2726 3831 2741 3856 ,
2773 3786 2962 3842 dicens
2994 3805 3005 3841 :
3044 3784 3290 3840 Habitari
3315 3801 3435 3840 cum
3455 3784 3604 3839 habi-

1996 3878 2224 3933 tantibus
2250 3876 2421 3934 Cedar
2446 3894 2467 3935 :
2511 3878 2734 3933 multum
2777 3879 3111 3951 peregrinata
3149 3887 3223 3934 est
3263 3877 3442 3930 anima
3487 3892 3603 3931 mea

1996 3970 2178 4043 (Psal.
2209 3986 2333 4028 eux
2360 4017 2374 4041 ,
2405 3970 2485 4042 5).
2522 3971 2590 4025 Et
2619 3981 2705 4027 est
2751 3984 2947 4026 sensus
2979 3988 2995 4025 ε
3024 3970 3123 4027 Vel
3152 3968 3219 4024 ad
3247 3967 3598 4024 Occidentem

1996 4067 2204 4137 pergite
2225 4111 2239 4135 ,
2272 4065 2355 4120 vel
2385 4066 2438 4120 in
2469 4065 2821 4121 solitudinem
2873 4064 3067 4120 mittite
3086 4104 3099 4127 ,
3133 4071 3188 4118 et
3215 4062 3393 4116 videte
3417 4063 3463 4116 si
3490 4076 3598 4133 qua

1994 4174 2133 4231 gens
2182 4160 2285 4216 hoc
2332 4159 2522 4215 fecerit
2562 4159 2709 4231 quod
2758 4158 2985 4215 fecistis.
3028 4157 3189 4213 Nulla
3229 4157 3376 4212 enim
3408 4171 3596 4212 earum

1996 4254 2199 4325 sprevit
2223 4252 2359 4308 deos
2392 4267 2522 4308 suos
2546 4297 2560 4320 ,
2608 4267 2713 4308 nec
2738 4250 2954 4323 ligneos
2979 4261 3037 4307 et
3079 4250 3353 4320 lapideos,
3401 4264 3597 4305 aureo-

1995 4361 2115 4399 rum
2143 4345 2554 4414 comparatione
2586 4344 2813 4399 mutavit
2846 4362 2858 4398 :
2890 4343 2988 4400 sed
3016 4345 3303 4414 antiquum
3355 4357 3599 4398 errorem

1994 4446 2181 4492 secuta
2212 4480 2225 4506 ,
2249 4437 2425 4492 tenuit
2449 4436 2596 4507 quod
2618 4450 2647 4489 a
2676 4436 2972 4507 majoribus
2996 4434 3162 4508 847
3193 4445 3500 4507 acceperat.
3528 4432 3597 4489 Et

1994 4541 2147 4585 certe
2172 4528 2277 4584 hoc
2297 4571 2312 4595 ,
2339 4542 2465 4583 cum
2488 4528 2670 4583 nullus
2691 4542 2881 4582 eorum
2913 4528 3061 4583 Deus
3092 4529 3164 4583 sit
3196 4545 3210 4581 :
3238 4525 3334 4583 sed
3366 4524 3595 4581 simula-

287 4619 612 4690 negligpntia
643 4618 1007 4689 subrepserit,
1053 4617 1490 4674 contaminamus
1519 4627 1717 4673 terram
1751 4617 1885 4686 Dei,
1917 4632 1973 4695 ι)
1997 4633 2086 4676 cra
2120 4619 2402 4674 hominum
2437 4619 2563 4674 fleta
2595 4633 2779 4673 manu.
2814 4619 3056 4689 Populus
3073 4634 3206 4674 vero
3238 4635 3392 4674 meus
3412 4627 3601 4672 muta-

285 4719 344 4765 et
372 4709 743 4765 haereditatem
766 4709 912 4765 illius
936 4709 1354 4765 abominabilem
1386 4708 1639 4763 facimus.

358 4802 546 4874 (Vers.
570 4802 656 4875 8.)
688 4803 1003 4859 Sacerdotes
1041 4819 1146 4857 non
1169 4803 1436 4870 dixerunt,
1474 4800 1573 4858 Ubi
1604 4812 1679 4857 est
1708 4799 1896 4857 Domi—

286 4911 386 4950 nus
401 4896 427 4950 ?
445 4904 493 4949 et
515 4904 741 4951 tenentes
761 4895 948 4967 Legem
970 4894 1001 4934 δ
1026 4911 1211 4963 meam,
1240 4896 1538 4950 nescierunt
1563 4909 1677 4950 me:
1697 4902 1746 4948 et
1773 4912 1892 4967 pas-

286 4994 423 5042 tores
444 4989 772 5057 prtevaricati
802 4997 923 5043 sunt
942 4988 996 5042 in
1028 5003 1109 5041 me
1135 5003 1156 5042 :
1180 4996 1229 5041 et
1241 4986 1522 5058 Propheta:
1551 4986 1898 5059 prophetaue-

287 5090 414 5135 runt
452 5081 507 5135 in
552 5079 710 5149 Baal,
742 5092 792 5136 et
829 5083 974 5137 idola
1001 5081 1169 5135 secuti
1210 5080 1379 5153 8&8
1407 5090 1547 5136 sunt.
1584 5081 1716 5137 Post
1747 5090 1896 5137 tanta

365 5275 393 5338 9
424 5264 850 5338 Pelagianorum,
874 5263 1105 5332 scilicet,
1135 5266 1226 5334 qui
1258 5266 1506 5338 ἀπαθείᾳν
1525 5279 1556 5320 a
1586 5264 1810 5338 Stoicis,
1834 5266 1904 5321 ab

290 5336 574 5407 Origene,
590 5347 643 5392 et
675 5336 964 5407 Ioviniano
987 5344 1355 5406 sumpserant,
1381 5336 1898 5402 aiebantqnehomi-

291 5406 420 5465 nem
449 5410 500 5462 in
527 5407 628 5462 hac
657 5409 766 5462 vita
795 5406 1148 5462 constitutum
1182 5421 1375 5476 posse,
1418 5416 1475 5462 et
1504 5407 1720 5476 quidem
1771 5408 1894 5463 sine

294 5479 391 5535 Dei
442 5477 652 5549 gratia,
685 5478 910 5546 iustitiae.
951 5476 1342 5549 perfectionem
1370 5479 1674 5549 consequi,
1728 5485 1783 5531 et
1827 5478 1896 5531 ab

294 5548 465 5606 omni
490 5550 826 5613 tentatione,
862 5556 917 5602 et
950 5548 1211 5616 peccandi
1245 5548 1491 5616 periculo
1511 5550 1893 5614 securitatem,

295 5634 457 5692 quam
488 5624 777 5692 perfectam
800 5619 1075 5692 victoriam
1107 5619 1471 5691 Hieronymus
1502 5627 1677 5692 vocat.

368 5690 396 5729 δ
420 5687 695 5760 Enpttngit
720 5687 922 5760 Victori
950 5705 1134 5753 meam,
1166 5687 1351 5760 utpote
1373 5704 1497 5760 qua:
1512 5702 1567 5744 et
1586 5692 1638 5744 in
1673 5689 1898 5745 llieron.

293 5757 538 5820 editione
562 5761 693 5816 etin
725 5757 1015 5820 Hebraico,
1048 5773 1113 5813 ac
1136 5758 1279 5814 LXX
1312 5757 1418 5814 non
1449 5760 1540 5815 sit.

365 5825 389 5871 ἒ
421 5833 557 5889 ϐυάο
586 5831 648 5885 8.
676 5827 869 5882 Grttt‘is
899 5827 954 5882 in
980 5830 1281 5886 Jerusalem
1300 5830 1371 5886 de
1393 5830 1536 5885 Urbe
1554 5868 1568 5896 ,
1603 5829 1905 5884 Nrminiria

1990 4712 2070 4764 vit
2098 4707 2382 4765 mendacio
2414 4707 2701 4764 veritatem
2737 4726 2751 4762 :
2802 4717 2858 4763 et
2908 4708 3111 4764 idolum
3145 4708 3275 4764 mihi
3324 4707 3597 4778 praetulit,

1993 4803 2139 4874 quod
2168 4805 2248 4859 eis
2279 4802 2622 4859 necessitatis
2652 4812 2899 4873 tempore
2925 4801 3189 4873 prodesse
3237 4817 3347 4857 non
3378 4801 3602 4872 poterit.

1997 4895 2294 4951 Possumus
2323 4897 2427 4951 hoc
2452 4904 2512 4950 et
2556 4904 2745 4950 contra
2770 4909 2865 4949 eos
2888 4895 3105 4961 dicere,
3139 4893 3232 4966 qui
3262 4894 3456 4964 majori
3487 4902 3606 4950 stu.

1999 4989 2092 5044 dio
2108 4997 2415 5060 sequuntur
2434 4988 2567 5043 vitia
2591 5004 2752 5059 quam
2777 4988 3006 5045 virtutes
3027 5003 3044 5052 ;
3068 5002 3206 5064 quos
3227 4999 3414 5045 monet
3432 4990 3607 5059 Apos-

2000 5083 2144 5137 tolus
2172 5081 2367 5138 dicens
2400 5098 2414 5136 :
2447 5079 2753 5135 Humanum
2784 5079 2988 5153 loquor,
3007 5089 3223 5155 prapter
3247 5080 3603 5152 inﬁrmitatem

2012 5269 2200 5323 deatur
2230 5276 2494 5337 percutere
2524 5282 2617 5337 per
2663 5266 2947 5340 potentiam
2971 5306 2988 5335 ,
3019 5267 3065 5321 si
3113 5282 3230 5321 cum
3272 5265 3504 5339 patribus
3528 5280 3616 5317 ra-

2010 5340 2170 5403 tione,
2201 5351 2311 5393 etc.

2075 5409 2103 5446 α
2136 5408 2330 5464 Citium
2350 5407 2643 5473 videlicet,
2676 5408 2762 5463 vel
2794 5408 3044 5472 Cittium,
3067 5414 3163 5461 aut
3189 5405 3421 5466 Cetium,
3470 5403 3616 5460 unde

2006 5478 2156 5534 Zeno
2182 5495 2210 5533 a
2243 5479 2488 5545 Diogene
2511 5477 2729 5533 Laertia
2771 5477 2864 5532 lib.
2903 5492 3011 5545 vn,
3039 5479 3235 5537 Κιτιεὺς
3263 5475 3346 5530 vel
3374 5478 3614 5545 Ιςιττιιὺς

2005 5561 2266 5617 vocatur,
2292 5566 2319 5602 a
2349 5542 2562 5604 Latinis
2605 5547 2978 5614 Scriptoribns
2998 5542 3237 5617 Citieus,
3287 5554 3340 5601 et
3371 5542 3607 5617 Cittieus.

2010 5619 2210 5691 Noster
2234 5614 2601 5691 Hieronymus
2632 5621 2683 5672 in
2714 5619 2993 5691 Que_st._in
3026 5617 3162 5673 Gen.
3193 5614 3378 5691 Cetimn,
3402 5616 3607 5691 inquit,

2008 5699 2131 5745 sunt
2159 5688 2304 5750 Citii.
2331 5708 2363 5743 a
2391 5685 2577 5761 quibus
2614 5685 2776 5761 usque
2806 5688 2959 5761 hodie
2978 5703 3177 5761 quoque
3191 5686 3311 5741 urbs
3337 5685 3493 5758 Cypri
3519 5685 3609 5761 Ci-

2012 5762 2144 5816 tium
2169 5756 2485 5814 nominatur.
2518 5756 2718 5830 Recole
2740 5774 2859 5830 quae
2891 5760 2943 5811 in
2973 5756 3101 5830 eum
3129 5758 3305 5813 locum
3329 5756 3609 5813 adnotavi“

2014 5844 2136 5884 mus
2169 5845 2182 5884 :
2214 5841 2268 5886 et
2298 5831 2391 5885 lib.
2427 5842 2462 5883 ll
2491 5830 2543 5884 in
2573 5827 2769 5884 Jovini
2789 5841 2937 5884 num.
2966 5827 3059 5883 il.
