3972 6394
392 333 494 391 691

1638 319 1697 379 8.
1740 317 2015 379 ῑυεΕΒη
2050 318 2434 379 Ηιείιοκγδιι

3592 317 3696 375 692

388 442 558 498 carnis
578 449 773 498 vestra.
805 438 954 495 Sicut
980 433 1287 493 exhibuistis
1315 430 1543 487 membra
1567 438 1737 486 vestra
1766 433 1987 487 servien-
2015 443 2066 505 Α
2093 433 2185 513 qui
2211 440 2413 488 terram
2447 430 2710 488 Ecclesim
2757 431 3102 500 desolantes,
3135 446 3326 490 omnes
3352 433 3500 489 illius
3533 433 3695 491 urbes

383 535 459 589 tia
487 532 830 588 immunditiw
850 539 896 583 et
925 529 1191 601 iniquitati
1219 527 1288 581 ad
1328 527 1655 597 iniquitatem
1679 541 1700 580 :
1748 527 1822 579 ita
1850 542 1990 580 nunc

384 625 613 681 exhibete
632 621 856 677 membra
880 631 1051 677 vestra
1068 618 1342 677 servientia
1360 618 1587 692 justitia:
1616 619 1673 673 in
1694 618 1991 689 sancti/ica-

387 721 577 773 tionem
610 717 787 787 (Rom.
819 732 908 785 Vi,
937 714 1053 787 19).

454 810 637 878 (Vers.
668 808 1273 882 12,15.)0bstupeseite
1291 806 1403 862 creti
1425 821 1579 877 super
1603 803 1735 859 hoc:
1755 814 1801 859 et
1827 814 1990 875 portio

383 909 496 976 ejus
526 902 834 959 desolamini
861 904 1198 969 uehementer,
1231 900 1356 956 dicit
1401 897 1680 954 Dominus.
1718 899 1833 954 Duo
1853 899 1991 953 enim

384 999 525 1052 mala
571 1000 691 1071 fecit
737 1000 964 1072 populus
1011 1013 1154 1052 meus
1186 1013 1204 1050 :
1252 1011 1331 1049 me
1373 993 1755 1064 dereliquerunt
1796 988 1991 1065 fontem

380 1107 532 1166 aqua:
561 1093 687 1146 viva?
718 1107 736 1145 ξ
763 1092 1006 1163 foderunt
1032 1089 1130 1160 sibi
1160 1090 1438 1153 cisternas,
1471 1080 1722 1140 cisternas
1757 1085 1988 1157 dissipa-

380 1192 460 1237 tas
483 1224 497 1249 ,
531 1197 647 1254 quae
676 1183 939 1236 continere
960 1198 1063 1237 non
1093 1179 1266 1234 valent
1288 1193 1474 1250 aquas.
1500 1176 1646 1232 LXX
1679 1187 1695 1233 :
1725 1176 1991 1248 obstupuit

382 1273 568 1330 caelum
584 1291 741 1347 super
762 1275 880 1340 hoc,
898 1282 945 1327 et
968 1274 1230 1328 inhorruit
1249 1280 1393 1327 extra
1419 1268 1631 1324 modum
1657 1276 1707 1323 et
1727 1270 1994 1325 vehemen-

384 1378 480 1435 ter,
510 1375 568 1423 et
598 1375 798 1423 caetera
829 1366 1104 1435 similiter.
1140 1364 1354 1422 leum
1386 1364 1474 1419 cui
1503 1362 1710 1417 dictum
1750 1371 1835 1419 est
1862 1380 1876 1417 :
1902 1364 1995 1418 Αι-

383 1460 535 1515 tende
560 1460 765 1525 coetum,
785 1466 833 1514 et
859 1460 1045 1531 loquar
1070 1457 1250 1533 (Deut.
1291 1471 1465 1523 χχιιι,
1486 1454 1540 1525 1)
1570 1471 1584 1509 :
1615 1465 1699 1523 et,
1734 1454 1871 1510 Audi
1895 1471 1995 1512 cce-

384 1553 494 1606 lum
520 1594 535 1618 ,
566 1559 615 1606 et
638 1551 1088 1623 auribusfpereipe
1116 1559 1254 1605 terra
1290 1548 1452 1633 (Isai.
1492 1566 1533 1616 ι,
1565 1549 1646 1620 2),
1671 1548 1994 1621 νὶἀθηεξυθί

384 1651 665 1712 praecepta
695 1641 937 1709 calcata,
963 1640 1317 1707 inhorrescit,
1350 1650 1406 1696 et
1428 1649 1709 1713 stuporem
1733 1639 1994 1696 dissimu-

386 1737 503 1791 lare
549 1751 655 1791 non
700 1745 902 1806 potest.
948 1735 1142 1790 Omnis
1171 1735 1323 1790 enim
1351 1745 1607 1792 creatura
1632 1730 1997 1805 cungemlscit

2094 525 2356 581 lmretico
2409 525 2663 580 incendio
2702 534 3078 596 vastaverunt,
3118 536 3172 583 et
3204 527 3298 583 illo
3328 527 3459 597 igne
3489 526 3561 584 de
3588 541 3695 600 quo

2094 618 2356 689 scriptum
2371 627 2452 674 est
2471 636 2486 674 :
2502 617 2693 673 Omnes
2719 620 3092 685 adulterantes,
3116 621 3266 695 quasi
3278 620 3518 676 clibanus
3534 612 3695 678 corda

2095 728 2271 766 eorum
2299 710 2444 785 (Ose.
2466 727 2561 779 vn,
2592 708 2669 783 4).
2695 712 2778 768 llli
2809 713 2954 768 enim
2980 728 3111 769 vere
3132 714 3263 770 dant
3285 729 3473 771 vocem
3507 730 3690 785 suam;

2095 811 2153 859 et
2183 803 2235 857 in
2261 804 2369 858 hoc
2398 803 2593 859 eodem
2621 805 2887 877 propheta
2919 805 3018 861 sub
3053 806 3289 877 perdicis
3319 820 3559 879 persona
3587 808 3696 864 ela-

2096 902 2247 949 munt
2278 913 2291 949 :
2323 894 2653 969 Congregunt
2681 913 2797 969 quae
2848 912 2951 953 non
3001 907 3311 970 pepererunt
3344 917 3364 954 :
3391 902 3697 974 faciuntque

2095 986 2302 1042 divitias
2333 1005 2434 1043 non
2457 1005 2576 1043 cum
2601 990 2798 1058 iudicio
2826 992 3042 1063 (Jerem.
3076 1008 3216 1062 xvtt,
3253 992 3367 1066 l7).
3396 994 3696 1065 PrOpterea

2095 1089 2277 1137 autem
2310 1082 2474 1138 urbes
2506 1082 2649 1139 illius
2674 1093 2900 1140 vastatas
2925 1096 3050 1141 sunt
3078 1092 3133 1142 et
3160 1076 3351 1153 deleta:
3385 1105 3399 1142 :
3432 1090 3560 1159 quia
3590 1104 3696 1147 non

2095 1173 2299 1231 habent
2348 1173 2709 1234 habitatorem
2761 1177 2966 1246 Deum,
3002 1179 3217 1237 dicente
3265 1180 3551 1254 Scriptura
3582 1199 3595 1238 :
3630 1183 3696 1238 Et

2096 1282 2200 1322 non
2230 1277 2306 1322 est
2327 1270 2414 1339 qui
2444 1269 2641 1324 habitet
2671 1274 2725 1325 in
2755 1271 2829 1326 eis
2859 1269 3052 1346 (Ibid.,
3085 1272 3168 1345 4).

2168 1356 2349 1438 (Vers.
2372 1359 2464 1427 i6,
2489 1359 2605 1433 17.)
2637 1357 2768 1416 Filii
2793 1380 2996 1434 quoque
3010 1363 3310 1437 Mempheos
3336 1380 3386 1422 et
3415 1365 3695 1439 Top/meos

2096 1460 2559 1524 constupraverunt
2591 1462 2638 1507 te
2674 1470 2838 1526 usque
2869 1456 2939 1509 ad
2967 1461 3225 1513 verticem.
3275 1456 3551 1539 Numquid
3594 1479 3695 1518 non

2091 1543 2234 1599 istud
2259 1547 2457 1618 factum
2481 1554 2555 1601 est
2584 1546 2700 1613 tibi,
2724 1547 2848 1619 quia
2869 1548 3190 1618 dereliquisti
3214 1547 3500 1609 Dominum
3532 1554 3695 1610 Deum

2099 1646 2245 1693 tuum
2273 1653 2331 1695 eo
2362 1648 2596 1711 tempore
2620 1658 2723 1713 quo
2764 1643 2981 1697 ducebat
3011 1652 3060 1699 te
3087 1662 3177 1716 per
3200 1647 3383 1702 viam?
3410 1647 3523 1705 Hoc
3555 1650 3697 1723 quod

2097 1746 2200 1787 nos
2229 1732 2499 1802 diximus,
2534 1750 2593 1789 eo
2632 1742 2858 1807 tempore
2878 1752 2978 1803 quo
3009 1736 3224 1799 ducebat
3257 1748 3303 1794 te
3331 1756 3421 1813 per
3445 1741 3611 1809 viam,
3644 1742 3699 1798 in

382 1836 441 1883 et
468 1827 726 1883 condolet
748 1843 914 1898 super
944 1829 1182 1899 peccatis
1209 1826 1515 1884 hominum.
1545 1829 1664 1884 Duo
1693 1836 1875 1883 autem
1900 1841 1996 1896 po-
2023 1829 2073 1890 B
2100 1822 2247 1881 LXX
2297 1840 2405 1881 non
2465 1826 2714 1882 habetur.
2769 1827 2914 1883 Duas
2963 1839 3143 1885 autem
3204 1832 3372 1887 urbes
3435 1835 3701 1892 maximas

383 1920 546 1990 pulus
567 1921 657 1975 Dei
677 1920 1069 1974 iecitadversa.
1091 1918 1334 1974 Primum
1351 1962 1366 1986 ,
1387 1929 1448 1975 ut.
1467 1920 1803 1992 relinqueret
1821 1919 1994 1974 Deum

382 2013 479 2082 qui
512 2020 598 2067 est
627 2014 752 2068 l‘ons
784 2013 938 2083 vitae,
972 2021 1028 2069 et
1058 2022 1392 2084 praeceptum
1421 2013 1574 2071 dedit
1602 2013 1794 2071 dicens
1821 2031 1835 2068 :
1870 2011 1988 2086 Ego

385 2100 644 2159 Dominus
667 2104 802 2159 Deus
816 2114 956 2172 tuus,
976 2106 1064 2175 qui
1077 2106 1234 2160 eduxi
1255 2116 1304 2160 te
1320 2106 1383 2160 de
1397 2116 1535 2161 terra
1558 2105 1992 2191 {Egyptiwxom

388 2210 495 2261 xx,
530 2195 610 2265 2).
653 2195 1001 2262 Secundum,
1034 2196 1183 2266 quod
1222 2196 1277 2251 in
1333 2195 1529 2252 eodem
1582 2198 1704 2253 loco
1734 2199 1993 2271 scriptum

385 2295 508 2340 est:
542 2285 663 2340 Non
694 2285 795 2339 sint
818 2286 910 2340 tibi
936 2286 1011 2339 dii
1039 2285 1095 2340 in
1123 2294 1399 2358 conspectu
1412 2303 1561 2361 meo;
1579 2303 1679 2359 pro
1701 2302 1813 2359 quo
1840 2302 1998 2344 secu-

385 2388 474 2432 tus
518 2386 604 2433 est
630 2378 908 2433 (immunes
934 2422 948 2446 ,
998 2392 1136 2449 quos
1167 2378 1464 2451 dissipatas
1492 2380 1761 2449 cisternas
1788 2384 1991 2450 ;vocat,

384 2484 455 2524 eo
484 2469 628 2539 quod
658 2469 757 2526 Dei
789 2468 1045 2525 mandata
1084 2485 1314 2526 servare
1360 2486 1468 2525 non
1496 2471 1736 2527 valeant.
1772 2471 1839 2527 Et
1888 2472 1995 2526 hoc
2020 2466 2033 2478 ’

386 2565 816 2630 attendendum,
850 2564 997 2634 quod
1046 2566 1168 2620 fons
1199 2576 1495 2635 perpetuus
1536 2574 1653 2632 est,
1698 2574 1754 2621 et
1803 2564 1996 2620 vitales

384 2655 554 2712 habet
575 2671 767 2727 aquas.
791 2656 1060 2712 Cisternm
1085 2666 1269 2712 autem
1293 2667 1348 2712 et
1378 2658 1556 2724 lacus,
1576 2658 1661 2712 vel
1684 2656 1752 2712 de
1780 2665 1997 2712 torren-

380 2755 566 2823 tibus,
601 2755 687 2810 vel
735 2770 804 2809 ex
849 2755 1006 2824 aquis
1038 2753 1311 2822 turbidis,
1362 2761 1507 2807 terra
1556 2752 1911 2823 complentur
1941 2762 1999 2809 et

384 2852 605 2924 pluviis.
636 2852 829 2906 Portas
850 2832 1032 2904 autem
1059 2849 1323 2904 caelorum
1344 2847 1468 2902 illas
1484 2856 1678 2923 vocat,
1704 2848 1772 2905 de
1795 2848 1995 2920 quibus

385 2958 442 3003 et
474 2948 527 3002 in
560 2945 823 3001 vicesimo
856 2945 1022 3009 tertio
1055 2945 1268 3014 psalmo
1299 2943 1561 3012 scriptum
1594 2951 1680 3005 est
1712 2959 1727 2998 :
1764 2940 1953 3001 Levate
1976 2984 1992 3011 ,

385 3049 570 3113 ρον-τω,
594 3038 766 3118 capita
792 3046 980 3103 vestra,
1012 3046 1056 3091 et
1096 3038 1331 3099 introibit
1361 3053 1456 3097 rex
1484 3037 1686 3115 gloria'.
1738 3036 1845 3101 Pro
1883 3051 1995 3109 quo

384 3133 532 3189 LXX
565 3133 964 3195 transtulerunt
998 3150 1010 3182 :
1047 3129 1233 3197 Levate
1253 3141 1430 3209 portas
1463 3134 1723 3202 principes
1754 3142 1946 3187 vestras
1973 3146 1992 3187 :

2103 1917 2351 1990 Egypti,
2376 1919 2669 1990 Memphim
2701 1928 2756 1976 et
2781 1921 3051 1992 Taplmim
3089 1924 3333 1983 nominat
3355 1966 3370 1991 ,
3402 1939 3704 1999 earumque

2100 2009 2232 2066 dicit
2262 2010 2405 2066 illius
2432 2019 2816 2083 constuprasse
2849 2012 3018 2069 lsrael
3068 2029 3240 2087 usque
3279 2012 3345 2071 ad
3393 2015 3652 2073 verticem
3685 2035 3702 2087 ;

2101 2100 2194 2156 illo
2223 2117 2389 2159 sensu
2417 2119 2527 2176 quo
2558 2104 2725 2162 lsaias
2754 2108 2938 2177 posuit
2966 2122 2981 2161 :
3010 2107 3053 2161 Α
3070 2108 3249 2185 planta
3278 2109 3422 2179 pedis
3450 2128 3612 2183 usque
3634 2116 3709 2179 ad

2102 2197 2338 2252 verticem
2370 2213 2473 2253 non
2504 2208 2576 2253 est
2605 2199 2660 2254 in
2684 2216 2742 2255 eo
2762 2202 2959 2261 sanitas
2986 2200 3142 2275 (lsai.
3177 2217 3215 2268 ι,
3250 2203 3328 2274 ii).
3362 2203 3533 2258 Tanta
3558 2207 3703 2261 etiim

2101 2288 2208 2357 fuit
2236 2290 2407 2347 libido
2436 2290 2818 2365 Egyptiorum
2840 2293 2935 2371 qui
2961 2303 3087 2350 sunt
3111 2296 3324 2367 magnis
3341 2297 3619 2367 carnibus,
3647 2308 3707 2355 ut

2100 2382 2238 2439 nulli
2272 2393 2565 2455 parcerent
2592 2386 2839 2443 membro
2871 2405 2884 2442 :
2919 2387 3015 2444 sed
3044 2390 3223 2443 omnia
3254 2400 3701 2463 constuprarent.

2102 2475 2262 2532 Juxta
2293 2477 2540 2533 litteram
2571 2478 2813 2535 refertur
2840 2477 2907 2534 ad
2941 2478 3081 2541 idola
3111 2479 3530 2559 Egyptiorum;
3555 2483 3706 2552 juxta

2102 2570 2519 2644 intelligentiam
2570 2573 2945 2645 Spiritualem,
2997 2574 3064 2635 ad
3120 2576 3415 2647 magistros
3462 2576 3705 2649 perversi

2100 2664 2403 2737 dogmatis,
2433 2668 2525 2738 qui
2560 2667 2817 2725 Ecclesiae
2842 2669 3131 2738 puritatem
3171 2684 3269 2723 sua
3309 2670 3559 2741 pulluunt
3590 2681 3705 2729 tur-

2100 2756 2370 2826 pitudine.
2398 2757 2521 2813 litec
2543 2769 2727 2814 autem
2746 2758 2955 2814 idcirco
2985 2761 3242 2819 eveniunt
3272 2761 3320 2815 ei
3340 2803 3355 2833 ,
3386 2762 3511 2832 quia
3542 2762 3700 2818 dere-

2100 2848 2262 2919 liquit
2280 2849 2563 2906 Dominum
2588 2852 2755 2908 Deum
2772 2867 2966 2920 suum;
2997 2862 3050 2908 et
3081 2853 3173 2908 illo
3202 2855 3436 2921 maxime
3463 2865 3705 2931 tempore

2099 2955 2208 3012 quo
2246 2943 2422 3012 ipsum
2453 2942 2733 3001 ductorem
2755 2945 2912 3014 sequi
2944 2944 3154 3007 debuit.

2171 3034 2352 3101 (Vers.
2384 3036 2496 3110 18.)
2528 3036 2598 3093 Et
2622 3056 2758 3097 nunc
2774 3041 2901 3112 quid
2924 3040 3015 3095 tibi
3044 3042 3139 3113 vis,
3169 3040 3220 3097 in
3250 3042 3331 3109 via
3361 3040 3615 3123 ﬁgypti,
3644 3054 3701 3100 ut

2099 3129 2243 3184 bibas
2273 3148 2460 3207 aquam
2484 3132 2645 3188 Sior?
2669 3131 2739 3189 Et
2780 3134 2907 3211 quid
2945 3135 3036 3193 tibi
3065 3145 3112 3189 et
3143 3137 3237 3201 uia:
3262 3136 3615 3215 Assyriorum,
3644 3148 3700 3199 ut

384 3231 453 3293 de
483 3228 676 3301 quibus
702 3228 914 3309 plenius
940 3241 1041 3283 suo
1072 3226 1284 3281 dicetur
1329 3226 1469 3281 loco.
1497 3225 1767 3305 Quodque
1796 3225 1992 3307 Aquila
2020 3220 2065 3283 C
2098 3224 2242 3278 bibas
2264 3240 2451 3299 aquam
2478 3225 2749 3295 ﬂunn‘nis?
2788 3225 2894 3281 Pro
2935 3225 3059 3283 Sior
3091 3226 3299 3300 (Ἵππην
3321 3229 3342 3302 )
3362 3271 3378 3301 ,
3409 3246 3511 3289 nos
3543 3231 3701 3287 turbi-

383 3335 439 3379 et
470 3322 863 3396 Symmachus,
903 3323 1088 3394 caelos;
1117 3320 1263 3393 LXX
1294 3338 1424 3377 vero
1461 3332 1517 3379 et
1547 3322 1857 3378 Tlteodutio
1888 3340 1990 3379 eme.

386 3419 526 3486 lum,
563 3417 905 3487 interpretati
935 3427 1055 3481 sunt
1086 3457 1102 3483 ,
1138 3415 1347 3487 nullum
1377 3426 1612 3483 moveat.
1662 3416 1987 3489 ilebraiuum

383 3513 528 3567 enim
558 3527 756 3579 suam
786 3509 806 3593 (
833 3510 1027 3591 nime)
1055 3509 1367 3585 communis
1396 3518 1482 3579 est
1520 3511 1764 3581 numeri,
1797 3518 1852 3575 ct
1880 3521 1989 3579 tam

386 3601 501 3658 creti
546 3618 707 3672 quam
759 3603 945 3671 coelum,
980 3601 1174 3657 eodem
1228 3601 1573 3679 appellantur
1603 3604 1825 3670 nomine
1864 3621 1877 3656 :
1931 3613 1990 3668 ut,

387 3694 623 3765 Thebae,
657 3693 922 3765 Athenae,
952 3704 1006 3749 et
1035 3692 1281 3763 Saluum.

462 3784 646 3859 (Vcrs.
679 3783 793 3857 14.)
816 3782 1087 3867 Numquid
1109 3800 1284 3871 servus
1305 3792 1379 3845 est
1407 3783 1597 3863 Israel,
1624 3795 1717 3855 aut
1738 3802 1988 3855 vet-nacus

382 3875 508 3939 ius?
538 3874 676 3933 Puto
697 3890 763 3939 ex
795 3874 898 3933 hoc
925 3875 1051 3947 loco
1075 3875 1130 3943 in
1152 3875 1466 3951 superbiam
1492 3875 1665 3941 elatos
1682 3917 1701 3946 ι
1720 3877 1989 3949 salvatori

385 3967 592 4025 dixisse
638 3967 862 4024 Judteos
895 3987 909 4025 :
944 3966 1135 4035 Semen
1186 3967 1413 4031 Abrahae
1453 3986 1633 4024 sumus
1663 4011 1678 4037 ,
1711 3981 1756 4025 et
1797 3971 1993 4034 nemini

391 4064 692 4136 seruiuimus
716 4078 984 4137 umquam.
1223 4063 1496 4130 Quomodo
1520 4074 1575 4133 tu
1601 4065 1733 4129 dicis
1760 4083 1779 4121 :
1819 4066 1992 4135 Liberi

388 4157 534 4211 eritis
575 4157 914 4231 (Joan.vut,
950 4157 1084 4227 35)?
1134 4156 1455 4223 Nescientes
1506 4159 1651 4230 quod
1682 4161 1861 4227 omnis
1899 4163 1992 4235 qui

386 4251 520 4307 facit
546 4260 830 4323 peccatum
852 4291 870 4327 η
903 4265 1092 4315 servus
1122 4252 1330 4322 peccati
1364 4251 1437 4307 sit
1469 4269 1483 4305 :
1516 4263 1571 4308 et
1600 4254 1803 4322 serviat
1827 4269 1992 4321 unus-

385 4346 618 4417 quisque
667 4344 718 4417 ei
753 4359 784 4398 a
816 4357 926 4425 quq
954 4343 1214 4400 vincitur.
1246 4342 1370 4399 Nati
1397 4359 1527 4426 ergo
1577 4344 1647 4400 de
1675 4346 1857 4413 amico
1890 4347 1989 4412 Dei

387 4435 703 4509 Abraham,
737 4434 870 4503 vitio
899 4448 1000 4503 suo
1031 4435 1155 4503 [acti
1188 4444 1316 4502 sunt
1339 4437 1497 4509 quasi
1530 4436 1628 4492 lilii
1650 4436 1824 4507 Cham
1854 4480 1871 4513 η
1902 4439 1988 4509 cui

385 4528 593 4597 dictum
616 4536 703 4584 est
720 4545 734 4583 :
754 4527 1071 4597 Maledictus
1088 4527 1356 4587 Chanaam
1373 4570 1391 4603 ι
1417 4545 1596 4593 servus
1618 4529 1714 4585 erit
1735 4532 1990 4602 fratribus

384 4624 494 4681 suis
528 4621 740 4697 (Genes.
776 4638 835 4691 ιζ
859 4666 876 4690 ,
908 4621 1027 4699 25).

461 4712 644 4793 (Vers.
683 4712 796 4786 15.)
828 4713 1007 4791 Quare
1026 4730 1149 4789 ergo
1170 4716 1344 4787 [actus
1363 4723 1435 4779 est
1460 4716 1516 4771 in
1536 4716 1765 4788 prtedam
1785 4718 1809 4772 7
1834 4734 1989 4791 super

384 4823 503 4862 eum
528 4808 804 4889 rugierunt
834 4806 1039 4881 leones,
1080 4816 1129 4862 et
1156 4808 1413 4873 dederunt
1456 4824 1628 4876 vocem
1672 4826 1858 4871 suam:
1890 4828 1988 4889 po-

384 4888 613 4977 suerunt
636 4912 828 4969 terrain
857 4902 971 4972 ejus
1008 4902 1065 4965 in
1095 4902 1427 4965 solitudinem
1457 4920 1475 4971 ς
1510 4911 1556 4971 et
1586 4904 1816 4969 civitates
1843 4888 1988 4975 illius

388 5004 584 5059 exusta
608 5004 731 5058 sunt
762 5010 781 5060 ς
814 5003 861 5067 et
883 5010 985 5063 non
1008 5004 1084 5065 est
1124 4995 1213 5071 qui
1251 4995 1445 5061 habitet
1477 4996 1535 5062 in
1559 4997 1652 5051 eis.
1685 4996 1992 5070 interrogat

384 5101 571 5145 sermo
596 5084 850 5152 divinus,
886 5094 944 5140 ut
982 5086 1103 5154 ipse
1140 5087 1492 5158 respondeat.
1538 5087 1752 5145 Leones
1804 5098 1985 5143 autem

382 5189 549 5247 vocat
567 5178 848 5260 princiuss
872 5178 1187 5255 Babylonis.
1202 5181 1293 5263 qui
1310 5190 1509 5247 terram
1536 5182 1659 5263 eilia
1688 5189 1989 5266 posuerunt

384 5274 442 5329 in
475 5272 831 5328 solitudinem
853 5312 867 5337 ,
900 5279 956 5327 et
989 5270 1239 5327 civitates
1287 5271 1436 5329 illius
1488 5274 1740 5331 incendio
1769 5275 1989 5337 delevtk

382 5376 534 5421 runt.
570 5364 669 5420 Vel
707 5372 859 5419 certe
876 5362 1034 5432 juxta
1061 5377 1371 5441 anagogen,
1402 5364 1591 5439 leones
1621 5367 1988 5441 intelligamus

383 5459 730 5527 adversarias
763 5466 1093 5537 potestates,
1131 5469 1224 5527 aut
1265 5458 1646 5529 haereticorum
1677 5461 1983 5543 principes,

451 5622 478 5664 ι
507 5614 651 5685 Sunt
684 5629 812 5685 vero
844 5614 969 5685 Sior
993 5622 1048 5681 et.
1074 5613 1212 5680 Gion
1238 5614 1349 5679 duo
1375 5623 1560 5681 vetera
1590 5615 1697 5673 Nili
1728 5617 1972 5685 nomina,

378 5684 524 5759 quod
550 5700 620 5741 ex
657 5684 751 5740 lib.
799 5685 868 5759 de
892 5684 1077 5759 Locis,
1117 5695 1172 5741 et
1197 5685 1442 5759 losopho
1464 5688 1758 5759 Antiquitt.
1792 5688 1889 5742 lib.
1931 5684 1978 5759 ιβ

379 5755 432 5810 e.
469 5756 495 5808 i
521 5794 537 5820 ,
570 5761 640 5829 et
683 5769 809 5823 xix,
839 5755 933 5819 26,
966 5758 1157 5826 liquet.
1188 5755 1508 5829 Communis
1536 5755 1718 5829 itaque
1765 5755 1971 5829 editio,

374 5838 536 5894 quam
570 5821 801 5878 llierun.
824 5834 997 5892 notat,
1024 5821 1250 5881 sensum
1275 5821 1448 5897 magis
1464 5821 1701 5897 respeiit
1733 5846 1745 5882 :
1779 5821 1968 5886 notum

2094 3316 2217 3369 dam
2267 3317 2609 3389 interpretati
2655 3332 2878 3395 sumus,
2909 3318 3054 3391 quod
3104 3320 3331 3385 verbum
3372 3322 3699 3389 iiebraicum

2092 3406 2360 3478 signiﬁcat
2393 3427 2405 3462 :
2436 3417 2462 3446 ει
2510 3424 2608 3481 pro
2634 3410 2805 3483 849
2839 3427 2949 3482 quo
2978 3413 3287 3469 communis
3332 3415 3507 3471 editio
3540 3418 3699 3482 habet

2093 3502 2258 3559 Geon.
2306 3506 2442 3581 Quia
2493 3520 2622 3575 ergo
2670 3522 2832 3577 supra
2886 3505 3032 3573 ﬁlios
3079 3507 3348 3578 Memphis
3375 3520 3432 3573 et
3460 3510 3697 3587 Taphnis

2093 3609 2372 3669 posuerat,
2410 3599 2503 3672 qui
2529 3599 3200 3673 constupraverunt[srael
3232 3617 3402 3677 usque
3431 3604 3503 3664 ad
3537 3605 3699 3669 verti-

2093 3705 2212 3749 cem
2245 3707 2258 3743 :
2293 3706 2434 3747 nunc
2466 3691 2808 3748 manifestius
2853 3693 3027 3763 ipsum
3076 3691 3377 3767 Egyptum
3428 3700 3695 3759 nominat.

2094 3780 2347 3853 Nullique
2373 3782 2604 3841 dubium
2634 3785 2769 3857 quin
2800 3783 2954 3840 Nilus
2981 3800 3151 3861 aquas
3184 3787 3439 3857 turbidas
3466 3790 3696 3867 hanc“;

2093 3884 2150 3931 et
2178 3875 2324 3955 quod
2370 3875 2593 3933 ﬂuvium
2635 3875 2989 3953 Assyriorum
3019 3877 3359 3953 Euphratem
3386 3881 3694 3955 signiticet,

2094 3967 2310 4039 dicente
2360 3967 2642 4041 Scriptura
2660 4014 2677 4043 ,ν
2725 3970 2867 4044 quod
2910 3971 3354 4047 repromissionis
3385 3982 3536 4035 terra
3566 3977 3699 4039 sita

2096 4070 2338 4118 torrente
2366 4060 2608 4137 Egypti,
2638 4077 2811 4135 usque
2827 4062 2894 4118 ad
2911 4060 3131 4118 ﬂuvium
3161 4080 3415 4136 magnum
3445 4067 3694 4139 Euphra-

2095 4160 2224 4210 tem.
2254 4154 2357 4231 Qui
2386 4163 2565 4210 autem
2605 4153 2880 4210 Christum
2913 4156 3253 4227 reliquerint,
3289 4158 3497 4217 [utilem
3531 4162 3693 4228 vitaz,

2092 4255 2149 4307 ei
2176 4246 2567 4317 haereticorum
2597 4246 2705 4302 sibi
2734 4245 2971 4309 foderint
2999 4248 3148 4305 lacus
3173 4290 3188 4319 ,
3219 4249 3315 4322 qui
3357 4266 3529 4321 aquas
3565 4253 3694 4313 doc-

2096 4338 2361 4394 trinarum
2391 4338 2672 4395 continere
2697 4352 2806 4394 non
2834 4348 3092 4409 possunt.
3127 4356 3353 4399 necesse
3385 4355 3471 4401 est
3501 4354 3561 4405 ut,
3584 4346 3694 4402 leu-

2094 4428 2253 4494 nibus
2279 4429 2632 4505 subjaceant,
2667 4429 2759 4501 qui
2790 4430 3040 4507 redigant
3072 4439 3272 4493 terram
3301 4448 3493 4490 eorum
3527 4436 3579 4491 in
3606 4450 3691 4495 so.-

2094 4522 2404 4591 litudinem,
2426 4531 2480 4579 et
2501 4520 2781 4577 universas
2807 4521 3089 4587 Ecclesias
3114 4523 3401 4583 destruant
3421 4546 3434 4582 :
3452 4537 3693 4603 eiusque

2015 4616 2070 4678 D
2094 4615 2159 4669 ad
2185 4617 2442 4670 verticem
2471 4614 2787 4689 polluantur
2804 4656 2820 4687 ,
2842 4624 2898 4670 et
2920 4615 3109 4670 bibant
3135 4631 3304 4689 aquas
3331 4619 3607 4689 turbidas,
3636 4631 3691 4684 et

2093 4706 2293 4776 “uenia
2333 4705 2542 4785 Assyrii
2574 4704 2813 4777 (luminis
2838 4715 2894 4764 et
2916 4704 3237 4791 Aquilonis,
3265 4711 3415 4775 unde
3436 4713 3687 4779 exardes-

2095 4809 2226 4856 cunt
2242 4799 2382 4867 mala
2414 4815 2580 4875 super;
2614 4810 2839 4857 terram.

2169 4891 2348 4966 (γεω.
2381 4890 2510 4965 19.)
2547 4893 2740 4966 Arguet
2779 4903 2827 4959 te
2863 4895 3066 4961 malitia
3094 4904 3185 4959 tua
3216 4897 3358 4973 (sive
3401 4902 3604 4961 crudiet
3640 4910 3687 4963 te

2096 4986 2453 5069 praevaricatio
2487 4986 2603 5058 tua)
2631 4995 2677 5043 et
2706 4988 2904 5051 auersio
2937 4998 3030 5055 tua
3061 4990 3345 5069 increpabit
3372 5002 3439 5051 te.
3473 4994 3619 5053 Scito
3639 5005 3685 5055 et

2097 5077 2232 5147 vide,
2262 5080 2386 5149 quia
2413 5078 2613 5134 malum
2632 5087 2679 5133 et
2700 5096 2939 5135 amarum
2985 5091 3080 5151 est,
3132 5083 3406 5154 reliquisse
3430 5095 3479 5141 te
3508 5087 3689 5142 Domi-

2088 5188 2215 5241 num
2238 5170 2405 5241 Deum,
2431 5182 2579 5241 tuum
2590 5180 2666 5239 ;et
2687 5188 2791 5230 non
2821 5189 2928 5235 esse
2954 5173 3191 5241 timorem
3212 5177 3311 5241 mei
3340 5179 3485 5249 apud
3507 5188 3576 5249 te,
3607 5181 3685 5241 di-

2089 5265 2157 5329 cit
2176 5262 2436 5327 Durnium
2460 5265 2603 5327 Deus
2618 5268 2956 5329 exercituum.
2973 5267 3287 5331 Notandum
3304 5272 3455 5342 quod
3476 5275 3683 5333 malitia

2090 5362 2205 5417 sive
2237 5359 2633 5431 praevaricatio,
2666 5367 2953 5430 postquam
2976 5364 3303 5417 saturaverit
3325 5367 3684 5435 prevaricato-

2089 5467 2218 5529 tem,
2254 5467 2311 5513 et.
2339 5455 2514 5512 instar
2536 5454 2876 5523 coturnicum
2904 5470 3078 5537 usque
3109 5455 3176 5517 ad
3221 5471 3483 5523 nauseam
3514 5477 3680 5523 vene-

2079 5617 2292 5705 (ιυίριιε.
2313 5614 2493 5705 liii?!“
2508 5613 3257 5705 _€9.Y9£§i’}“°.3“9°'l‘¥iimi
3279 5618 3673 5705 assedisse

2079 5684 2228 5743 unde
2252 5686 2457 5742 Graecis
2502 5688 2816 5750 auctoribus
2849 5684 3007 5757 μέλαέ
3053 5684 3283 5749 dicitur:
3315 5700 3373 5746 et
3401 5684 3677 5753 insulsius

2079 5760 2346 5833 Pansam
2364 5756 2595 5821 Melania
2618 5756 2795 5823 album
2822 5758 3072 5828 mutam
3098 5769 3279 5819 vocat.
3430 5774 3473 5834 ῃ

3112 6300 3202 6308 ____
3284 6210 3930 6308 ἡηῇερ-*ἐ
