3972 6400
422 284 528 338 (395
1667 269 1725 325 S.
1769 265 2043 324 EUSEBII
2086 264 2470 322 IIIERONYMI

3629 267 3723 325 6'36
3899 85 3920 414 {

416 397 560 451 enim
592 393 731 464 apud
757 392 1014 447 Hebrteos
1039 387 1260 443 nomine
1283 400 1388 440 nus
1421 387 1440 457 (
1469 393 1563 445 rm
1593 385 1612 454 )
1643 393 1696 438 et
1717 393 1896 436 t'cntus
1925 397 2021 452 ap—
2049 384 2102 444 Α
2125 385 2233 452 gla,
2266 384 2350 437 vel
2376 383 2678 451 daemones,
2709 384 2795 438 vel
2837 381 3224 436 haereticorum
3255 381 3560 455 principes,
3591 383 3727 454 quia

419 463 652 558 pellatur
681 495 735 541 et
755 482 1018 554 spiritus),
1047 483 1127 538 sic
1152 491 1208 536 et
1233 479 1425 545 Israel,
1447 479 1564 533 sive
1585 477 1892 533 Jerusalem
1911 485 2026 531 toto
2132 475 2244 532 Deo
2282 476 2443 531 alieni
2472 487 2623 532 sunt.
3915 463 3919 558 l

420 581 622 646 impetu
649 576 716 630 ad
755 573 1094 630 desiderium
1138 573 1383 629 libidinis
1438 570 1747 635 ferebatur,
1782 579 1835 624 ct
1879 568 2026 624 omni
2202 569 2500 641 (Vers.26,
2533 569 2652 642 27.)
2696 572 2967 638 Quomodo
3005 573 3346 643 confunditur
3379 574 3491 642 fur,
3523 574 3732 643 quando

416 669 684 725 idolorum
736 680 922 721 amore
966 665 1215 720 fervebat
1245 685 1258 717 ;
1294 663 1587 732 nullusque
1639 670 1720 716 est
1765 659 1858 730 qui
1907 673 2028 713 eam
2133 658 2554 730 deprehenditur,
2593 662 2670 716 sic
2713 664 2916 734 confusi
2945 672 3065 716 sunt
3094 665 3277 717 domus
3308 661 3524 718 Israel:
3557 665 3660 735 ipsi
3690 674 3733 719 et

416 763 529 816 suis
559 758 776 815 monitis
811 759 982 828 possit
1007 759 1073 812 ab
1105 758 1210 814 hoc
1241 759 1448 826 impetu
1481 764 1893 811 averteremon
1923 766 2030 816 quo
2132 768 2274 825 reges
2320 769 2516 820 eorum,
2559 755 2814 826 principes
2861 763 2906 809 et
2953 757 3266 822 sacerdotes,
3333 765 3380 810 et
3458 755 3742 828 Propheta:

420 851 837 922 impossibilitas
865 851 972 906 hoc
1003 851 1194 906 fecerit
1224 848 1658 920 Pr0phetarum,
1704 846 1798 902 sed
1829 844 2030 899 malitia

420 961 674 1016 perversa
701 945 990 1014 cupientis.
1009 944 1354 1016 Quicunque,
1404 944 1501 1010 ait,
1537 959 1656 998 eam
1685 941 2029 1014 quaesierint,

420 1055 525 1094 non
559 1052 886 1109 magnopere
917 1037 1262 1094 laborabunt.
1308 1039 1363 1092 in
1401 1037 1702 1092 menstruis
1756 1045 1811 1090 et
1845 1035 1896 1088 in
1931 1035 2034 1088 im-

426 1133 693 1188 munditia
726 1132 843 1201 ejus
875 1132 1158 1186 invenient
1187 1145 1331 1186 eam.
1360 1130 1470 1184 Pro
1491 1143 1600 1199 quo
1626 1127 1823 1198 Aquila
1853 1148 2036 1200 νεομη-

423 1227 548 1290 νίαν,
581 1224 683 1278 hoc
737 1234 842 1290 est,
875 1221 1122 1276 kalendas
1149 1264 1164 1287 ,
1194 1220 1580 1292 Symmachus.
1616 1235 1866 1283 mensem,
1899 1219 2036 1288 Sep-

425 1315 666 1386 tuaginta
687 1315 853 1385 852
883 1322 936 1368 et
962 1311 1290 1380 Theodotio,
1317 1312 1658 1366 humilitatem
1688 1308 2037 1378 interpretati

421 1418 566 1463 sunt.
612 1408 783 1463 Porro
817 1408 969 1476 juxta
1008 1405 1154 1461 LXX
1196 1405 1286 1461 hic
1323 1420 1523 1461 sensus
1564 1414 1648 1459 est
1697 1422 1710 1457 :
1772 1400 2039 1456 Meretrix

425 1501 752 1566 Jerusalem,
788 1499 944 1568 juxta
995 1499 1141 1553 illam
1175 1498 1460 1553 mulierem
1496 1512 1619 1566 qua:
1645 1499 1698 1550 in
1726 1494 2043 1549 Proverbiis

430 1592 778 1658 describitur,
808 1591 875 1644 ad
914 1604 1199 1660 vesperam
1228 1590 1476 1644 ululabat
1510 1603 1648 1644 voce
1674 1603 1794 1652 sua,
1820 1597 1876 1643 et
1897 1601 2044 1642 ama-

427 1693 577 1740 tores
607 1682 674 1738 ad
717 1682 994 1737 libidinem
1017 1682 1372 1752 provocabat,
1404 1681 1692 1750 aperiebat
1715 1681 1832 1734 vias
1874 1678 2045 1746 turpi-

2133 860 2331 899 eorum.
2373 844 2636 912 Quamvis
2675 847 2746 901 sit
2787 848 3075 916 impudens
3103 857 3160 903 et
3189 863 3389 918 procax
3426 849 3622 903 vultus
3660 848 3748 902 fu-

2135 941 2393 1007 rantium,
2427 949 2608 994 tamen
2640 939 3131 1015 erubescit,'853
3158 957 3280 997 cum
3313 941 3366 996 in
3395 941 3544 996 furto
3580 941 3748 997 fuerit

2136 1030 2535 1101 deprehensus.
2573 1033 2636 1086 Et
2668 1032 2836 1088 Israel
2862 1048 2993 1102 ergo
3019 1034 3209 1089 dicens
3233 1033 3399 1105 ligno,
3419 1033 3586 1088 Pater
3607 1051 3751 1088 meus

2138 1144 2189 1179 es
2213 1136 2302 1179 tu:
2327 1136 2373 1179 et
2402 1124 2587 1198 lapidi,
2625 1125 2706 1180 Tu
2752 1143 2831 1180 me
2859 1128 3117 1200 genuisti;
3160 1136 3218 1181 ut
3256 1141 3355 1182 eos
3389 1137 3616 1182 vocaret
3649 1143 3746 1197 pa-

2139 1227 2346 1286 rentes,
2374 1232 2510 1288 quos
2543 1219 2660 1286 ipse
2691 1216 2988 1272 fabricatus
3020 1227 3127 1283 est,
3157 1216 3517 1273 confunditur
3537 1233 3665 1272 cum
3697 1220 3755 1274 in

2142 1324 2236 1363 sua
2269 1309 2575 1363 idololatria
2621 1308 2782 1364 fuerit
2809 1310 3207 1379 deprehensus.
3235 1308 3262 1348 ι’
3293 1310 3358 1364 Et
3389 1326 3456 1364 ne
3487 1318 3758 1379 putemus

2144 1399 2247 1456 hoc
2286 1399 2354 1454 de
2395 1400 2553 1470 plebe
2585 1415 2710 1456 eum
2743 1400 2929 1456 dicere
2956 1419 2968 1454 :
3005 1415 3160 1471 reges
3189 1402 3415 1471 ponitet
3444 1401 3755 1471 principes,

2145 1503 2201 1547 et
2227 1492 2564 1562 sacerdotes,
2598 1502 2652 1548 et
2681 1495 2981 1563 prophetas
3009 1509 3225 1549 eorum.
3259 1492 3494 1549 Utamur
3513 1493 3624 1548 hoc
3649 1506 3762 1548 tes-

2148 1588 2374 1642 timonio
2404 1600 2593 1643 contra
2627 1589 2906 1660 principes
2933 1600 3172 1657 nostros,
3203 1599 3260 1645 et
3297 1599 3490 1644 contra
3528 1589 3632 1644 hos
3663 1591 3761 1660 qni

2150 1686 2201 1739 in
2226 1683 2470 1740 Ecclesia
2499 1695 2757 1756 putantur
2784 1686 2976 1752 duces,
3006 1700 3130 1742 cum
3163 1687 3214 1739 in
3236 1683 3474 1756 peccatis
3504 1685 3766 1756 turpibus

433 1774 642 1830 tudinis
683 1789 817 1841 suae,
861 1783 917 1828 et
961 1773 1303 1828 divaricabat
1331 1771 1500 1843 pedes
1539 1772 1691 1842 omni
1732 1769 2039 1826 transeunti
2072 1772 2120 1832 B
2147 1775 2346 1834 fuerim
2374 1777 2721 1847 deprehensi,

431 1873 450 1938 (
479 1867 638 1922 Prov.
681 1883 711 1921 v
741 1876 788 1921 et
829 1882 879 1920 vt
903 1864 944 1935 ).
976 1867 1107 1922 Erat
1142 1877 1322 1923 autem
1355 1868 1509 1922 locus
1540 1867 1915 1922 arntenitatem
1943 1865 2038 1919 ha-

431 1962 571 2016 bens
635 1975 898 2030 aquarum
963 1958 1270 2025 ﬂuentium,
1331 1961 1424 2030 qui
1497 1959 1878 2015 delectabilior
1939 1959 2036 2023 lit‘,

437 2051 657 2123 quando
707 2053 759 2106 in
817 2052 1052 2106 circuitu
1110 2051 1349 2106 solitudo
1388 2059 1494 2117 est,
1537 2061 1597 2106 ut
1639 2051 1818 2105 nullus
1857 2050 2039 2105 videat

439 2145 826 2200 fornicantem.
858 2143 928 2198 In
955 2144 1236 2208 desiderio,
1262 2143 1458 2214 inquit,
1482 2144 1670 2197 anima:
1690 2159 1799 2198 sua:
1814 2164 2041 2214 πνευμα-

437 2248 718 2316 τοφορεῐτο,
761 2240 878 2294 sive
920 2252 1180 2308 perverso
1203 2238 1399 2308 spiritu
1428 2237 1756 2304 ducebatur,
1785 2237 1902 2292 sive
1933 2245 2044 2291 tra-

440 2333 828 2389 hebatamoris
861 2331 1248 2402 refrigerium:
1292 2331 1377 2387 vel
1415 2341 1564 2387 certe
1602 2331 1836 2386 canebat
1873 2331 2044 2399 turpi-

441 2425 646 2481 tudinis
675 2440 788 2481 suze
818 2425 1085 2480 carmina.
1129 2422 1347 2477 Tradita
1386 2433 1480 2493 est,
1523 2424 1717 2494 inquit,
1758 2422 1905 2477 vitiis
1932 2423 2045 2477 suis

441 2527 496 2573 et
523 2516 773 2572 libidini:
816 2515 1004 2571 nullus
1043 2530 1165 2570 eam
1207 2525 1535 2570 convertere
1573 2516 1820 2585 poterit:
1853 2528 2045 2569 omnes

441 2612 534 2682 qui
574 2611 853 2666 voluerint
889 2624 1012 2666 eam
1054 2608 1327 2677 invenire,
1372 2610 1423 2662 in
1476 2608 1827 2678 turpitudinis
1867 2607 2046 2662 humi-

439 2702 596 2758 litate
651 2703 986 2772 reperient:
1043 2709 1103 2756 ut
1165 2687 1466 2771 numquam.
1519 2699 1696 2772 possit
1751 2701 2047 2772 voluptatis

446 2809 638 2849 amore
667 2795 875 2848 satiari.

519 2885 708 2958 (Vers.
750 2885 889 2956 25.)
934 2884 1162 2939 Prohibe
1198 2887 1379 2956 pedem
1419 2894 1567 2940 tuum
1605 2903 1640 2939 a
1691 2887 1958 2953 nuditate,
2003 2897 2053 2942 et

447 2991 623 3055 guttur
667 2990 812 3034 tuum
841 2997 872 3034 α
903 2981 990 3034 siti
1019 2997 1037 3034 :
1069 2991 1118 3035 et
1155 2981 1353 3048 dixisti,
1381 2979 1688 3052 Desperavi,
1731 2998 2055 3051 nequaquam

448 3074 643 3139 faciam
665 3088 684 3127 :
711 3073 950 3126 adamavi
970 3073 1163 3141 quippe
1187 3073 1408 3137 alienos,
1431 3080 1480 3126 et
1502 3081 1616 3142 post
1637 3088 1725 3126 eos
1753 3072 2046 3127 ambulabo.

2227 1867 2494 1921 Vcrterunt
2511 1868 2580 1922 ad
2603 1885 2681 1921 me
2711 1878 2906 1942 tergum
2931 1909 2944 1933 ,
2980 1878 3026 1922 et
3070 1884 3172 1923 non
3203 1869 3410 1940 facient.
3439 1868 3546 1936 Qui
3591 1867 3768 1938 proji‘

2143 1963 2290 2016 cinnt
2329 1977 2620 2018 sermones
2651 1962 2753 2018 Dei
2783 1973 3085 2027 retrorsum
3112 2009 3124 2031 ,
3159 1964 3261 2034 ipsi
3297 1972 3522 2020 vertunt
3568 1972 3768 2019 contra

2145 2073 2267 2114 eum
2293 2067 2504 2127 tergum
2535 2067 2727 2112 etnon
2764 2055 2983 2111 faciem.
3023 2056 3255 2124 Quando
3297 2057 3445 2112 enim
3499 2057 3770 2126 magister

2146 2152 2428 2222 praecipit,
2455 2151 2773 2206 obedienlis
2797 2151 3060 2206 indicium
3101 2152 3252 2206 estsi
3297 2151 3542 2207 demisso
3572 2162 3772 2206 contra

2145 2244 2329 2299 audiat
2355 2244 2557 2314 capite.
2589 2243 2683 2299 Sin
2705 2252 2889 2299 autem
2923 2253 3107 2299 vertat
3136 2252 3353 2315 tergum
3381 2284 3397 2309 ,
3435 2245 3658 2315 signum
3685 2256 3774 2300 est

2145 2335 2590 2402 contemnentis;
2621 2343 2680 2390 ut
2703 2336 2758 2390 in
2782 2335 2892 2389 alio
2917 2334 3041 2390 loco
3062 2336 3330 2404 scriptum
3354 2344 3439 2390 est
3473 2353 3486 2389 :
3512 2333 3582 2388 Et
3604 2344 3776 2389 verte-

2148 2435 2270 2480 runt
2308 2426 2376 2480 ad
2406 2442 2484 2479 me
2507 2426 2775 2497 scapulam
2808 2426 3127 2480 recedentem
3155 2425 3360 2496 (Zach.
3394 2440 3470 2480 vu
3493 2466 3508 2489 ,
3539 2427 3598 2480 ll
3627 2425 3672 2495 ).
3705 2425 3766 2479 ιη

2151 2527 2382 2584 tantum,
2415 2519 2591 2588 inquit
2617 2518 2780 2585 Deus,
2813 2533 2930 2573 mea
2961 2528 3344 2588 contempsere
3367 2529 3676 2588 praecepta,
3709 2524 3772 2571 ut

2150 2626 2219 2666 ne
2241 2611 2430 2665 audire
2471 2609 2690 2680 quidem
2738 2609 3033 2678 voluerint,
3078 2609 3174 2666 sed
3233 2620 3509 2666 tumorem
3558 2608 3762 2676 animi,

2150 2711 2306 2774 gestu
2336 2702 2586 2772 corporis
2614 2701 2932 2758 indicarint.

2228 2795 2293 2851 Et
2345 2797 2401 2852 in
2445 2808 2669 2870 tempore
2705 2797 3011 2869 afflictionis
3048 2796 3155 2851 suae
3190 2797 3406 2850 dicent:
3439 2795 3614 2868 Surge
3638 2839 3652 2863 ,
3724 2807 3774 2849 et

2155 2888 2318 2943 libera
2341 2905 2450 2943 nos.
2476 2889 2579 2957 Qui
2601 2904 2702 2959 per
2723 2889 2988 2944 beneficia
3022 2903 3131 2944 non
3161 2898 3492 2954 senserunt,
3519 2902 3616 2957 per
3647 2896 3768 2942 tor-

2157 2989 2337 3033 menta
2362 2978 2604 3034 sentient
2637 2978 2831 3035 Deum.
3399 2998 3410 3004 -

2229 3069 2412 3139 (Vcrs.
2435 3068 2559 3138 28.)
2593 3068 2695 3125 Ubi
2737 3079 2855 3124 sunt
2883 3070 2959 3124 dii
2985 3070 3084 3137 tui,
3116 3087 3243 3140 quos
3281 3071 3452 3141 fecisti
3501 3071 3636 3125 tibi?
3655 3087 3777 3126 sur-

451 3163 599 3220 LXX
625 3181 638 3218 :
669 3162 917 3219 Converte
957 3165 1140 3234 pedem
1171 3173 1316 3217 tuum
1354 3181 1386 3218 a
1413 3165 1496 3218 via
1522 3181 1728 3235 aspera,
1781 3176 1830 3219 et
1881 3175 2058 3236 guttur
2086 3156 2133 3221 C
2163 3171 2288 3235 gant
2306 3172 2354 3216 et
2384 3161 2597 3216 liberent
2625 3175 2674 3217 te
2694 3164 2748 3217 in
2772 3173 2996 3234 tempore
3020 3163 3133 3236 [ΑΙ.
3157 3164 3277 3236 die]
3301 3165 3614 3236 afﬂictionis
3645 3176 3772 3218 tum.

452 3268 600 3311 tuum
630 3273 662 3310 a
689 3257 776 3310 siti
797 3271 815 3309 :
842 3271 958 3327 quae
977 3255 1130 3322 dixit,
1167 3254 1402 3310 Viriliter
1429 3273 1608 3328 agant,
1633 3257 1880 3325 quoniam
1900 3256 2065 3311 dilexi

456 3350 679 3414 alienos,
708 3358 755 3402 et
787 3358 902 3419 post
941 3363 1030 3402 eos
1068 3345 1330 3402 ambulavi
1380 3346 1518 3420 [ΑΙ.
1554 3347 1876 3420 ambulabo].
1927 3349 2064 3404 Pas-

453 3446 555 3500 cha
590 3442 1204 3507 facturi,-calciamenta
1231 3441 1495 3512 jubentur
1519 3441 1720 3497 habere
1751 3443 1804 3496 in
1835 3441 2067 3512 pedibus

451 3535 670 3610 (Exod.
720 3534 864 3601 ιιι).
929 3533 996 3588 Et
1035 3533 1336 3602 Apostolus
1392 3532 1622 3603 (Ephes.
1649 3533 1760 3603 vt),
1805 3535 2068 3589 calciatos

458 3629 722 3696 praedicat
766 3625 933 3695 pedes
979 3639 1169 3680 eorum
1226 3623 1319 3694 qui
1378 3625 1676 3695 Evangelio
1751 3639 2069 3695 praeparan-

661 3734 731 3774 ne
771 3718 899 3772 dum
960 3733 1058 3787 per
1095 3718 1280 3772 saeculi
1333 3717 1495 3787 hujus
1535 3718 1891 3773 solitudinem
1947 3733 2070 3788 gra-

462 3809 706 3874 diuntur,
736 3807 1025 3863 venenatis
1076 3814 1301 3876 pateant
1348 3808 1749 3878 animantibus,
1805 3825 1928 3880 qua:
1971 3809 2072 3866 de-

462 3901 598 3957 bent
621 3898 956 3970 Evangelico
985 3898 1123 3967 pede
1150 3899 1349 3954 calcari
1378 3908 1433 3954 et
1460 3902 1694 3956 conteri.
1724 3900 1924 3956 Guttur
1946 3917 2072 3973 pro-

464 3992 718 4048 hibemus
748 4007 779 4047 a
825 3991 942 4057 siti,
981 3991 1202 4062 quando
1232 3991 1538 4048 Salvatoris
1591 4004 1864 4064 prmcepta
1913 4003 1939 4032 η
1968 3996 2072 4050 im-

460 3730 547 3774 tur
597 3737 610 3773 :

461 4087 675 4157 plemus
713 4085 950 4142 dicentis
1005 4085 1156 4152 τρυε
1207 4085 1314 4140 sitit
1367 4087 1542 4140 veniat
1578 4089 1648 4141 ad
1676 4105 1776 4156 me,
1832 4099 1878 4144 et
1932 4090 2070 4146 bibat

463 4176 667 4248 (loan.
703 4192 795 4244 vn,
838 4178 965 4245 37).
992 4176 1126 4244 Quae
1155 4176 1548 4248 desperatione
1576 4181 1852 4236 malorum
1905 4196 2070 4252 nega-

463 4271 540 4323 vit
562 4284 623 4324 se
646 4269 911 4324 facturam
932 4269 1078 4339 quod
1105 4269 1372 4325 Dominus
1402 4272 1715 4341 imperavit,
1744 4287 2071 4345 causamque

463 4364 720 4432 exposuit
744 4362 933 4418 dicens
967 4380 980 4417 :
1011 4361 1274 4418 Adamavi
1307 4364 1514 4421 alienos
1536 4410 1551 4433 ,
1581 4376 1639 4422 et
1668 4368 1794 4423 illos
1826 4383 2026 4439 sequar
2054 4388 2066 4423 :

469 4451 774 4522 imprudenti
803 4450 1154 4507 confessione
1184 4461 1384 4523 putans
1430 4470 1491 4510 se
1528 4457 1760 4512 crimina
1801 4458 2070 4515 devitarc.

2170 3254 2462 3324 [mpudens
2493 3254 2824 3325 postulatio,
2860 3266 3106 3327 tempore
3133 3256 3482 3312 necessitatis
3513 3267 3571 3312 et
3605 3273 3774 3328 angu-

2169 3345 2288 3402 stia:
2317 3346 2388 3401 ab
2437 3361 2504 3402 eo
2547 3362 2798 3417 quaerere
2838 3348 3140 3415 auxilium,
3175 3364 3334 3418 quem
3372 3348 3428 3403 in
3471 3363 3611 3419 pace
3639 3363 3775 3404 con-

2171 3439 2514 3508 tempserint.
2548 3438 2980 3510 Legendumque
3017 3440 3354 3511 increpantis
3379 3439 3578 3496 affectu
3607 3459 3620 3493 :
3651 3441 3776 3495 libe-

2170 3540 2280 3583 rent
2303 3539 2350 3583 te
2381 3529 2458 3584 dii
2484 3530 2590 3596 tui,
2618 3547 2746 3601 quos
2776 3531 2944 3601 fecisti
2970 3531 3063 3585 tibi
3084 3547 3103 3585 :
3132 3541 3189 3586 ut
3212 3545 3337 3586 cum
3369 3531 3515 3587 Deus
3539 3530 3777 3586 Crealor

2171 3622 2243 3675 sit
2273 3621 2580 3689 hominum,
2614 3623 2778 3677 homo
2809 3624 2998 3678 fecerit
3027 3623 3223 3691 Deum,
3250 3623 3448 3694 probet
3469 3625 3776 3680 necessitas

2169 3714 2300 3786 quid
2325 3716 2556 3786 possint,
2589 3732 2726 3785 quos
2749 3730 2977 3772 securus
3000 3727 3126 3772 ante
3147 3717 3390 3773 coluisti.

2244 3807 2544 3863 Secundum
2568 3825 2836 3863 numerum
2877 3809 3140 3863 civitatum
3171 3820 3378 3864 tuarum
3416 3820 3564 3864 erant
3593 3810 3666 3863 dii
3702 3809 3777 3863 tui

2167 3898 2332 3954 Iuda.
2354 3899 2452 3954 Vel
2468 3899 2688 3955 eosdem
2713 3900 2797 3955 vel
2827 3901 3072 3972 singulos
3087 3912 3251 3971 atque
3269 3901 3524 3958 diversos
3545 3901 3775 3973 singulm

2170 3989 2420 4046 civitates
2445 3991 2700 4047 colebant
2718 3991 2852 4048 deos
2877 4010 2891 4049 :
2926 4002 2984 4047 ut
3015 4008 3113 4048 nec
3155 3993 3434 4064 impietate
3464 3989 3777 4050 viderentur

2173 4092 2378 4149 habere
2398 4107 2731 4150 consensum
2760 4113 2771 4148 :
2802 4095 2897 4150 sed
2931 4110 3177 4166 pugnans
3198 4105 3389 4151 contra
3425 4111 3487 4152 se
3513 4098 3776 4167 supersti-

2171 4196 2269 4262 tio,
2286 4195 2564 4251 diversum
2588 4205 2912 4267 sequeretur
2933 4212 3201 4254 errorem.
3219 4197 3488 4267 Quodque
3509 4199 3771 4269 sequitur,

2170 4291 2218 4352 et
2237 4300 2395 4369 juxta
2419 4314 2688 4352 numerum
2709 4298 2905 4352 viarum
2931 4297 3224 4354 Jerusalem
3244 4299 3596 4354 immolabant
3627 4299 3768 4366 Bard,

2170 4413 2200 4452 a
2222 4397 2365 4452 LXX
2389 4397 2633 4452 additum
2662 4408 2768 4454 est.

471 4500 774 4522 ---γη----η
807 4500 1152 4507 ---μη-η---
1185 4500 1383 4523 μη---
1430 4500 1491 4510 υ..
1530 4500 1760 4512 ν..........
1802 4500 2070 4515 ..νηηηω
2277 4500 2317 4555 V
2456 4501 2528 4556 29
2695 4501 2743 4553 .d
2840 4503 2901 4556 ι.
3025 4545 3027 4547 ι
3182 4502 3217 4520 ..
3256 4504 3360 4556 ὀμ.
3627 4503 3661 4557 d
3755 4503 3777 4539 φ

471 4545 645 4600 Porro
665 4545 816 4616 juxta
849 4543 993 4600 LXX
1031 4545 1118 4600 via
1149 4555 1498 4616 peccatorum
1528 4564 1722 4619 aspera
1752 4563 1858 4617 εει,
1890 4568 2012 4622 qua:
2041 4567 2072 4608 a
2101 4534 2151 4594 Ῐ)
2188 4501 2732 4622 frsjmgi
2771 4512 3152 4622 i’_'_‘_"s,7’fc"f
3198 4521 3251 4616 ’δ’
3292 4513 3623 4622 wwncomm
3660 4521 3771 4622 Ὗζ

467 4637 700 4694 Domino
760 4638 1100 4694 convertitur
1152 4639 1206 4694 in
1253 4641 1396 4694 viam
1459 4641 1696 4711 planam.
1749 4643 2071 4714 Quicunque

460 4729 746 4787 haereticos
775 4734 1046 4802 sequitur,
1080 4730 1274 4787 horum
1307 4749 1566 4790 versuum
1599 4746 1820 4792 notetur
1851 4738 2065 4808 elogio;

467 4825 613 4895 quod
640 4825 879 4893 dixerit,
907 4825 1192 4896 Desperavi
1220 4828 1337 4882 sive
1358 4829 1411 4882 in
1435 4829 1583 4884 malo
1601 4831 1884 4899 proposito
1905 4845 2061 4900 agam

465 4916 716 4984 viriliter,
747 4926 803 4970 et
833 4917 888 4970 in
920 4932 1042 4972 meo
1080 4915 1434 4972 confortabor
1461 4933 1674 4974 errore.
1708 4918 1947 4975 Necesse
1973 4938 2068 4976 au-

467 5014 579 5061 tem
611 5013 715 5073 est,
746 5016 806 5060 ut
831 5008 923 5076 qui
957 5007 1192 5063 alienam
1238 5009 1309 5064 ab
1348 5008 1730 5067 Ecelesiastica
1762 5011 2065 5069 doctrinam

467 5099 735 5170 sequitur,
778 5099 988 5156 alienos
1013 5099 1240 5172 diligat;
1281 5111 1336 5158 et
1362 5117 1551 5159 eorum
1605 5113 1872 5174 sequatur
1899 5109 2064 5163 vesti-

537 5347 564 5376 λ
605 5335 743 5394 Tres
783 5349 914 5391 mss.
947 5335 1277 5407 suscipimus,
1308 5349 1408 5405 pro
1445 5334 1719 5407 implemus
1747 5348 1766 5387 :
1797 5342 1853 5388 et
1893 5332 2055 5407 paulo

467 5417 595 5478 post
614 5405 1291 5480 desperationelneliorum,
1323 5420 1420 5480 pro
1456 5405 1711 5480 malorum
1738 5420 1755 5457 :
1795 5418 1914 5480 eam
1947 5405 2057 5480 lec-_

468 5473 674 5535 iionem
700 5473 894 5548 probat
913 5487 968 5548 et
986 5476 1196 5546 Victor,
1221 5477 1516 5546 laudatque
1538 5475 1775 5548 similem
1801 5473 2061 5548 Cypriani

470 5551 649 5604 locum
681 5545 844 5620 epist.
869 5547 937 5602 ad
979 5545 1190 5605 Donat.
1219 5566 1232 5603 :
1269 5549 1358 5604 Sic
1394 5545 1541 5620 vitiis
1565 5545 1941 5620 adhazrentibus
1976 5546 2060 5620 ob-

470 5615 761 5691 secundatis
788 5636 949 5682 eram,
971 5629 1019 5674 et
1044 5621 1395 5691 desperatione
1422 5619 1716 5691 meliorum,
1751 5615 1902 5669 malis
1934 5615 2059 5669 meis

467 5690 628 5772 veluti
641 5694 757 5770 jam
768 5691 996 5772 propriis
1028 5688 1400 5772 ac'g'ernaculis
1436 5688 1764 5760 atlfavebam.
1872 5751 1875 5758 ι

538 5757 564 5790 ’⁵
591 5756 849 5816 Periedus
871 5756 1053 5817 istaec.
1087 5757 1156 5813 Et
1182 5777 1244 5814 ne
1277 5756 1518 5822 putemus
1557 5773 1724 5824 usque
1773 5756 2053 5827 prophetas

2177 4618 2350 4656 omnes
2390 4603 2734 4672 dereliquistis
2777 4620 2876 4670 me,
2908 4604 3034 4658 dicit
3077 4603 3352 4660 Dominus.
3383 4604 3566 4661 Prona
3594 4617 3677 4660 est
3711 4605 3773 4660 ad

2172 4703 2585 4758 excusationem
2623 4703 2706 4757 sui
2737 4701 2975 4759 humana
3009 4707 3343 4774 perversitas
3368 4747 3384 4773 ,
3410 4714 3473 4760 ut
3514 4705 3773 4777 quidquid

2175 4803 2372 4860 merito
2395 4803 2696 4871 sustinent,
2723 4803 2924 4874 injuste
2948 4806 3221 4861 sustinere
3243 4805 3534 4862 videantur
3550 4823 3566 4872 ;
3583 4816 3639 4862 et
3660 4821 3778 4877 pro-

2174 4905 2346 4975 priam
2370 4903 2585 4973 culpam
2613 4903 2858 4960 referant
2880 4905 2945 4958 ad
2975 4904 3238 4974 judicium
3273 4906 3391 4962 Dei.
3421 4906 3654 4963 Frustra
3677 4909 3775 4978 igi-

2171 5013 2284 5071 tur,
2307 5003 2407 5070 ait,
2435 5002 2736 5059 obtenditis
2763 5005 3176 5075 querimonias,
3211 5015 3268 5061 et
3291 5006 3535 5077 iniquam
3561 5022 3776 5063 causam

2171 5105 2226 5160 in
2268 5104 2532 5175 judicem,
2560 5120 2683 5160 cum
2727 5105 3027 5176 impietatis
3074 5115 3274 5164 vestrae
3314 5108 3407 5175 sit,
3453 5108 3603 5180 quod
3648 5107 3778 5180 pati-

2159 5347 2361 5396 eorum,
2392 5329 2445 5384 in
2474 5329 2648 5394 nullo,
2681 5343 2711 5383 e
2735 5327 2936 5399 quibus
2960 5327 3165 5382 utimur
3187 5342 3324 5399 mss.
3355 5337 3450 5383 aut
3474 5342 3650 5397 penes
3678 5328 3774 5383 Ra-

2165 5404 2364 5457 banum
2401 5401 2487 5455 hic
2519 5399 2624 5454 loci
2648 5398 2906 5465 habetur,
2936 5400 3031 5453 sed
3059 5399 3218 5467 paulo
3246 5398 3475 5453 inferius
3501 5399 3774 5455 Zachariae

2163 5473 2336 5527 tenui
2371 5471 2642 5526 subditur.
2673 5469 2783 5525 Sed
2815 5480 2872 5524 et
2901 5469 3150 5538 proxime
3190 5471 3541 5539 subsequens
3591 5472 3644 5525 in
3682 5469 3766 5526 Ci-

2163 5543 2453 5598 stercieusi
2476 5557 2578 5596 ins.
2595 5544 2770 5596 variat
2787 5558 2800 5598 :
2822 5540 3163 5612 Utamurltoc‘
3177 5540 3552 5608 testimonio,si
3569 5543 3772 5612 quando

2165 5614 2424 5685 principes
2448 5613 2648 5685 nostri,
2674 5621 2721 5665 ct
2749 5611 2804 5665 hi
2834 5614 2921 5685 qui
2949 5614 3004 5685 in
3037 5608 3275 5685 Ecclesia
3315 5605 3767 5681 putan'tur'ducet';

2161 5680 2214 5738 in
2238 5680 2458 5755 peccatis
2489 5684 2725 5754 turpibus
2755 5680 2945 5754 fuerint
2971 5680 3294 5754 deprehensi.
