3972 6386
134 369 246 426 697

735 377 1388 438 COMMENTARIORUM
1428 377 1495 434 IN
1531 376 1881 438 JEREMIAM
1921 382 2342 443 PROPIIE'I‘AM
2381 385 2510 443 LIB.
2552 386 2590 443 Ι.
2632 384 2787 443 CAP.
2828 385 2918 460 ".3

3349 388 3454 444 698

131 484 296 540 mini.
319 487 493 563 855,
508 489 772 563 Quodque
799 492 1071 562 sequitur:
1090 488 1155 545 Et
1178 506 1354 545 omnes
1374 490 1547 561 inique
1568 490 1745 563 egistis
1772 552 1773 557 η

1881 498 2107 565 Domino,
2135 508 2191 555 et
2222 498 2425 554 amittit
2446 498 2863 572 intelligentiam
2890 498 3261 557 doctrinarum
3282 541 3297 565 .
3328 516 3452 573 quae

132 576 191 630 in
220 593 325 646 me,
353 589 380 617 ει
406 597 436 634 a
460 582 816 653 Septuaginta
843 581 1083 637 additum
1116 589 1221 637 est.

224 677 415 752 (γει-ε.
446 676 569 748 50.)
594 677 721 733 Sine
741 693 898 731 causa
925 676 1156 750 percussi
1180 676 1321 748 ﬁlios
1347 686 1538 732 vestros
1558 692 1577 731 :
1598 676 1757 731 disci-

134 772 346 846 plinam
374 788 479 826 non
508 778 827 843 receperunt.
853 771 958 826 Pro
985 785 1094 841 quo
1115 785 1351 842 posuere
1374 769 1520 826 LXX
1545 787 1649 825 non
1670 786 1753 824 re-

138 865 368 938 cepistis.
394 863 721 935 Sensusque
743 873 828 918 est
856 864 907 918 in
932 862 1197 919 Hebraico
1223 881 1235 916 :
1260 863 1366 935 Ipsi
1394 861 1485 933 qui
1513 862 1755 934 percussi

140 966 296 1021 sunt,
322 955 680 1028 disciplinam
712 957 960 1026 recipere
986 956 1297 1010 noluerunt.
1322 954 1379 1010 In
1403 955 1754 1025 Septuaginta

144 1063 331 1105 vero:
366 1046 498 1103 Ideo
530 1046 779 1116 percussi
821 1045 963 1102 ﬁlios
997 1058 1231 1113 vestros,
1265 1055 1323 1102 ut
1363 1047 1581 1103 illorum
1623 1061 1759 1102 nece

143 1156 248 1197 vos
294 1139 683 1197 erudiremini.
723 1138 791 1194 Et
836 1155 904 1194 ne
950 1136 1090 1195 forte
1117 1139 1377 1195 diceretis
1420 1157 1434 1194 :
1470 1148 1758 1210 peccantes

146 1233 437 1305 corripere
463 1232 712 1300 noluisti,
743 1232 916 1302 plagis
939 1230 1134 1287 discite
1155 1231 1397 1288 ﬁliorum
1428 1241 1753 1298 vestrorum,

145 1324 303 1397 quod
333 1324 629 1381 austeriori
670 1337 768 1379 vos
816 1324 1087 1393 cupierim
1129 1337 1329 1379 curare
1362 1321 1753 1379 medicamine.

166 1456 170 1459 η
227 1415 505 1472 Devoravi!
520 1415 727 1490 gladius
743 1425 901 1471 vester
914 1414 1205 1489 PrOphetas
1227 1424 1436 1472 vestros.
1454 1415 1570 1471 Non
1585 1430 1755 1482 meos,

147 1508 249 1564 sed
278 1519 488 1564 vestros
512 1509 814 1579 prophetas
844 1526 855 1561 :
882 1522 1225 1579 nequaquam
1250 1523 1426 1577 meus,
1454 1507 1549 1563 sed
1580 1516 1761 1563 vester

150 1601 374 1672 gladius
418 1601 733 1663 devoravit,
777 1614 939 1671 quem
987 1599 1323 1655 sustinuistis
1371 1614 1475 1671 pro
1527 1598 1763 1669 peccatis

152 1696 380 1752 vestris.
414 1695 591 1752 Porro
618 1694 764 1753 LXX
805 1710 915 1751 non
953 1695 1161 1752 habent
1194 1705 1353 1751 vester
1382 1713 1401 1749 .-
1424 1695 1518 1750 sed
1548 1693 1762 1765 simpli-

150 1788 300 1844 citer
323 1788 667 1860 interpretati
696 1797 824 1845 sunt
844 1789 1108 1844 devoravit
1134 1787 1344 1861 gladius
1368 1787 1657 1861 PrOpltetas
1680 1803 1763 1842 ve-

1857 590 2197 663 signilicatur
2227 594 2283 649 in
2308 602 2554 666 pectore.
2582 591 2739 650 Unde
2780 602 2837 649 et
2874 591 3117 649 Joannes
3159 591 3458 665 Evangeli-

1858 693 1940 740 sta
1970 684 2245 741 recumbit
2283 701 2452 755 super
2498 695 2687 757 pectus
2718 686 2934 741 Domini
2965 684 3162 758 (Joan.
3204 682 3369 755 xm),
3403 693 3462 742 et

1859 777 2234 833 sacerdotibus
2257 778 2401 833 inter
2425 786 2625 834 cmtera
2649 787 2945 848 separatur
2970 776 3350 847 pectusculum
3380 776 3461 830 vi-

1859 868 2149 924 ctimarum
2201 867 2390 939 (Num.
2423 867 2610 939 xvm).
2652 867 2867 937 Quanto
2914 876 3098 922 autem
3147 868 3322 934 major
3374 875 3464 923 est

1862 974 2125 1017 numerus
2173 970 2505 1030 temporum,
2548 960 2748 1031 quibus
2791 958 3167 1015 obliviscimur
3212 957 3455 1026 Domini,

1863 1063 2013 1110 tanto
2044 1053 2219 1124 major
2250 1068 2407 1124 poena
2440 1053 2673 1123 peccati,
2700 1051 2845 1123 quod
2868 1065 2972 1107 nec
2993 1050 3335 1123 longitudine
3357 1064 3461 1106 sa:-

1860 1146 2113 1202 culorum
2145 1146 2385 1214 potuerit
2413 1143 2683 1200 edomari.

1933 1239 2116 1311 (Vers.
2145 1240 2239 1307 55,
2274 1236 2392 1308 54.)
2428 1236 2566 1304 Quid
2611 1235 2792 1291 niteris
2832 1234 3096 1290 ostendere
3134 1233 3269 1288 viam
3315 1244 3461 1287 tuam

1863 1334 2048 1389 bonam
2069 1332 2138 1387 ad
2161 1331 2494 1404 quaerendam
2515 1330 2841 1384 dilectionem
2856 1369 2871 1394 ,
2893 1342 3011 1399 qua:
3037 1327 3250 1393 insuper
3276 1331 3326 1379 et
3348 1340 3459 1378 ma-

1862 1424 2003 1480 litias
2051 1434 2167 1480 tuas
2214 1423 2436 1480 docuisti
2462 1424 2571 1477 vias
2601 1430 2718 1476 tuas
2749 1436 2766 1475 :
2805 1430 2853 1474 et
2882 1421 2937 1473 in
2976 1418 3077 1473 alis
3108 1418 3207 1472 tuis
3236 1416 3383 1490 (sive
3408 1416 3467 1470 in

1863 1516 2135 1589 manibus)
2165 1518 2400 1572 inventus
2435 1525 2507 1571 est
2532 1516 2744 1586 sanguis
2779 1513 3076 1567 animarum
3099 1523 3386 1581 pauperum
3416 1516 3466 1561 et

1863 1612 2233 1667 innocentium.
2267 1607 2394 1663 Non
2422 1609 2476 1662 in
2504 1608 2658 1679 fossis
2685 1606 2836 1678 (sive
2873 1602 3079 1676 foveis)
3111 1602 3283 1657 inveni
3328 1615 3412 1656 eos
3448 1614 3469 1655 :

1863 1703 1953 1758 sed
1976 1705 2030 1758 in
2061 1701 2297 1758 onmibus
2328 1700 2440 1754 istis
2472 1710 2493 1738 ο
2518 1698 2659 1771 (sive
2683 1697 2776 1753 sub
2795 1697 2937 1752 omni
2961 1692 3466 1768 quercu).Frustra,

1866 1796 2077 1867 inquit,
2109 1805 2162 1851 te
2191 1792 2347 1861 cupis
2387 1792 2680 1848 verborum
2712 1800 2830 1846 arte
2858 1788 3189 1854 defendere,
3224 1795 3280 1842 et
3309 1785 3470 1855 quasi

154 1890 294 1936 δινσε
312 1899 333 1949 ;
362 1891 421 1937 ιιι
442 1882 763 1938 οεῐθηάπιιπ
792 1879 878 1937 νει
910 1880 1122 1937 ιιοειῖιίε
1151 1880 1365 1952 Bladl‘ls
1384 1921 1398 1948 ι
1424 1881 1509 1935 νει
1554 1878 1762 1949 gladius
1793 1882 1838 1943 B
1870 1891 2010 1946 bona
2037 1888 2331 1944 ostendere
2359 1901 2529 1957 opera
2563 1895 2649 1939 tua
2678 1892 2739 1939 ut
2770 1881 3034 1938 merearis
3062 1878 3419 1935 dilectionem
3450 1893 3464 1930 :

158 1986 343 2037 meus,
372 1988 468 2044 per
489 1989 655 2045 quem
679 1984 903 2043 peccata
925 1982 1105 2029 vestra
1126 1972 1367 2028 confodi.

236 2064 401 2131 Quasi
426 2066 504 2121 leo
525 2074 754 2120 vastator
771 2067 1035 2135 generatio
1063 2073 1250 2121 vestra.
1274 2062 1421 2119 LXX
1452 2082 1463 2117 :
1501 2062 1663 2132 Quasi
1686 2064 1764 2118 leo

157 2166 415 2227 vastator,
438 2168 484 2213 et
506 2174 609 2213 non
630 2159 895 2213 timuistis.
921 2157 1173 2226 Gladius,
1197 2158 1391 2229 inquit,
1419 2156 1509 2227 qui
1531 2156 1763 2211 devora-

163 2250 241 2304 vit
284 2251 581 2321 prophetas
624 2258 870 2316 vestros;
905 2249 1048 2305 haud
1093 2249 1317 2305 dubium
1366 2249 1497 2320 quin
1539 2247 1666 2302 Baal
1712 2255 1768 2302 ct

163 2342 442 2398 idolorum
467 2343 709 2399 hariolos
750 2344 1053 2414 signiticet,
1087 2342 1258 2397 instar
1287 2340 1462 2396 leonis
1508 2342 1764 2395 universa

166 2436 402 2491 vastavit
429 2454 442 2490 :
473 2445 529 2492 et
560 2447 737 2492 tamen
766 2447 951 2491 vestra
982 2435 1261 2507 generatio
1303 2450 1425 2505 qum
1466 2446 1765 2504 paucorum

163 2526 555 2584 interfeCtioue
576 2528 843 2584 debuerat
876 2527 1156 2583 emendari
1184 2568 1199 2589 ,
1229 2527 1409 2581 omnis
1442 2539 1765 2598 persevera-

165 2623 251 2677 vit
294 2622 351 2677 in
382 2623 622 2689 scelere.
653 2620 813 2678 Juxta
865 2622 1218 2692 Septuaginta
1264 2634 1397 2676 vero
1440 2619 1528 2674 hic
1576 2634 1768 2675 sensus

166 2725 250 2772 est
275 2731 291 2771 :
321 2715 411 2773 Sic
450 2715 665 2787 gladius
704 2715 956 2782 Domini,
988 2715 1079 2786 qui
1108 2712 1138 2753 ι’
1179 2713 1625 2768 adversariorum
1655 2713 1770 2783 gla-

166 2811 315 2866 dium
332 2810 774 2875 demonstra-vit,
797 2807 1103 2873 devoravit,
1125 2818 1289 2878 atque
1321 2806 1583 2863 laceravit
1611 2820 1771 2876 pseu-

167 2901 540 2973 d0pr0phetas
581 2911 834 2967 vestros,
890 2900 1044 2971 quasi
1102 2900 1222 2965 leo,
1278 2899 1369 2964 qui
1420 2896 1771 2953 avidissimus

168 3002 443 3064 repertam
468 2991 709 3063 prmdam
732 2991 960 3059 lacerat,
989 2998 1236 3045 ettamcu
1254 3004 1353 3044 nec
1374 2989 1767 3060 prophetarum

171 3096 476 3142 vestrorum
523 3084 797 3157 supplicio
837 3083 1094 3155 potuistis
1119 3082 1188 3138 ad
1222 3083 1454 3139 meliora
1496 3082 1766 3140 converti.

245 3178 430 3251 (Vcrs.
462 3175 581 3248 3i.)
618 3177 804 3233 Videte
827 3178 1039 3232 verbum
1061 3176 1272 3231 Domini
1299 3192 1318 3230 :
1343 3174 1616 3245 Numquid
1644 3174 1771 3230 soli-

1866 1999 1990 2056 qum
2017 1984 2244 2055 insuper
2262 1982 2430 2037 etiam
2454 1980 2593 2035 alios
2621 1977 2859 2034 docuisti
2886 1976 3007 2032 vias
3028 1985 3176 2041 tuas,
3198 1981 3257 2029 et
3281 1985 3469 2027 exem-

1871 2080 2021 2150 plum
2052 2079 2203 2133 fuisti
2233 2076 2493 2132 omnibus
2537 2072 2811 2129 malorum
2862 2084 3092 2141 operum
3118 2110 3134 2137 ,
3168 2074 3225 2122 et
3272 2065 3326 2121 in
3367 2063 3472 2119 alis

1869 2171 1980 2245 [ΑΙ.
2011 2169 2191 2243 malis]
2221 2170 2450 2242 quippe,
2493 2168 2608 2223 sive
2657 2166 2711 2220 in
2741 2163 2994 2220 manibus
3025 2162 3133 2216 tuis
3154 2204 3169 2230 ,
3213 2161 3469 2214 inventus

1869 2272 1955 2321 est
1979 2263 2206 2334 sanguis
2231 2259 2630 2326 innocentium,
2654 2271 2796 2327 quos
2826 2253 2988 2310 idolis
3012 2249 3329 2314 immolasti,
3352 2246 3471 2303 sive

1870 2372 2100 2428 quorum
2128 2355 2339 2410 animas
2362 2351 2646 2424 perdidisti
2670 2347 3067 2405 sacrificiorum
3087 2341 3469 2399 similitudine.

1872 2449 2162 2521 Pauperes,
2195 2448 2263 2502 de
2290 2444 2558 2502 Hebraico
2587 2443 2887 2513 posuimus,
2913 2439 3005 2510 qui
3030 2439 3083 2493 in
3114 2434 3470 2507 Septuaginta

1872 2558 1980 2598 nou
2010 2542 2302 2597 habentur.
2334 2537 2446 2594 Hos
2476 2544 2686 2600 autem,
2711 2533 2912 2604 inquit,
2936 2544 3206 2603 pauperes
3228 2538 3285 2583 et
3313 2528 3472 2581 iuno-

1871 2644 2084 2701 centes,
2117 2650 2225 2690 non
2259 2633 2439 2688 inveni
2474 2632 2526 2685 in
2572 2628 2745 2684 foveis
2775 2624 3124 2686 interiectos,
3159 2619 3303 2690 quod
3329 2617 3474 2674 solet

1873 2730 2195 2802 plerumque
2224 2723 2480 2780 accidere
2510 2721 2780 2776 latronum
2805 2715 3021 2771 insidiis
3045 2730 3059 2765 :
3084 2711 3178 2769 sed
3207 2711 3261 2766 iu
3292 2708 3471 2766 omni-

1871 2801 1974 2881 bus
2008 2838 2127 2893 quae
2155 2833 2319 2889 supra
2346 2813 2666 2893 memoravi,
2697 2809 2818 2866 sive
2849 2808 2950 2864 sub
2975 2820 3187 2878 quercu,
3214 2815 3338 2874 qum
3365 2801 3474 2856 He-

1872 2888 2059 2973 braice
2081 2888 2280 2969 dicitur
2308 2924 2445 2964 ιιιΑ
2472 2905 2492 2979 (
2523 2888 2634 2964 HL»:
2667 2905 2684 2972 )
2710 2920 2724 2957 :
2757 2915 2878 2973 qtue
2914 2897 3134 2967 quidem
3172 2899 3231 2949 et
3271 2894 3371 2947 ista
3397 2891 3476 2946 si-

1872 3007 2128 3080 gniﬁcat;
2158 3012 2217 3060 ut
2245 3003 2318 3058 sit
2349 3014 2543 3058 sensus
2573 3015 2587 3052 :
2613 2997 2669 3053 In
2702 2993 2958 3050 omnibus
3002 2991 3126 3046 istis
3153 3029 3167 3053 ,
3211 2986 3329 3042 sive
3373 2983 3477 3039 sub

1872 3077 2106 3171 quercu,
2136 3104 2303 3167 atque
2334 3091 2670 3154 terebintho,
2703 3087 2808 3143 sub
2834 3084 2992 3155 cujus
3020 3081 3212 3138 umbra
3242 3088 3299 3134 et
3325 3077 3479 3132 fron-

1874 3170 2033 3248 dibus
2065 3187 2223 3260 quasi
2253 3188 2306 3243 in
2340 3182 2572 3240 arumnis
2600 3181 2737 3236 locis
2768 3175 3100 3234 idololatriae
3119 3171 3144 3211 ἀ
3168 3170 3477 3229 sceleribus
3548 3236 3557 3243 ο

172 3275 292 3328 tudo
325 3274 494 3343 factus
514 3289 629 3328 sum
653 3271 862 3339 lsraeli,
888 3279 978 3325 aut
1006 3280 1144 3325 terra
1176 3270 1430 3325 scrotina?
1451 3269 1626 3337 Quare
1650 3284 1772 3342 ergo
1800 3271 1846 3334 ο
1879 3282 2173 3341 (tuebaris.

173 3366 302 3422 dixit
323 3366 544 3439 populus
573 3381 737 3428 meus,
766 3363 1118 3429 Recessimus,
1144 3379 1248 3417 non
1271 3363 1530 3417 veniemus
1549 3365 1685 3417 ultra
1701 3362 1771 3415 ad

173 3458 260 3513 te?
286 3457 430 3513 LXX
454 3476 467 3513 :
497 3457 688 3513 Audite
718 3458 925 3511 verbum
949 3455 1189 3512 Domini:
1208 3457 1316 3511 Ιιωσ
1340 3454 1464 3509 dicit
1483 3453 1774 3509 Dominus:

176 3548 448 3621 Numquid
472 3550 698 3605 solitudo
726 3551 894 3620 factus
922 3566 1039 3605 sum
1082 3548 1271 3604 Israeli
1295 3566 1313 3604 :
1339 3557 1428 3603 aut
1452 3560 1589 3604 terra
1622 3545 1775 3617 plena

174 3644 393 3698 sentiam
426 3657 447 3696 :
470 3644 594 3712 quia
620 3642 751 3698 dicit
766 3643 992 3714 populus
1013 3658 1179 3709 meus,
1206 3640 1327 3696 Non
1358 3641 1657 3707 serviemus,
1683 3655 1774 3694 nec

173 3737 427 3790 veniemus
452 3735 522 3790 ad
552 3737 633 3790 te?
650 3735 718 3790 Et
739 3736 957 3808 Moyses
981 3736 1207 3791 videbat
1234 3748 1425 3789 vocem
1449 3733 1544 3788 Dei
1572 3730 1772 3802 (Exod.

180 3830 392 3900 sunt),
417 3839 469 3884 et
495 3828 736 3885 Joannes
767 3829 1052 3899 apostolus
1082 3830 1310 3885 verbum
1343 3827 1437 3883 Dci
1484 3825 1688 3882 vidisse
1721 3833 1778 3880 et

175 3931 500 3978 attrectasse
522 3936 583 3977 se
606 3921 737 3977 dicit
764 3921 783 3992 (
808 3921 825 3976 I
850 3919 1013 3975 Joan.
1045 3922 1117 3993 ι).
1147 3921 1379 3976 Miratur
1419 3928 1598 3974 autem
1643 3932 1780 3987 quo-

177 4016 341 4072 modo
369 4015 601 4087 populus
633 4014 801 4070 Israel
839 4015 1008 4070 Deum
1058 4014 1308 4069 habuerit
1339 4013 1497 4084 quasi
1528 4011 1781 4066 solitudi-

180 4123 330 4173 nem,
355 4123 479 4163 cum
512 4107 660 4163 idola
709 4107 865 4177 quasi
905 4105 1284 4162 celebritatem
1318 4105 1535 4160 urbium
1584 4104 1656 4157 sit
1697 4116 1785 4157 se-

176 4211 356 4259 cutus.
386 4200 556 4258 Terra
587 4202 830 4258 serotina
857 4209 947 4257 est
971 4240 984 4261 ,
1015 4215 1137 4269 qua:
1176 4199 1385 4253 imbres
1434 4211 1540 4252 non
1589 4194 1782 4264 recipit

177 4294 580 4360 doctrinarum,
621 4308 724 4350 nec
767 4291 1047 4363 Evangelii
1090 4290 1472 4361 disciplinam;
1520 4287 1781 4357 plenaque

179 4390 442 4454 seutium,
475 4387 603 4458 quia
662 4386 877 4443 exculta
927 4400 1036 4439 non
1090 4384 1286 4439 luerat.
1330 4382 1570 4452 Papulus
1618 4382 1782 4451 igitur

177 4480 456 4549 quondam
487 4479 603 4546 Dei,
639 4479 693 4534 in
727 4494 793 4534 eo
834 4486 921 4534 est
946 4477 1289 4539 sceleratior,
1316 4475 1460 4545 quod
1493 4476 1725 4531 recessit
1751 4490 1780 4530 a

183 4570 436 4638 Domino,
462 4580 648 4626 etnon
671 4570 789 4625 vult
809 4569 950 4625 ultra
983 4569 1185 4623 reverti
1207 4565 1374 4640 855
1396 4567 1463 4621 ad
1491 4565 1781 4620 Dominum

1948 3375 2132 3449 (Vers.
2164 3373 2258 3440 55,
2291 3369 2410 3441 56.)
2441 3366 2509 3424 Et
2528 3366 2711 3423 dixisti
2747 3384 2760 3419 :
2791 3362 2994 3435 Absque
3018 3368 3232 3430 peccato
3258 3366 3307 3411 et
3328 3356 3482 3410 inno-

1877 3483 1995 3522 cens
2017 3482 2110 3537 ego
2140 3481 2256 3519 sum
2286 3480 2301 3520 :
2333 3471 2379 3516 et
2411 3468 2684 3531 propterea
2710 3465 2971 3511 avertatur
2995 3458 3138 3527 [uror
3166 3461 3286 3505 tuus
3316 3465 3347 3501 a
3373 3462 3475 3501 me.

1879 3561 2014 3616 Ecce
2031 3577 2124 3632 ego
2126 3557 2336 3630 judicio
2348 3554 2655 3613 contendam
2672 3563 2859 3618 tecum,
2878 3567 2936 3604 eo
2957 3546 3094 3620 quod
3116 3545 3335 3609 dixeris,
3354 3540 3479 3595 Non

1879 3655 2079 3728 peccavi
2111 3672 2125 3708 :
2153 3669 2310 3725 quam
2356 3652 2469 3706 vilis
2515 3666 2567 3703 es
2623 3651 2762 3721 facta
2804 3644 2957 3699 nimis
2993 3640 3147 3712 (sive
3175 3647 3198 3676 ε
3224 3634 3481 3707 quomodo

1878 3746 2249 3820 comtempsisti
2276 3741 2451 3815 nimis)
2477 3740 2646 3815 856
2664 3741 2860 3793 iterans
2898 3734 3009 3789 vias
3033 3741 3170 3786 tuas.
3197 3728 3294 3784 His
3325 3733 3483 3781 uten-

1881 3842 2009 3897 dum
2038 3848 2126 3897 est
2152 3839 2418 3895 adversus
2449 3849 2545 3890 eos
2567 3834 2658 3903 qui
2691 3829 2882 3885 nolunt
2906 3839 3003 3882 sua
3036 3830 3256 3894 peccata
3279 3831 3484 3889 cogno-

1881 3948 2036 3990 scere
2062 3951 2077 3989 :
2101 3931 2195 3988 sed
2224 3932 2276 3986 in
2306 3940 2552 3999 tempore
2576 3919 2895 3979 afﬂictionis
2922 3929 2977 3975 et
2998 3914 3262 3988 angustiae
3291 3911 3486 3967 dicunt

1882 4042 1943 4084 se
1974 4028 2175 4097 injuste
2219 4024 2492 4080 suSIinere
2528 4035 2647 4091 qua:
2680 4017 2955 4071 suSIinent
2991 4027 3006 4067 :
3041 4010 3323 4081 magisque
3354 4020 3484 4076 pro-

1882 4128 2081 4177 vocant
2107 4118 2243 4173 iram
2274 4115 2397 4179 Dei,
2424 4113 2550 4167 dum
2580 4110 2812 4164 alterum
2831 4147 2847 4173 ,
2883 4103 3169 4173 majusque
3199 4106 3482 4169 peccatum

1884 4213 1978 4275 sit,
2012 4225 2122 4266 non
2149 4209 2339 4277 lugere
2369 4202 2514 4275 quod
2547 4198 2809 4263 fecerint,
2844 4196 2938 4249 scd
2968 4206 3136 4248 vanas
3173 4187 3491 4246 excusatio-

1888 4318 1984 4359 nes
2011 4300 2313 4356 obtenderc
2341 4306 2714 4368 peccatorum.
2745 4288 2960 4343 .Iudicio
2979 4327 2994 4352 ,
3028 4283 3242 4355 inquit,
3271 4290 3483 4336 conten-

1886 4396 2008 4450 dam
2043 4403 2209 4448 tecum
2237 4407 2331 4462 pro
2376 4405 2436 4443 eo
2473 4386 2612 4457 quod
2641 4383 2837 4438 dixeris
2855 4426 2870 4451 ,
2897 4377 3023 4435 Non
3051 4375 3255 4451 peccavi
3286 4391 3305 4428 :
3331 4371 3486 4444 quasi

1888 4487 2064 4557 majus
2103 4484 2379 4556 quippiam
2409 4480 2479 4535 sit
2509 4479 2611 4532 hoc
2641 4484 2923 4547 peccaturo
2944 4515 2958 4538 ,
2999 4469 3148 4525 aliud
3199 4466 3400 4521 habere
3431 4463 3485 4518 in

1890 4574 2256 4641 conscientia,
2289 4570 2435 4626 aliud
2466 4570 2520 4624 in
2546 4580 2804 4622 sermone
2837 4557 3327 4632 proferre.Audiat
3351 4568 3487 4609 nova

178 4677 360 4719 suum.
381 4662 619 4720 Grandis
645 4663 857 4719 offensa
882 4662 1026 4717 nolle
1050 4662 1265 4732 placare
1278 4674 1437 4730 quem
1462 4657 1777 4736 otl'euderis.
1810 4655 1860 4716 D
1886 4689 1954 4729 ει
1981 4668 2158 4725 veteri
2191 4666 2440 4731 tim-esis,
2459 4664 2595 4718 iram
2625 4659 2722 4715 Dei
2746 4673 2869 4714 esse
2892 4655 2977 4711 vel
3006 4654 3322 4717 maximam,
3343 4647 3491 4703 nolle

253 4755 443 4825 (Vers.
473 4756 594 4828 52.)
628 4754 900 4827 Numquid
928 4751 1252 4808 obliviscetur
1304 4752 1448 4826 virgo
1497 4750 1785 4806 ornamenti

1891 4771 2171 4838 peccatum
2188 4758 2439 4817 confiteri
2464 4753 2775 4817 humiliter;
2796 4748 2892 4806 sed
2916 4746 3265 4819 impudenter
3280 4742 3490 4813 jactare

182 4851 299 4918 sui,
329 4860 377 4904 et
406 4865 598 4922 sponsa
641 4849 819 4918 [ascite
861 4845 1138 4919 pectoralis
1178 4847 1332 4899 sum?
1362 4842 1602 4912 Populus
1642 4857 1787 4895 meus
1876 4857 2188 4931 Justitiam:

184 4941 373 4996 oblitus
390 4950 463 4995 est
478 4940 577 4994 mei
593 4939 771 4994 diebus
784 4938 1092 4992 innumeris.
1110 4936 1213 4990 Per
1223 4934 1343 4989 haec
1355 4932 1791 4989 discimusChri-

185 5042 331 5088 stum
359 5046 482 5088 esse
509 5045 771 5101 sponsum
808 5028 1038 5100 virginis
1071 5026 1332 5083 Ecclesiae
1354 5067 1369 5091 ,
1395 5043 1515 5096 quae
1545 5040 1652 5081 non
1696 5024 1793 5079 ha-

187 5126 282 5181 bet
304 5124 598 5190 maculam,
636 5136 812 5193 neque
832 5135 1045 5192 rugam.
1073 5120 1130 5176 Si
1160 5128 1339 5174 autem
1366 5118 1486 5189 ipse
1514 5126 1599 5174 est
1625 5133 1790 5188 spon-

184 5230 319 5286 sus,
362 5216 537 5285 ipsius
584 5213 753 5270 verba
801 5220 952 5278 sunt,
984 5212 1053 5266 de
1106 5224 1215 5280 quo
1266 5209 1509 5280 loquitur
1555 5209 1796 5264 Joannes

188 5308 442 5380 Baptista
474 5308 617 5376 τρυε
639 5308 789 5362 habet
810 5319 1083 5376 sponsam,
1115 5319 1337 5373 sponsus
1378 5312 1454 5358 est
1491 5303 1677 5375 (loan.
1712 5318 1792 5367 In,

187 5400 321 5474 29).
353 5380 753 5458 Ornainentum
785 5411 920 5469 ergo
964 5410 1135 5457 suum
1157 5394 1358 5466 perdit,
1388 5393 1482 5464 qui
1519 5393 1731 5448 recedit
1768 5407 1798 5447 a

270 5600 295 5629 λ
329 5588 546 5645 Addunt
583 5586 694 5643 duo
730 5598 863 5639 mss.
904 5579 1265 5639 Cistercieus.
1307 5587 1363 5635 et
1399 5577 1600 5645 Vatic.,
1648 5574 1799 5632 simi-

196 5663 492 5788 mgrlidem
525 5728 763 5796 rectius,
796 5734 858 5799 ut
888 5720 1257 5799 videtur_,__qu_i
1284 5720 1342 5774 in
1379 5719 1797 5799 adversariorum

231 5804 375 5929 (ﬁt?
389 5791 771 5863 demonstranti
790 5791 886 5858 est;
899 5791 985 5851 vel
1001 5796 1059 5848 ut
1070 5792 1186 5859 alii,
1202 5793 1584 5846 demonstrati“
1597 5792 1801 5861 absque

312 5891 324 5929 l
353 5887 387 5929 0
408 5882 482 5929 εει
491 5912 501 5925 .

1962 4950 2146 5021 (Vers.
2172 4946 2291 5018 57.)
2311 4944 2381 4999 Et
2399 4944 2462 4998 ab
2491 4941 2726 5013 ngypto
2742 4933 3098 5008 confunderis,
3126 4930 3256 4987 sicut
3279 4929 3497 4998 confusa

1890 5060 1942 5106 es
1972 5043 2035 5097 ab
2057 5043 2218 5097 Assur
2240 5058 2259 5095 :
2280 5054 2404 5093 nam
2434 5045 2482 5091 et
2523 5034 2588 5088 ab
2623 5033 2725 5087 ista
2748 5027 3057 5102 egredieris,
3088 5032 3134 5077 et
3173 5036 3353 5076 manus
3396 5028 3499 5072 tua:

1893 5145 2043 5191 erunt
2083 5148 2238 5207 super
2265 5139 2421 5198 caput
2459 5137 2650 5182 tuum:
2680 5123 2929 5196 quoniam
2974 5114 3212 5173 contrivit
3248 5110 3501 5166 Dominus

1895 5201 2265 5297 conﬁdentiam
2288 5225 2429 5296 (sive
2450 5218 2617 5294 spem)
2648 5228 2821 5282 tuam,
2851 5223 2899 5268 et
2930 5210 3065 5267 nihil
3103 5210 3158 5262 in
3198 5221 3259 5261 ea
3298 5201 3503 5257 habebis

1899 5336 2226 5393 prosperum.
2278 5315 2348 5374 Ut
2396 5313 2786 5385 Egyptiorum
2835 5308 3100 5376 impetum
3132 5296 3501 5393 declinarent,

1899 5390 2293 5485 confugiebant
2319 5408 2386 5464 ad
2418 5407 2696 5479 Assyrios,
2716 5415 2948 5474 quorum
2979 5407 3197 5452 cassum
3227 5390 3327 5442 luit
3359 5397 3502 5454 ιιι-ω·

1979 5587 2003 5616 ο
2047 5576 2238 5631 Denuo
2267 5572 2480 5627 addunt
2507 5567 2673 5625 iidem
2703 5564 2814 5620 duo
2842 5573 3000 5623 mss.,
3033 5569 3149 5628 quis
3173 5563 3333 5622 supra
3358 5558 3501 5598 com-

1905 5646 2208 5702 memoravi.

1975 5716 2001 5754 d
2038 5717 2237 5782 Vatic.,
2271 5711 2587 5769 Idololatria
2617 5716 2666 5762 et
2690 5702 2982 5782 sceleribus.

1980 5799 2005 5825 ⁸
2046 5768 2186 5845 fre;
2200 5768 2369 5851 mss”
2392 5786 2498 5838 sire
2524 5777 2735 5852 quando
2757 5768 3126 5840 contempsisti.
