3972 6358
526 321 636 379 69')

1783 308 1843 367 S.
1890 304 2156 368 EUSEBII
2193 306 2585 367 lllERONYMI

3737 310 3843 369 700

527 432 725 487 sidinm
749 468 765 494 ,
794 426 966 480 victos
1010 422 1155 479 enim
1189 435 1286 478 eos
1315 419 1383 476 ab
1405 414 1680 493 Egyptiis
1707 421 1960 492 legimus.
1990 420 2133 477 Rur-
2161 425 2205 485 Α
2237 431 2322 479 ιιιι·
2347 422 2535 479 oculos
2574 430 2727 503 tuos,
2779 437 2812 477 ο
2865 421 3197 493 Jerusalem,
3241 432 3297 480 ct
3330 422 3439 481 huc
3471 420 3720 497 illucque
3740 429 3845 483 cir.

527 537 650 577 sum
675 529 726 573 ut
761 518 896 572 iram
923 513 1134 585 Assyrii
1157 513 1432 585 fugerem,
1454 512 1838 585 Acgyptiorum
1863 513 2135 584 adjutorio

528 626 556 656 ι
580 614 907 677 utebantur;
936 623 1076 680 quos
1104 608 1174 664 ab
1204 608 1446 680 Assyriis
1486 617 1809 679 superatos,
1838 614 2025 663 narrat
2056 606 2137 666 bl-

524 707 726 763 storia.
753 704 1115 775 lncrepantur
1141 716 1292 772 ergo,
1326 701 1472 774 quod
1504 703 1707 757 omissa
1732 716 1830 772 spe
1868 702 1921 757 in
1957 701 2139 757 Domi-

527 815 658 857 num
679 839 694 866 ,
727 798 1013 852 hominum
1048 803 1272 850 utantur
1297 794 1510 849 auxilio
1531 834 1547 862 ,
1573 793 1717 866 quod
1744 806 1910 850 omne
1935 795 2139 851 contri-

529 902 647 950 tum
669 899 754 948 est
782 900 838 947 et
863 892 939 946 ita
966 889 1315 956 subversum,
1343 896 1405 944 ut
1432 888 1562 944 nihil
1600 889 1651 943 in
1679 903 1747 944 eo
1774 888 2025 945 utilitatis
2048 903 2140 945 va-

528 985 679 1042 leant
703 984 970 1055 reperire.
1000 981 1159 1039 Unde
1202 982 1279 1037 ait
1313 998 1326 1035 :
1359 979 1429 1035 Et
1468 983 1533 1036 ab
1567 983 1670 1037 ista
1694 982 2003 1054 egredieris,
2033 980 2139 1037 hoc

530 1087 635 1147 est,
665 1078 732 1133 ab
761 1076 1022 1149 .‘Egypto,
1057 1077 1200 1131 sicut
1230 1089 1451 1146 egressa
1476 1088 1535 1131 es
1563 1074 1633 1132 ab
1659 1076 1923 1150 Assyriis;
1956 1083 2001 1133 et
2029 1092 2140 1130 ma-

536 1188 634 1228 nus
663 1182 765 1227 tute
791 1180 942 1225 erunt
972 1186 1129 1241 super
1154 1179 1314 1240 caput
1334 1180 1500 1237 tuum,
1527 1169 1844 1241 lugebisque
1867 1180 1919 1226 te
1941 1168 2139 1225 frustra

536 1265 606 1319 ab
630 1263 901 1336 Aiigyptiis
927 1273 1278 1336 exspectasse
1296 1265 1632 1336 praesidium.
1658 1265 2032 1322 Recordemur
2059 1263 2140 1321 hi-

540 1357 722 1412 storia:
749 1356 970 1426 quando
999 1357 1068 1412 ab
1103 1358 1321 1414 Amnon
1354 1355 1524 1414 fratre
1559 1356 1991 1414 sceleratissimo
2020 1370 2140 1413 cor-

535 1455 695 1518 rupta
724 1446 962 1503 Thamar
985 1454 1040 1503 et
1062 1449 1290 1516 violata,
1311 1462 1476 1521 supra
1501 1459 1662 1520 caput
1684 1464 1931 1520 sparsum
1955 1449 2141 1507 cinere

536 1555 730 1597 manus
762 1544 1030 1614 posuerit,
1065 1552 1121 1600 et
1151 1544 1225 1599 ita
1259 1559 1482 1601 reversa
1522 1545 1595 1600 sit
1628 1545 1683 1601 in
1720 1544 1941 1602 domum
1986 1560 2138 1602 suam

536 1632 605 1706 (ιι
640 1633 772 1707 Reg.
797 1636 936 1707 xm).

614 1726 767 1799 (Cap.
794 1727 1119 1785 lll.——Vers.
1155 1729 1234 1801 l.)
1274 1728 1440 1800 Vulgo
1475 1729 1669 1785 dicitur
1693 1730 1833 1801 (pro
1860 1745 1967 1802 quo
1994 1728 2136 1786 LXX

2237 517 2533 588 cumspice,
2592 523 2649 572 et
2697 514 2824 573 vide
2872 516 2961 572 ubi
3007 532 3114 572 non
3159 515 3533 575 fornicatione
3564 530 3843 591 prostrata

2238 606 2333 664 sis.
2390 608 2673 676 Quomodo
2702 608 2846 665 enim
2882 608 3124 668 latrones
3153 611 3335 666 solent
3361 611 3429 666 ad
3465 628 3767 685 vesperam
3791 627 3844 671 et

2240 702 2292 757 in
2321 700 2555 758 desertis
2596 702 2730 757 locis
2762 701 3067 757 viatoribus
3098 700 3324 759 insidias
3366 704 3635 761 tendere:
3684 707 3765 762 sic
3788 716 3843 761 tn

2234 795 2391 867 juxta
2434 794 2779 852 fornicariam
2816 796 3266 865 Proverbiorum,
3296 799 3535 856 sedebas
3558 800 3617 855 in
3646 800 3754 856 viis
3777 802 3844 856 ad

2237 902 2550 957 vesperam,
2584 896 2642 944 ut
2670 888 2962 945 concubitu
2996 898 3090 944 tuo
3121 892 3333 947 animas
3360 891 3718 948 interliccres
3738 892 3852 949 for-

2241 982 2540 1038 nicantium
2580 980 2769 1052 (Prov.
2793 983 2888 1055 vn)
2915 1000 2929 1037 :
2975 992 3201 1054 prepter
3229 984 3375 1055 quod
3407 985 3674 1041 universa
3704 994 3849 1042 terra

2241 1074 2441 1145 polluta
2485 1084 2568 1130 est
2616 1075 2668 1128 in
2699 1072 3158 1131 fornicationibus
3195 1077 3301 1131 tuis
3335 1075 3568 1148 (Eccles.
3598 1079 3710 1147 rx).
3766 1078 3852 1134 Si-

2239 1163 2667 1238 gniﬁcanterque
2698 1166 2851 1238 juxta
2881 1182 3163 1240 anagogen
3192 1167 3281 1223 his
3302 1170 3393 1239 qui
3426 1168 3737 1226 haereticos
3764 1186 3853 1227 er-

2241 1274 2399 1317 rores
2443 1260 2699 1317 deserere
2739 1276 2801 1318 se
2832 1262 3178 1332 promittunt,
3223 1263 3546 1333 praecipitur
3574 1273 3639 1319 ut
3669 1265 3856 1321 levent

2241 1353 2430 1409 oculos
2461 1353 2515 1409 in
2535 1354 2824 1411 directum.
2865 1352 2976 1410 Nisi
3000 1354 3146 1411 enim
3168 1366 3317 1411 recta
3344 1356 3541 1413 videre
3571 1358 3856 1431 ceperint,

2244 1446 2564 1517 pravitatem
2594 1447 2883 1520 pristinam
2913 1446 3175 1505 damnare
3199 1464 3306 1505 non
3331 1458 3589 1521 possunt.

2314 1541 2334 1613 (
2351 1540 2507 1597 Vers.
2536 1541 2595 1609 2,
2627 1542 2717 1616 5.)
2751 1541 2819 1597 Et
2844 1542 3081 1613 polluisti
3106 1542 3246 1613 (sive
3267 1545 3582 1619 interfecisti
3608 1549 3626 1616 )
3662 1557 3859 1603 terram

2243 1632 2677 1705 fornicationibus
2707 1638 2831 1698 tuis,
2862 1638 2987 1691 etin
3017 1638 3168 1692 malis
3190 1639 3292 1692 tuis
3315 1636 3437 1713 [ΑΙ.
3471 1641 3528 1694 in
3557 1642 3856 1716 malitiis]:

2242 1726 2856 1802 quamobremproltibita:
2875 1737 2997 1785 sunt
3012 1729 3168 1785 stilla
3187 1730 3503 1803 pluviarum,
3524 1741 3574 1786 et
3589 1735 3862 1788 serotinis:

538 1819 567 1859 ι»
599 1827 800 1875 tantum
828 1818 1023 1878 dicitur
1051 1822 1508 1896 transtulerunt).
1542 1822 1605 1881 Si
1628 1824 1890 1881 demiserit
1910 1824 1986 1878 vir
2007 1840 2139 1880 ατο·
2168 1822 2215 1884 Β
2240 1820 2400 1875 imber
2428 1837 2529 1877 non
2560 1823 2658 1895 fuit
2704 1820 2841 1894 (sive
2883 1830 2930 1876 et
2954 1821 3179 1877 habuisti
3207 1831 3440 1894 pastores
3465 1824 3663 1881 multos
3695 1827 3753 1879 in
3779 1828 3863 1897 of-

539 1929 653 1968 rem
682 1930 852 1981 suam,
885 1923 932 1968 et
972 1917 1211 1972 recedens
1246 1916 1309 1970 ab
1336 1933 1398 1972 eo
1425 1917 1631 1973 duxerit
1670 1919 1837 1972 virum
1879 1918 2147 1974 alterunt:

544 2006 799 2076 numquid
822 2017 1101 2062 revertetur
1120 2008 1190 2061 ad
1217 2025 1331 2063 eam
1357 2010 1491 2063 ultra
1509 2010 1801 2082 ?numquid
1824 2028 1925 2065 non
1947 2009 2147 2083 polluta

540 2105 589 2151 et
612 2100 968 2154 contaminata
998 2102 1094 2156 erit
1124 2102 1311 2156 mulier
1336 2102 1633 2178 itla?(sive
1663 2113 1800 2157 terra
1829 2102 1923 2159 illa
1944 2102 2000 2174 ?)
2021 2112 2071 2161 et
2092 2113 2146 2159 tu

542 2193 812 2263 fornicata
837 2210 890 2248 es
920 2209 1036 2249 cum
1062 2196 1380 2252 amatoribus
1404 2197 1584 2252 multis
1614 2196 1754 2271 (sive
1791 2197 2145 2270 pastoribus).

544 2282 785 2339 Verbum
828 2285 975 2341 enim
1016 2301 1146 2342 ιιειιι
1177 2288 1195 2357 (
1229 2297 1367 2353 εἰη
1399 2288 1439 2360 ),
1481 2288 1626 2360 quod
1671 2298 1907 2360 quatuor
1952 2287 2147 2345 litteris

539 2376 802 2432 scribitur
827 2390 949 2445 ars,
979 2392 1086 2445 AIN,
1118 2394 1234 2449 JOD,
1266 2395 1397 2450 stest,
1431 2387 1488 2437 et
1522 2389 1804 2447 amatores,
1835 2391 1888 2436 et
1914 2389 2146 2454 pastores

541 2477 841 2542 utrumque
860 2473 1155 2542 signiﬁcat.
1179 2472 1248 2529 Et
1278 2476 1324 2529 si
1351 2474 1596 2546 legamus
1617 2487 1766 2541 astu,
1792 2480 2048 2527 amatores
2074 2470 2143 2527 si.

540 2563 766 2637 gnificat
799 2583 814 2620 :
847 2567 892 2621 si
920 2578 1071 2635 noni,
1104 2575 1356 2639 pastores.

613 2656 813 2713 Tamen
869 2667 1118 2713 revertere
1162 2658 1233 2712 ad
1296 2675 1406 2728 me,
1479 2659 1610 2714 dicit
1671 2656 1930 2713 Dominus
1979 2656 2144 2735 857

548 2750 713 2823 (sive
756 2751 1087 2806 revertebaris
1136 2751 1206 2804 ad
1255 2767 1334 2806 me
1362 2797 1377 2822 ,
1429 2751 1561 2808 dicit
1589 2750 1909 2822 Dominus).
1958 2752 2015 2808 ln
2042 2750 2147 2809 He-

547 2840 699 2897 brato
727 2840 892 2898 etiam
939 2851 1068 2914 post
1108 2841 1530 2900 fornicationem
1564 2853 1586 2883 ο
1613 2842 1842 2916 suscipit
1873 2844 2145 2914 pmniten-

547 2939 683 3003 tem,
714 2940 771 2990 et
797 2935 1044 2990 hortatur
1067 2944 1123 2990 ut
1149 2944 1467 2992 revertatur
1496 2936 1563 2993 ad
1591 2950 1672 2993 se.
1711 2935 1767 2993 In
1809 2934 1955 2993 LXX
1988 2948 2139 3005 vero,

549 3038 658 3081 non
684 3035 942 3107 provocat
962 3026 1029 3081 ad
1059 3028 1435 3098 paenitentiam
1454 3069 1470 3095 ,
1503 3028 1599 3085 sed
1629 3028 1813 3100 arguit
1850 3028 2143 3100 impuden-

547 3120 683 3177 tiam
715 3122 1041 3189 meretricis,
1078 3123 1223 3194 quod
1275 3131 1397 3195 post
1435 3123 1764 3180 adulterium
1802 3123 2001 3179 reverti
2048 3136 2145 3178 au-

2247 1914 2533 1987 fensionen:
2564 1913 2700 1985 tui).
2751 1913 3043 1971 lnterlecta
3086 1924 3175 1971 est
3224 1924 3414 1982 terra,
3461 1916 3582 1972 sive
3620 1918 3859 1987 polluta,

2245 2015 2472 2077 propter
2503 2004 2944 2063 interfectionem
2985 2022 3201 2075 eorum,
3254 2008 3348 2079 qui
3379 2007 3725 2065 idololatria
3753 2009 3864 2067 for-

2247 2097 2523 2153 nicatione
2544 2098 2850 2169 perierunt.
2900 2098 3060 2156 Unde
3095 2099 3271 2156 ablata
3298 2108 3384 2156 est
3404 2101 3663 2157 omnium
3698 2103 3865 2160 bette-

2248 2190 2419 2246 dictio
2447 2207 2652 2258 rerum,
2681 2200 2739 2246 nt
2762 2203 3086 2262 paterentur
3102 2193 3407 2250 siccitatem
3432 2197 3719 2251 sermonis
3744 2196 3858 2253 Dei.

2247 2282 2372 2339 Sive
2406 2284 2594 2340 habuit
2617 2295 2886 2355 pastores,
2919 2302 3016 2357 per
3042 2301 3183 2358 quos
3212 2277 3523 2346 oﬂ'enderet
3552 2289 3766 2356 Deum;
3806 2303 3863 2345 ut

2248 2378 2343 2450 qui
2375 2379 2619 2450 magistri
2646 2394 2770 2436 esse
2800 2380 3135 2449 debuerant,
3158 2391 3220 2437 ut
3240 2380 3382 2436 alios
3410 2382 3481 2436 ab
3504 2383 3679 2457 858
3706 2399 3865 2440 erro-

2249 2484 2307 2524 re
2331 2469 2706 2541 prohiberent,
2742 2482 2996 2529 auctores
3027 2474 3327 2545 impietatis
3350 2476 3695 2531 exstiterint.

2322 2560 2496 2617 Frons
2519 2565 2748 2619 mulieris
2771 2566 3050 2620 meretricis
3077 2570 3215 2636 facta
3243 2575 3319 2621 est
3345 2565 3461 2632 tibi,
3489 2566 3709 2622 noluisti
3740 2584 3862 2625 eru-

2250 2654 2468 2713 bescere.
2535 2652 2702 2713 LXX:
2762 2655 2949 2712 Facies
2988 2659 3270 2712 meretricis
3299 2658 3441 2728 facta
3467 2667 3543 2714 est
3568 2659 3699 2715 tibi:
3743 2660 3861 2714 sine

2248 2747 2431 2803 rubore
2461 2753 2600 2822 facta
2630 2767 2681 2805 es
2703 2752 2771 2805 ad
2797 2767 2994 2806 omnes.
3025 2752 3159 2819 Quia
3194 2766 3360 2824 supra
3394 2751 3498 2825 (Ad
3523 2770 3647 2823 cap.
3673 2754 3855 2825 11,35)

2248 2838 2493 2895 dixerat:
2514 2837 2636 2896 Non
2663 2842 2890 2913 peccavi,
2912 2852 2969 2899 et
2993 2843 3168 2914 magis
3198 2856 3523 2914 peccaverat
3546 2859 3644 2900 sua
3673 2846 3860 2903 scele—

2250 2948 2309 2988 ra
2340 2932 2696 3005 denegando:
2744 2934 2949 2991 idcirco
2983 2951 3127 2992 nunc
3162 2937 3345 3009 arguit
3368 2936 3532 3008 quasi
3557 2938 3854 2995 mulierem

2249 3041 2530 3097 procacem
2562 3036 2619 3083 et
2642 3027 2821 3083 nimia:
2858 3013 3245 3099 impudentiae:
3274 3038 3333 3085 ut
3360 3044 3468 3085 non
3504 3030 3572 3086 ad
3597 3046 3775 3086 unum
3800 3040 3857 3087 et

2247 3120 2477 3177 alterum
2526 3123 2746 3192 procaci
2793 3122 2945 3178 vultu
2987 3122 3218 3190 feratur,
3263 3124 3359 3179 sed
3402 3122 3617 3180 nullum
3647 3123 3855 3181 erube-

544 3212 673 3270 deat
701 3214 770 3269 ad
803 3215 1083 3270 maritum.
1116 3216 1382 3287 Quodque
1420 3218 1538 3273 ait:
1565 3227 1615 3272 et
1653 3216 2005 3272 contaminata
2045 3216 2140 3270 erit
2168 3207 2213 3271 C
2246 3226 2383 3272 scat.
2426 3214 2654 3271 Utamur
2689 3214 2793 3271 hoc
2836 3231 3093 3273 sermone
3131 3215 3423 3273 adversum
3462 3216 3855 3274 haereticorum

544 3307 733 3362 mulier
761 3307 876 3376 illa,
896 3322 997 3379 pro
1019 3324 1125 3380 quo
1155 3307 1208 3365 in
1244 3309 1517 3366 Hebraico
1544 3310 1777 3383 legimus
1806 3318 2028 3378 terram,
2060 3323 2147 3365 re-

540 3403 741 3475 linquit
770 3404 1114 3475 exemplum,
1143 3415 1200 3462 et
1227 3406 1574 3464 manifestius
1617 3406 1686 3463 de
1727 3415 1872 3463 terra
1910 3404 2149 3478 loquitur

542 3493 737 3561 Israel,
772 3512 895 3568 qum
942 3498 1208 3554 adulter-te
1255 3498 1471 3554 mulieri
1516 3508 1885 3571 comparatur.
1917 3496 2148 3557 Utamur

543 3586 650 3645 hoc
681 3592 997 3648 testimonio
1026 3594 1294 3648 adversus
1334 3607 1430 3648 eos
1462 3594 1551 3664 qui
1600 3594 1759 3649 fidem
1806 3590 2020 3649 Domini
2063 3607 2151 3649 rev-

546 3679 884 3751 linquentes,
908 3692 962 3737 et
992 3683 1371 3739 lucretio-orum
1394 3686 1678 3741 erroribus
1702 3685 2006 3763 prmpediti,
2029 3692 2151 3757 post

546 3769 749 3826 multas
781 3772 1177 3830 fornicationes
1208 3785 1262 3831 et
1303 3775 1659 3847 deceptiones
1697 3780 2030 3847 animarum,
2076 3778 2152 3836 si-

546 3862 759 3920 mulant
802 3879 863 3922 se
908 3867 1111 3922 reverti
1159 3867 1226 3923 ad
1252 3868 1557 3938 ipristinam
1585 3866 1873 3928 veritatem
1910 3884 2059 3930 :non
2092 3881 2151 3928 ut

545 3955 821 4026 deponant
872 3973 1083 4015 venena
1137 3959 1422 4031 pectoris,
1481 3960 1579 4019 sed
1634 3970 1691 4020 ut
1747 3964 1962 4021 caeteris
2017 3964 2153 4022 insi-

552 4056 748 4103 nuent.

622 4139 806 4210 (Vers.
840 4140 922 4215 2.)
942 4141 1078 4198 Leva
1114 4146 1294 4201 oculos
1324 4155 1438 4203 tuos
1463 4146 1517 4203 in
1547 4146 1821 4219 directum,
1852 4160 1899 4207 et
1925 4151 2040 4207 vide
2064 4152 2154 4208 ubi

547 4250 651 4290 non
674 4243 939 4307 prostrata
960 4239 1053 4293 sis.
1113 4237 1179 4294 In
1205 4242 1301 4295 viis
1332 4240 1544 4298 sedebas
1573 4253 1880 4314 exspectans
1909 4262 1995 4301 eos
2019 4264 2154 4319 qua-

549 4328 594 4382 si
647 4326 783 4384 latro
831 4329 885 4383 in
932 4328 1216 4387 solitudine
1261 4333 1413 4406 (sive
1463 4336 1615 4408 quasi
1662 4338 1846 4392 cornix
1895 4337 2151 4412 deserta).

551 4422 661 4479 Pro
693 4422 940 4490 latrone,
966 4425 1084 4482 sive
1113 4425 1234 4500 [ΑΙ.
1260 4428 1349 4503 et]
1394 4429 1642 4497 cornice,
1670 4428 1723 4485 in
1755 4429 1989 4488 Hebraeo
2017 4430 2156 4489 scri-

550 4522 704 4586 ptum
752 4523 839 4572 est
882 4532 1055 4573 ansas
1087 4526 1220 4586 tn'txt
1248 4562 1263 4589 ,
1317 4520 1463 4592 quod
1510 4531 1693 4593 potest
1731 4532 1789 4580 et
1828 4524 2030 4581 Arabas
2081 4524 2154 4580 si-

2251 3309 2695 3377 conciliabulum,
2728 3309 2819 3380 qui
2848 3310 2903 3365 in
2926 3311 3044 3366 suis
3068 3311 3349 3366 erroribus
3372 3311 3702 3383 gloriantur.

2324 3400 2505 3477 (Vers.
2522 3402 2580 3470 4,
2596 3402 2677 3475 5.)
2693 3401 2836 3475 Ergo
2849 3404 3032 3458 saltent
3047 3404 3236 3459 amodo
3250 3420 3378 3460 voca
3387 3420 3493 3473 me,
3504 3403 3670 3461 Pater
3684 3420 3852 3472 meus,

2253 3497 2363 3555 dua:
2388 3499 2699 3571 virginitatis
2730 3515 2859 3553 mea:
2887 3515 2939 3554 es
2969 3508 3059 3555 tu:
3091 3499 3342 3572 numquid
3370 3500 3619 3555 irasceris
3645 3502 3699 3555 in
3730 3517 3855 3571 per-

2252 3598 2488 3662 petuum,
2525 3601 2615 3645 aut
2662 3591 3010 3664 perseverabit
3040 3593 3095 3646 in
3126 3592 3324 3663 ﬁnem?
3365 3592 3707 3648 Erubescant
3734 3592 3856 3648 ha-

2251 3681 2409 3738 retici
2455 3682 2545 3754 qui
2598 3684 2789 3739 nolunt
2840 3682 2909 3739 ad
2952 3681 3181 3739 meliora
3204 3684 3480 3749 converti,
3506 3698 3611 3739 nec
3633 3683 3854 3754 regredi

2253 3773 2318 3829 ad
2352 3770 2567 3830 Patrem
2596 3773 2921 3831 Creatorem
2951 3788 3131 3842 suum,
3161 3784 3217 3830 et
3244 3775 3503 3831 audiant:
3569 3774 3771 3831 Saltem
3796 3792 3856 3829 a-

2255 3867 2409 3921 modo
2428 3884 2554 3923 voca
2582 3885 2682 3935 me,
2706 3865 2865 3923 Pater
2894 3883 3037 3922 meus
3057 3867 3171 3922 dum
3196 3868 3512 3941 virginitatis
3541 3883 3669 3923 mete
3696 3882 3750 3922 es
3772 3875 3853 3923 tat.

2254 3960 2377 4034 Ipse
2406 3960 2699 4033 despondit
2722 3961 2961 4018 animam
2990 3971 3231 4018 vestram
3258 3961 3612 4028 amplexibus
3636 3962 3774 4028 suis,
3798 3970 3854 4018 et

2255 4053 2415 4111 docet
2447 4054 2720 4125 quomodo
2748 4070 2913 4111 orare
2935 4054 3157 4119 debeat,
3178 4063 3235 4109 et
3254 4069 3417 4123 agere
3443 4055 3850 4125 paenitentiam.

2256 4148 2475 4219 Quanto
2504 4158 2687 4205 autem
2712 4149 2803 4206 illc
2824 4148 3171 4213 clementior,
3194 4149 3285 4220 qui
3308 4150 3501 4204 salutis
3522 4161 3657 4222 post
3684 4150 3847 4207 forni-

2255 4243 2535 4300 cationem
2570 4241 2812 4299 ostendit
2840 4242 3016 4298 viam:
3072 4249 3226 4298 tanto
3263 4243 3524 4299 miserior
3563 4242 3851 4310 meretrix,

2257 4351 2378 4408 qua:
2401 4349 2504 4390 non
2527 4333 2645 4388 vult
2669 4342 2794 4405 post
2820 4333 3051 4390 vulnera
3076 4334 3325 4405 recipere
3350 4336 3673 4391 sanitatem.

2334 4428 2464 4483 Ecce
2518 4428 2695 4483 locuta
2744 4444 2825 4497 es,
2853 4437 2902 4483 et
2949 4430 3118 4501 fecisti
3162 4429 3326 4497 mala,
3361 4438 3413 4484 et
3471 4432 3712 4500 potuisti.
3750 4430 3855 4489 Pro

2257 4522 2444 4579 verbis
2477 4518 2835 4592 pmnitentite,
2888 4521 3071 4578 verbis
3100 4522 3378 4592 superbia:
3409 4522 3809 4595 blasphemasti
3837 4542 3851 4580 :

549 4609 836 4681 gnificare,
879 4627 1000 4682 qure
1035 4628 1169 4684 gens
1200 4614 1506 4672 latrociniis
1541 4615 1751 4687 dedita,
1784 4633 1957 4690 usque
1983 4617 2146 4675 hodie
2172 4600 2222 4665 Ι)
2248 4626 2302 4671 et
2329 4614 2569 4685 implesti
2602 4613 2997 4686 cogitationem
3022 4623 3173 4671 tuam
3205 4616 3410 4671 malam
3431 4657 3447 4681 ,
3476 4626 3534 4672 es
3560 4617 3851 4674 ostendisti

551 4701 796 4760 incursat
828 4708 1098 4761 terminos
1124 4707 1451 4776 Palaestinae,
1493 4718 1551 4765 et
1577 4709 2040 4766 descendentibus
2079 4708 2149 4766 de

550 4792 854 4852 Jerusalem
886 4798 937 4853 in
967 4798 1188 4856 Jericho
1213 4801 1430 4857 obsidet
1459 4802 1611 4857 vias:
1659 4802 1816 4872 cujus
1846 4800 1928 4859 rei
1958 4812 2012 4859 et
2043 4800 2150 4859 Dc-

552 4887 733 4944 minus
764 4890 815 4945 in
841 4890 1140 4963 Evangelio
1166 4894 1491 4951 recordatur
1518 4896 1538 4968 (
1568 4892 1698 4951 Luc.
1724 4912 1753 4951 x
1782 4894 1824 4968 ).
1849 4895 2016 4952 Eleva
2049 4897 2150 4968 lgi-

631 5060 658 5090 ι
670 5053 799 5137 Mss.
816 5056 1131 5128 nitebantur,
1144 5074 1243 5130 pro
1255 5061 1535 5117 utebantur
1550 5069 1605 5118 et
1622 5061 1973 5117 cohaerenter
1999 5071 2062 5131 pa
2071 5059 2162 5116 ulo

561 5132 963 5197 pastinitantur,
994 5142 1095 5197 pro
1120 5141 1357 5186 utantur.

631 5194 658 5233 ι’
689 5196 746 5251 In
777 5194 1055 5275 hodiernis
1080 5210 1182 5275 τῷν
1208 5203 1352 5259 LXX
1381 5203 1787 5275 exemplaribus
1814 5203 1952 5260 nihil
1995 5202 2163 5260 babe-

569 5277 677 5336 tur,
707 5270 849 5338 quod
878 5269 1091 5325 duabus
1125 5272 1275 5328 hisce
1317 5269 1561 5329 vocibus'
1585 5285 1785 5330 tantum
1830 5276 2041 5339 dicitur,
2070 5281 2162 5329 aut

565 5342 659 5394 uni
692 5339 910 5408 dicitur,
944 5342 1291 5406 respondeat.
1317 5344 1586 5400 Prwterea
1622 5346 1753 5401 illud
1785 5355 1986 5402 tantum
2019 5344 2161 5401 haud

567 5411 709 5466 bene
729 5455 744 5474 ,
769 5412 996 5486 opinor,
1025 5414 1349 5471 describitur
1382 5417 1570 5471 Italico
1615 5418 1940 5474 charactere
1967 5462 1981 5486 ,
2023 5432 2087 5472 ac
2114 5418 2160 5473 si

565 5497 634 5538 ex
663 5491 764 5539 τῶν
806 5483 947 5539 LXX
982 5486 1433 5553 interpretatione
1461 5498 1646 5554 esset,
1679 5504 1801 5544 cum
1838 5491 1937 5544 abs
1970 5483 2163 5543 Hiero-

567 5569 734 5624 nymo
765 5558 1000 5625 positum
1037 5558 1286 5612 videatur
1311 5600 1325 5623 ,
1370 5569 1428 5614 ut
1457 5560 1673 5615 doceret
1699 5602 1713 5627 ,
1748 5569 1840 5613 aut
1872 5559 2014 5615 LXX
2045 5569 2162 5612 tan-

567 5631 707 5676 tum.
761 5641 919 5676 secus
973 5643 1136 5676 mnam
1188 5630 1279 5676 alii
1334 5631 1689 5676 inlm'nrolm,
1755 5632 1987 5676 tertiam.
2031 5631 2162 5676 dici—

593 5640 707 5691 um,
761 5641 919 5682 secus

1013 5643 1136 5682 llam
1188 5630 1279 5684 alii
1334 5631 1695 5700 interpretes,
1755 5632 1987 5685 vertisse
2031 5631 2162 5682 dici-

565 5702 673 5766 tur,
705 5706 820 5766 aut,
864 5713 971 5766 quo

1044 5701 1383 5768 probabilius
1422 5711 1532 5769 est,
1581 5717 1683 5772 pro
1728 5701 1938 5757 duobus
1981 5700 2164 5756 verbis

557 5763 953 5889 mancum,
986 5763 1154 5826 unum
1187 5781 1391 5828 tantum
1416 5813 1431 5840 ,
1467 5763 1663 5847 nem'pe
1691 5774 1904 5844 dicitur,
1937 5788 2033 5831 eos
2062 5788 2161 5845 po-

2253 4717 2446 4765 contra
2498 4707 2676 4764 virum
2728 4706 3109 4764 fortitudinem
3134 4717 3316 4777 tuam,
3372 4718 3433 4763 ut
3465 4708 3647 4779 possis
3677 4707 3857 4765 facere

2255 4800 2399 4872 quod
2432 4815 2693 4858 sermone
2724 4802 2996 4857 tractasti.

2326 4892 2513 4964 (Vers.
2527 4892 2560 4950 6
2572 4892 2824 4967 seqq.)Et
2844 4895 2973 4951 dixit
2988 4893 3324 4950 Dominusad
3337 4910 3416 4949 me
3429 4896 3486 4949 in
3501 4894 3854 4950 dicis-sletne

2344 5069 2364 5096 ο
2400 5054 2646 5112 Diximus
2673 5055 2725 5111 in
2751 5055 2894 5111 notis
2916 5054 2981 5111 ad
3011 5054 3170 5123 epist.
3192 5053 3320 5125 ιιι,
3344 5055 3409 5110 ad
3441 5051 3681 5125 Rustic,
3706 5069 3850 5110 num.

2262 5129 2320 5194 2,
2355 5129 2447 5200 qui
2491 5129 2563 5183 sit
2602 5126 2762 5200 hujus
2808 5125 2912 5181 loci
2946 5140 3140 5182 sensus
3174 5127 3231 5181 in
3271 5124 3849 5200 llelirteo_archetypo.

2264 5140 2320 5194 2,
2355 5140 2447 5200 qui
2491 5140 2563 5183 sit
2602 5140 2762 5196 nujns
2808 5140 2912 5181 IOCI
2946 5140 3140 5182 sensus
3174 5142 3231 5181 ιιι
3271 5140 3507 5182 ttenraao
3539 5140 3849 5252 arcnetlpo.

2264 5200 2398 5257 Cum
2422 5201 2567 5255 enim
2601 5198 2868 5253 hodierna
2888 5199 3008 5269 ejus
3031 5198 3580 5269 text-uspxemplsria
3607 5197 3724 5252 nihi
3768 5197 3852 5250 ha-

2264 5250 2401 5328 13.21.};
2410 5250 2726 5341 (nam;
2743 5250 3203 5335 inaurati-ias:
3216 5250 3313 5330 es
3324 5250 3483 5335 mea;
3496 5250 3513 5254 ⁷
3533 5250 3582 5323 et
3607 5250 3853 5341 haud.

2264 5344 2334 5398 ad
2360 5338 2470 5407 me,
2493 5342 2617 5396 dicit
2651 5338 2926 5406 Dominus,
2960 5342 3094 5395 satis
3123 5352 3300 5398 tamen
3331 5344 3642 5396 luculenter
3671 5340 3723 5393 in
3745 5340 3850 5395 lau-

2263 5415 2386 5470 data
2409 5415 2569 5481 epist.
2591 5412 2752 5482 tradit
2774 5426 2885 5465 suae
2908 5414 3026 5482 ipse
3052 5412 3175 5467 fidei
3196 5412 3380 5482 jussor
3410 5413 3637 5466 llieron.
3660 5428 3672 5465 :
3694 5411 3848 5482 scrip-

2269 5496 2377 5540 tum
2389 5480 2547 5558 juxta
2575 5480 2887 5558 Δητιιιίιιίειιτιι
2911 5480 3209 5558 veritatem,
3227 5486 3373 5557 quod
3392 5485 3445 5537 in
3473 5482 3677 5537 Cra-cis
3699 5491 3745 5536 et
3764 5480 3846 5534 La-

2269 5555 2399 5612 tinis
2418 5555 2680 5609 codicibus
2702 5571 2803 5608 non
2845 5556 3059 5610 habetur
3086 5573 3105 5610 :
3136 5555 3303 5611 tamen
3328 5564 3645 5617 convertere,
3669 5568 3737 5609 ετ
3762 5564 3845 5607 θυι

2270 5642 2479 5684 εοιιιιΑιι
2517 5642 2587 5704 re
2616 5668 2631 5693 ,
2665 5627 2815 5704 “dicit
2865 5627 3133 5704 Dominus.
3182 5627 3387 5704 Neque
3425 5627 3567 5704 adeo
3608 5634 3842 5704 temere3

2270 5703 2486 5771 opinor,
2534 5700 2589 5754 in
2630 5697 2835 5772 aliquot
2882 5693 3321 5769 Hieronymiana:
3368 5700 3541 5772 ἱρείας
3590 5693 3845 5754 versionit

2272 5769 2552 5831 radicibus
2577 5784 2641 5827 ea
2669 5769 2831 5826 verba
2850 5772 3186 5829 inseruntur.
