3972 6358
14 371 192 430 '70!

690 371 1344 433 COMMENTARIORUM
1382 369 1447 428 IN
1488 368 1732 429 IEREM.
1776 370 2201 431 PROPHE'I‘AM
2240 373 2367 431 LIB.
2409 375 2451 433 l.
2491 372 2645 432 CAP.
2687 375 2781 434 Ill.

3287 382 3397 441 702

3367 424 3397 441 η

0 498 230 567 regis
259 511 279 548 :
312 492 584 567 Numquid
606 494 796 560 vidisti,
828 509 943 564 qua:
972 493 1146 563 fecerit
1174 491 1461 547 aue‘rsatrite
1495 488 1704 547 Israel?
1729 496 1780 560 Α
1808 492 2034 548 animam
2076 509 2227 548 suam
2272 494 2560 549 aversatria:
2585 492 2755 550 Israel
2782 494 3167 567 comparatione
3204 516 3400 570 prava-

22 589 242 645 Alii:
266 589 474 646 sibimet
493 604 649 658 super
668 601 869 641 omnem
889 593 1113 641 montem
1136 587 1422 652 excelsum,
1455 594 1504 639 et
1530 584 1705 639 subter
1806 585 2061 641 ricatrieis
2087 582 2253 641 Iuda.
2310 584 2534 656 Iustior,
2568 587 2775 659 inquit,
2807 596 2894 644 est
2920 586 3093 645 Israel
3121 604 3400 659 compara-

20 699 252 739 onme
289 686 487 753 lignum
514 680 840 753 frondosum,
866 686 915 734 et
948 680 1203 751 fornicata
1229 686 1303 733 est
1327 678 1421 733 ibi.
1453 676 1520 732 Et
1547 678 1662 733 diri
1683 721 1698 746 ,

16 791 253 846 quum
286 776 490 847 fecisset
515 772 626 828 Isaae
646 774 858 828 omnia:
878 772 959 827 Ad
979 788 1058 827 me
1087 781 1397 840 conuertere,
1428 782 1476 828 et
1502 789 1605 827 non
1626 780 1701 827 est

23 881 325 923 reversa.
379 864 451 921 Et
491 866 618 921 uidit
645 865 1039 937 prteuaricatria:
1060 880 1211 919 soror
1240 868 1355 939 ejus
1378 862 1548 933 Iuda,
1578 866 1701 936 quia

24 976 179 1031 pro
215 975 306 1027 eo,
337 959 477 1031 quod
497 959 748 1014 alternata
771 968 847 1013 est
868 960 1156 1014 aversatrix
1178 957 1370 1025 Israel,
1387 959 1699 1014 dimisissem

22 1070 227 1122 eam,
274 1061 325 1108 et
376 1052 631 1107 dedissem
681 1051 729 1106 ei
758 1050 990 1106 libellum
1014 1051 1240 1123 repudii,
1310 1060 1357 1105 et
1383 1067 1487 1106 non
1525 1052 1698 1107 timuit

24 1146 488 1217 prmaricalria:
537 1143 685 1200 Iuda
723 1160 873 1199 soror
920 1147 1057 1217 ejus,
1083 1145 1174 1198 sed
1199 1144 1329 1198 abiit
1356 1154 1405 1199 et
1435 1145 1698 1216 fornicata

32 1248 147 1294 est
172 1240 348 1294 etiam
375 1240 509 1310 ipsa,
541 1246 587 1291 et
616 1246 641 1273 ιι
674 1237 927 1309 facilitate
970 1238 1334 1307 fornicationis
1384 1254 1492 1293 sua:
1516 1245 1699 1293 conta-

24 1332 309 1386 ntinouit
337 1342 551 1398 terram,
583 1336 631 1384 et
660 1330 913 1386 maechata
942 1339 1021 1386 est
1045 1347 1160 1385 cum
1187 1329 1363 1401 lapide
1386 1340 1433 1386 et
1462 1332 1697 1406 ligno:et

22 1425 119 1478 in
168 1421 424 1478 omnibus
463 1422 545 1477 Itis
582 1437 685 1476 non
726 1430 802 1477 est
843 1439 1047 1477 reuersa
1085 1422 1153 1477 ad
1190 1438 1270 1479 me
1305 1425 1696 1494 pra'varicatria:

30 1531 237 1570 soror
266 1518 388 1586 ejus
413 1513 557 1568 Iuda
580 1513 635 1567 in
660 1522 767 1568 toto
793 1514 944 1568 corde
967 1529 1084 1582 suo,
1106 1515 1194 1568 sed
1220 1515 1275 1569 in
1305 1514 1596 1583 mendacio,
1621 1516 1696 1572 ait

32 1607 378 1663 Dominus.
413 1604 661 1662 Aliorum
694 1615 984 1674 tormenta,
1016 1607 1248 1663 aliorum
1276 1610 1515 1665 remedia
1542 1616 1688 1666 sunt.

31 1700 342 1772 Cumque
369 1701 590 1771 punitur
619 1700 916 1770 homicida,
941 1702 1137 1773 recipit
1159 1701 1378 1773 quidem
1404 1704 1523 1774 ipse
1544 1704 1690 1775 quod

31 1796 247 1863 fecit;
301 1796 399 1852 sed
430 1796 521 1851 alii
555 1796 908 1853 deterrentur
944 1812 975 1853 a
1005 1797 1240 1853 scelere.
1295 1797 1492 1854 Decem
1525 1798 1692 1870 igitur

1806 678 1956 736 tione
1989 678 2188 737 Iudae:
2238 679 2361 752 quia
2408 678 2498 736 illa
2540 681 2728 737 statim
2771 679 2827 736 in
2880 681 3156 752 principio
3191 682 3396 753 periit,

1806 770 1923 828 bace
1968 771 2116 829 illius
2177 772 2505 829 cruciatibus
2556 772 2730 845 potuit
2782 772 3084 829 emendari.
3136 771 3403 832 Attendat

1804 880 1941 921 nova
1975 882 2042 921 ex
2085 867 2262 922 veteri
2311 866 2555 934 btet-esis,
2607 866 2755 938 quod
2804 866 2976 924 Israel
3025 869 3400 939 comparatio-

1803 970 1873 1013 ne
1923 954 1953 995 ἀ
2009 957 2162 1013 Inda:
2202 956 2491 1031 justificata
2521 957 2756 1016 dicatur.
2807 959 2918 1016 Nec
2945 959 3143 1015 mirum
3192 958 3295 1016 boc
3329 961 3400 1019 de

1800 1050 1965 1107 unius
2011 1052 2190 1122 gentis
2234 1052 2535 1121 sororibus,
2562 1068 2684 1109 cum
2715 1053 2957 1109 Sodoma
2982 1067 3201 1125 quoque
3224 1054 3393 1113 colla-

1801 1144 1949 1200 tione
1997 1142 2320 1211 Jerusalem,
2366 1143 2593 1217 justitias
2635 1160 2837 1201 nomen
2882 1144 3146 1215 accipiat,
3179 1145 3397 1202 dicente

1800 1237 2032 1293 Domino
2076 1253 2172 1308 per
2199 1237 2444 1296 Ezechiel
2475 1239 2820 1312 :Iustiﬁrata
2852 1249 2929 1294 est
2972 1239 3209 1296 Sodoma
3249 1256 3313 1296 ea:
3348 1248 3396 1296 te

1801 1329 2015 1404 (Ezerh.
2046 1346 2157 1398 xvr,
2189 1331 2279 1405 55)
2324 1351 2336 1387 :
2375 1342 2427 1388 et
2448 1332 2771 1404 publicanus
2791 1332 3058 1390 Pharisaei
3109 1349 3398 1406 compara-

1798 1422 1945 1479 tione
1971 1422 2029 1477 iit
2054 1421 2232 1492 justus
2264 1420 2418 1493 (Luc.
2450 1426 2633 1495 xvru).

1870 1514 2052 1588 (Vcrs.
2086 1515 2173 1570 12.
2200 1516 2377 1587 seqq.)
2399 1517 2567 1589 860
2602 1514 2771 1585 Vade,
2817 1525 2864 1573 et
2903 1516 3231 1589 clama(sive
3256 1515 3392 1593 lege)

1795 1628 2055 1668 sermones
2082 1614 2208 1670 istos
2238 1620 2420 1673 contra
2445 1615 2777 1686 Aquilonem,
2809 1625 2855 1671 et
2882 1615 3021 1673 dices
3051 1633 3070 1673 :
3099 1614 3389 1685 Revertere,

1794 1706 2084 1761 aversatrix
2109 1704 2296 1774 Israel,
2329 1704 2454 1769 dicit
2486 1706 2760 1777 Dominus,
2788 1716 2959 1764 etnon
2990 1720 3219 1765 avertam
3252 1707 3393 1784 (sive

1793 1796 2034 1870 ﬁrmabo)
2077 1799 2258 1870 faciem
2294 1812 2459 1854 meam
2499 1818 2531 1856 a
2569 1801 2712 1857 vobis
2756 1800 2897 1875 (sive
2928 1818 3084 1875 super
3106 1800 3238 1875 eos),
3269 1802 3394 1874 quia

39 1890 371 1957 tribubus,
403 1905 525 1962 qua:
557 1890 975 1962 appellabantur
995 1890 1169 1969 859
1192 1890 1386 1959 Israel,
1414 1893 1590 1964 captis
1620 1893 1690 1950 ab
1719 1897 1767 1959 B
1792 1898 2002 1945 sanctus
2037 1891 2177 1963 (sive
2209 1892 2525 1965 misericors)
2560 1908 2654 1964 ego
2681 1909 2797 1946 sum
2816 1934 2831 1961 ,
2877 1891 3007 1947 dicit
3036 1892 3311 1962 Dominus,
3346 1902 3393 1947 et

38 1983 356 2056 Assyriis,
387 1982 731 2054 Mediamqne
758 1982 1040 2039 translatis
1063 1982 1178 2056 (IV.
1216 1983 1346 2055 Reg.
1379 1985 1539 2055 χιιι),
1569 1984 1691 2040 dna:

44 2078 265 2134 tribus
291 2076 434 2133 Iuda
456 2085 513 2133 et
537 2075 846 2147 Benjatnin,
869 2092 992 2149 qua:
1012 2076 1325 2133 debuerant
1354 2078 1556 2134 similia
1584 2077 1692 2133 for-

43 2171 329 2236 midare,
360 2178 414 2226 et
462 2178 573 2225 tota
596 2169 666 2225 ad
695 2169 867 2226 Deum
901 2177 1088 2227 mente
1129 2170 1404 2238 converti,
1433 2172 1692 2227 vicerunt

45 2264 283 2320 decem
314 2261 561 2318 tribuum
592 2263 802 2319 scelera
830 2279 842 2316 :
887 2271 940 2318 et
978 2262 1246 2319 intentum
1278 2264 1421 2320 idola
1454 2272 1578 2320 sunt
1605 2279 1693 2321 se-

44 2366 250 2423 cutae,
285 2366 351 2412 ut
375 2358 429 2412 in
452 2355 680 2429 Temple
702 2356 798 2412 Dei
824 2363 1060 2413 statuam
1092 2356 1223 2413 Baal
1250 2369 1545 2429 ponerent,
1568 2373 1690 2431 qua:

48 2454 124 2509 in
167 2451 440 2508 Ezechiel
474 2461 698 2507 vocatur
722 2450 950 2519 idolum,
983 2451 1048 2507 ad
1074 2453 1252 2508 zelum
1293 2461 1347 2508 et
1387 2453 1692 2508 aemulatio-

50 2561 210 2602 nem
243 2544 462 2601 Domini
493 2544 820 2601 collocatum
847 2544 1064 2617 (Ezerh.
1096 2543 1237 2617 vm).
1297 2543 1570 2619 Loquitur
1596 2562 1693 2602 au-

59 2652 197 2697 tem
245 2639 351 2695 sub
381 2639 549 2708 ilgura
575 2638 807 2694 duarum
842 2652 1120 2707 sororum,
1172 2639 1296 2710 quia
1326 2638 1396 2696 de
1425 2655 1533 2696 una
1565 2649 1693 2703 sunt

54 2730 398 2797 Abraham,
430 2727 600 2798 isaac,
633 2741 687 2786 et
725 2728 896 2787 Iacob
934 2731 1106 2802 stirpe
1136 2741 1432 2803 generatae,
1461 2740 1518 2788 et
1549 2734 1693 2802 prio-

58 2840 203 2881 rem
242 2823 659 2889 aversatricem,
694 2830 1016 2896 sequentem
1047 2823 1540 2893 praevaricatriccm
1592 2838 1687 2877 vo-

55 2925 190 2973 cat.
265 2914 359 2970 Illa
401 2915 544 2970 enim
586 2912 757 2970 Deum
804 2913 1024 2985 penitus
1060 2924 1309 2970 aversata
1366 2924 1471 2983 est,
1504 2914 1689 2972 statim

54 3009 336 3068 adcr-alis
367 3011 420 3065 in
448 3011 565 3066 Dan
598 3021 651 3066 et
678 3011 867 3066 Bethel
899 3011 1081 3067 vitulis
1112 3012 1316 3071 aureis.
1350 3013 1455 3068 [Sta
1482 3023 1686 3080 autem,

56 3104 232 3180 apud
266 3118 430 3175 quam
456 3113 575 3159 erat
605 3103 897 3175 Templum
920 3112 977 3160 et
1004 3104 1115 3160 veri
1145 3104 1240 3160 Dei
1268 3104 1480 3176 religio,
1513 3105 1690 3161 imita-

59 3201 244 3255 tione
286 3211 594 3269 germante,
652 3198 913 3267 paulatim
967 3198 1199 3253 recessit
1237 3211 1268 3251 a
1309 3198 1537 3257 Domino
1578 3196 1687 3270 (ΙΙΙ

1796 1998 1901 2037 non
1927 1984 2125 2038 irascar
2145 1985 2199 2039 in
2219 1993 2540 2055 perpetuum.
2594 1984 2957 2041 Verumtamen
2979 1986 3109 2042 scito
3142 1986 3391 2059 iniquita-

1795 2087 1893 2131 tem
1924 2085 2092 2146 tuam,
2119 2079 2242 2148 quia
2268 2079 2322 2132 in
2359 2077 2641 2133 Dominum
2680 2077 2847 2134 Deum
2876 2088 3023 2135 tuum
3048 2081 3390 2152 prteuaricata

1793 2184 1846 2223 es
1868 2167 2014 2243 (sive
2038 2170 2191 2242 impie
2217 2171 2411 2245 egisti),
2437 2179 2483 2226 et
2511 2170 2804 2245 dispersisti
2827 2169 2970 2248 (sive
2990 2171 3249 2245 eﬂ‘udisti)
3278 2173 3385 2228 vias

1796 2272 1915 2317 tuas
1941 2262 2123 2319 alienis
2149 2264 2244 2321 sub
2276 2265 2414 2320 omni
2440 2264 2583 2342 ligno
2609 2267 2885 2338 frondoso,
2939 2275 2988 2323 et
3018 2283 3190 2324 vocem
3218 2285 3385 2324 meam

1794 2372 1897 2411 non
1925 2357 2139 2423 audisti,
2178 2359 2249 2413 ait
2284 2358 2557 2420 Dominus.
2601 2368 2626 2399 ε
2654 2359 2894 2417 Verbum
2927 2361 3259 2418 Hebraicum
3294 2379 3390 2419 cs-

1793 2465 1938 2505 nsrn
1967 2449 2180 2540 (mup),
2213 2461 2265 2514 et
2287 2457 2435 2519 uoca,
2467 2449 2489 2489 ί
2529 2460 2584 2507 et
2615 2452 2816 2521 clama,
2856 2460 2913 2509 et
2951 2451 3060 2527 lege
3088 2451 3388 2525 signiﬁcat.

1795 2541 1951 2605 Unde
1977 2541 2169 2614 Aquila
2194 2552 2250 2599 et
2267 2542 2652 2619 Symmachus,
2684 2543 2896 2600 clamita
2918 2562 2935 2600 :
2959 2543 3102 2607 LXX
3127 2554 3182 2602 et
3205 2546 3386 2602 Theo-

1774 2634 1945 2697 ‘dotio
1977 2636 2105 2711 lege,
2135 2636 2481 2713 interpretati
2514 2645 2663 2697 sunt.
2724 2637 2805 2692 Ad
2835 2636 3166 2710 Aquilonem
3201 2647 3386 2695 autem

1793 2739 1847 2787 et
1876 2740 2066 2786 contra
2107 2729 2445 2804 Babylonem
2479 2740 2646 2803 atque
2675 2733 2939 2806 Assyrios
2983 2747 3169 2789 sermo
3199 2731 3391 2805 dirigi-

1793 2832 1905 2890 tur,
1954 2822 2019 2878 ad
2061 2823 2252 2881 decem
2287 2833 2342 2879 et
2384 2822 2522 2881 duas
2562 2823 2779 2882 tribus:
2819 2832 2877 2882 et
2912 2839 3100 2881 earum
3139 2827 3387 2882 reversio

1791 2915 2142 2986 praedicatur.
2196 2915 2262 2971 Et
2293 2932 2394 2970 non
2425 2927 2655 2973 avertam
2680 2916 2867 2988 faciem
2895 2934 3090 2985 meam,
3126 2917 3328 2989 inquit,
3356 2930 3395 2975 α

1790 3008 1953 3073 vobis;
1990 3006 2107 3066 sive
2153 3024 2254 3062 non
2285 3007 2505 3078 firmabo
2547 3009 2733 3079 faciem
2764 3025 2930 3064 meam
2966 3018 3149 3065 contra
3177 2992 3285 3075 uos,
3332 3018 3394 3066 ut

1792 3115 2134 3174 nequaquam
2159 3115 2255 3155 vos
2287 3100 2611 3156 austeritate
2633 3100 2852 3172 judicii,
2897 3101 2993 3157 sed
3023 3106 3180 3158 vultu
3218 3102 3389 3159 mise-

1794 3191 2049 3252 ricordiae
2095 3191 2417 3262 suscipiam.
2497 3190 2733 3248 Sanctus
2785 3193 2932 3248 enim
2974 3202 3032 3249 et
3068 3194 3393 3252 misericors

62 3295 220 3365 Reg.
252 3290 382 3362 xu).
443 3290 510 3346 Et
546 3291 752 3348 idcirco
789 3289 818 3329 δ
866 3292 1274 3363 ιιιωγθτίοιιιιίιι
1326 3292 1549 3353 dicitur.
1590 3291 1689 3348 Sc-
1717 3280 1763 3345 C
1795 3302 1939 3363 sum,
1965 3295 1991 3333 ε
2022 3297 2077 3341 ιιι
2104 3299 2211 3340 non
2236 3284 2501 3341 recorder
2524 3285 2667 3340 ultra
2693 3285 2997 3356 iniquitatis
3024 3297 3251 3356 vestrae,
3292 3302 3394 3345 nec

61 3382 329 3439 cundum
357 3398 636 3453 anagogeu
661 3391 842 3438 autem
864 3382 932 3439 de
962 3382 1240 3440 hmrelicis
1270 3382 1551 3461 prephetia
1582 3394 1687 3441 est:

56 3481 168 3551 qui
209 3475 341 3532 falsi
375 3475 612 3531 nominis
653 3476 939 3533 scientiam
970 3477 1097 3539 dum
1133 3493 1192 3533 se
1216 3477 1549 3534 arbitrantur
1575 3480 1688 3532 luc-

60 3574 259 3631 retica
295 3570 598 3628 subtilitate
639 3572 862 3641 sectari,
894 3572 1195 3628 ascendunt
1227 3582 1470 3628 montem
1497 3588 1690 3649 super-

60 3668 223 3723 biae:
259 3673 317 3720 ct
339 3664 523 3719 carnis
548 3665 709 3735 hujus
738 3665 1104 3737 voluptatibus
1132 3665 1365 3735 deliniti,
1398 3666 1497 3721 sub
1538 3665 1686 3723 omni

58 3763 238 3833 ligno
290 3754 554 3813 frondoso
595 3767 649 3814 et
689 3773 907 3819 ammno
948 3767 1227 3830 exponunt
1269 3758 1685 3820 fornicationem

59 3866 264 3911 suam.
319 3850 573 3917 Quicum
604 3850 891 3908 tradantur
918 3851 1136 3909 diabolo
1178 3852 1230 3907 in
1265 3851 1543 3910 interitum
1567 3868 1688 3908 car-

58 3952 182 4013 nis,
222 3943 543 4014 frequcnter
586 3944 797 4013 evenit,
838 3953 896 4000 ut
916 3944 1110 4001 domus
1130 3944 1293 4014 Iuda,
1335 3945 1386 4001 id
1417 3955 1521 4015 est,
1565 3963 1687 4002 ron—

61 4042 327 4118 fessiouis
352 4049 408 4101 et
427 4056 574 4101 vera:
595 4041 1092 4117 fidei,nequaquam
1118 4052 1387 4103 terreatur
1409 4046 1683 4116 exemplo,

61 4136 174 4193 sed
211 4131 396 4191 multo
432 4133 643 4207 majora
686 4132 1028 4199 committat;
1079 4142 1135 4189 et
1162 4134 1423 4193 facilitate
1455 4135 1690 4193 fornica-

66 4227 259 4289 tionis
300 4242 413 4281 surr
454 4226 792 4285 contaminet
826 4236 1027 4285 terram
1058 4223 1343 4293 Ecclesirc,
1385 4228 1690 4293 moechatur

64 4340 204 4381 cum
241 4318 424 4395 lapide
453 4329 513 4383 et
547 4320 732 4394 ligno,
766 4334 828 4375 ea
866 4332 1104 4391 sequens
1132 4316 1407 4390 dogmata,
1443 4335 1563 4391 qua:
1592 4320 1690 4375 ad,

60 4413 334 4479 versaria
365 4411 480 4477 Deo
504 4421 652 4468 sunt.
694 4408 791 4468 Sin
820 4421 1003 4468 autem
1029 4411 1440 4471 ecclesiasticus
1462 4414 1546 4467 vir
1564 4427 1686 4469 cor-

62 4512 265 4584 rigere
310 4506 548 4562 voluerit
581 4514 880 4573 errantem,
926 4515 981 4562 et
1007 4507 1258 4580 putridas
1284 4522 1536 4564 resecare
1566 4521 1687 4585 care

64 4618 195 4670 nes,
235 4608 294 4656 et
324 4598 392 4653 ad
424 4598 807 4673 paenitentiam
831 4599 1114 4661 retrahere
1137 4612 1233 4655 eos
1260 4598 1350 4672 qui
1374 4599 1543 4655 secuti
1570 4596 1687 4657 fue-

1796 3378 2145 3439 meminerim
2186 3376 2333 3449 quod
2381 3391 2412 3430 a
2446 3376 2678 3436 Domino
2709 3377 3047 3445 recessistis,
3089 3387 3139 3433 et
3166 3393 3267 3449 pro
3295 3377 3389 3433 illo

1792 3487 1891 3527 vos
1931 3471 2078 3528 idola
2125 3470 2477 3537 delectarint,
2524 3479 2579 3524 et
2614 3467 2903 3526 fornicata:
2944 3471 3066 3526 sitis
3105 3470 3206 3527 sub
3236 3466 3389 3526 omni

1793 3569 1940 3638 ligno
1961 3567 2222 3623 umbroso
2246 3574 2410 3637 atque
2439 3564 2723 3621 frondoso.
2765 3564 2923 3636 Quod
2940 3566 3161 3637 quidem
3186 3565 3253 3625 ad
3276 3565 3389 3623 hac-

1793 3662 1996 3717 reticos
2035 3670 2088 3717 et
2130 3660 2181 3721 in
2225 3660 2469 3719 Ecclesia
2511 3660 2849 3733 negligentes
2886 3660 2997 3720 dici
3034 3669 3239 3731 potest,
3290 3661 3389 3731 qui

1792 3754 2036 3827 quOIidie
2086 3769 2185 3825 per
2224 3755 2626 3810 ecclesiasticos
2677 3756 2830 3811 viros
2881 3755 2949 3810 ad
3003 3755 3387 3826 paenitentiam

1791 3859 2188 3921 provocamur:
2223 3856 2279 3904 et
2300 3848 2497 3922 quibus
2522 3849 2740 3919 proprie
2765 3847 2941 3920 aptari
2964 3858 3168 3919 potest,
3209 3847 3277 3903 Et
3297 3864 3388 3905 uo-

1791 3960 1898 3998 cem
1920 3960 2083 3998 meam
2112 3960 2215 3998 non
2245 3943 2487 3999 audistis.
2527 3942 2718 4001 Omnis
2747 3954 2931 4002 autem
2962 3943 3259 4001 haereticus
3289 3942 3387 3999 hac

1792 4036 1927 4093 bitat
1972 4036 2029 4095 in
2076 4036 2372 4109 Aquilone,
2432 4044 2489 4092 et
2532 4035 2776 4093 calorem
2821 4035 2947 4097 fidei
2984 4035 3247 4105 perdidit,
3281 4050 3385 4093 nec

1791 4129 1981 4186 audire
2000 4137 2179 4201 potest
2201 4128 2332 4185 illud
2364 4128 2612 4201 Apostoli
2637 4147 2649 4184 :
2691 4128 2898 4197 Spiritu
2927 4131 3179 4200 ferventes
3202 4126 3381 4200 (Rom.

1791 4238 1888 4289 xu,
1915 4221 2027 4297 li).
2069 4221 2136 4278 Et
2160 4223 2281 4296 quia
2312 4238 2371 4282 se
2393 4222 2770 4292 voluptatibus
2796 4220 3051 4289 tradidit,
3094 4221 3326 4279 recessit
3351 4235 3382 4278 a

1790 4314 2059 4381 Domino,
2105 4324 2159 4370 et
2204 4313 2467 4384 dispersit
2494 4314 2611 4369 vias
2641 4328 2769 4370 suas
2790 4312 2988 4375 alienis
3015 4312 3387 4384 dogmatibus,

1790 4417 1845 4465 et
1870 4407 2208 4477 voluptatem
2244 4416 2464 4469 secutus
2500 4416 2606 4466 est.
2658 4406 2815 4469 Nulla
2840 4407 2989 4463 enim
3019 4406 3253 4465 haeresis
3284 4405 3388 4465 nisi

1790 4510 2014 4573 propter
2054 4501 2234 4572 gulam
2276 4509 2636 4571 ventremque
2677 4502 3041 4569 construitur,
3070 4509 3131 4557 ut
3157 4500 3391 4558 seducat

1790 4593 2143 4655 mulierculas
2173 4603 2429 4655 oneratas
2459 4595 2725 4666 peccatis,
2765 4610 2987 4666 semper
3010 4594 3295 4653 discentes
3328 4602 3386 4651 et

61 4695 187 4752 rint
210 4692 551 4749 falsitatem:
585 4707 649 4748 ac
671 4692 1033 4751 nihilominus
1061 4692 1141 4748 illi
1163 4692 1267 4749 sub
1287 4692 1473 4764 specie
1499 4693 1688 4749 Eccle-
1711 4672 1767 4736 Ῑ)
1792 4703 2088 4761 numquam
2129 4686 2197 4745 ad
2238 4687 2525 4747 scientiam
2571 4687 2818 4745 veritatis
2864 4688 3255 4759 pervenientes
3311 4684 3387 4759 (ll

66 4786 324 4844 siastica:
352 4785 606 4841 veritatis
635 4786 921 4857 antiquum
950 4794 1249 4857 sequantur
1278 4800 1548 4855 errorem,
1577 4786 1685 4842 dici

65 4888 267 4956 poteSt
291 4878 361 4939 de
398 4878 518 4939 his:
561 4878 629 4933 In
652 4879 890 4937 omnibus
921 4877 1003 4933 his
1041 4896 1145 4934 non
1178 4888 1254 4934 est
1280 4896 1485 4935 reversa
1513 4881 1583 4939 ad
1609 4897 1687 4936 me

66 4974 481 5051 prmariwtria:
512 4983 535 5012 ο
559 4988 707 5035 soror
727 4970 843 5045 ejus
869 4971 1016 5028 Iuda
1044 4973 1099 5029 in
1123 4980 1228 5027 toto
1259 4973 1412 5028 corde
1437 4990 1556 5039 suo,
1597 4975 1687 5030 sed

66 5072 123 5127 in
153 5066 458 5123 mendacio.
492 5065 585 5129 Fit
608 5074 792 5123 autem
822 5065 940 5121 btec
967 5063 1255 5136 prophetia
1285 5062 1450 5125 Josia:
1480 5074 1690 5139 tempo-

66 5164 257 5230 ribus,
287 5160 435 5241 regis
461 5158 623 5232 justi,
644 5160 745 5227 sub
772 5172 880 5234 quo
904 5156 1175 5221 Ieremias
1198 5170 1431 5220 exorsus
1451 5166 1536 5217 est
1555 5173 1681 5229 pro-

68 5257 336 5327 plietare.

146 5347 342 5422 (Vera.
374 5346 490 5417 Η.)
534 5345 603 5401 Et
630 5347 765 5402 dixit
803 5344 1058 5403 Dominus
1088 5347 1157 5401 ad
1201 5362 1318 5402 me:
1364 5344 1687 5411 Iusti/ienuit

148 5496 179 5525 ιι
214 5485 339 5542 Duo
368 5497 529 5549 mss.,
550 5492 597 5539 et
627 5482 938 5554 diﬁcultate
965 5484 1350 5554 fornicationis.

142 5559 179 5600 δ
219 5555 379 5627 Unus
404 5554 661 5620 Cisterc.,
693 5553 895 5613 idcirco
923 5557 1425 5627 τοηηπωυανὶεαιείτ
1452 5556 1667 5617 dicitur.

148 5642 174 5671 σ
218 5626 358 5689 Duas
386 5641 552 5683 voces
578 5641 729 5685 sarm-
766 5626 901 5695 ejus,
940 5626 1139 5687 desunt
1169 5628 1225 5691 in
1252 5629 1511 5686 omnibus
1537 5627 1669 5689 Flo-

70 5699 277 5760 rentia:
315 5697 725 5768 exemplaribus
744 5694 993 5757 Victoria
1015 5706 1180 5758 teste.

73 5842 103 5902 J
147 5768 399 5899 :wVatio.
446 5765 576 5833 cum
616 5765 883 5836 (littere.
915 5771 1299 5841 οωφασοιίοκε
1329 5772 1543 5845 VM:
1575 5786 1675 5843 Ρνο

108 5861 152 5901 ιι
247 5878 264 5895 .

108 5856 264 5901 unas.

152 5922 178 5951 ε
229 5910 453 5969 Verbum
488 5910 805 5969 Hebraicum
837 5907 1049 5969 Curata.
1079 5912 1253 5972 Hodie
1294 5915 1483 5989 legunt
1520 5915 1573 5972 in
1600 5914 1683 5971 fu-

1789 4781 1929 4839 Tim.
1959 4779 2067 4855 ιιι),
2089 4781 2158 4838 de
2187 4781 2384 4852 quibus
2408 4779 2783 4840 veredicitur:
2813 4781 2917 4853 Qui
2942 4781 3188 4837 devorant
3218 4796 3388 4851 papu-

1792 4878 1900 4934 lum
1920 4892 2094 4933 meum
2121 4874 2257 4933 velut
2286 4890 2453 4933 escam
2489 4876 2643 4949 panis
2666 4873 2842 4949 (Psal.
2875 4888 2993 4941 xm,
3018 4873 3075 4943 8)
3101 4889 3114 4926 :
3155 4882 3213 4930 et
3248 4887 3389 4944 quos

1790 4970 2044 5029 Christus
2092 4977 2266 5037 notat,
2305 4968 2606 5029 devorantes
2648 4968 2830 5027 domos
2863 4968 3136 5024 viduarum
3163 4962 3385 5040 (Matth.

1792 5066 1919 5137 xu).
1956 5063 2230 5136 Cumque,
2263 5061 2459 5135 inquit,
2488 5060 2746 5122 misertus
2775 5060 2852 5115 tui
2876 5058 3056 5127 fuere,
3088 5073 3157 5115 ne
3175 5060 3387 5131 justum

1792 5174 1915 5221 esse
1942 5168 1997 5216 te
2023 5165 2216 5229 putes:
2257 5153 2354 5213 sed
2382 5161 2661 5211 memento
2683 5153 2991 5225 iniquitatis
3017 5159 3124 5208 tua:
3145 5167 3389 5224 semper,

1792 5263 1849 5310 et
1872 5255 2009 5313 scito
2030 5252 2156 5325 quia
2183 5252 2236 5309 in
2262 5249 2553 5307 Dominum
2587 5247 2894 5308 fornicatus
2923 5246 2998 5306 sis
3041 5264 3056 5303 :
3086 5255 3145 5302 ct
3187 5260 3379 5317 super—

1794 5343 1942 5417 bia2[
1969 5344 2099 5399 Vict.
2130 5340 2413 5413 Superba]
2442 5340 2583 5397 colla
2612 5339 2863 5408 demitte,
2905 5350 2967 5394 ut
2990 5338 3081 5410 qui
3111 5334 3391 5393 olIendisti

1775 5491 1913 5564 ειη-ο.
1955 5490 2188 5564 praeter.
2209 5479 2353 5564 .Vau
2403 5480 2783 5564 φινεηῑεῖυητ
2805 5473 3378 5564 WP1_”_“’:.“":‘.*_€-

1777 5564 1825 5611 et
1866 5545 2135 5609 clamabis.
2167 5551 2314 5608 Idem
2348 5554 2576 5610 verbum
2604 5551 2728 5605 vide
2748 5545 2935 5617 supra'
2966 5561 3088 5616 cap.
3122 5546 3179 5599 2.
3223 5545 3380 5600 Μηρ-

1779 5641 1925 5683 ἰ’ωι.

1859 5697 1879 5742 ί
1920 5696 2096 5756 Iidem
2112 5706 2274 5766 nu,
2318 5705 2375 5751 es
2404 5711 2551 5761 me,
2582 5694 2688 5749 sive
2713 5692 2904 5756 clauso,
2927 5698 2981 5745 et
2996 5688 3111 5763 legs
3130 5686 3384 5763 intelligis

1784 5780 1891 5827 tur.

1864 5850 1891 5890 σ
1920 5841 2101 5900 Antea
2126 5850 2270 5911 erat,
2286 5850 2392 5897 non
2413 5833 2919 5908 utremder:quod
2931 5847 3065 5895 mss.
3090 5832 3378 5906 castigant.
