3972 6408
547 302 656 360 703

552 521 634 577 Illi
665 526 846 575 autem
873 516 1021 588 quod
1050 528 1216 587 supra
1242 513 1517 570 diximus:
1580 511 1648 568 Et
1681 527 1785 566 non
1813 510 2033 582 ﬁrmabo
2057 510 2142 582 fa-

551 612 683 665 ciem
713 624 881 664 meam
916 622 1073 680 super
1105 622 1194 662 vos
1215 651 1230 676 ,
1270 604 1404 662 illud
1434 602 1812 677 propheticum
1858 603 2142 660 convenit:

556 703 740 760 Aperte
769 701 957 773 faciem
986 709 1131 755 tuam
1168 715 1202 753 a
1234 697 1458 772 peccatis
1486 696 1631 766 meis,
1669 704 1719 751 et
1748 711 1924 751 omnes
1950 693 2146 766 iniqui-

557 804 688 851 tates
716 809 856 848 meas
877 790 992 847 dele
1015 790 1188 865 (Psal.
1220 804 1273 857 ιι,
1306 788 1421 861 ll).

622 886 809 961 (Vers.
846 883 913 941 14
934 883 1119 956 seqq.)
1155 880 1526 938 Convertimini
1554 889 1579 919 α
1613 880 1681 934 ad
1703 896 1805 947 me,
1838 879 1938 949 ﬁlii
1981 894 2152 935 rever-

558 987 719 1035 tentes
746 978 889 1050 (sive
919 976 1042 1049 vagi
1075 983 1124 1030 et
1168 971 1486 1044 recedentes)
1525 971 1655 1027 dicit
1686 969 1981 1026 Dominus:
2028 972 2153 1043 quia

559 1071 723 1144 861
761 1085 856 1140 ego
890 1068 971 1123 vir
1004 1076 1171 1123 vester
1201 1066 1343 1138 (sive
1371 1066 1664 1120 dominator
1687 1065 1886 1137 vestri),
1916 1074 1966 1121 et
2000 1081 2153 1121 assu-

560 1177 702 1217 mant
729 1177 851 1229 vos,
904 1176 1069 1214 unum
1099 1158 1164 1213 de
1188 1158 1422 1225 civitate,
1454 1165 1504 1212 et
1545 1157 1677 1211 duos
1714 1156 1779 1213 de
1820 1157 2152 1230 cognatione,

563 1262 615 1309 et
635 1252 968 1307 introducam
991 1267 1079 1306 vos
1106 1250 1161 1304 in
1191 1248 1345 1316 Sion,
1366 1256 1416 1304 et
1437 1247 1571 1303 dabo
1591 1248 1728 1304 vobis
1749 1259 1984 1319 pastores
1995 1249 2156 1320 juxta

566 1364 657 1402 cor
702 1363 891 1414 meum,
934 1354 983 1402 et
1014 1353 1222 1416 pascent
1256 1360 1344 1399 vos
1373 1344 1591 1399 scientia
1616 1355 1666 1399 et
1692 1345 1945 1399 doctrina.
2002 1341 2159 1397 Cum-

568 1455 666 1509 que
687 1437 1025 1511 multiplicati
1050 1436 1252 1507 [ueritis
1277 1445 1324 1491 et
1354 1436 1613 1492 creveritis
1631 1436 1686 1491 in
1715 1445 1869 1506 terra,
1892 1436 1948 1490 in
1976 1434 2159 1491 diebus

568 1528 701 1594 illis,
730 1530 802 1583 ait
839 1528 1119 1597 Dominus,
1165 1543 1269 1583 non
1311 1528 1485 1582 dicent
1515 1527 1673 1593 ultra,
1718 1544 1838 1582 arca
1864 1528 2003 1601 pacti
2030 1526 2051 1601 (
2074 1527 2160 1584 vel

569 1620 910 1693 Testamenti)
959 1618 1214 1674 Domini:
1255 1635 1421 1691 neque
1463 1618 1701 1673 ascendet
1745 1635 1898 1691 super
1917 1635 2027 1688 cor,
2070 1635 2163 1674 nec

573 1713 982 1769 recordabuntur
1000 1711 1168 1778 illius,
1197 1727 1288 1766 nec
1308 1711 1618 1779 visitabitur,
1650 1727 1737 1765 nec
1762 1710 1849 1782 ﬁet
1871 1700 2032 1767 ultra.
2061 1711 2157 1768 Ju-

1797 292 1858 348 S.
1899 289 2169 350 EUSEBII
2205 288 2590 349 HIERONYMI

550 432 842 488 Dominum
866 439 962 497 per
984 421 1380 495 arrogantiam,
1406 420 1620 493 placeas
1639 433 1736 492 per
1752 418 2136 476 humilitatem.
2168 418 2219 481 Α
2246 432 2390 472 mum
2442 414 2612 471 Israel
2653 424 2701 470 et
2747 414 2951 469 venient
3000 414 3159 470 simul
3202 413 3267 469 de
3292 422 3438 469 terra
3480 409 3783 483 Aquilonis
3802 413 3859 463 ά

2249 519 2446 566 terram
2471 524 2629 581 quam
2662 507 2784 564 dedi
2811 507 3044 580 patribus
3069 509 3272 563 vestris.
3299 507 3421 563 Hoc
3437 504 3617 578 862
3650 505 3857 573 prurit

2251 604 2305 659 in
2333 600 2537 657 Christi
2567 599 2879 671 completur
2903 599 3166 667 adventu,
3200 596 3428 671 quando
3458 597 3538 652 de
3573 595 3861 652 duodena?

2250 697 2413 753 simul
2442 694 2695 752 tribubus
2717 693 3017 766 Evangelio
3040 692 3426 759 crediderunt,
3478 689 3864 756 relinquens-5

3769 286 3852 343 ἳὸιι

2253 800 2458 847 terram
2508 789 2796 859 Aquilonis
2843 786 3128 844 durissimi
3180 785 3445 858 frigoris:
3487 793 3554 840 et
3586 797 3623 837 a
3670 782 3867 838 (ηυδε

2253 883 2485 955 imperio
2515 882 2867 951 recedentes,
2894 890 3026 937 tunc
3061 887 3393 952 receperunt
3423 886 3653 934 terram
3688 891 3869 947 repre-

2255 976 2539 1033 missionis
2562 1019 2577 1043 ,
2619 989 2785 1045 quam
2824 973 3107 1044 pollicitus
3133 974 3311 1028 luerat
3335 969 3594 1043 patrihus
3632 985 3869 1029 eam.

2254 1067 2551 1133 Abraham,
2583 1065 2758 1133 Isaac,
2802 1074 2859 1122 et
2902 1064 3098 1122 Iacob.
3139 1063 3301 1120 Edidi
3336 1076 3519 1133 nuper
3563 1073 3588 1100 ε
3621 1061 3865 1117 Iibeﬁu

2257 1173 2493 1231 parvum
2516 1156 2586 1213 de
2617 1167 2759 1213 terra
2787 1156 3256 1228 repromissionis.

2333 1252 2517 1325 (Vers.
2548 1251 2660 1319 I9.)
2696 1250 2809 1323 Ego
2831 1260 3003 1306 autem
3029 1251 3143 1306 dixi
3170 1266 3189 1305 :
3208 1248 3487 1315 Quomodo
3510 1265 3735 1321 ponam
3769 1254 3873 1303 teis

2260 1339 2289 1381 ἀ
2321 1341 2483 1413 ﬁlios,
2501 1353 2551 1398 et
2575 1342 2802 1397 tribuam
2822 1343 3127 1413 tibi_terram
3142 1340 3572 1407 desiderabilem,
3598 1340 3882 1395 haeredita-

2264 1448 2366 1493 tem
2388 1436 2720 1510 praeclaram,
2752 1437 3071 1492 exercituum
3098 1436 3330 1509 gentium
3352 1438 3377 1490 ?
3407 1434 3480 1490 Et
3505 1435 3652 1503 dixi,
3693 1446 3881 1507 patre:

2263 1530 2467 1585 vocabis
2490 1545 2592 1597 me,
2614 1539 2663 1584 et
2691 1539 2805 1602 post
2830 1544 2909 1583 me
2937 1528 3146 1602 ingredi
3176 1544 3282 1583 non
3300 1529 3556 1583 cessabis.
3586 1528 3707 1584 I’ro
3730 1528 3885 1582 here

2266 1622 2428 1677 ditate
2473 1619 2752 1691 prteclara,
2780 1620 3099 1676 exercituum
3134 1620 3390 1691 gentium,
3438 1633 3619 1691 quam
3648 1618 3885 1688 Septua-

2267 1714 2417 1786 ginta
2462 1713 2883 1781 transtulerunt,
2937 1712 3293 1768 hereditatem
3328 1722 3352 1750 θ
3400 1713 3751 1767 nominatam
3807 1710 3887 1764 Da‘

570 1807 675 1863 dmi
706 1802 992 1878 impletum
1030 1805 1135 1861 hoe
1168 1813 1361 1876 putant
1390 1815 1517 1877 pOSl
1546 1805 1917 1862 reversionem
1957 1822 2027 1863 ex
2058 1806 2163 1867 Ba—
2192 1806 2242 1867 B
2267 1808 2638 1878 omnipotentis
2660 1807 2912 1878 gentium,
2935 1805 3247 1863 Theodotio
3268 1805 3700 1877 signiﬁcantius
3724 1814 3889 1860 trans-

572 1900 773 1974 bylone
817 1900 921 1956 sub
955 1898 1103 1971 Cyro
1127 1914 1257 1972 rege
1292 1899 1609 1965 Persarum,
1639 1908 1693 1955 et
1719 1897 2024 1957 Zorobabel
2054 1900 2169 1957 ﬁlio

569 1992 832 2050 Salatbiel
863 1990 1001 2067 (lsa.
1034 1992 1118 2062 ι),
1143 1994 1308 2048 etiam
1341 1992 1388 2048 si
1424 2005 1533 2047 non
1560 2005 1753 2047 omnes
1778 1992 1987 2048 reversi
2017 2001 2169 2062 sunt,

573 2083 681 2140 hoc
706 2082 1005 2156 signiﬁcari
1032 2101 1045 2139 :
1088 2092 1320 2139 assumat
1348 2100 1508 2139 unum
1532 2083 1597 2138 de
1621 2083 1821 2137 civitate
1860 2092 1909 2138 et
1945 2084 2077 2137 duos
2106 2082 2172 2139 de

573 2177 899 2251 cognatione.
963 2174 1072 2232 Sed
1106 2175 1302 2231 melius
1346 2176 1399 2231 in
1431 2174 1671 2231 adventu
1696 2172 1921 2241 Christi,
1955 2173 2172 2246 quando

574 2269 827 2341 reliquiae
874 2268 1041 2325 salvas
1068 2267 1225 2324 facta:
1253 2278 1411 2332 sunt,
1440 2267 1659 2324 dicente
1689 2276 1746 2323 et
1765 2275 2070 2339 exponente
2099 2270 2175 2324 A-

578 2363 835 2433 posmlo:
879 2362 1004 2418 Nisi
1055 2362 1308 2418 Dominus
1350 2361 1570 2418 sabaotlt
1601 2361 1891 2434 reliquisset
1917 2361 2063 2417 nobis
2092 2377 2175 2417 se-

576 2470 714 2519 men,
736 2455 888 2526 quasi
909 2453 1142 2510 Sodoma
1168 2470 1396 2510 essemus
1420 2464 1469 2509 et
1488 2452 1686 2508 similes
1713 2450 2015 2508 Gomorrhte
2044 2454 2176 2524 fuis-

578 2562 750 2602 semus
773 2544 951 2617 (Rom.
987 2545 1211 2617 tx,29),
1262 2555 1395 2601 tunc
1421 2545 1717 2601 introducti
1745 2553 1875 2601 sunt
1913 2545 1965 2599 in
2013 2545 2169 2614 Sion,

578 2636 648 2692 de
674 2652 776 2707 qua
806 2637 1072 2706 scriptum
1102 2646 1189 2692 est
1220 2654 1234 2689 :
1289 2634 1530 2691 Gloriosa
1553 2636 1694 2690 dicta
1721 2645 1841 2689 sunt
1862 2638 1926 2690 de
1953 2644 2020 2703 te,
2053 2636 2177 2690 civi-

576 2737 655 2783 tas
683 2726 781 2782 Dei
798 2725 1314 2800 (Psal.t.xxxvt,2).
1358 2726 1423 2780 Et
1450 2725 1561 2781 dati
1592 2735 1721 2781 sunt
1751 2735 2001 2796 pastores
2019 2727 2172 2796 juxta

581 2833 681 2875 eor
709 2820 849 2888 ejus,
882 2818 1137 2888 Apostoli
1162 2828 1219 2874 et
1249 2817 1549 2887 Apostolici
1592 2818 1718 2885 viri,
1748 2827 1803 2874 et
1831 2825 2027 2889 parunt
2054 2832 2174 2874 cre-

578 2913 828 2972 dentium
860 2914 1293 2982 multitudinem,
1313 2928 1420 2969 non
1448 2911 1692 2970 Judaicis
1722 2913 1776 2969 in
1807 2913 2170 2981 caeremoniis,

582 3007 680 3064 sed
709 3008 762 3063 iu
787 3007 1017 3064 scientia
1038 3006 1245 3062 Christi
1275 3018 1441 3078 atque
1477 3006 1748 3075 doctrina,
1777 3016 1831 3063 et
1857 3004 1911 3060 in
1938 3014 2052 3062 toto
2087 3022 2176 3060 or-

582 3100 651 3156 he
680 3100 1071 3172 prmdicatione
1106 3099 1389 3171 Evangelii
1418 3100 1711 3169 seminata,
1744 3114 2088 3171 nequaquam
2119 3100 2173 3153 in

2274 1898 2423 1966 tulit,
2467 1898 2827 1953 [nereditatem
2868 1898 3123 1969 inclytam
3152 1898 3485 1970 fortitudinis
3536 1897 3893 1953 robustissimi

2273 1993 2525 2065 gentium,
2549 1990 2831 2048 Christum
2875 1991 3214 2063 signiﬁcans,
3253 1993 3345 2064 qui
3369 1992 3580 2049 ductor
3633 2002 3699 2048 et
3725 1992 3888 2047 Domi-

2275 2102 2376 2143 nus
2393 2094 2481 2143 est
2495 2085 2874 2142 universarum
2894 2088 3162 2157 gentium,
3178 2100 3277 2142 suo
3297 2085 3510 2141 nomini
3530 2086 3889 2157 passionique

2273 2176 2648 2233 credentium.
2676 2176 2799 2246 Ipse
2819 2176 2964 2232 dixit
2989 2176 3058 2231 ad
3081 2175 3246 2231 Israel
3270 2195 3282 2230 :
3311 2175 3529 2231 Patrem
3554 2176 3782 2231 vocabis
3806 2192 3885 2226 me.

2276 2268 2382 2325 Et:
2420 2267 2523 2336 Qui
2551 2267 2717 2323 credit
2735 2267 2789 2322 in
2809 2284 2913 2334 me,
2941 2268 3102 2321 credit
3127 2266 3182 2322 in
3215 2265 3427 2322 Patrem
3452 2265 3653 2337 (Jonas.
3686 2283 3754 2332 ιι,
3788 2265 3884 2333 l9).

2276 2364 2398 2434 Ipse
2438 2364 2720 2436 pollicitus
2745 2365 2851 2434 :est
2894 2360 3141 2418 :Ponam
3172 2364 3301 2417 tein
3337 2362 3478 2432 ﬁlios
3508 2378 3529 2417 :
3561 2361 3623 2417 in
3662 2374 3889 2417 numero

2277 2456 2491 2512 scilicet
2532 2454 2770 2511 ﬁliorum
2828 2469 3082 2511 meorum
3116 2498 3132 2523 ,
3186 2454 3281 2525 qui
3329 2453 3467 2509 mihi
3517 2453 3593 2510 de
3654 2455 3889 2525 gentium

2279 2545 2485 2617 popqu
2522 2546 2914 2613 crediderunt;
2958 2556 3015 2602 et
3043 2547 3243 2618 quibus
3269 2544 3395 2602 dedi
3428 2554 3648 2601 terram
3683 2544 3891 2601 deside-

2276 2638 2533 2695 rabilem.
2566 2639 2853 2707 Quotquot
2887 2638 3036 2695 enim
3083 2636 3595 2709 receperunt'eum,
3633 2637 3799 2694 dedit
3820 2637 3888 2691 eis

2280 2738 2611 2802 potestatem
2638 2739 2701 2787 ut
2730 2730 2827 2785 lilii
2856 2730 2955 2786 Dei
2980 2729 3116 2786 ﬁant
3137 2728 3320 2804 (Joan.
3348 2727 3415 2801 ι).

2349 2820 2531 2895 (Vers.
2562 2821 2681 2894 20.)
2716 2821 2824 2879 Sed
2854 2823 3113 2893 quomodo
3133 2823 3181 2876 si
3206 2829 3503 2877 contemnat
3534 2822 3744 2877 mulier
3762 2836 3885 2874 atus-

2278 2922 2443 2968 torem
2481 2930 2635 2968 suum
2664 2930 2683 2969 :
2709 2915 2786 2968 sic
2829 2919 3132 2984 contempsit
3181 2930 3260 2967 me
3288 2912 3475 2968 domus
3519 2911 3734 2981 Israel,
3781 2912 3887 2965 dicit

2279 3001 2556 3059 Dominus.
2592 3004 2793 3061 Christi
2826 3019 2931 3061 vox
2957 3014 3042 3061 est
3069 3006 3224 3077 juxta
3257 3005 3512 3076 populum
3544 3005 3887 3066 Iudaeorum.

2278 3099 2366 3154 cui
2389 3098 2603 3155 dixerat
2628 3117 2641 3153 :
2670 3098 2875 3154 Ponant
2897 3109 2943 3153 te
2962 3100 3016 3154 in
3037 3098 3179 3170 ﬁlios
3200 3108 3286 3155 :et
3306 3099 3440 3154 dabo
3462 3099 3558 3154 tibi
3577 3109 3786 3153 terram
3811 3098 3888 3151 dc-

581 3209 708 3249 arca
732 3192 970 3260 Domini,
1017 3208 1143 3265 qum
1167 3205 1359 3249 custos
1396 3192 1497 3249 fuit
1536 3193 1674 3264 legis
1704 3194 1972 3261 Mosaicae,
1999 3192 2167 3249 habe-
2201 3190 2247 3254 C
2277 3193 2653 3249 sidcrabilem:
2685 3204 2730 3249 et
2763 3204 2961 3266 patrem
2986 3194 3197 3249 vocabis
3226 3212 3327 3262 me,
3349 3206 3397 3248 et
3427 3204 3546 3266 post
3582 3211 3670 3248 me
3702 3193 3887 3267 ingredi

581 3286 724 3343 bunt
754 3285 1042 3351 ﬁduciam;
1090 3285 1187 3341 sed
1237 3286 1339 3354 ipsi
1372 3295 1535 3341 erunt
1579 3286 1842 3358 templum
1896 3285 2039 3342 Dei:
2075 3300 2177 3342 nec

575 3379 733 3450 juxta
777 3385 1028 3435 errantes
1070 3377 1381 3447 Nazaracos,
1415 3378 1640 3435 abolitis
1673 3378 1959 3434 sacriﬁciis
1997 3378 2175 3433 inser-

582 3471 760 3536 vient,
786 3469 881 3526 sed
910 3470 1247 3540 spiritualem
1273 3470 1479 3526 cultum
1510 3470 1885 3528 sectabuntur.
1953 3467 2062 3524 Alii
2083 3484 2177 3524 ve-

581 3579 647 3620 ro
674 3564 777 3620 hoc
807 3564 860 3619 iu
890 3563 998 3619 line
1039 3572 1348 3636 temporum
1384 3564 1714 3636 intelligunt,
1743 3562 1964 3636 quando
1989 3562 2182 3617 subin-

577 3664 761 3712 trante
813 3655 1151 3726 plenitudine
1179 3657 1422 3727 gentium
1455 3657 1639 3712 omnis
1667 3655 1836 3713 Israel
1867 3657 2049 3712 salvus
2090 3654 2181 3711 ﬁet

582 3747 764 3819 (Rom.
790 3745 888 3818 ιι).

652 3839 832 3913 (Vers.
867 3836 984 3911 i7.)
1016 3836 1083 3892 In
1125 3848 1351 3910 tempore
1378 3838 1471 3893 illo
1494 3838 1746 3894 vocabunt
1767 3835 2059 3894 Jerusalem
2085 3856 2174 3895 so-

580 3932 713 3987 lium
743 3930 976 3997 Domini,
1017 3941 1067 3985 et
1087 3931 1543 4004 congregabantur
1566 3931 1637 3986 ad
1662 3928 1693 3971 ι)
1716 3948 1828 3986 eam
1853 3948 2025 3987 omnes
2055 3951 2181 4006 gen-

584 4036 657 4080 tes
680 4026 736 4080 in
763 4027 973 4081 nomine
998 4024 1213 4080 Domini
1236 4027 1292 4079 in
1313 4023 1625 4091 Jerusalem,
1652 4033 1701 4081 et
1722 4042 1824 4080 non
1846 4026 2181 4082 ambulabunt

587 4127 703 4188 post
739 4118 1048 4188 pravitatem
1078 4117 1255 4172 cordis
1277 4118 1358 4172 sui
1395 4117 1626 4186 pessimi.
1680 4117 2030 4190 Nequaquam
2074 4118 2182 4174 Du-

592 4209 777 4264 minus
822 4210 1035 4266 sedebit
1079 4224 1248 4280 super
1292 4223 1473 4264 arcam
1517 4209 1863 4266 Testamenti
1888 4220 1944 4266 et
1973 4209 2182 4267 Cheru-

590 4300 727 4370 him,
764 4302 851 4358 cui
901 4302 1052 4373 prius
1071 4304 1140 4358 ab
1163 4303 1258 4359 illo
1290 4304 1496 4375 populo
1534 4304 1818 4361 dicebatur
1852 4325 1864 4361 :
1907 4306 2011 4374 Qui
2035 4308 2182 4364 sedes

585 4407 742 4465 super
769 4390 1067 4461 Cherubim,
1119 4395 1455 4467 manifestare
1485 4393 1660 4466 (Psal.
1694 4412 1885 4467 um,
1927 4397 2037 4470 2):
2085 4400 2182 4455 sed

581 4500 775 4540 omnes
828 4485 1066 4556 perfecta
1119 4497 1304 4543 mente
1356 4486 1672 4557 credentes,
1734 4499 1901 4546 erunt
1940 4492 2182 4547 thronus

2279 3302 2383 3339 non
2428 3284 2670 3340 cessabis.
2711 3284 3020 3353 Quomodo,
3071 3285 3273 3356 inquit,
3319 3285 3523 3341 mulier
3561 3286 3884 3345 contemnit.

3872 1454 3881 1485 ι

3872 1711 3887 1763 i

3872 1897 3893 1949 s’

3872 2098 3889 2138 ε

3872 2374 3889 2412 9

3872 2469 3889 2506 ll

3872 2650 3888 2688 ς

2281 3392 2389 3432 non
2419 3377 2617 3446 virum,
2644 3377 2739 3443 sed
2765 3379 3155 3445 amatorem,si
3184 3379 3361 3434 semel
3380 3379 3687 3435 commixta
3710 3378 3881 3442 fuerit,
3936 3380 3937 3385 ‘

2280 3486 2511 3527 cernens
2531 3486 2655 3527 eum
2689 3486 2802 3526 sum
2825 3470 3039 3528 libidini
3066 3471 3428 3538 servientem,
3462 3480 3521 3528 et
3553 3472 3607 3527 in
3630 3486 3699 3527 se
3727 3480 3885 3529 mata-

2281 3572 2394 3618 tam
2442 3578 2567 3620 esse
2603 3563 2783 3635 legem
2831 3574 3067 3629 natura),
3116 3578 3214 3633 per
3250 3577 3418 3635 quam
3466 3562 3589 3618 viro
3616 3563 3879 3634 quondam

2282 3657 2527 3727 subjecta
2558 3657 2761 3722 fuerat,
2789 3658 3008 3713 dicente
3051 3656 3323 3713 Domino:
3355 3654 3424 3710 Et
3448 3657 3521 3712 ad
3555 3668 3604 3712 te
3629 3656 3881 3712 conversio

2281 3752 2395 3822 ejus
2428 3766 2447 3803 :
2486 3749 2569 3804 sic
2615 3748 2814 3804 domus
2841 3747 3037 3816 Israel,
3077 3747 3131 3804 id
3173 3756 3280 3814 est,
3309 3747 3549 3819 populus
3574 3747 3880 3804 Judteorom

2282 3841 2613 3913 contempsit
2685 3841 2983 3897 Dominum
3051 3841 3397 3897 Salvatorem
3468 3842 3529 3897 in
3595 3843 3880 3914 perniciem

2282 3946 2461 3988 suam.

2356 4023 2537 4092 (Vers.
2570 4023 2663 4093 21,
2691 4022 2813 4096 22.)
2840 4022 2957 4079 Vox
3007 4024 3059 4078 in
3106 4024 3201 4079 viis
3239 4022 3382 4097 (sive
3415 4025 3471 4079 in
3512 4020 3688 4095 labiis)
3719 4023 3878 4078 αωῆια

2283 4124 2379 4180 est,
2412 4114 2648 4184 ploratus
2676 4125 2723 4170 et
2758 4113 2991 4170 ululatus
3019 4115 3253 4186 ﬁliorum
3284 4113 3479 4181 Israel,
3522 4115 3775 4187 quoniam
3799 4110 3877 4165 ini-

2283 4222 2442 4277 quam
2465 4208 2697 4279 fecerunt
2719 4209 2856 4262 viam
2888 4223 3060 4275 suam,
3090 4207 3237 4261 obliti
3273 4217 3396 4262 sunt
3430 4205 3649 4262 Domini
3674 4203 3780 4260 Dei
3794 4203 3873 4259 sui.

2286 4300 2677 4368 Convertimini,
2733 4302 2834 4370 filii
2885 4311 3225 4369 revertentes,
3266 4313 3316 4356 et
3356 4301 3560 4357 sanabo
3606 4301 3879 4354 eversiones

2284 4394 2442 4467 (sive
2482 4396 2846 4469 contritiones)
2896 4406 3091 4452 vestras
3141 4413 3161 4451 :
3229 4410 3329 4467 pro
3368 4409 3484 4466 quo
3539 4394 3880 4467 Symmachus

2287 4489 2589 4555 transtulit,
2620 4484 3004 4544 conversiones.
3038 4487 3302 4544 Libenter
3333 4487 3484 4543 Deus
3516 4486 3750 4556 suscipit
3785 4498 3884 4557 pte—

587 4578 704 4634 Dei.
741 4577 833 4634 Vel
874 4587 1030 4636 certe
1060 4580 1260 4637 melius
1293 4588 1468 4637 totum
1499 4581 1569 4639 de
1600 4582 1843 4639 Ecclesia
1876 4584 2181 4653 intelligen-
2204 4571 2259 4635 D
2286 4584 2548 4649 nitentes,
2572 4592 2629 4637 et
2647 4583 2890 4638 occurrit
2910 4582 3022 4636 lilio
3044 4579 3229 4651 inopia
3251 4590 3306 4636 et
3331 4579 3593 4649 squalore
3622 4575 3877 4639 coniecto,

587 4672 751 4728 dum:
778 4672 997 4743 quando
1020 4684 1426 4746 congregantur
1446 4689 1643 4732 omnes
1666 4684 1860 4747 gentes
1886 4676 1939 4731 in
1966 4677 2188 4735 nomine

588 4763 803 4821 Domini
835 4766 891 4821 in
919 4765 1247 4833 Jerusalem,
1278 4768 1461 4839 inqua
1491 4776 1578 4824 est
1603 4768 1746 4823 visio
1780 4769 1932 4839 pacis
1966 4786 1981 4823 :
2015 4778 2075 4824 et
2096 4786 2191 4823 ne-

585 4872 861 4928 quaquam
889 4858 1175 4915 ambulant
1203 4868 1326 4928 post
1366 4861 1692 4929 pravitatem
1716 4859 1904 4915 cordis
1949 4862 2031 4916 sui
2066 4878 2191 4932 pes-

587 4949 735 5013 simi,
760 4956 822 5003 ut
845 4947 1050 5005 iaciant
1079 4966 1205 5021 qua:
1233 4950 1575 5017 desiderant,
1600 4966 1701 5007 nec
1729 4965 1862 5007 suos
1885 4962 2193 5023 sequuntur

593 5053 849 5119 errores;
880 5041 975 5096 sed
1002 5041 1193 5097 dicunt
1221 5057 1347 5098 cum
1389 5042 1666 5111 Propheta
1702 5060 1715 5097 :
1753 5042 1988 5100 Adluesit
2016 5047 2194 5101 anima

595 5147 706 5185 mea
732 5142 846 5203 post
875 5140 924 5187 te
956 5151 976 5189 :
1005 5151 1086 5188 me
1111 5136 1336 5207 suscepit
1366 5135 1577 5191 dea-tera
1623 5146 1713 5191 tua
1748 5135 1927 5208 (Psal.
1955 5154 2084 5207 Lm,
2109 5139 2192 5210 9).

664 5220 857 5291 (Vers.
883 5223 1000 5295 18.)
1035 5222 1102 5279 In
1144 5225 1324 5281 diebus
1361 5227 1469 5283 illis
1492 5229 1590 5282 ibit
1613 5228 1800 5284 domus
1823 5230 1970 5285 .luda
2000 5231 2071 5285 ad
2096 5233 2193 5287 do-

667 5368 694 5439 ξ
737 5359 1259 5439 Expungit_Victor._
1271 5376 1437 5439 voces
1464 5363 1535 5417 ad
1566 5379 1668 5429 me,
1690 5378 1938 5439 quianec
1959 5366 2015 5421 in
2028 5366 2192 5439 Vulg.

774 5430 1066 5502 sunt,'hic
1100 5442 1197 5489 aut
1244 5432 1422 5504 intra,
1469 5450 1647 5505 neque
1690 5430 1742 5490 in
1790 5435 2061 5495 Hebraieo
2101 5430 2197 5497 aut

666 5542 900 5650 ῖιᾟεῃθθ
930 5583 1051 5650 erat
1076 5576 1145 5630 ad
1171 5592 1312 5644 eum,
1355 5592 1452 5647 pro
1478 5578 1547 5633 ad
1573 5593 1685 5632 eam
1708 5577 1851 5650 quod
1876 5581 2194 5650 reponimus

595 5643 1015 5727 eumv‘ietorio,
1047 5659 1207 5727 sacro
1242 5643 1416 5715 textu,
1449 5650 1674 5720 ipsaque
1720 5643 2035 5707 Latinitatis
2063 5669 2193 5724 pro-

599 5714 834 5786 prietate
858 5714 1309 5786 suffragantibus.

673 5788 695 5815 ι’
728 5779 901 5850 Epist.
940 5785 993 5841 in
1031 5779 1225 5843 'nostra
1261 5788 1580 5845 recensione
1606 5790 1728 5861 129,
1764 5791 1829 5847 ad
1861 5791 2195 5864 Dardanum,

2294 4678 2601 4747 statimque
2628 4675 2801 4730 induit
2821 4673 3070 4744 pristinis
3093 4672 3367 4738 vestibus,
3382 4679 3441 4726 et
3467 4668 3645 4727 reddit
3665 4668 3876 4739 gloriam

2296 4758 2595 4828 revertenti
2633 4785 2646 4822 :
2673 4770 2753 4823 ita
2783 4766 3070 4822 dumtaxat
3102 4773 3161 4820 ut
3191 4772 3506 4821 revertatur
3525 4762 3578 4816 in
3606 4761 3819 4831 ploratu
3836 4764 3876 4810 et

2291 4864 2527 4922 ululatu.
2584 4862 2697 4919 Suo
2736 4862 2884 4918 enim
2914 4860 3049 4916 vitio
3097 4858 3226 4915 fecit
3270 4856 3515 4928 iniquam
3554 4853 3721 4927 863
3760 4853 3874 4906 viam

2293 4973 2476 5026 suam,
2509 4965 2566 5012 et
2591 4956 2794 5012 oblitus
2843 4962 2930 5010 est
2959 4951 3177 5007 Domini
3232 4951 3326 5007 Dei
3358 4956 3417 5005 et
3460 4947 3649 5003 Patris
3678 4947 3782 5011 sui,
3821 4939 3872 4994 ad

2293 5063 2431 5120 quos
2460 5046 2770 5120 prophetali
2800 5060 3057 5110 sermone
3086 5043 3331 5113 loquitur
3354 5031 3874 5106 :Convertimini,ﬁlii

2294 5152 2622 5199 revertentes.
2653 5140 2804 5210 Quos
2843 5139 3048 5195 idcirco
3079 5136 3223 5192 ﬁlios
3246 5149 3407 5204 voco,
3437 5131 3567 5204 quia
3610 5126 3869 5187 intellectis

2299 5234 2540 5307 peccatis
2567 5232 2789 5300 vestris,
2814 5230 2869 5284 in
2898 5228 3113 5300 ploratu
3133 5237 3301 5298 atque
3322 5224 3536 5281 ululatu
3570 5212 3870 5279 revertimini

2299 5372 2506 5439 scripta
2534 5368 2670 5439 circ.
2703 5363 3055 5439 annum‘dli.

2369 5423 2593 5511 litatis
2612 5438 2699 5493 hic
2719 5452 2841 5511 cum
2856 5434 3001 5491 Vict.
3021 5432 3376 5511 rescribimus
3402 5433 3460 5485 in
3482 5431 3626 5511 ﬁlios
3651 5444 3716 5486 ex
3734 5423 3861 5511 Vulg:

2299 5514 2433 5569 edit.
2480 5501 2530 5568 et
2563 5509 2779 5576 Graeca,
2812 5509 3039 5578 ipsoque
3060 5504 3209 5559 Hier.
3244 5501 3701 5578 Commentario:
3741 5506 3862 5578 antea

2298 5595 2415 5640 erat
2438 5585 2497 5660 in
2518 5580 2665 5660 filiis.
2715 5576 3083 5660 Moa‘quoque
3111 5577 3431 5630 exercituum
3477 5587 3583 5655 pro
3626 5576 3863 5625 exercitum

2300 5656 2423 5727 ipso
2456 5653 2724 5710 Hebraico
2748 5651 3097 5706 adsentiente
3122 5661 3154 5701 e
3184 5659 3289 5700 ms.
3323 5651 3713 5729 correximus...

2378 5736 2400 5764 ε
2438 5724 2663 5785 Videtur
2697 5716 3460 5794 legissqﬂieronymusapud
3486 5713 3862 5794 Lux...qu

2303 5797 2416 5863 τήν,
2435 5774 2679 5867 ᾁίιξέῖίόκ
2698 5774 3071 5848 ’ἱῖῗῆὁᾶίενηιέ
3091 5774 3506 5856 εἱειηριςιὲἱδυε
3533 5774 3858 5840 desideratura

3939 4571 3942 4723 ἴ

3938 5372 3942 5501 ἶ

3939 5742 3941 5823 l
