3972 6372
9 304 113 360 05
626 303 1273 362 COMMENTARIORUM
1310 302 1378 361 IN
1415 302 1772 362 JEREMIAM
1815 304 2238 364 PROPIIETAII
2275 307 2409 365 LIB.
2447 310 2487 366 I.‘
2541 311 2698 370 CAP.
2740 314 2828 371 IV.
3270 325 3372 384 706

9 421 54 476 LI
125 427 500 490 parentem.
541 420 788 492 Cumque
817 435 938 487 vos,
984 421 1079 485 ait,
1114 419 1317 477 reversi
1345 419 1564 476 fueritis
1609 420 1674 475 ad
1703 426 1758 486 Α
1857 422 1918 478 Si
1941 423 2220 478 abstuleris
2247 423 2557 492 offendicula
2581 439 2671 482 tua
2708 447 2739 483 a
2773 431 2906 500 facie
2939 450 3070 502 mea,
3103 454 3200 491 non
3229 457 3343 496 com

9 513 396 576 tominum,
430 513 645 568 sanabit
677 528 864 568 omnes
900 514 1260 569 contritiones
1289 523 1525 581 vestras,
1555 513 1678 569 sive
1781 517 2084 571 moveberis.
2115 516 2347 583 Quando
2380 516 2478 590 [Αἵ.
2512 523 2791 591 quomodo
2817 525 2971 599 ergo]
2994 543 3278 586 movemur
3317 544 3372 589 et

9 606 424 671 versiones,
456 604 655 675 quibus
678 619 708 658 a
734 604 965 660 Domino
998 606 1379 672 recesseratis,
1407 606 1492 662 vel
1525 616 1679 664 certe
1781 609 2016 666 dicimus
2035 628 2047 666 :
2068 609 2174 665 Mei
2191 620 2359 665 autem
2378 628 2494 683 pere
2509 616 2636 670 moti
2650 627 2771 672 sunt
2793 619 3083 692 pedes(Ps.
3109 625 3370 696 Lxxu,2),

9 699 500 754 onversiones.
549 696 812 765 Quamvis
839 697 986 754 enim
1028 701 1247 770 propria
1282 700 1564 757 voluntate
1609 700 1681 756 ad
1781 719 1889 759 non
1920 703 2300 760 imbecillitate
2333 713 2531 762 natum
2555 707 2658 766 hoc
2690 710 2947 780 patimur,
2979 715 3074 770 sed
3111 717 3238 786 quia
3277 735 3373 787 po-

9 793 370 846 hominum
401 800 746 846 revertamur
775 809 788 845 :
819 799 1004 847 tamen
1043 793 1146 847 nisi
1178 791 1273 848 ille
1301 807 1402 847 nos
1430 793 1679 858 traxerit,
1783 797 1963 852 nimus
1990 797 2344 866 offendicula,
2377 807 2434 854 et
2456 799 2587 858 itola
2617 814 2802 861 nostra
2831 816 3024 863 contra
3053 809 3368 867 Dominum.

9 893 54 938 τι
89 881 514 973 cupiditatem
567 890 815 937 nostram
855 898 958 938 suo
1001 883 1346 940 roboraverit
1393 885 1682 955 praesidio,
1857 888 2041 959 (Vers.
2071 889 2154 960 2.)
2186 889 2252 945 Et
2285 892 2498 963 jurabis
2550 893 2685 951 Vivit
2712 895 2967 956 Dominus
2996 903 3048 956 in
3073 905 3286 961 veritate
3322 918 3372 962 et

10 976 171 1032 .alvi
215 988 371 1031 esse
406 990 513 1030 non
564 975 890 1045 poterimus.
944 974 1324 1046 Intelligamus
1361 976 1465 1032 hoc
1506 985 1565 1033 et
1617 976 1686 1033 de

9 1071 392 1127 Iudaeorum
437 1069 642 1141 populo
680 1071 748 1126 ad
789 1070 1079 1126 Dominum
1120 1081 1480 1129 revertente:
1527 1079 1584 1128 et
1615 1071 1685 1128 de

9 1166 360 1221 nacreticis
390 1164 484 1234 qui
515 1164 810 1220 Dominum
851 1163 1283 1234 dereliquerunt.

99 1257 337 1328 (Vers.
361 1257 486 1327 2'5.)
512 1256 644 1312 Ecce
671 1273 765 1313 nos
788 1259 1018 1312 venimus
1042 1259 1112 1312 ad
1141 1269 1188 1315 te
1215 1277 1232 1314 :
1255 1271 1311 1314 tu
1329 1263 1465 1314 enim
1495 1276 1547 1316 es
1581 1260 1688 1316 Do-

9 1352 230 1406 minus
274 1349 433 1404 Deus
482 1359 674 1406 noster.
738 1349 869 1404 Vere
906 1352 1179 1408 mendaces
1229 1365 1377 1408 erant
1423 1355 1600 1420 colles,
1639 1364 1690 1409 et

9 1444 362 1500 multitudo
409 1444 551 1516 (sive
591 1443 873 1516 fortitudo)
906 1447 1154 1500 montium
1188 1463 1207 1500 :
1241 1462 1357 1502 vere
1384 1447 1436 1501 in
1461 1445 1691 1503 Domino
1786 1439 1938 1511 jurat
1981 1457 2078 1512 per
2127 1443 2436 1499 Dominum.
2468 1443 2717 1520 Quolque
2756 1451 2958 1509 dicitur
2983 1473 3008 1527 ε.
3034 1455 3163 1512 Vivit
3193 1457 3378 1514 Denti-

10 1534 163 1590 Deo
187 1543 392 1591 nostro
418 1533 561 1589 salus
582 1533 773 1590 Israel.
797 1535 1067 1592 Dicathoc
1087 1538 1452 1607 pmnitens,et
1471 1553 1688 1594 omnem
1792 1550 1910 1600 nus,
1948 1534 2000 1588 in
2032 1534 2390 1591 Testamento
2418 1537 2993 1613 veterijusjurandutn
3020 1557 3126 1618 est,
3149 1550 3218 1606 ad
3245 1567 3378 1609 con-

14 1629 401 1701 superbiam
474 1629 909 1701 derelinquens,
957 1640 1036 1692 _et
1105 1633 1511 1689 multitudinem
1577 1633 1694 1689 sive
1794 1624 2198 1683 demnalionem
2255 1638 2596 1687 mortuorum
2659 1651 2756 1706 per
2803 1654 2942 1710 quos
2993 1643 3147 1712 jurat
3195 1649 3376 1705 omnis

17 1723 435 1780 altitudinem
485 1723 751 1778 montium
789 1732 846 1778 et
882 1723 1132 1788 collium,
1167 1740 1265 1794 per
1298 1740 1459 1795 quam
1500 1741 1696 1796 super-
1723 1803 1760 1810 _
1797 1717 2113 1774 idololatra.
2149 1721 2434 1792 Simulque
2475 1726 2999 1788 animidverlendum
3022 1736 3165 1804 quod
3199 1739 3378 1810 jusju-

23 1817 254 1872 biebat
312 1823 511 1872 contra
554 1815 724 1871 Deum
764 1833 778 1869 :
824 1826 876 1872 et
926 1815 1234 1872 humilitate
1265 1825 1570 1887 prostratus
1615 1817 1693 1874 lo-

1816 1810 2027 1866 -andum
2077 1810 2178 1868 hos
2229 1814 2430 1871 habeat
2469 1819 2708 1884 conties,
2747 1803 3064 1894 veritatem,
3111 1803 3375 1898 judicium

25 1920 274 1982 quatur
312 1929 327 1966 :
357 1909 491 1964 Vere
520 1911 574 1965 in
611 1908 832 1964 Domino
862 1909 974 1964 Deo
999 1920 1176 1965 nostro
1198 1911 1344 1966 salus
1369 1910 1565 1966 Israel.
1797 1913 1964 1974 atque
1998 1905 2270 1975 ,Ῑυειὶιὶεῐη
2307 1924 2320 1962 ε
2371 1908 2417 1964 Si
2464 1909 2562 1964 iSla
2595 1909 2866 1980 dtl'uerint,
2908 1933 3248 1992 nequaquam
3272 1925 3379 1980 erit

1793 1993 2164 2064 juramentum
2193 2039 2208 2066 ,
2242 1999 2342 2054 sed
2387 1999 2686 2070 perjuriun.
2721 2002 2988 2077 Cumque,
3021 2010 3120 2077 ait,
3163 2011 3266 2070 hoe
3293 2013 3378 2071 fe-

1798 2089 1936 2143 cerit
1982 2087 2154 2145 Israel
2177 2132 2192 2154 ,
2230 2100 2284 2145 et
2324 2106 2428 2160 per
2455 2094 2728 2163 Apostles
2757 2099 3018 2168 magister
3044 2101 3210 2160 fuerit
3247 2121 3386 2176 gen-

1800 2180 1956 2246 tium,
1989 2191 2118 2238 tunc
2141 2182 2470 2240 benedicent
2493 2184 2612 2242 sive
2631 2185 3002 2249 [medicentur
3024 2193 3079 2251 in
3102 2212 3168 2252 eo
3188 2213 3382 2258 omnes

1799 2283 2015 2346 gentes,
2046 2283 2104 2332 et
2141 2276 2320 2347 ipsum
2365 2277 2822 2354 laudabuntquod
2863 2288 3012 2345 salus
3048 2295 3383 2362 processerit

1801 2381 1870 2423 ex
1894 2367 2088 2424 Israel.

1873 2459 2052 2531 (Vers.
2086 2463 2121 2518 5
2150 2461 2337 2536 seqq.)
2370 2463 2498 2520 Haec
2527 2466 2663 2522 enim
2685 2469 2797 2524 licit
2827 2470 3078 2531 Dominus
3106 2478 3215 2532 viro
3235 2477 3380 2536 Iuda

1801 2562 1848 2609 et
1867 2553 2157 2610 Jerusalem
2172 2573 2191 2611 :
2212 2556 2415 2614 Novate
2439 2558 2582 2613 vobis
2605 2562 2783 2632 noale,
2805 2575 2854 2619 et
2868 2566 3026 2623 nolite
3047 2587 3211 2626 serere
3230 2589 3384 2646 super

1803 2649 1982 2718 spinas
1997 2666 2016 2703 .·
2032 2649 2469 2705 circumcidimini
2485 2650 2645 2706 Domi
2651 2665 2763 2725 nqet
2777 2663 2978 2729 auferte
2992 2665 3252 2734 prwputia
3268 2683 3385 2721 cor-

1804 2743 1949 2797 dium
1978 2751 2287 2812 vestrorum,
2304 2744 2402 2799 uiri
2428 2742 2571 2800 Juda
2595 2755 2643 2800 et
2664 2746 2951 2806 hbitatores
2971 2752 3300 2814 Jerusalem:
3318 2776 3382 2814 ne

1805 2838 1941 2907 forte
1985 2835 2280 2907 egrediatur
2309 2845 2368 2892 ut
2392 2837 2531 2908 ignis
2559 2837 2829 2910 indigestio
2864 2860 2996 2915 mea,
3027 2856 3075 2900 et
3099 2851 3385 2905 succenda-

1807 2934 1912 2990 tnr,
1939 2935 1986 2980 et
2015 2943 2116 2981 non
2149 2928 2214 2981 sit
2236 2929 2328 2999 qui
2355 2930 2672 2999 exstinguat,
2699 2943 2888 3003 popter
2913 2937 3164 2992 malitiam
3188 2942 3389 3014 cogita-

1782 981 1838 1034 in
1880 980 2087 1053 judicio
2128 991 2178 1036 et
2217 983 2273 1036 in
2303 983 2550 1055 justitia:
2594 999 2644 1044 et
2693 990 2988 1048 benedicent
3011 1011 3130 1049 eum
3175 1009 3371 1071 gentes,

1781 1071 2056 1143 ipsumque
2075 1071 2386 1128 laudabunt.
2419 1074 2487 1129 Et
2506 1079 2768 1144 qtomodo
2799 1081 3155 1153 Evangelium
3185 1090 3373 1158 jurare

1786 1179 1887 1220 nos
1912 1165 2202 1236 prohibet?
2222 1166 2328 1224 Sed
2357 1166 2447 1223 hic
2477 1168 3015 1246 (Mttth.v),jurabis,
3045 1194 3142 1248 pro
3159 1183 3375 1240 confes-

1787 1257 1943 1312 sione
1963 1256 2184 1324 dicitur,
2218 1267 2273 1314 et
2308 1258 2375 1314 ad
2416 1259 2913 1322 condimnationem
2944 1269 3240 1337 idolorum,
3275 1291 3374 1345 per

1789 1349 2350 1419 quaajurabatlsrael.
2372 1350 2600 1420 Deniqw
2619 1355 3298 1433 auferunturoﬂendicula,
3321 1378 3379 1424 ct

127 2004 345 2074 (Vers.
381 2001 504 2074 24.)
550 2001 802 2074 Confusio
845 2003 1067 2058 comedit
1110 2003 1336 2058 laborem
1366 2014 1576 2075 patrum
1603 2019 1696 2058 no-

37 2107 311 2152 strorum
365 2097 432 2150 ab
490 2095 836 2150 adolescentia
883 2103 1061 2149 nostra
1109 2111 1128 2149 :
1191 2111 1368 2167 greges
1419 2111 1598 2149 eorum
1648 2105 1696 2149 et

44 2200 320 2245 armenta
361 2204 564 2254 eorum,
598 2187 737 2257 filios
757 2197 805 2241 et
837 2187 977 2257 ﬁlias
1006 2204 1204 2242 eorum.
1242 2197 1266 2225 α
1292 2187 1497 2244 Omnes
1525 2187 1699 2243 hare-

48 2285 322 2340 ticorum
355 2282 601 2349 labores,
631 2280 702 2337 de
727 2280 928 2351 quibus
959 2281 1222 2352 scriptum
1248 2291 1354 2348 est,
1385 2278 1700 2351 Defecerunt

56 2387 381 2432 scrutantes
420 2375 672 2430 scrutinio
701 2372 880 2445 (Psal.
911 2391 1064 2442 thtt,
1098 2374 1193 2444 7),
1232 2375 1301 2428 ab
1327 2373 1698 2429 adolescentia

63 2487 283 2529 eorum
309 2484 453 2541 quos
477 2470 832 2539 deceperant,
860 2468 1002 2522 ﬁlios
1026 2478 1080 2524 et
1111 2467 1252 2522 lllias
1278 2481 1494 2534 eorum,
1526 2466 1616 2537 qui
1645 2466 1701 2522 in

73 2565 298 2622 hmresi
332 2563 701 2635 profecerant,
715 2562 804 2618 vel
828 2559 858 2601 δ
879 2570 1088 2617 tantum
1107 2561 1318 2617 luxuria
1351 2562 1699 2628 tenebantur,

79 2657 387 2731 oppressit
413 2666 601 2712 nostra
627 2654 904 2710 conlusio.
937 2653 1094 2710 Unde
1122 2653 1368 2709 inferunt
1399 2670 1414 2707 :

165 2747 489 2823 (νει-835.)
519 2746 856 2802 Dormiemus
877 2747 931 2801 in
958 2746 1268 2816 confusione
1290 2755 1490 2813 nostra,
1513 2753 1560 2800 et
1582 2761 1704 2816 ope-

87 2845 192 2899 riet
224 2858 321 2896 nos
364 2840 655 2913 ignominia
699 2848 879 2894 nostra
904 2855 921 2894 :
948 2838 1195 2909 quoniam
1230 2835 1336 2891 Deo
1377 2848 1550 2891 nostro
1582 2852 1703 2904 pec-

90 2935 331 2990 cavimus
380 2950 506 3000 nos,
539 2941 589 2987 et
629 2940 800 3004 patres
826 2932 990 2986 nostri
1039 2931 1104 2986 ab
1145 2930 1495 2985 adolescentia
1527 2937 1704 2984 nostra

98 3043 262 3097 usque
287 3025 340 3079 in
365 3024 499 3079 hanc
528 3023 666 3078 diem
696 3040 714 3078 :
742 3035 790 3077 et
820 3039 924 3078 non
946 3023 1243 3078 audivimus
1271 3038 1445 3076 vocem
1488 3018 1704 3076 Domini
1806 3018 2003 3072 tionum
2034 3017 2171 3090 (sive
2211 3019 2657 3092 adinventionum)
2685 3036 2960 3082 vetrarum.
2996 3028 3103 3085 Pro
3141 3045 3208 3087 eo
3238 3033 3385 3104 quod

101 3117 204 3172 Dei
233 3117 414 3172 nostri.
449 3115 563 3172 Hoc
590 3115 846 3187 loquatur
875 3114 1068 3180 Israel,
1100 3113 1193 3184 qui
1221 3131 1379 3170 suum
1416 3114 1704 3170 Dominunt
1743 3188 1776 3196 _
1810 3123 1909 3182 nos
1935 3108 2196 3174 diximus,
2218 3111 2647 3166 circurttcidimini
2677 3110 2895 3187 Don‘no,
2936 3128 2984 3175 et
3019 3126 3221 3194 aufcrte
3250 3143 3386 3196 pra:-

105 3225 221 3266 non
251 3206 458 3264 audivit
494 3227 506 3263 :
549 3206 654 3262 hoc
695 3206 874 3262 omnis
917 3205 1212 3262 hmreticus
1249 3206 1341 3276 qui
1374 3205 1488 3276 agit
1528 3204 1706 3276 poeni-
1733 3188 1780 3252 Ο
1811 3202 1955 3273 putia
1986 3203 2224 3256 rordium
2252 3211 2559 3272 vestrorum,
2585 3204 2917 3276 Symmchus
2949 3188 3150 3283 posuit,
3199 3188 3386 3290 puriﬁ-

110 3305 368 3370 tentiam;
403 3315 457 3360 et
487 3314 667 3360 tamen
701 3319 826 3375 pars
859 3304 1054 3359 salutis
1091 3313 1198 3371 est,
1232 3318 1327 3357 sua
1373 3302 1626 3358 conliteri
1652 3311 1711 3358 et
1811 3295 1998 3347 εαηιὲηί
2033 3292 2338 3362 Domino.“
2366 3295 2566 3365 αυῙενίε
2588 3295 2787 3356 maliti}
2809 3305 3042 3358 εονάὶαηι
3070 3318 3384 3366 vestrorum:

113 3412 277 3452 nosse
298 3405 534 3467 peccata.
563 3397 678 3463 Dic,
719 3397 915 3468 inquit,
949 3407 1005 3450 tu
1038 3397 1181 3468 prius
1206 3397 1505 3467 iniquitates
1547 3404 1706 3450 tuas:

117 3499 171 3544 ut
225 3491 529 3561 justiﬁceris
575 3489 747 3560 (Isai.
791 3506 941 3558 xun,
991 3489 1130 3562 26).
1168 3489 1310 3545 Vere
1348 3489 1493 3544 enim
1540 3488 1710 3544 Israel

118 3582 321 3638 dimisit
347 3582 625 3637 Christum
669 3581 963 3638 Dominum
990 3583 1164 3640 Deum
1193 3596 1379 3646 suum,
1415 3597 1471 3640 et
1499 3583 1552 3637 in
1581 3597 1708 3638 eum

120 3675 384 3746 peccavit,
409 3692 514 3731 non
541 3676 720 3731 solum
744 3690 811 3731 eo
843 3685 1093 3747 tempore
1121 3677 1340 3747 quando
1365 3679 1516 3733 visus
1543 3685 1627 3732 est
1656 3676 1709 3730 in

125 3785 304 3836 carne,
351 3769 444 3824 sed
485 3777 543 3825 et
580 3777 709 3824 ante
759 3768 1051 3825 adventum
1085 3771 1254 3826 illius.
1299 3770 1454 3827 Unde
1496 3771 1709 3834 dicunt,

131 3879 220 3917 nos
249 3871 293 3916 et
321 3871 485 3932 patres
513 3862 681 3916 nostri
725 3863 790 3916 ab
819 3862 1171 3918 adolescentia
1221 3874 1400 3919 nostra
1436 3880 1596 3935 usque
1645 3862 1713 3917 ad

129 3954 258 4008 hanc
285 3954 434 4020 diem,
479 3963 527 4008 et
576 3971 680 4008 non
717 3953 1012 4010 audivimus
1041 3971 1211 4010 vocem
1248 3955 1343 4010 Dei
1386 3956 1573 4023 nostri,
1608 3954 1712 4025 'qui

135 4047 327 4102 nostris
372 4045 613 4116 patribus
658 4046 986 4116 loquebatur
1029 4065 1042 4100 :
1096 4047 1158 4102 Si
1199 4048 1474 4102 crederetis
1517 4047 1712 4118 Moysi,

138 4139 399 4207 crederetis
440 4151 486 4194 et
527 4139 654 4194 mihi
695 4157 714 4194 :
761 4139 826 4194 de
867 4155 946 4195 me
983 4139 1237 4195 enimille
1281 4141 1487 4212 scripsit
1531 4139 1712 4212 (Joan.

142 4251 195 4302 v,
219 4233 330 4307 46).

215 4325 358 4398 (Cap.
387 4325 474 4382 IV.
517 4355 590 4367 —
635 4325 790 4382 Vers.
831 4327 913 4397 l.)
956 4327 1017 4382 Si
1067 4325 1354 4391 reverteris,
1405 4324 1600 4390 Israel,
1644 4327 1719 4380 ait

151 4423 403 4486 Dominus,
432 4421 501 4475 ad
531 4435 612 4476 me
645 4431 957 4476 convertere.
1001 4420 1106 4476 Pro
1147 4435 1256 4491 quo
1301 4417 1444 4474 LXX
1477 4427 1720 4475 transtu-

149 4515 342 4570 lerunt:
366 4512 524 4586 864
545 4513 606 4569 Si
635 4529 914 4568 conversus
936 4513 1093 4584 fuerit
1113 4511 1309 4578 Israel,
1333 4512 1409 4566 ait
1439 4510 1715 4577 Dominus,

152 4608 216 4661 ad
243 4623 314 4662 me
337 4615 668 4662 concertetur.
701 4605 767 4660 Et
791 4614 879 4662 est
902 4619 1098 4660 sensus
1124 4647 1138 4670 ,
1173 4603 1218 4659 si
1237 4604 1305 4660 ad
1333 4619 1420 4660 me
1442 4605 1606 4661 fuerit
1631 4620 1719 4662 re-

154 4713 346 4763 versus,
375 4706 676 4754 revertetur
721 4695 790 4754 de
825 4696 1167 4766 captivitate.
1197 4695 1326 4753 Sive
1357 4696 1520 4752 aliter
1549 4714 1562 4752 :
1595 4713 1719 4753 cum

158 4789 391 4846 obtulerit
417 4789 557 4860 quod
593 4788 802 4844 habet:
845 4787 948 4856 Qui
989 4789 1128 4844 enim
1167 4787 1340 4855 habet,
1373 4788 1587 4843 dabitur
1631 4789 1723 4845 ei:

161 4883 241 4952 qui
271 4892 426 4938 autem
467 4897 572 4937 non
608 4881 792 4947 habet,
828 4881 980 4936 etiam
1009 4881 1066 4935 id
1105 4882 1246 4952 quod
1291 4882 1493 4937 videtur
1539 4883 1727 4940 habere

162 4976 395 5046 auferetur
414 4974 472 5029 ab
493 4991 553 5030 eo
583 4975 800 5044 (Matth.
824 4989 953 5040 xxv,
972 4971 1092 5044 29).
1125 4973 1296 5030 Porro
1313 4973 1464 5044 juxta
1498 4975 1728 5032 Hebrai—

163 5084 274 5125 cum
300 5068 376 5124 hic
402 5083 592 5124 sensus
622 5074 707 5123 est
734 5083 745 5120 :
769 5064 829 5121 Si
859 5064 1160 5121 reverteris
1197 5063 1268 5120 ad
1309 5080 1419 5133 me,
1454 5065 1646 5137 Israel,
1674 5075 1733 5122 et

169 5162 319 5218 semel
339 5162 558 5218 salutem
596 5158 940 5225 desiderans,
971 5172 1234 5229 peccasse
1283 5168 1334 5213 te
1353 5157 1516 5225 dicis,
1547 5169 1603 5215 et
1635 5175 1732 5216 vo-

171 5271 274 5314 cem
307 5254 500 5311 Domini
541 5253 638 5310 Dei
663 5250 741 5308 tui
773 5268 880 5308 non
903 5251 1146 5318 audisse,
1182 5251 1342 5322 plene
1380 5261 1726 5322 convertere,

173 5360 223 5406 et
262 5348 405 5407 crede
439 5362 600 5420 quem
645 5345 909 5418 negasti,
955 5355 1010 5402 et
1063 5353 1191 5401 tunc
1237 5345 1346 5402 erit
1392 5344 1552 5416 plena
1604 5359 1735 5402 con-

178 5458 349 5500 νει-διο.

245 5587 268 5616 ει
294 5577 391 5632 Duo
417 5590 571 5640 mss.,
602 5572 793 5628 Omnes
815 5571 1070 5637 haeretici,
1104 5588 1284 5628 eorum
1305 5571 1524 5627 labores.

247 5648 269 5688 δ
293 5648 443 5705 Penes
470 5642 955 5716 Babanum,_uelut
981 5653 1236 5716 armenta
1274 5644 1509 5714 oppressi
1545 5649 1744 5716 confu-

191 5725 326 5780 sione.
353 5719 410 5775 Et
432 5717 551 5777 cod.
585 5715 760 5770 Vatic.
784 5713 876 5778 9i,
910 5713 990 5768 vel
1030 5715 1158 5768 lenti
1184 5713 1394 5770 luxuria
1422 5713 1748 5786 tenebantur,

1811 3385 2309 3454 circumcisionem,
2336 3387 2777 3444 emundationem
2794 3403 2850 3449 et
2883 3399 3171 3468 praeputia,
3197 3401 3386 3458 vitium

1813 3477 2148 3548 intelligens.
2182 3477 2298 3532 lloc
2323 3489 2508 3534 autem
2541 3481 2824 3551 prmcipitr
2853 3487 2990 3543 viris
3037 3488 3174 3546 Iuda
3205 3503 3260 3548 et
3297 3493 3387 3550 Je-

1813 3567 2171 3638 rusalem,qui
2199 3582 2386 3623 veram
2409 3579 2691 3624 sectantur
2707 3570 2860 3643 (idm,
2877 3575 3193 3635 ethabitant
3209 3583 3261 3636 in
3279 3582 3384 3639 Ec-

1815 3662 2071 3726 clesia,ut
2091 3661 2496 3733 nonjseminent
2512 3678 2680 3735 super
2693 3665 2846 3734 spins
2869 3685 3002 3740 quas
3026 3672 3388 3744 Evangelicus

1816 3772 1998 3814 sermo
2023 3758 2316 3830 signiﬁcat,
2336 3774 2459 3831 qua:
2490 3758 2760 3816 suﬂ'ocent
2794 3775 3067 3823 amentem
3089 3770 3256 3842 865
3270 3772 3388 3840 Dei,

1815 3851 1912 3907 sed
1941 3851 2093 3921 prius
2123 3852 2317 3908 novale
2347 3851 2548 3908 faciant
2576 3862 2633 3909 et
2659 3867 2823 3909 omne
2847 3859 3143 3916 sull'odiant
3169 3878 3391 3934 vepres,

1818 3952 2113 4016 sentesque
2142 3946 2392 4000 auferant
2426 3963 2438 4000 :
2466 3953 2524 4000 ut
2571 3946 2771 4002 munda
2816 3952 2994 4008 smina
3025 3955 3226 4010 munda
3258 3972 3389 4014 arva

1819 4035 2137 4106 suscipiant.
2159 4036 2276 4092 Hoc
2304 4047 2388 4092 est
2417 4037 2563 4107 quod
2591 4039 2644 4092 in
2663 4039 2775 4094 alio
2796 4039 2887 4098 loo
2917 4045 3118 4101 dicitur
3147 4064 3160 4101 :
3193 4047 3277 4101 Ne
3296 4051 3395 4103 mi-

1820 4128 1989 4182 seritis
2019 4129 2330 4200 margaritas
2356 4139 2550 4185 uestras
2581 4139 2703 4184 ante
2723 4147 2894 4202 ports,
2924 4145 2970 4190 et
3000 4154 3060 4192 ne
3080 4138 3214 4194 detis
3242 4156 3396 4194 sanc-

1823 4231 1929 4275 tunt
1981 4223 2193 4278 raptibus
2219 4222 2438 4294 (Matth.
2485 4239 2581 4290 VII,
2607 4221 2687 4296 6).
2731 4223 2987 4293 Qu0todo
3037 4231 3182 4288 enim
3217 4241 3398 4302 potest

1823 4313 1921 4370 Dei
1942 4315 2131 4372 audire
2152 4332 2462 4374 sermonem
2484 4329 2539 4374 et
2565 4319 2857 4390 concipere
2881 4327 3057 4381 emina
3086 4336 3143 4383 et
3164 4329 3396 4386 fructum

1825 4414 2026 4483 facere,
2057 4420 2213 4489 cujus
2262 4421 2481 4478 animus
2530 4423 2793 4479 aerumnis
2840 4430 2997 4486 mndi
3049 4432 3245 4503 plenus
3277 4435 3400 4491 est?

1824 4519 2090 4590 Quodque
2113 4521 2392 4591 sequitur:
2413 4521 2858 4582 Circumcidimini
2885 4534 3098 4601 tomino,
3128 4544 3177 4589 et
3199 4541 3403 4607 auferte

1825 4625 2080 4694 praeputia
2106 4623 2343 4678 sordium
2364 4633 2665 4689 vestrorum,
2692 4625 2825 4681 nulli
2852 4625 2903 4682 al
2941 4633 3278 4704 praecipitur,
3297 4634 3399 4690 nisi

1823 4725 1942 4779 viro
1969 4725 1998 4780 J
2005 4723 2106 4780 uda
2127 4734 2181 4782 et
2201 4725 2598 4783 habitatoribus
2615 4727 2994 4790 Ierusalemut
3023 4735 3280 4794 deserant
3309 4753 3403 4795 oc-

1825 4827 2101 4884 cidentem
2151 4828 2418 4898 litteram,
2446 4837 2503 4885 et
2536 4842 2842 4902 sequantur
2865 4835 3084 4904 sp'itum
3124 4839 3406 4895 viviﬁcan-

1828 4941 1959 4989 tem.
1995 4931 2053 4988 Si
2081 4931 2227 4988 enim
2255 4930 2378 4998 hoc,
2410 4931 2605 5003 inquit,
2627 4947 2737 4988 non
2761 4932 3323 5011 feceris,egredietur
3347 4949 3409 4997 ut

1827 5032 1969 5103 ignis
1999 5030 2305 5104 indignatio
2329 5046 2475 5098 mea,
2502 5040 2555 5087 et
2579 5032 3013 5094 succendeturet
3041 5054 3148 5095 non
3177 5043 3283 5096 erit
3311 5040 3406 5112 qui

1832 5135 2164 5207 exstinguat.
2190 5134 2320 5192 Ideo
2348 5142 2532 5192 autem
2564 5145 2588 5175 ο
2622 5144 2812 5194 monet
2837 5146 2894 5194 et
2915 5151 3008 5198 ate
3031 5141 3304 5214 pradicit,
3337 5158 3408 5201 ne

1832 5240 2018 5298 facere
2046 5240 2415 5312 compellatur
2446 5257 2459 5294 :
2493 5240 2636 5312 quod
2687 5250 2745 5298 et
2769 5242 2822 5298 in
2850 5243 3069 5302 Ninritis
3089 5249 3410 5318 probamus,

1832 5341 2032 5412 quibus
2062 5339 2324 5412 praedicta
2346 5342 2626 5398 sententia
2655 5349 2762 5410 est,
2789 5350 2850 5397 ut
2886 5343 3229 5402 imminentem
3266 5348 3415 5402 luro-

1834 5457 1954 5499 rem
1978 5442 2307 5514 pmnitentia
2324 5442 2692 5501 declinarent.
2727 5442 2920 5499 Omnia
2953 5455 3102 5504 atem
3131 5446 3249 5502 haec
3273 5447 3416 5504 mala

1855 5576 2163 5649 confusione
2183 5581 2348 5649 operti
2375 5590 2515 5636 sunt.

1930 5658 1952 5686 ο
1985 5647 2143 5718 Apud
2177 5647 2386 5724 Raban.
2417 5698 2431 5720 ,
2461 5653 2580 5724 ideo
2607 5659 2776 5707 autem
2805 5651 3025 5710 minau’o
3057 5655 3312 5724 prtedicit,
3334 5657 3421 5714 cui

1858 5720 1974 5776 lere
2011 5723 2288 5778 consentit
2322 5723 2462 5779 alter
2487 5723 2733 5780 Vatican.
