3972 6392
113 288 227 366 '709

687 288 1345 366 communionem
1385 307 1451 365 1N
1488 307 1839 371 tensum!
1871 305 2302 371 PROPHETAM
2341 309 2471 366 ue.
2518 311 2558 366 ι.
2601 310 2759 370 CAP.
2804 291 2896 366 Iv.

3334 302 3440 372 7l0

111 424 419 498 hospitium
455 424 552 482 Dei
571 433 676 497 est,
708 425 1008 483 Ecclesiam
1045 426 1167 502 ejus
1196 438 1428 489 conetur
1456 434 1726 485 evertere.
1757 425 1810 493 Α
1834 422 2167 494 Jerusalem,
2198 432 2430 485 cunctos
2482 425 2734 496 recipere
2784 423 3152 496 disciplinam.
3203 425 3440 494 Celebri,

189 514 263 571 Et
300 534 439 572 nunc
474 534 567 591 ego
607 517 795 591 loquar
807 518 1017 591 judicia
1052 535 1165 573 mea
1196 536 1314 576 cum
1354 520 1450 574 eis.
1483 517 1731 581 ’Δποσιὼ-

115 634 283 675 nam;
303 610 575 683 est,juxta
603 610 732 666 illud
759 610 1118 689 Virgilianum
1146 610 1383 683 (.Eneid.
1409 610 1452 683 Ι)
1476 628 1489 665 ;

246 757 388 816 Quos
597 754 689 806 sed
710 762 872 811 motos
896 762 1097 821 praestat
1117 768 1417 821 componere
1440 757 1633 810 ﬂuctus.

115 882 381 939 Dicturus
402 884 587 954 itaque
612 899 901 956 prospera,
925 887 1126 943 retinet
1150 901 1300 957 se,et
1325 888 1573 947 tristibus
1607 887 1731 961 jun-

112 975 197 1046 git
234 976 433 1032 tristia.
463 975 594 1032 Haec
622 978 768 1034 enim
798 988 926 1034 sunt
965 979 1191 1051 judicia,
1220 995 1339 1053 qua:
1371 996 1493 1036 cum
1531 981 1732 1051 populo

114 1069 393 1143 quondam
420 1086 520 1127 suo
545 1070 787 1144 loquitur
820 1072 985 1140 Deus,
1014 1084 1075 1128 ut
1102 1073 1279 1129 sciant
1307 1090 1366 1129 se
1393 1075 1540 1145 jusle
1570 1075 1732 1135 susti-

115 1178 255 1221 nere
283 1180 404 1236 quae
436 1165 732 1221 sustinent.

191 1257 375 1327 (Vers.
404 1256 519 1331 1'5.)
550 1257 682 1312 Ecce
706 1257 855 1329 quasi
888 1258 1044 1315 nubes
1074 1259 1336 1329 ascendet,
1355 1268 1402 1315 et
1428 1260 1581 1333 quasi
1600 1268 1730 1315 tem-

112 1359 291 1421 pestas
339 1365 518 1403 currus
559 1350 1003 1420 ejusntelociores
1045 1349 1235 1422 aquilis
1280 1352 1397 1425 equi
1436 1351 1602 1409 illius.
1640 1349 1732 1408 Va:

114 1440 287 1508 nobis,
311 1442 558 1510 quoniam
580 1443 769 1495 vastati
792 1459 990 1498 sumus.
1010 1441 1255 1499 Ventura
1283 1445 1459 1501 cernit
1485 1458 1728 1517 praesen-

113 1533 197 1588 tia
233 1545 323 1590 :et
350 1532 708 1606 Babylonium
741 1535 1005 1595 describit
1032 1540 1374 1597 exercitum:
1409 1540 1565 1613 cujus
1600 1554 1729 1596 cur-

111 1641 277 1682 ruum
334 1635 690 1703 rotarumque
741 1630 1004 1703 strepitus
1057 1634 1367 1705 tempestati
1416 1634 1731 1695 saevissima:

109 1718 285 1792 868
312 1729 681 1790 comparatur,
712 1732 768 1778 et
794 1739 1059 1795 equorum
1089 1726 1354 1783 velocitas
1382 1726 1578 1798 aquilis
1605 1726 1731 1796 jun-

1835 516 2032 589 inquit,
2064 517 2118 574 in
2144 516 2454 575 Jerusalem
2492 532 2750 577 sermone
2780 526 3056 583 narratur,
3091 517 3441 577 adversarios

1833 610 2027 668 venire
2056 609 2126 668 de
2152 619 2298 669 terra
2328 608 2651 683 longinqua,
2680 618 2737 669 ct
2764 608 3044 667 fremitum
3091 620 3281 667 contra
3324 625 3443 669 eam

1837 720 2068 777 surgere
2098 704 2359 763 ululantis
2388 704 2684 771 exercitus,
2718 706 2808 774 qui
2843 714 2949 763 tam
2978 704 3269 775 diligenter
3294 704 3447 761 obsi—

1833 799 1999 857 deant
2025 798 2305 857 civitatem
2336 808 2393 859 et
2419 798 2678 857 claudant
2700 799 2894 855 urbem
2933 797 3352 864 munitionibus,
3387 804 3451 855 ut

1833 913 1945 957 non
1970 909 2078 955 tam
2114 896 2467 955 adversarios
2506 905 2664 966 putes
2694 910 2843 962 esse,
2873 910 3034 965 quam
3072 909 3326 966 agrorum
3359 894 3443 949 vi-

1834 1004 2171 1060 nearumque
2211 989 2489 1049 custodes.
2523 989 2641 1049 Hoc
2678 997 2859 1045 autem
2904 998 3077 1045 totum
3108 988 3305 1045 factum
3335 995 3447 1055 est,

1833 1099 1943 1143 non
1986 1083 2227 1142 hostium
2284 1080 2512 1149 viribus,
2544 1081 2643 1139 sed
2692 1080 2854 1151 culpa
2913 1080 3260 1138 Jerusalem:
3312 1081 3442 1151 quia

1834 1175 2010 1235 Deum
2042 1174 2113 1233 ad
2159 1173 2503 1233 iracundiam
2526 1173 2696 1249 869
2721 1173 3060 1242 provocavit.
3099 1172 3161 1229 Si
3212 1173 3361 1229 enim
3391 1173 3445 1229 in

1834 1283 2033 1340 porcos
2066 1281 2176 1325 non
2209 1267 2416 1326 habent
2448 1276 2774 1337 potestatem
2798 1264 3131 1324 adversariae
3168 1264 3442 1321 fortitudi-

1836 1377 1956 1431 nes,
1980 1371 2187 1433 quanto
2214 1361 2385 1433 magis
2413 1361 2465 1417 in
2498 1359 2770 1426 homines,
2800 1367 2859 1416 et
2887 1358 3142 1415 homines
3163 1357 3442 1429 quoiidam

1834 1454 2074 1515 civitatis
2094 1454 2235 1513 Dei?

1902 1544 2090 1618 (Vers.
2126 1543 2239 1616 18.)
2275 1543 2390 1599 Vite
2419 1551 2543 1611 tute,
2584 1552 2632 1598 et
2673 1543 3014 1616 coyitationcs
3064 1551 3168 1599 tua
3213 1542 3440 1613 fecerunt

1834 1635 1944 1691 lucc
2000 1635 2093 1695 tibi
2121 1652 2140 1692 :
2170 1635 2273 1692 ista
2319 1636 2524 1693 malitia
2563 1642 2675 1703 tua,
2703 1634 2825 1702 quia
2864 1651 3047 1691 amara
3076 1634 3263 1706 [ναις.
3293 1634 3452 1690 addit

1833 1725 2003 1798 quia],
2035 1727 2202 1800 tetigit
2231 1743 2321 1782 cor
2354 1735 2523 1785 tuum.
2553 1725 2709 1783 Facit
2734 1728 3134 1797 apostropham
3164 1727 3233 1782 ad
3262 1727 3452 1781 urbem

110 1814 282 1884 gitur.
308 1814 464 1881 Quod
491 1830 613 1871 eum
646 1815 920 1887 Propheta
954 1819 1207 1887 dixisset,
1233 1828 1289 1874 et
1314 1820 1471 1890 quasi
1504 1821 1732 1879 venien-
1763 1823 1810 1891 Β
1837 1818 2164 1887 Jerusalem,
2189 1819 2334 1891 quod
2366 1820 2465 1875 via:
2499 1819 2647 1875 illius
2675 1832 2730 1876 ct
2755 1820 3143 1890 cogitationes,
3168 1819 3366 1889 quibus
3388 1827 3447 1874 et

113 1912 202 1959 tes
230 1904 417 1962 hostes
446 1906 621 1981 digito
653 1907 1111 1979 demonstrasset,
1136 1911 1373 1983 populus
1403 1912 1733 1987 iugemiscit,

111 2004 172 2051 et
200 2010 544 2073 nequaquam
580 1997 788 2067 futura,
816 2001 914 2057 sed
960 2002 1101 2058 facta
1144 2002 1259 2075 jam
1293 2004 1463 2060 sentit
1492 2005 1683 2065 dicens
1719 2021 1733 2060 :

120 2078 414 2157 Vrc'nobis,
439 2092 689 2160 quoniam
714 2095 905 2147 vastati
935 2111 1135 2151 sumus.
1172 2096 1289 2153 Hoc
1320 2097 1465 2153 idem
1496 2097 1737 2157 refertur

108 2178 182 2234 ad
216 2178 546 2250 Ecclesiam,
582 2183 729 2255 quod
758 2186 1008 2257 quotidie
1061 2188 1176 2243 veri
1226 2186 1737 2246 Nabuchodonosor

110 2287 221 2328 nos
268 2272 553 2346 impugnet
583 2278 881 2346 exercitus,
916 2288 971 2335 et
1020 2294 1220 2335 currus
1257 2279 1585 2349 Pharaonis,
1617 2297 1735 2339 om-

112 2364 315 2436 nisque
354 2366 473 2436 ejus
500 2369 774 2440 equitatus
820 2371 1130 2442 aquilarum
1173 2373 1438 2445 impetum
1482 2384 1729 2449 superet.

110 2458 272 2527 Quod
299 2458 648 2533 siintelligat
673 2463 757 2518 vir
776 2464 1218 2533 Ecclesiasticus,
1243 2468 1475 2527 credens
1499 2469 1579 2527 illi
1607 2484 1734 2529 sen-

113 2551 304 2606 tentiae
340 2568 353 2604 :
394 2551 525 2608 Cum
561 2571 834 2612 conversus
858 2558 1191 2632 ingemueris,
1221 2567 1343 2621 tunc
1390 2560 1566 2619 salvus
1606 2564 1731 2633 eris,

113 2641 267 2700 dicet
289 2661 302 2698 :
327 2643 418 2700 Va:
439 2646 602 2716 nobis,
618 2652 866 2719 quoniam
894 2654 1081 2706 vastati
1101 2669 1280 2713 sumus
1295 2652 1512 2727 (Ezech.
1535 2669 1727 2722 xxxiii,

114 2737 236 2809 11).
1370 2817 1375 2823 ο

193 2834 377 2906 (Vers.
405 2834 519 2909 11.)
557 2838 697 2897 Lava
726 2858 759 2896 a
786 2840 989 2897 ntalitia
1016 2858 1105 2897 cor
1132 2852 1304 2911 tuum,
1329 2842 1646 2912 Jerusalem,
1675 2852 1731 2899 ut

115 2927 269 2985 salua
294 2931 394 3001 ﬁas
427 2949 446 2987 :
487 2950 747 3008 usquequo
800 2936 1141 2993 morabuntur
1188 2941 1242 2994 in
1289 2947 1339 2994 te
1392 2941 1731 3012 cogitationes

118 3023 341 3078 noxia?
366 3024 574 3081 Dicenti
596 3028 829 3099 populo:
861 3028 954 3084 Va:
975 3031 1144 3096 nobis,
1167 3032 1410 3102 quoniam
1430 3032 1616 3089 uastati
1641 3048 1731 3087 su-

117 3132 271 3181 mus,
316 3121 615 3187 restiondct
670 3121 965 3197 Propheta,
1016 3126 1187 3185 immo
1244 3141 1342 3197 per
1396 3126 1727 3197 Prophetam

1840 1924 2029 1982 opere,
2061 1921 2116 1967 et
2156 1926 2415 1971 sermone
2445 1913 2716 1983 peccavit,
2739 1912 2996 1969 iecerunt
3024 1912 3074 1968 ei
3111 1911 3303 1967 venire
3328 1925 3448 1965 oni-

1840 2004 1954 2071 nia,
1983 2019 2105 2074 qua
2128 2015 2433 2063 evenerunt
2461 2021 2476 2059 :
2506 2003 2883 2074 malitiamque
2914 2003 3227 2073 illius,qua:
3259 2017 3355 2069 per
3386 2017 3450 2058 se

1838 2110 2030 2155 amara
2052 2095 2147 2165 sit,
2182 2097 2425 2168 tetigisse
2448 2112 2546 2153 eor
2586 2097 2752 2164 illius,
2795 2106 2851 2153 et
2875 2096 3076 2151 anima:
3107 2094 3323 2151 interna
3354 2109 3451 2165 pe-

1838 2196 2117 2250 uetrasse.
2153 2187 2433 2259 Quidquid
2465 2203 2598 2260 ergo
2642 2189 2802 2246 nobis
2838 2187 3061 2253 accidit,
3086 2197 3278 2243 nostra
3306 2186 3450 2242 acci-

1838 2282 1917 2341 dit
1972 2282 2129 2349 vitio,
2169 2283 2260 2353 qui
2311 2282 2529 2343 dulcem
2566 2282 2860 2339 Dominum
2920 2280 2977 2338 in
3026 2278 3445 2337 amaritudinem

1834 2375 2129 2443 vertimus,
2153 2383 2211 2432 et
2237 2375 2487 2446 cogimus
2517 2376 2711 2435 saevire
2738 2375 3045 2432 nolentem.

1909 2466 2092 2541 (Vera.
2120 2467 2209 2535 19,
2234 2467 2356 2537 20.)
2396 2466 2637 2525 Ventrem
2666 2485 2858 2537 meum,
2888 2476 3117 2524 uentrem
3157 2484 3327 2522 meum
3350 2468 3448 2523 do-

1835 2561 1915 2616 leo
1935 2576 1953 2615 :
1977 2577 2159 2619 sensus
2186 2561 2362 2619 cordis
2394 2563 2493 2617 mei
2523 2562 2714 2619 tui'bati
2732 2570 2853 2617 sunt
2882 2562 2936 2617 iu
2963 2578 3043 2617 nte
3065 2577 3085 2618 :
3113 2578 3217 2617 non
3244 2564 3447 2628 tacebo,

1833 2654 2081 2724 quoniam
2102 2669 2277 2713 vacem
2302 2653 2535 2711 buccina:
2557 2655 2756 2717 audiuit
2795 2656 2975 2713 animo
3001 2672 3140 2723 mea,
3168 2655 3447 2711 clamorem

1834 2747 2028 2821 prazlii.
2054 2747 2315 2809 Cautritio
2341 2765 2497 2821 super
2525 2750 2894 2806 contritioaem
2911 2759 3095 2806 uocata
3119 2758 3192 2805 est
3218 2765 3236 2804 :
3258 2758 3303 2804 et
3335 2765 3449 2804 ras-
3546 2811 3564 2822 θ

1835 2849 1946 2897 tata
1974 2849 2051 2901 est
2084 2841 2253 2899 dirutis
2279 2850 2440 2899 terra.
2466 2841 2700 2913 Repente
2730 2849 2933 2899 vastata
2968 2849 3094 2898 sunt
3114 2842 3451 2897 tabernacula

1833 2952 1970 3003 mea,
2001 2936 2176 2993 subito
2211 2937 2372 3009 pelles
2403 2952 2548 2993 mete.
2573 2935 2675 2995 Ubi
2719 2951 2820 2993 nos
2846 2937 3001 3007 juxta
3050 2935 3445 3008 Symmachum

1833 3028 2144 3100 posuimus,
2168 3028 2369 3085 turbati
2403 3037 2550 3095 sunt,
2577 3037 2635 3087 et
2658 3028 2719 3084 in
2744 3028 2976 3086 Hebrao
3021 3028 3287 3099 scriptum
3339 3040 3448 3096 est,

1833 3138 1979 3181 non
2009 3122 2239 3196 (nm't);
2297 3122 2656 3194 Septuaginta
2709 3132 2736 3160 λ
2776 3125 2847 3190 let
2889 3122 3202 3193 Theodotio
3251 3137 3450 3193 posue-

121 3209 274 3265 Deus
306 3228 320 3266 :
350 3210 494 3265 Lava
519 3230 551 3267 a
580 3215 781 3269 malitia
806 3232 895 3270 cor
914 3225 1083 3283 tuum,
1112 3216 1429 3287 Jerusalem,
1462 3219 1557 3277 illa
1590 3233 1727 3290 aqua
1754 3206 1801 3272 C
1834 3226 1959 3275 runt
1982 3217 2273 3289 μιαιμάαοει
2295 3214 2471 3287 :quod
2492 3214 2723 3271 verbum
2748 3229 2925 3285 usque
2949 3216 3003 3273 in
3030 3215 3450 3285 presentiarum

122 3300 195 3357 de
226 3317 333 3374 qua
383 3311 440 3358 et
484 3304 656 3361 Isaias
704 3307 945 3379 loquitur
975 3326 987 3361 :
1022 3307 1320 3378 Lavamini,
1352 3311 1535 3368 mundi
1575 3320 1733 3369 estote
1838 3309 1969 3380 quid
1998 3308 2305 3381 signiﬁcet,
2341 3309 2559 3380 ignoro.
2594 3308 2797 3378 Aquila
2826 3315 3007 3365 autem
3038 3308 3219 3377 posuit
3244 3308 3451 3380 ὀχλὸζσι

123 3391 288 3465 (Isai.
320 3396 492 3470 1.16),
521 3414 661 3471 aqua
691 3400 950 3472 baptismi
982 3403 1262 3471 salutaris,
1292 3419 1435 3475 aqua
1464 3407 1736 3475 pteniten-
1838 3400 1987 3472 quod
2010 3411 2067 3461 et
2098 3402 2273 3471 ipsum
2306 3400 2585 3457 tunmltum
2606 3408 2787 3456 sonat.
2820 3399 2938 3454 Hoc
2960 3398 3029 3455 de
3049 3399 3220 3455 verbo
3237 3398 3448 3454 dictum

126 3488 345 3544 tite.Ad
374 3494 716 3563 metropolim
742 3503 920 3553 autem
944 3494 1188 3566 loquitur
1204 3494 1541 3563 Judaeorum,
1561 3507 1617 3555 ut
1640 3513 1737 3568 per
1840 3494 1934 3562 sit,
1965 3508 2133 3564 super
2174 3506 2286 3564 quo
2330 3493 2446 3548 scio
2498 3492 2641 3563 apud
2687 3492 2982 3562 plerosque
3023 3505 3281 3562 magnum
3321 3504 3447 3546 esse

127 3581 324 3671 urbem
357 3582 729 3656 intelligantur
757 3587 946 3659 populi
984 3606 996 3642 :
1028 3586 1323 3661 Usquequo
1352 3591 1552 3662 iniquis
1587 3591 1738 3663 cogi—

130 3675 435 3732 tatiouibus
462 3678 736 3749 subjaces,
783 3697 906 3752 qua:
952 3682 1262 3754 procedunt
1306 3683 1374 3741 de
1399 3684 1564 3743 corde
1596 3682 1740 3743 tuo?

126 3765 241 3824 Cor
269 3779 451 3826 autem
472 3770 530 3826 in
568 3770 867 3844 Scripturis
896 3776 1101 3835 sanctis
1150 3790 1251 3849 pro
1280 3791 1444 3837 sensu
1478 3787 1530 3839 et
1555 3778 1739 3839 anima

131 3859 405 3917 debemus
436 3863 708 3932 accipere.

209 3952 399 4027 (Vers.
431 3953 546 4026 15.)
584 3953 699 4011 Vox
721 3957 859 4011 enim
885 3958 1243 4019 annuntiantis
1272 3977 1305 4015 a
1334 3959 1472 4027 Dan,
1499 3969 1545 4017 et
1563 3970 1742 4017 uotum

132 4046 377 4116 faciean
397 4045 594 4102 idolum
611 4046 717 4121 (vel
742 4049 1002 4120 dolorem)
1016 4051 1079 4107 de
1100 4062 1270 4107 monte
1291 4051 1568 4124 Ephraim.
1582 4053 1741 4111 Juxta

131 4137 303 4193 situm
356 4146 518 4195 terrae
564 4139 787 4209 Judaate,
819 4143 1040 4200 divinus
1070 4158 1253 4203 sermo
1296 4161 1442 4203 nunc
1477 4146 1741 4216 loquitur.

136 4228 257 4284 Dan
303 4226 450 4285 enim
492 4231 665 4286 tribus
696 4232 844 4304 juxta
876 4245 1119 4293 montem
1166 4236 1434 4299 Libanum
1471 4246 1528 4295 et
1556 4239 1746 4295 urbem

136 4339 263 4396 qua:
293 4339 441 4381 nunc
467 4326 686 4395 dicitur,
707 4327 938 4397 Paucas,
959 4330 1284 4400 Aquilonem
1316 4331 1541 4403 reSpicit
1566 4350 1578 4387 :
1604 4332 1749 4390 unde

1841 3596 2146 3643 certamen.
2181 3584 2301 3642 Vox
2332 3593 2519 3643 autem
2558 3584 2879 3656 Pr0phetae,
2903 3591 2959 3638 et
2988 3600 3087 3654 per
3115 3585 3448 3654 Prophetam

1847 3678 1945 3741 Dei
1975 3677 2251 3751 loquentis
2289 3678 2568 3735 inducitur
2597 3694 2611 3731 :
2638 3676 2785 3747 quod
2816 3676 3003 3732 doleat
3036 3690 3206 3746 super
3239 3678 3451 3731 contri-

1850 3775 2001 3833 tione
2034 3774 2220 3844 p0puli
2265 3774 2375 3836 sui,
2404 3781 2461 3829 et
2493 3774 2670 3829 instar
2710 3770 2946 3827 hominis
2977 3771 3185 3826 viscera
3223 3770 3344 3840 ejus
3374 3769 3458 3825 in-

1850 3875 2006 3927 terna
2038 3866 2374 3925 lacerentur.
2403 3864 2692 3932 Quomodo
2718 3874 2772 3919 et
2801 3862 3061 3921 Salvator
3076 3876 3246 3933 super
3266 3861 3457 3917 Lazari

1852 3968 2035 4019 morte.
2055 3958 2230 4017 doluit
2254 3956 2443 4031 (loco.
2462 3957 2559 4028 si):
2583 3965 2641 4013 et
2668 3954 2883 4027 plausit
2911 3953 3243 4021 Jerusalem,
3272 3968 3340 4009 ne
3362 3966 3459 4009 ce-

1854 4052 1993 4109 laret
2023 4050 2271 4112 dolorem
2304 4049 2527 4109 silentio
2558 4048 2713 4119 (Luc.
2744 4047 2881 4117 xix):
2914 4045 3203 4116 omnisque
3237 4046 3464 4116 clangor

1856 4144 2105 4205 buccina:
2139 4152 2196 4200 et
2239 4142 2494 4199 fremitus
2530 4141 2865 4211 praeliorum,
2891 4139 3039 4194 illius
3087 4138 3266 4193 turbat
3297 4137 3465 4194 allec-

1858 4249 1998 4305 tum,
2032 4239 2163 4301 dum
2192 4238 2335 4295 mala
2367 4236 2721 4294 cumulantur
2746 4235 2926 4299 malis,
2961 4243 3017 4290 et
3044 4232 3303 4289 universa
3332 4232 3466 4289 dua-

1859 4349 1981 4391 rum
2006 4332 2250 4391 tribuum
2275 4340 2420 4389 terra
2452 4337 2719 4387 vastatur.
2762 4328 2902 4383 Dum
2924 4341 3031 4382 non
3066 4327 3349 4397 putabam,
3382 4326 3467 4381 in-

139 4425 408 4474 venturus
433 4420 1061 4481 estNabuchodonosor.
1086 4422 1292 4481 idolum
1320 4435 1500 4483 autem
1528 4425 1644 4496 Bel,
1665 4425 1751 4482 vel
1860 4425 2001 4498 quit,
2032 4424 2386 4482 tabernacula
2414 4422 2695 4496 quondam
2732 4427 2792 4476 et
2830 4419 3005 4490 pelles
3032 4434 3192 4485 mem,
3229 4417 3468 4490 Babylo-

140 4510 394 4567 dolorem
430 4513 515 4570 vel
569 4514 910 4587 iniquitatem
941 4517 1009 4575 de
1047 4526 1231 4575 monte
1261 4517 1518 4588 Ephraim
1562 4518 1755 4575 venire
1864 4518 1958 4574 nio
1993 4517 2238 4574 exercitu
2266 4517 2501 4579 furente,
2530 4513 2790 4584 populata
2819 4521 2948 4567 sunt
2980 4529 2992 4565 :
3035 4519 3091 4567 et
3128 4512 3180 4565 in
3223 4509 3469 4580 przedam

143 4603 435 4661 describit.
470 4605 601 4667 Post
650 4608 853 4663 tribum
902 4610 1100 4681 quippe
1144 4609 1296 4678 Dan,
1328 4610 1577 4671 succedit
1606 4618 1752 4669 terra
1778 4605 1832 4667 ι)
1859 4609 2101 4666 hostium
2145 4623 2266 4668 mea
2305 4605 2581 4677 quondam
2620 4617 2846 4660 cessere
2889 4600 3151 4673 hospitia.
3197 4600 3473 4672 Loquitur

147 4698 436 4771 Ephraim,
466 4716 563 4773 per
591 4719 752 4775 quam
781 4705 993 4762 venitur
1047 4705 1374 4764 Jerusalem.
1412 4708 1530 4765 Dan
1580 4710 1737 4769 inter-

1865 4712 2053 4765 autem
2084 4700 2191 4759 hoc
2220 4701 2365 4757 idem
2396 4698 2561 4764 Deus,
2592 4696 2815 4767 quando
2862 4694 3154 4750 seditionis
3187 4694 3295 4767 [AL
3327 4694 3475 4750 sedi.

148 4802 402 4866 pretatur
439 4796 746 4873 judicium:
778 4799 1307 4872 Ephraim,ubertas.
1352 4803 1546 4861 Veniet
1591 4805 1737 4877 igitul

1862 4794 2071 4867 tiones]
2123 4792 2314 4851 turbas
2358 4798 2520 4861 atque
2550 4787 2857 4847 discordias
2895 4786 3074 4842 cernit
3110 4786 3167 4840 in
3219 4785 3474 4842 Ecclesia

146 4884 416 4956 judicium
453 4887 664 4945 Domini
704 4890 757 4946 in
808 4899 1011 4949 terram
1059 4891 1465 4968 delinquentem
1500 4895 1734 4959 Domino

1862 4899 1922 4952 et
1952 4891 2007 4946 in
2033 4886 2441 4948 conventiculis
2480 4885 2601 4941 suis
2633 4884 2883 4939 clamare
2906 4880 3189 4953 perdicere
3212 4879 3325 4955 [ΑΙ.
3369 4897 3474 4953 per

153 4993 279 5035 cum
307 4982 462 5037 omni
496 4982 746 5039 ubertate
773 4985 1052 5056 supplicii.
1866 4980 2069 5053 diem].
2091 4987 2155 5039 et
2179 4978 2276 5041 Dei
2322 4977 2568 5049 ηαωίειη
2599 4975 2660 5032 ill
2701 4974 2847 5031 bella
2902 4974 3173 5031 ωηνωίῖο
3205 4973 3373 5032 υυάοι
3394 4988 3487 5033 οϐ’

226 5072 417 5147 (Vers.
450 5073 664 5148 16,17.)
686 5075 853 5133 Dicite
880 5078 1155 5152 gentibus:
1190 5078 1324 5139 Ecce
1344 5083 1581 5141 auditum
1605 5093 1681 5138 est
1704 5085 1761 5139 in
1871 5079 2058 5153 quitur
2094 5095 2108 5133 :

154 5168 471 5242 Jerusalem,
505 5174 740 5228 custodes
771 5177 940 5230 venire
956 5176 1021 5231 de
1050 5185 1188 5233 terra
1211 5177 1494 5251 longinqua
1517 5188 1563 5234 et
1601 5179 1731 5235 dede

1952 5173 2135 5245 (Vere.
2190 5167 2624 5241 ‘21.)Usquequ
2668 5164 2854 5220 videbo
2905 5163 3370 5237 ﬁgientesivulg.
3399 5168 3488 5238 [κ.

154 5276 280 5320 runt
316 5282 477 5336 super
502 5265 733 5323 civitates
758 5266 902 5322 Iuda
932 5284 1105 5324 uocent
1124 5286 1307 5326 suam:
1336 5272 1486 5342 quasi
1531 5272 1737 5329 custode

1879 5265 2155 5341 ﬂentem],
2183 5264 2400 5320 audiam
2438 5278 2619 5319 uocem
2655 5259 2930 5316 buccina?
2972 5257 3068 5314 Vel
3103 5257 3375 5330 fugientes
3404 5256 3494 5316 res

156 5376 405 5433 agrorum
435 5362 564 5433 [acti
593 5373 711 5419 sunt
740 5380 893 5437 Super
912 5380 1026 5421 eam
1055 5365 1107 5419 iu
1135 5364 1379 5431 circuitu,
1410 5366 1532 5436 quiia
1564 5381 1649 5421 rue
1698 5364 1767 5423 ad
1882 5377 2005 5433 gem
2038 5358 2424 5433 Babylonium,
2452 5357 2539 5413 vel
2569 5355 2843 5427 fugientes
2884 5368 2995 5421 me,
3021 5361 3078 5409 et
3103 5366 3137 5407 ε
3166 5369 3293 5411 meo
3317 5353 3494 5409 servi-

159 5453 494 5510 iracundiam
525 5461 838 5523 provocavit,
866 5460 938 5512 ait
980 5456 1260 5514 Dominus.
1309 5458 1433 5513 Vult
1477 5474 1670 5514 omnes
1717 5460 1772 5514 in
1888 5459 1965 5513 tio
1992 5454 2335 5512 recedentes.

161 5544 397 5604 circuitu
422 5548 677 5606 nationes
707 5549 798 5605 Dei
832 5564 995 5606 nosse
1021 5552 1347 5607 sententiam
1384 5569 1395 5603 :
1420 5559 1475 5606 et
1501 5549 1773 5623 ﬂagellato
1961 5547 2146 5619 (Vers.
2179 5544 2296 5616 22.)
2328 5543 2465 5610 Quia
2495 5543 2691 5600 stultus
2712 5540 2938 5614 populus
2981 5554 3129 5597 meus
3154 5554 3231 5592 me
3260 5554 3365 5598 non
3411 5554 3499 5594 eo-

1898 5687 2197 5759 signiﬁcet.
2227 5681 2696 5761 ﬂicileegplieam
2718 5686 2826 5745 est,
2850 5677 3065 5761 sl_idem
3098 5684 3260 5761 putes
3282 5693 3501 5753 sonare,

240 5696 352 5753 uIn
410 5695 622 5751 nostris
670 5710 808 5749 mss.
862 5693 1211 5766 Septuaginta
1234 5700 1542 5769 μαιμάσσιι,
1575 5689 1737 5764 absqu

240 5770 484 5835 Ierjectis
510 5766 714 5830 verbis,
745 5776 790 5819 ιι
819 5765 1106 5822 Theodotio
1132 5778 1438 5835 posuerunt.
1467 5763 1625 5835 Quod
1652 5777 1737 5818 vel

1898 5689 2197 5759 signiticet.
2227 5689 2394 5743 tacite
2417 5689 2696 5761 explicata
2718 5689 2826 5745 εει,
2850 5689 2895 5734 st
2925 5689 3065 5737 idem
3098 5689 3259 5758 putes
3282 5693 3346 5740 so

1899 5774 1964 5815 ac
1994 5761 2236 5835 μαιμὸἀιει
2264 5755 2413 5827 apud
2440 5753 2741 5825 Nobilium,
2770 5749 2915 5823 quod
2957 5757 3071 5821 est,
3098 5758 3346 5824 agitatur.

168 5769 484 5839 interjectis
510 5766 714 5830 verbis,
745 5776 790 5819 ιι
819 5763 1106 5839 Theodoti};
1132 5763 1625 5839 posuerunt._Quod
1652 5763 1787 5818 vero

166 5854 227 5901 se
270 5834 353 5897 ait
404 5838 560 5896 llier.
593 5839 871 5909 ignorare,
905 5836 1035 5909 quid
1065 5834 1290 5895 verbum
1334 5835 1466 5893 illud
1506 5834 1783 5902 Graecum,
