3972 6386
485 269 584 324 711

485 382 659 456 gnovit
677 380 808 451 :filii
831 376 1130 448 insipientes
1157 382 1277 429 sunt
1307 381 1353 429 et
1379 374 1640 428 vecordes.
1667 371 1943 443 Sapientes
1969 380 2091 425 sunt
2119 377 2169 435 Α

488 481 546 526 ut
577 471 770 540 faciant
798 466 940 519 ntala
972 480 991 519 :
1024 467 1150 519 bene
1186 473 1361 518 autent
1388 466 1559 536 facere
1585 464 1893 518 nescierunt.
1917 460 2090 518 Causa

486 559 856 627 contritionis,
890 558 1190 624 vastitatis,
1215 557 1384 629 87o
1429 556 1678 628 fugaeque
1727 566 1782 611 et
1804 556 2092 624 (buccinat,

491 655 620 728 quia
652 652 855 708 stultus
886 651 1062 707 factus
1094 661 1177 707 est
1213 652 1469 722 papulus,
1501 665 1608 705 non
1632 649 1958 712 natura,sed
1984 659 2098 702 stu-

490 745 586 802 dio
614 744 932 800 voluntatis.
957 743 1192 815 Ipsaque
1223 743 1454 798 stultitia
1488 742 1618 797 hinc
1646 742 1904 812 probatur
1936 741 2097 810 :qnia

496 855 607 896 non
661 848 1036 910 cognoverunt
1074 838 1269 902 Deum,
1304 845 1358 894 et
1413 853 1512 906 pro
1559 837 1686 893 filiis
1735 836 2096 906 sapientibus,

493 932 646 987 stulti
681 931 774 985 filii
804 931 936 986 facti
967 938 1096 986 sunt
1121 939 1175 986 et
1217 928 1507 986 vecordes.
1551 929 1690 996 Qua:
1738 929 1884 984 enim
1929 927 2102 997 major

495 1033 680 1096 potest
709 1038 834 1080 esse
881 1023 1138 1090 stultitia,
1171 1037 1356 1094 quant,
1389 1029 1760 1092 cognoscente
1807 1020 1944 1074 bove
1975 1035 2100 1090 pos-

498 1132 771 1174 sessorem
801 1131 983 1182 suum,
1016 1122 1073 1170 et
1101 1115 1260 1169 asino
1283 1129 1527 1185 praesepe
1553 1113 1766 1168 Domini
1793 1113 1900 1176 sui,
1936 1111 2103 1166 Israel

502 1211 792 1265 Dominum
819 1225 927 1264 non
946 1223 1302 1280 cognoscere,
1326 1218 1380 1263 et
1402 1218 1728 1278 praesentem
1755 1215 2105 1262 contemnere

508 1318 671 1372 quem
711 1317 930 1372 semper
963 1300 1151 1356 videre
1195 1300 1488 1368 cupiebat?
1511 1299 1780 1368 Quodque
1830 1297 2058 1352 infertur
2091 1314 2102 1350 :

507 1394 779 1464 Sapientes
800 1403 919 1448 sunt
949 1401 1002 1447 ut
1025 1393 1222 1463 faciant
1245 1391 1388 1446 mala
1416 1407 1433 1445 :
1460 1394 1584 1445 bene
1610 1398 1785 1444 autem
1811 1391 1982 1460 facere
2000 1405 2110 1443 nes-

509 1487 730 1555 cierunt,
758 1486 845 1541 hic
865 1487 1132 1557 sapientia
1162 1499 1260 1555 pro
1280 1484 1485 1538 malitia
1513 1483 1830 1553 accipienda
1857 1491 1959 1548 est,
1984 1481 2109 1552 jux-

510 1586 569 1633 ta
600 1577 744 1649 quod
776 1587 831 1634 et
864 1577 961 1633 filii
992 1577 1182 1634 saiculi
1217 1577 1379 1648 hujus
1413 1577 1780 1646 sapientiores
1817 1584 1945 1630 sunt
1985 1576 2110 1631 ﬁliis

511 1671 648 1726 lucis
683 1687 696 1724 :
727 1679 784 1726 et
823 1669 1044 1725 villicus
1091 1669 1392 1739 iniquitatis
1423 1667 1673 1739 quaedam
1722 1667 1999 1738 sapienter
2029 1667 2108 1722 fe-

507 1762 648 1818 cisse
671 1759 1095 1833 narratur(Luc.
1119 1760 1259 1831 xvi):
1285 1769 1336 1815 et
1354 1774 1586 1829 serpens
1613 1760 1666 1815 in
1701 1759 1956 1830 paradiso
1986 1775 2110 1828 pru-
2142 1759 2190 1818 B

511 1853 728 1910 dentior
751 1853 966 1909 cunctis
997 1851 1191 1908 bestiis
1223 1852 1423 1923 legitur
1444 1852 1599 1923 (Gen.
1625 1852 1729 1924 ut).
1751 1850 1846 1906 Illa
1876 1862 1956 1906 est
1983 1866 2113 1922 ergo

511 1962 640 2002 vera
669 1947 935 2017 sapientia
963 1960 1083 2016 qua:
1116 1945 1208 1999 Dei
1240 1944 1421 1999 timori
1443 1943 1712 2015 jungitur.
1737 1943 1992 2013 Alioquin
2023 1943 2114 1998 ubi

513 2037 726 2093 insidia:
755 2048 884 2092 sunt
912 2046 969 2093 et
1006 2035 1406 2107 tergiversatio,
1434 2053 1541 2091 non
1563 2036 1854 2106 sapientia,
1877 2036 1972 2091 sed
1997 2050 2118 2090 ver-

517 2131 666 2185 sutia
694 2129 1043 2187 etcalliditas
1073 2128 1400 2200 appellanda
1441 2140 1545 2184 est.
1579 2129 1685 2184 Pro
1721 2143 1810 2195 eo,
1843 2129 1985 2199 quod
2017 2143 2118 2183 nos

513 2223 784 2286 diximus,
815 2228 943 2294 quia
962 2220 1157 2277 stultus
1180 2221 1409 2291 populus
1435 2239 1581 2277 meus
1600 2239 1680 2276 me
1709 2238 1813 2276 non
1855 2221 2116 2293 cognovit,

515 2315 875 2387 Septuaginta
902 2315 1305 2371 transtulerunt
1334 2332 1348 2370 :
1375 2317 1500 2385 quia
1523 2317 1786 2386 principes
1810 2317 1994 2386 papuli
2020 2316 2120 2371 mei

517 2425 599 2463 me
617 2425 720 2463 non
750 2415 1097 2480 cognoverunt
1129 2423 1143 2465 :
1172 2417 1232 2463 ut
1269 2407 1660 2479 magistrorum
1695 2408 1766 2462 sit
1797 2409 1969 2478 magis
1999 2408 2119 2462 cul-

520 2517 586 2572 pa
616 2518 778 2572 quam
813 2502 996 2573 populi
1027 2502 1121 2558 Dei
1161 2502 1448 2559 scientiam
1476 2519 1585 2557 non
1614 2504 1882 2558 habentis.

597 2593 786 2665 (Vere.
818 2593 892 2650 25
917 2594 1102 2664 seqq.)
1126 2593 1318 2665 Aspexi
1347 2605 1561 2660 terram,
1592 2603 1639 2648 et
1681 2611 1796 2649 ecce
1823 2610 1984 2649 uacua
2013 2603 2120 2647 erat

521 2697 568 2742 et
589 2687 743 2744 nihili
773 2697 849 2744 :et
874 2687 1048 2753 caelos,
1075 2696 1122 2742 et
1145 2704 1249 2742 non
1278 2689 1510 2757 erat‘lux
1535 2689 1588 2742 in
1616 2689 1707 2743 eis.
1747 2687 1871 2742 Vidi
1899 2696 2119 2754 montes,

519 2790 571 2836 et
592 2797 704 2836 ecce
734 2782 1069 2835 movebantur
1097 2797 1116 2835 :
1143 2789 1192 2834 et
1231 2797 1405 2836 omnes
1447 2781 1605 2837 colles
1648 2783 1940 2836 conturbati
1981 2791 2121 2836 sunt.

523 2871 760 2928 lntuitus
788 2890 925 2940 sum,
957 2883 1006 2927 et
1031 2889 1134 2928 non
1155 2885 1266 2928 erat
1308 2875 1482 2940 homo,
1505 2884 1554 2928 et
1591 2891 1738 2929 omne
1766 2873 1975 2930 volatile
2012 2875 2125 2930 caeli

523 2964 751 3018 recessit.
779 2965 994 3035 Aspexi,
1023 2975 1071 3019 et
1114 2981 1226 3019 ecce
1264 2965 1533 3021 Carmelus
1573 2968 1828 3034 desertus,
1859 2977 1905 3021 et
1949 2983 2124 3023 omnes

526 3053 678 3109 urbes
705 3059 818 3128 ejus
849 3059 1124 3111 destructa:
1140 3067 1260 3112 sunt
1288 3076 1320 3112 a
1348 3058 1484 3129 facie
1511 3057 1801 3127 Domini,et
1823 3077 1855 3112 a
1882 3060 2013 3129 facie
2033 3062 2126 3114 irm

523 3145 720 3214 furoris
749 3147 881 3212 ejus.
914 3147 1188 3217 Propheta
1219 3149 1399 3205 cernit
1430 3150 1484 3204 in
1513 3152 1714 3220 spiritu
1741 3167 1864 3219 qua:
1895 3161 2122 3207 ventura
2153 3142 2198 3203 C

524 3246 672 3302 sunt,
699 3247 758 3293 ut
793 3241 1028 3296 audiens
1068 3242 1306 3312 pomtlus
1352 3243 1650 3310 terreatur,
1675 3255 1754 3308 et,
1789 3252 1905 3298 acta
1950 3245 2127 3314 poeni-

523 3331 713 3397 tentia,
747 3348 1088 3404 nequaquam
1127 3337 1396 3390 sustineat
1442 3351 1564 3406 quae
1611 3336 1894 3392 formidat.
1944 3337 2125 3392 Vacua

521 3433 667 3478 terra
688 3433 794 3491 est,
821 3423 1134 3482 habitatore
1156 3427 1360 3483 deleto.
1381 3427 1517 3483 Coeli
1544 3442 1651 3484 non
1676 3429 1883 3484 habent
1913 3428 2124 3497 lumen,

525 3516 754 3571 terroris
781 3516 1184 3586 magnitudine,
1212 3518 1415 3588 populo
1439 3535 1546 3573 non
1571 3519 1809 3576 vidente.
1835 3519 1941 3590 Ipsi
1973 3536 2128 3575 mon-

524 3613 610 3659 tes
637 3613 691 3659 et
722 3606 893 3662 colles
917 3608 1090 3661 intuta
1121 3608 1326 3664 habent
1351 3611 1600 3675 latibula,
1634 3620 1690 3668 et
1719 3629 1817 3682 per
1841 3613 2128 3687 ὑπερϐολὴν

530 3697 740 3751 moveri
778 3696 1040 3753 videntur
1069 3708 1237 3769 atque
1268 3703 1502 3757 turbari.
1537 3703 1768 3759 lntuitus
1801 3714 1906 3769 est,
1935 3717 1991 3759 et
2023 3707 2130 3762 huc

531 3786 774 3857 illucque
798 3789 1220 3860 circumspexit,
1253 3801 1308 3847 et
1338 3808 1406 3848 ne
1439 3793 1556 3850 avis
1586 3795 1810 3866 quidem
1844 3798 2019 3865 potuit
2043 3798 2128 3853 in-

527 3879 725 3936 veniri.
772 3881 912 3937 lram
945 3883 1094 3938 enim
1129 3883 1224 3940 Dei
1263 3895 1323 3941 et
1362 3898 1509 3942 muta
1549 3890 1797 3946 sentiunt
1830 3891 2128 3960 elementa,

530 3983 587 4029 et
623 3973 962 4030 irrationalia
1005 3976 1403 4045 pertimescunt
1445 3981 1768 4039 animantia.
1798 3983 1913 4040 Hoc
1939 4000 2128 4040 verum

531 4081 675 4133 esse,
705 4081 851 4124 nunc
883 4075 1028 4124 totus
1072 4068 1224 4125 orbis
1270 4069 1635 4140 demonstrat,
1661 4084 1720 4130 ut
1761 4090 1903 4132 caesa
1948 4076 2128 4133 homi-

533 4174 668 4215 num
697 4159 1068 4229 multitudine,
1101 4162 1345 4220 volatilia
1367 4180 1605 4236 quoque,
1629 4183 1750 4238 quae
1771 4168 1954 4225 solent
1973 4169 2126 4226 habi-

534 4261 740 4309 tatores
770 4257 948 4324 sequi,
966 4257 1204 4313 abierint
1232 4269 1282 4315 et
1307 4261 1585 4331 perierint.
1617 4262 1740 4332 Ipse
1764 4279 1977 4335 quoque
1999 4264 2131 4320 Car-

538 4341 716 4398 melus
763 4344 854 4414 qui
889 4347 1028 4402 mari
1075 4347 1322 4406 imminet
1364 4367 1586 4423 magno,
1624 4353 1766 4410 oleis
1807 4357 2052 4412 consitus
2078 4365 2135 4412 et

537 4433 798 4503 arbustis,
831 4436 1115 4510 vineisque
1141 4443 1456 4498 condensus
1494 4445 1563 4501 ad
1597 4455 1804 4501 tantam
1836 4449 2017 4503 veniet
2039 4465 2128 4504 so-

534 4527 844 4598 litudinem,
877 4541 938 4588 ut
971 4537 1143 4591 eremi
1171 4535 1368 4594 haheat
1389 4541 1725 4597 vastitatem.
1757 4543 1962 4600 Omnes
1993 4559 2130 4616 quo—
2155 4531 2209 4591 Ι)

536 4637 643 4694 que
672 4623 838 4681 urbes
881 4624 1114 4683 deserta:
1157 4628 1308 4696 fient,
1343 4641 1400 4686 et
1446 4633 1821 4690 universorum
1867 4637 2133 4691 malorum

538 4714 656 4772 haec
698 4731 863 4774 causa
902 4729 1025 4786 est,
1054 4721 1199 4791 quod
1239 4723 1371 4778 vitio
1412 4725 1598 4795 populi
1647 4727 2017 4797 delinquentis
2057 4729 2136 4783 ira

537 4810 753 4868 Domini
791 4815 1064 4870 concitata
1120 4815 1211 4870 sit.
1247 4817 1523 4888 Quidquid
1554 4820 1718 4891 871
1753 4820 1916 4890 juxta
1959 4821 2132 4879 histo-

536 4905 672 4960 riam
704 4907 772 4962 de
795 4906 1102 4965 Jerusalem
1131 4908 1374 4967 diximus
1413 4920 1468 4966 et
1500 4911 1709 4978 Judaaa,
1739 4915 2039 4970 reteramus
2066 4915 2135 4972 ad

537 4995 840 5055 Ecclesiam
884 5001 1003 5068 Dei,
1035 5017 1162 5058 cum
1208 5003 1500 5060 offenderit
1533 5006 1723 5071 Deum,
1753 5015 1809 5062 et
1856 5007 1942 5062 vel
1992 5009 2136 5064 vitiis

536 5087 703 5146 fuerit
724 5091 807 5147 vel
828 5095 1213 5163 persecutione
1238 5095 1557 5170 vastata,Eet
1587 5099 1676 5155 ubi
1711 5100 1992 5170 quondam
2015 5111 2138 5157 erat

532 5181 792 5240 virtutum
831 5185 1033 5243 chorus
1075 5196 1241 5260 atque
1283 5191 1469 5246 latitia
1495 5233 1510 5258 ,
1547 5191 1621 5248 ibi
1680 5202 2027 5262 peccatorum
2081 5203 2138 5252 et

538 5287 836 5332 maerorum
863 5279 1156 5338 multitudo
1182 5291 1456 5340 versetur.

619 5510 646 5579 ξ
675 5503 957 5579 Duo‘ntss‘.
983 5504 1028 5560 Α
1047 5520 1178 5579 uoce
1205 5508 1488 5579 equitatus.

620 5572 649 5612 δ
679 5574 998 5659 Addiderint
1031 5572 1304 5659 LXX,_:iai
1332 5585 1404 5643 εἰς
1427 5583 1494 5659 ςιςὰ
1517 5579 1646 5644 ἄλση
1670 5583 1988 5659 inpiaque,
2021 5595 2068 5639 et
2097 5585 2150 5659 in

553 5644 848 5702 nemoribus
890 5664 943 5702 se
989 5644 1386 5706 absconderant.
1419 5655 1626 5709 Caetera
1670 5644 1938 5711 Hébraico
1975 5644 2148 5711 textui

550 5717 904 5784 respondent.
941 5720 1133 5777 Mirum
1166 5723 1581 5794 vero,{alteram
1629 5724 1771 5782 hanc
1791 5727 1931 5799 jejus
1954 5727 2148 5801 .versi-

1733 258 1793 316 S.
1841 253 2112 316 EUSEBII
2153 253 2541 314 lilERONYMl

3712 252 3817 306 7l‘2

2269 371 2453 444 (νει-ε.
2487 370 2578 438 27,
2612 368 2734 442 ΞΒ.)
2765 371 2894 427 ch
2927 371 3063 425 enim
3099 370 3223 423 dicit
3253 368 3519 430 Dominus
3549 383 3570 422 :
3599 364 3818 422 Deserta

2199 467 2368 521 ontnis
2396 479 2554 534 terra,
2581 465 2668 521 sed
2703 474 2876 520 tanien
2910 464 3406 519 consummationem
3437 478 3548 516 non
3579 461 3814 533 faciam:

2197 559 2391 633 lugebit
2423 570 2560 614 terra
2582 569 2630 613 et
2657 561 2937 614 niterebunt
2959 557 3076 613 ειειί
3097 557 3338 630 desuper,
3353 573 3411 610 eo
3437 555 3586 626 quod
3601 553 3809 609 locutas

2199 654 2298 705 sint
2322 651 2433 723 [ΑΙ.
2465 650 2626 724 sunt].
2645 651 2903 723 Cogitavi,
2932 660 2979 704 et
3001 667 3102 705 non
3131 649 3370 720 paenituit
3391 665 3472 702 me
3501 664 3640 715 ;nec
3672 663 3815 701 atter-

2199 761 2289 798 sus
2315 762 2429 799 sum
2483 747 2548 798 ab
2574 761 2654 799 eo.
2688 744 2853 800 Mixta
2905 745 3002 799 irae
3053 742 3428 798 misericordia
3477 741 3603 807 Dei,
3637 741 3822 796 omnis

2203 845 2350 892 terra
2383 836 2684 902 deseritur,
2709 835 2802 891 sed
2839 851 2946 890 non
2974 835 3030 888 fit
3054 835 3457 889 consummatio
3488 843 3553 888 ut
3584 834 3706 887 sint
3730 833 3820 902 qui

2206 928 2508 998 intelligant
2555 926 2901 1002 clementiam
2955 926 3095 997 ejus.
3129 924 3342 982 C(Bltllll
3374 938 3599 995 quoque
3657 923 3814 978 triste

2204 1020 2478 1075 videbitur
2525 1020 2788 1089 desuper,
2825 1030 2880 1075 et
2929 1019 3044 1089 ipsa
3096 1029 3242 1074 terra
3280 1017 3522 1088 lugebit,
3559 1031 3634 1072 co
3681 1020 3824 1088 quod

2207 1111 2425 1166 Domini
2465 1111 2737 1166 sententia
2779 1110 2847 1164 ad
2892 1110 3054 1164 linem
3101 1124 3274 1179 usque
3320 1108 3673 1178 pervenerit,
3727 1125 3826 1163 nec

2209 1203 2526 1272 pcenituerit
2553 1218 2676 1257 eum
2724 1217 2892 1271 super
2925 1201 3010 1256 his
3039 1216 3162 1271 qua:
3204 1200 3539 1271 cogitaverit
3564 1211 3622 1255 et
3672 1200 3827 1256 locu-

2211 1308 2296 1351 tus
2323 1297 2411 1351 sit.
2439 1293 2767 1351 Pmnitentia
2793 1302 2975 1350 autem
3004 1294 3102 1348 Dei
3136 1293 3358 1359 dicitur,
3386 1293 3616 1363 quando
3640 1292 3830 1348 aufer-

2211 1396 2300 1444 tur
2330 1389 2588 1459 prtedicta
2616 1386 3086 1453 sententia,etira
3106 1385 3342 1441 saeviens
3365 1385 3432 1440 ad
3460 1385 3630 1441 finem
3657 1400 3832 1456 usque

2212 1499 2319 1538 non
2353 1482 2621 1553 pervenit.
2651 1481 2885 1536 Minatus
2913 1472 2996 1534 e'st
3021 1494 3118 1550 per
3143 1481 3338 1534 Jonam
3373 1495 3386 1531 :
3415 1487 3474 1532 et
3493 1479 3831 1548 impenden-

2215 1583 2322 1630 tem
2367 1573 2607 1645 gladium
2648 1573 3016 1644 lacrymarum
3079 1581 3134 1627 et
3177 1571 3478 1641 gemituum
3523 1572 3832 1626 multitudo

2214 1669 2498 1738 superavit
2528 1665 2709 1739 (Joan.
2740 1669 2840 1735 tu).

2289 1760 2473 1831 (Vers.
2496 1756 2687 1832 29.1.4
2722 1774 2842 1812 voce
2887 1767 2913 1794 ει
2936 1757 3139 1828 equitis,
3180 1767 3226 1810 et
3265 1757 3517 1811 mittentis
3565 1757 3827 1828 sagittam

2221 1854 2360 1922 (sive
2402 1852 2716 1907 intendentis
2755 1848 2959 1921 arcum)
2983 1851 3119 1922 fugit
3157 1851 3322 1904 omnis
3367 1851 3556 1904 ciuitas
3587 1850 3735 1920 (sive
3755 1867 3834 1904 re-

2217 1947 2350 2020 gio).
2379 1946 2611 2019 Ingressi
2637 1955 2756 2001 sunt
2783 1945 2970 2010 ardua,
2999 1956 3045 1998 et
3068 1945 3410 1999 ascenderunt
3436 1962 3621 2016 rupes.
3644 1945 3835 2014 Quod-

2219 2058 2324 2112 que
2351 2040 2635 2110 sequitur:
2664 2037 2733 2092 Et
2757 2038 2976 2110 ingressi
3002 2047 3122 2090 sunt
3151 2039 3342 2103 saltus,
3373 2037 3493 2092 sive
3525 2035 3832 2107 speluncas,

2220 2150 2249 2197 a
2283 2135 2642 2204 Septuaginta
2674 2130 2701 2170 ι)
2732 2129 2974 2185 additum
2999 2140 3101 2185 est.
3137 2129 3408 2184 Describit
3429 2140 3613 2184 autem
3643 2144 3832 2184 sermo

2220 2228 2436 2283 divinus
2482 2224 2766 2297 Babylonii
2819 2224 3050 2280 furentis
3099 2224 3428 2289 exercitum,
3463 2223 3614 2294 quod
3649 2238 3683 2276 a
3723 2233 3831 2278 tre-

2223 2339 2375 2380 more
2403 2323 2524 2394 ejus
2549 2333 2777 2377 cunctus
2805 2319 3037 2390 p0pulus
3059 2318 3756 2389 dereliqueritcivitatem,
3779 2326 3835 2373 et

2225 2417 2396 2473 ardua
2419 2429 2651 2487 quaeque
2678 2411 3096 2478 conscenderit;
3128 2422 3183 2466 et
3225 2420 3406 2467 tamen
3437 2411 3575 2464 iram
3607 2409 3830 2464 Domini

2224 2525 2334 2566 non
2369 2508 2610 2579 potuerit
2649 2506 2953 2563 declinare.
3002 2503 3281 2576 Quidquid
3325 2513 3532 2569 autem,
3563 2512 3625 2558 ut
3662 2518 3831 2573 supra

2223 2603 2485 2669 diximus,
2518 2603 2574 2657 in
2615 2600 2843 2656 historia
2888 2599 3213 2670 intelligitur
3259 2608 3449 2654 contra
3497 2597 3828 2662 Jerusalem,

2226 2697 2460 2753 refertur
2491 2695 2555 2751 ad
2587 2695 2912 2761 Ecclesiam,
2941 2709 3065 2750 cum
3092 2693 3388 2749 oﬂ‘enderit
3415 2691 3612 2756 Deum,
3643 2700 3701 2747 et
3722 2700 3830 2746 ira.

2225 2790 2337 2845 dita
2385 2789 2550 2845 fuerit
2591 2787 2943 2852 adversariis,
2975 2787 3062 2843 vel
3106 2785 3514 2857 persecutionis
3562 2795 3829 2856 tempore,

2225 2885 2311 2941 vel
2339 2894 2495 2940 certe
2517 2883 2671 2938 vitiis
2708 2892 2872 2952 atque
2905 2881 3163 2952 peccatis.

2299 2975 2484 3048 (Vers.
2516 2975 2632 3045 50.)
2663 2972 2745 3027 Tu
2781 2981 2952 3027 autent
2982 2981 3184 3026 vastata
3209 2971 3338 3042 quid
3367 2971 3564 3041 facies?
3584 2970 3690 3026 Pro
3717 2987 3834 3025 eas-

2229 3079 2358 3134 tata,
2388 3069 2530 3139 quod
2564 3067 2830 3123 Hebraice
2859 3066 3058 3120 dicitur
3090 3062 3656 3136 sanun(1"mv),quud
3683 3064 3832 3117 solus

2233 3163 2622 3232 interpretatus
2653 3169 2731 3214 est
2769 3157 2986 3228 Aquila,
3011 3157 3105 3212 alii
3137 3155 3561 3219 transtulerunt,
3592 3155 3831 3208 miseram

2230 3269 2396 3327 atque
2435 3253 2799 3319 miserabilem,
2831 3254 2985 3322 culpa
3015 3253 3120 3317 sui,
3150 3267 3270 3323 qua:
3299 3251 3634 3306 clementem
3665 3248 3831 3305 offen-

2231 3351 2374 3408 derit
2403 3351 2595 3405 Deum.
2625 3348 2866 3418 Denique
2897 3347 3142 3417 sequitur
3171 3365 3184 3400 :

2304 3446 2434 3500 Cum
2481 3442 2711 3498 vestieris
2741 3451 2789 3494 te
2818 3441 3052 3505 coccino,
3085 3449 3132 3492 et
3162 3438 3273 3510 [AL
3296 3437 3435 3509 cum]
3467 3445 3654 3491 ornata
3677 3435 3829 3506 fueris

2233 3537 2412 3591 monili
2450 3552 2610 3590 aureo
2633 3575 2647 3602 ,
2681 3543 2733 3587 et
2775 3532 3006 3603 pinxeris
3045 3533 3199 3586 stibio
3237 3532 3413 3585 oculos
3458 3538 3598 3596 tuos,
3639 3534 3827 3600 frustra

2232 3628 2552 3699 componeris
2582 3643 2599 3681 :
2629 3634 3049 3696 contempserunt
3073 3633 3118 3679 te
3149 3633 3406 3678 amatores
3450 3624 3525 3676 tui
3559 3639 3578 3676 :
3607 3624 3827 3675 animant

2233 3727 2373 3774 tuam
2393 3727 2648 3788 quaerent.
2673 3715 2786 3772 Sub
2810 3717 2977 3787 figura
3005 3713 3257 3771 mulieris
3283 3713 3553 3769 adultera:
3578 3712 3824 3784 loquitur:

2233 3826 2354 3864 cum
2396 3809 2568 3864 semel
2611 3807 2909 3881 offenderis
2937 3807 3136 3871 Deum,
3166 3818 3220 3862 et
3265 3805 3422 3877 quasi
3463 3805 3643 3860 virum
3683 3814 3824 3858 tuum

2232 3899 2526 3970 reliqueris
2553 3899 2898 3967 Creatorem,
2932 3900 3136 3953 frustra
3167 3908 3495 3954 ornamenta
3543 3895 3822 3968 perquiris.

2230 3995 2688 4064 Contempserunt
2715 4006 2766 4049 te
2798 3993 3078 4048 daemones
3105 3999 3386 4047 amatores
3420 3991 3518 4058 tui,
3551 4000 3608 4046 et
3643 4006 3827 4059 nequa-

2233 4105 2393 4160 quam
2418 4089 2597 4158 stupri
2630 4085 3054 4152 immunditiam,
3089 4083 3188 4140 sed
3218 4084 3420 4139 animze
3452 4093 3562 4138 tuae
3594 4089 3822 4154 quaerent

2236 4183 2543 4238 interitum.
2567 4181 2736 4253 872
2761 4179 2870 4234 Hoc
2914 4179 3056 4234 idem
3087 4177 3506 4248 intelligendum
3542 4176 3825 4248 spirituali-

2237 4287 2320 4331 ter
2347 4284 2543 4331 contra
2581 4290 2699 4341 eos,
2731 4274 2824 4344 qui
2864 4273 3178 4344 coniugales
3207 4270 3439 4327 affectus
3464 4283 3522 4326 et
3548 4285 3688 4326 verzc
3712 4267 3822 4322 fidei

2236 4368 2556 4440 pudicitiam
2587 4366 2960 4438 perdiderunt.
2988 4365 3044 4422 Si
3071 4377 3148 4431 te,
3184 4365 3384 4436 inquit,
3417 4365 3673 4421 vestieris
3703 4376 3820 4416 coc-

2237 4464 2384 4530 cino,
2420 4462 2474 4517 id
2506 4471 2613 4528 est,
2647 4461 2934 4531 sanguinis
2962 4459 3168 4515 Christi
3218 4460 3594 4530 assumpseris
3634 4458 3821 4514 fidem:

2237 4552 2281 4607 si
2311 4550 2504 4608 monili
2531 4551 2818 4606 ornaveris
2846 4566 3037 4617 aureo,
3069 4549 3123 4605 id
3157 4559 3262 4614 est,
3297 4551 3706 4606 meditationem
3732 4547 3818 4601 ha-

2240 4645 2425 4700 bueris
2457 4658 2656 4699 sensus
2685 4651 2739 4699 et
2765 4643 3146 4714 intelligentia:
3185 4641 3500 4713 spiritualis
3531 4657 3545 4696 :
3571 4651 3624 4698 et
3651 4642 3820 4711 pinse-

2233 4737 2307 4792 ris
2337 4737 2527 4792 oculos
2559 4744 2683 4791 tuos
2713 4736 2903 4800 stibio.
2945 4736 2999 4792 id
3028 4744 3133 4801 est,
3168 4734 3429 4792 habueris
3452 4732 3689 4790 studium
3718 4746 3819 4800 my-

2237 4831 2530 4887 steriorum
2553 4841 2608 4886 et
2637 4830 2733 4886 Dei
2755 4840 2966 4887 secreta
2990 4829 3274 4896 noscendi,
3307 4829 3516 4886 frustra
3542 4840 3820 4896 compone-

2241 4921 2340 4977 ris.
2366 4922 2494 4977 11ωο
2522 4922 2669 4978 enim
2700 4923 2863 4978 etiam
2886 4923 2994 4978 tuis
3016 4921 3360 4977 amatoribus
3386 4932 3750 4992 praeparans;
3775 4923 3821 4970 et

2238 5013 2443 5069 idcirco
2471 5014 2644 5070 lectus
2667 5025 2935 5086 angustus
2957 5023 3252 5086 utrumque
3273 5029 3475 5086 capere
3499 5029 3607 5068 non
3632 5018 3815 5083 potem,

2240 5121 2342 5164 nec
2372 5107 2565 5178 recipit
2594 5116 2922 5165 ornamenta
2952 5107 3120 5175 Deus,
3144 5109 3347 5179 quibus
3373 5107 3705 5164 amatoribus
3727 5103 3816 5157 tuis

2237 5209 2367 5255 ante
2401 5200 2674 5270 placuisti.

2309 5291 2495 5366 (Vers.
2528 5292 2649 5363 5i.)
2685 5292 2877 5349 Vocem
2905 5294 3042 5350 enim
3069 5294 3218 5363 quasi
3245 5294 3588 5366 parturientis
3617 5289 3774 5346 audivi
3796 5303 3815 5341 :

2253 5512 2363 5570 culi
2391 5525 2625 5586 partem,
2663 5515 2926 5572 Universae
2947 5518 3098 5572 urbes
3128 5517 3413 5586 derelictui,
3444 5530 3494 5574 et
3520 5535 3620 5574 non
3649 5514 3809 5568 habitet

2256 5587 2311 5639 in
2341 5588 2414 5641 eis
2441 5587 2616 5655 homo,
2644 5602 2812 5657 penes
2863 5588 3164 5652 Babanum,
3192 5589 3445 5657 duosque
3471 5605 3598 5645 mss.
3623 5587 3808 5644 codices

2258 5666 2516 5728 tanquam
2545 5659 2621 5725 id,
2653 5660 2801 5730 quod
2843 5661 2913 5718 de
2955 5674 3055 5717 suo
3081 5660 3428 5720 addidissent
3449 5661 3595 5718 LXX
3621 5657 3804 5716 adduci.
