3972 6380
157 297 276 356 ’115

705 296 1382 369 LCOMMEN'I‘ARIORUM
1424 301 1490 356 IN
1531 296 1876 356 JEREMIAM
1918 297 2336 356 PRUPIIETAM
2378 299 2506 356 LIB.
2549 303 2589 358 l.
2631 301 2785 360 CAP.
2833 303 2895 358 V.

3356 311 3460 365 714

153 410 442 486 angustias
471 412 609 485 (sive
638 413 880 487 gemitus)
909 422 965 467 ut
987 429 1277 486 puerperia.
1315 411 1429 468 Vna:
1457 414 1582 483 ﬁlim
1626 413 1757 468 Sion
1788 415 1833 474 Α
1865 408 2098 472 Domini,
2133 411 2392 478 judicium
2425 409 2522 465 Dei
2549 413 2653 466 sui.
2683 412 2781 467 Ibo
2811 411 2968 484 igitur
2992 413 3062 467 ad
3090 414 3384 485 Optimam,
3415 427 3465 471 et

154 510 187 540 ⁸
244 505 650 559 intermorientis
695 504 1138 575 expandentisque
1187 520 1370 558 manus
1415 521 1539 558 suas
1589 521 1607 557 :
1669 503 1760 557 Va:

152 597 317 664 mihi,
342 599 468 668 quia
495 599 680 663 defecit
707 599 882 652 anima
916 614 1030 653 mea
1071 607 1281 670 prapter
1330 599 1644 668 interfectos.
1676 597 1757 653 Ad

153 687 585 744 similitudinem
625 690 872 744 mulieris
919 703 1230 766 puerperae,
1265 688 1316 742 id
1348 698 1454 755 est,
1490 704 1607 758 quae
1643 687 1755 756 pri-

152 794 283 836 mos
312 781 454 851 parit
487 779 654 846 fetus,
677 780 945 836 describit
973 779 1163 835 urbem
1211 779 1514 835 Jerusalem
1550 779 1759 849 ejulan-

151 881 268 929 tem
310 883 474 944 atque
521 873 870 929 clamantem.
904 871 1191 940 Quomodo
1239 872 1385 927 enim
1434 871 1632 926 mulier
1663 884 1758 940 pa-

151 963 343 1028 riens,
379 973 436 1018 et
483 962 716 1018 necdum
753 953 1017 1017 'dolorem
1072 962 1452 1032 parturitionis
1506 972 1754 1032 experta,

150 1054 183 1096 δ
217 1071 362 1128 pene
400 1055 654 1120 moritur.
687 1065 744 1112 et
786 1056 1070 1127 angustias
1115 1058 1413 1120 sustinens,
1444 1056 1531 1109 vix
1577 1063 1757 1125 potest

153 1149 459 1218 respirare,
491 1148 808 1219 sparsisque
831 1149 1084 1204 manibus
1108 1147 1432 1212 collabitur,
1461 1149 1540 1203 sic
1562 1159 1616 1203 et
1645 1147 1754 1202 ﬁlia

151 1239 315 1306 Sion,
346 1256 469 1296 cum
503 1256 634 1296 suos
671 1241 872 1296 viderit
919 1242 1120 1296 liberos
1161 1241 1504 1306 interfectos,
1540 1242 1591 1296 in
1638 1241 1755 1296 hzec

151 1333 324 1389 verba
358 1345 695 1402 prorumpet,
729 1342 786 1388 et
825 1333 973 1388 dicet
1003 1332 1108 1404 [ΑΙ.
1142 1335 1451 1405 prorumpit
1471 1340 1530 1388 et
1558 1332 1709 1400 dicit]
1739 1352 1751 1386 :

162 1423 258 1480 Va:
285 1423 434 1491 mihi,
465 1426 590 1497 quia
617 1425 805 1496 defecit
851 1426 1025 1480 anima
1058 1442 1171 1480 mea
1196 1435 1409 1498 propter
1434 1426 1750 1496 interfectos.

151 1516 276 1573 Duo
299 1529 480 1572 autem
506 1519 756 1587 exempla
787 1517 840 1572 in
867 1533 976 1572 uno
1002 1519 1242 1588 capitulo
1268 1525 1579 1586 comparata
1603 1527 1751 1585 sunt,

151 1610 517 1680 parturientis
561 1609 704 1664 ﬁlios
750 1619 806 1664 et
851 1609 1090 1680 lugentis
1120 1627 1134 1663 :
1167 1618 1226 1664 ut
1263 1610 1528 1680 quidquid
1555 1611 1753 1665 mulier

151 1702 364 1773 patitur
408 1701 465 1756 in
508 1703 642 1768 fetu,
686 1705 774 1757 vel
829 1704 1101 1759 mortibus
1153 1702 1416 1769 ﬁliorum,
1445 1702 1750 1758 Jerusalem

153 1795 397 1864 patiatur
426 1794 479 1848 in
513 1795 747 1864 populis.

231 1887 388 1960 (Cap.
421 1887 573 1941 V.—
596 1887 761 1944 Vers.
796 1889 845 1956 l,
869 1889 951 1957 ἓ.)
977 1887 1204 1945 Circuite
1234 1891 1344 1944 vias
1369 1887 1687 1957 Jerusalem,
1703 1898 1752 1946 et

155 1978 393 2051 aspicite,
421 1987 469 2032 et
515 1981 862 2043 considerate,
888 1989 932 2034 et
977 1981 1192 2050 quwrite
1218 1981 1273 2034 in
1306 1981 1490 2052 plateis
1519 1985 1656 2054 ejus,
1684 1999 1752 2036 an

154 2070 434 2124 inveniatis
452 2072 639 2135 virum,
661 2072 748 2141 qui
777 2071 936 2141 faciat
957 2071 1240 2141 judicium,
1271 2081 1321 2126 et
1339 2083 1533 2143 quierat
1562 2072 1754 2141 ﬁdem:

158 2169 208 2216 et
229 2162 488 2232 propitius
515 2177 605 2216 ero
634 2163 702 2216 ei.
724 2163 876 2230 Quod
895 2164 942 2217 si
965 2163 1141 2229 etiam,
1167 2164 1286 2218 vivit
1317 2163 1758 2227 Dominus,dia:e-

156 2255 297 2321 rint,
320 2265 368 2308 et
399 2255 496 2309 Itoc
526 2256 663 2327 falso
683 2255 957 2328 jurabunt.
989 2256 1224 2312 Grandis
1244 2272 1402 2311 amor
1423 2256 1672 2326 justitite,
1703 2266 1761 2311 ut

161 2364 508 2419 nequaquam
535 2349 690 2418 juxta
736 2349 1222 2418 interrogationem
1273 2349 1531 2416 Abrahae,
1578 2358 1634 2404 et
1671 2363 1756 2404 re-

164 2442 521 2510 sponsionem
548 2443 638 2495 Dei
663 2456 762 2512 pro
784 2441 975 2496 decem
998 2441 1130 2496 viris
1141 2443 1306 2510 justis
1329 2441 1474 2496 Deus
1497 2441 1762 2496 liberave-

165 2533 239 2590 rit
270 2531 382 2605 [ΑΙ.
408 2532 625 2606 liberet]
648 2535 932 2588 civitatem
958 2531 1173 2605 (Cenes.
1201 2536 1381 2604 xvnl);
1400 2533 1496 2588 sed
1525 2535 1571 2587 si
1596 2549 1762 2588 unum

168 2624 442 2682 invenerit
480 2625 814 2696 jamjamque
847 2626 1086 2692 peritura
1128 2625 1455 2690 Jerusalem,
1484 2625 1578 2696 qui
1606 2625 1766 2681 faciat

167 2716 457 2789 judicium,
486 2725 543 2773 et
594 2729 804 2787 quaerat
858 2718 1020 2772 ﬁdem
1081 2717 1260 2788 (sive,
1293 2727 1354 2772 ut
1405 2717 1767 2789 Symmachus

172 2809 804 2878 transtulit,'veritatem),
827 2820 1007 2864 tamen
1031 2809 1174 2864 Deus
1199 2809 1523 2864 misereatur
1546 2809 1771 2864 Jerusa-

175 2901 309 2958 lem.
334 2901 399 2955 Et
426 2901 550 2970 quia
591 2910 804 2971 poterat
837 2900 978 2967 ﬁeri,
1014 2909 1074 2955 ut
1108 2900 1274 2970 aliqui
1311 2900 1692 2955 invenirentur
1716 2900 1768 2956 in

175 2993 402 3065 populo,
434 2993 524 3064 qui
553 2993 881 3049 simularent
921 2993 1129 3047 cultum
1161 2992 1275 3057 Dei,
1302 3001 1357 3047 et
1380 2992 1634 3062 jurarent
1672 3007 1772 3062 per

177 3087 374 3154 Deum,
406 3087 512 3142 hoc
554 3088 840 3157 praevenit,
864 3086 1009 3158 quod
1051 3100 1393 3156 nequaquam
1437 3086 1581 3142 Deus
1624 3084 1774 3139 vanis

1864 501 2044 571 loquar
2074 502 2146 555 eis
2176 519 2194 556 :
2223 504 2324 572 ipsi
2354 504 2491 556 enim
2521 516 2862 574 coynoverunt
2893 504 3028 558 riam
3051 503 3288 573 Domini,
3307 509 3460 581 judi-

1861 593 1996 647 cium
2028 591 2130 648 Dei
2157 597 2259 649 sui.
2287 595 2562 665 Pauperes
2596 597 2683 652 hic
2711 609 2764 652 et
2791 597 3102 667 cptimates,
3139 617 3246 656 non
3275 602 3455 673 inopia

1860 682 1993 739 dicit
2032 693 2087 739 et
2116 684 2343 752 divitiis,
2377 687 2469 741 sed
2502 689 2760 755 pottulum
2793 689 3129 759 principibus
3155 703 3456 762 comparat.

1860 775 1928 830 Et
1952 787 2034 832 est
2064 792 2258 832 sensus
2289 797 2300 832 ε
2331 779 2576 835 Cernens
2606 780 2841 836 inﬁdelis
2865 783 3043 852 populi
3077 784 3453 853 pertinaciam,

1858 876 1913 921 et
1959 869 2105 938 quod
2148 868 2397 925 indurata
2435 873 2570 926 facie
2596 913 2610 935 ,
2660 873 2897 928 uoluerit
2935 878 3180 944 recipere
3219 875 3460 948 discipli-

1858 972 2006 1023 nam,
2056 960 2159 1014 hoc
2197 975 2407 1016 mecum
2445 965 2658 1018 ratione
2689 965 2982 1019 tractabam
3018 983 3030 1019 :
3062 965 3311 1023 Forsitan
3339 969 3460 1023 vul-

1857 1064 1955 1120 gus
1991 1049 2232 1122 ignobile
2262 1053 2357 1107 Dei
2388 1069 2494 1108 non
2526 1064 2702 1124 potest
2735 1072 2897 1110 nosse
2926 1057 3255 1126 doctrinam,
3289 1070 3345 1116 et
3375 1060 3460 1116 id-

1857 1143 2003 1198 circo
2048 1146 2362 1201 excusabile
2404 1157 2519 1210 est,
2564 1149 2692 1216 quia
2740 1157 2962 1219 propter
3001 1151 3324 1220 imperitiam
3364 1155 3458 1209 Dei

1857 1249 1962 1288 non
1992 1235 2138 1291 valet
2167 1242 2307 1292 scire
2338 1239 2611 1293 mandata.
2647 1241 2871 1310 Pergam
2910 1242 3073 1311 igitur
3108 1243 3174 1297 ad
3204 1245 3459 1300 sacerdo—

1857 1332 1959 1389 tes,
2001 1337 2053 1380 et
2093 1342 2188 1381 eos
2230 1329 2321 1397 qui
2366 1340 2607 1397 praesunt
2646 1332 2865 1400 populo,
2895 1343 2949 1386 et.
2980 1334 3168 1402 loquar
3197 1335 3274 1389 eis
3307 1354 3320 1390 :
3351 1336 3456 1405 ipsi

1855 1419 1998 1471 enim
2037 1419 2366 1474 voluntatem
2405 1421 2614 1476 Domini
2656 1436 3048 1494 cognoverunt,
3081 1435 3139 1481 et
3168 1427 3345 1481 sciunt
3371 1429 3458 1498 ju-

1855 1510 2058 1566 dicium
2091 1513 2186 1567 Dei
2215 1513 2320 1567 sui.
2346 1513 2461 1569 Hoc
2489 1527 2666 1571 autem
2697 1518 2828 1571 dicit
2854 1533 3106 1575 sermone
3132 1521 3457 1590 dubitantis,

1851 1602 2007 1673 juxta
2043 1604 2174 1659 illud
2220 1606 2608 1678 Evangelicnut
2645 1626 2659 1662 :
2690 1609 2898 1664 Mittunt
2927 1613 3096 1679 ﬁlium
3125 1631 3314 1683 meum,
3346 1617 3458 1684 for-

1852 1699 1988 1750 sitan
2017 1698 2188 1766 ipsum
2214 1700 2575 1755 reverebantur
2609 1700 2822 1771 (Matth.
2859 1719 2972 1769 xxi,
3003 1705 3120 1774 57),
3164 1717 3222 1761 ut
3247 1722 3312 1763 ex
3344 1723 3464 1764 am—

1782 1799 1827 1859 Β
1856 1788 2120 1859 biguitate
2159 1791 2469 1854 sententiae,
2503 1801 2559 1847 et
2587 1795 2947 1861 suspensione
2979 1797 3296 1863 verborum,
3327 1800 3462 1856 libe-

1855 1895 1973 1935 rum
2001 1879 2236 1936 hominis
2261 1892 2662 1939 monstraretur
2689 1885 2992 1941 arbitrium.

1929 1974 2107 2046 (Vers.
2145 1978 2224 2046 6.)
2259 1974 2326 2029 Et
2365 1993 2477 2031 ecce
2507 1979 2671 2048 magis
2701 1979 2754 2032 hi
2785 1979 2941 2034 simul
2969 1981 3338 2053 confregerunt
3360 1988 3458 2058 ju-

1857 2084 1979 2140 gum
2020 2085 2039 2122 :
2066 2078 2316 2140 ruperunt
2346 2069 2554 2125 vincula
2578 2116 2592 2140 ,
2626 2072 2818 2125 idcirco
2863 2076 3114 2144 percussit
3154 2092 3238 2130 eos
3279 2074 3358 2131 leo
3398 2080 3462 2133 de

1853 2159 2003 2226 silva,
2047 2159 2202 2227 lupus
2241 2161 2311 2213 ad
2339 2177 2602 2232 vesperam
2633 2166 2848 2218 vastavit
2893 2181 2998 2232 eos,
3026 2168 3217 2238 pardus
3244 2169 3462 2242 vigilans

1860 2269 2013 2322 super
2051 2254 2281 2308 civitates
2321 2269 2530 2322 eorum;
2557 2257 2721 2309 omnis
2747 2259 2833 2328 qui
2859 2274 3089 2329 egressus
3119 2261 3274 2328 fuerit
3304 2279 3366 2318 ea:
3387 2263 3469 2318 eis

1863 2347 2112 2415 capietur.
2153 2345 2290 2412 Quia
2331 2349 2691 2419 multiplicata:
2729 2361 2849 2403 sunt
2895 2353 3340 2422 praevaricationes
3381 2375 3466 2412 eo-

1864 2453 1999 2504 rum,
2044 2438 2347 2506 confortatte
2384 2449 2502 2493 sunt
2541 2445 2831 2496 aversiones
2871 2460 3061 2498 eorum.
3109 2446 3257 2514 Quos
3297 2453 3466 2521 magi-

1863 2537 2011 2584 stros
2053 2530 2330 2598 putabam,
2371 2531 2576 2586 inventi
2607 2543 2736 2587 sunt
2771 2533 2982 2604 pejores
3011 2551 3132 2592 esse
3157 2538 3464 2609 discipulis,

1865 2631 1919 2675 et
1952 2632 2157 2691 quanto
2189 2618 2240 2674 in
2273 2619 2532 2676 divitibus
2561 2622 2734 2693 major
2761 2625 3082 2694 auctoritas,
3111 2637 3260 2682 tanto
3291 2631 3466 2698 major

1867 2711 2159 2765 insolentia
2214 2724 2580 2781 peccatorum.
2638 2713 3036 2786 Conlregeruut
3082 2719 3227 2774 enim
3273 2722 3465 2793 jugum

1870 2801 2050 2872 Legis,
2098 2802 2311 2857 dicente
2355 2803 2617 2872 Apostolo
2667 2820 2686 2858 :
2732 2804 2891 2860 Nunc
2939 2825 3057 2880 ergo
3100 2813 3224 2878 quid
3263 2817 3470 2869 tentatis

1873 2891 2062 2955 Deum,
2102 2896 2366 2964 imponere
2393 2898 2580 2967 jugum
2603 2914 2757 2968 super
2782 2901 3024 2954 cervicem
3050 2902 3218 2975 874
3245 2905 3474 2978 discipu-

1873 2990 2062 3053 lorum,
2083 2987 2222 3056 quod
2249 3002 2410 3056 neque
2434 2998 2606 3056 patres
2632 2990 2816 3056 nostri,
2847 3007 3008 3062 neque
3036 3009 3128 3047 nos
3150 3003 3355 3063 portare
3379 3015 3474 3070 po-

1875 3077 2102 3130 tuimus?
2119 3076 2208 3129 sed
2228 3094 2319 3146 per
2335 3081 2562 3150 gratiam
2585 3079 2793 3135 Domini
2815 3083 2943 3137 Jesu
2971 3087 3230 3143 credimus
3257 3091 3469 3161 salvari,

178 3180 545 3243 sermonibus,
568 3179 665 3236 sed
700 3179 934 3235 veritate
974 3178 1100 3235 ﬁdei
1144 3179 1469 3243 delectetur,
1495 3187 1550 3233 et
1594 3177 1767 3232 dicit:

1882 3167 2303 3239 quemadmodum
2331 3180 2376 3222 et
2398 3170 2478 3224 illi
2507 3173 2645 3242 (Act.
2673 3189 2761 3239 xv,
2796 3175 2884 3241 10,
2915 3176 3003 3246 Η)
3048 3197 3060 3232 :
3101 3195 3476 3256 ruperuntquc

179 3271 297 3328 Non
326 3287 423 3328 eos
446 3271 643 3340 diligo,
666 3271 756 3342 qui
782 3270 976 3341 jurant
1003 3284 1100 3340 per
1127 3285 1236 3336 me,
1260 3269 1520 3339 etjurant
1551 3271 1601 3323 in
1625 3285 1776 3323 men-

181 3365 362 3433 dacio,
392 3365 488 3420 sed
514 3378 744 3436 quorum
775 3363 942 3418 corda
979 3363 1233 3428 labiaque
1259 3363 1633 3417 consentiunt.

253 3456 439 3527 (Vers.
475 3458 554 3527 3.)
581 3455 820 3518 Domine,
852 3452 989 3508 oculi
1017 3455 1094 3508 tui
1119 3453 1401 3525 respiciunt
1428 3453 1584 3522 fidem
1614 3469 1632 3505 .'
1662 3468 1782 3521 pcr-

186 3549 392 3606 cussisti
414 3565 523 3614 eos,
546 3548 711 3620 873
743 3557 789 3601 et
814 3563 918 3601 non
943 3547 1255 3612 doluerunt;
1282 3546 1525 3599 attrivisti
1564 3545 1707 3610 illos,
1736 3553 1784 3598 et

185 3650 466 3698 renuerunt
505 3640 741 3710 accipere
783 3639 1139 3708 disciplinam.
1191 3636 1581 3691 lnduraverunt
1625 3635 1783 3707 facies

185 3752 303 3790 suas
343 3747 502 3805 super
539 3743 759 3800 petram,
789 3724 839 3786 εὶ
888 3731 1166 3784 noluerunt
1209 3730 1416 3783 reverti.
1451 3727 1584 3783 Post
1622 3727 1786 3784 verba

186 3826 438 3894 Domini,
474 3826 676 3896 quibus
718 3826 1093 3895 imperaverat
1139 3823 1333 3878 dicens
1371 3841 1384 3876 :
1419 3823 1644 3877 Circuite
1678 3823 1788 3876 vias

188 3921 503 3988 Jerusalem,
535 3931 591 3976 et
635 3931 855 3988 caetera,
883 3919 1156 3990 Propheta
1198 3916 1442 3988 loquitur
1485 3916 1551 3970 ad
1602 3915 1789 3970 Domi-

193 4031 318 4071 nunt
337 4033 351 4068 :
369 4011 609 4080 Domine,
637 4013 775 4067 oculi
794 4012 868 4066 tui
884 4011 1168 4081 respiciunt
1195 4009 1507 4079 ﬁdem,quac
1526 4006 1791 4063 Hebraice

191 4108 398 4164 dicitur
414 4121 596 4162 suum
623 4103 869 4176 (natm):
897 4119 1005 4159 non
1034 4118 1198 4172 opera
1227 4100 1566 4163 Judmorum,
1589 4100 1640 4154 in
1672 4099 1793 4168 qui-

193 4203 296 4258 bus
322 4202 477 4269 juxta
509 4199 669 4269 Legis
703 4197 1062 4254 caremonias
1093 4194 1472 4258 exsultabant;
1502 4192 1598 4248 sed
1629 4191 1790 4246 ﬁdem

193 4292 654 4356 Christianorum,
682 4307 777 4362 per
821 4305 982 4362 quam
1022 4289 1194 4360 gratia
1243 4287 1376 4342 salvi
1418 4286 1544 4340 iacti
1583 4298 1790 4339 sumus.

196 4389 312 4443 lloc
338 4396 522 4441 autem
549 4384 793 4453 capitulo
814 4385 1096 4447 discimus,
1127 4381 1331 4436 idcirco
1355 4379 1543 4434 inferri
1581 4378 1793 4449 suppli-

197 4483 303 4549 cia,
339 4489 398 4534 ut
428 4479 556 4533 vitia
581 4479 944 4546 corrigantur.
967 4476 1208 4547 Denique
1232 4477 1331 4542 ait,
1361 4474 1656 4546 percussisti
1681 4488 1789 4539 eos,

198 4583 246 4628 et
275 4589 378 4628 non
406 4570 684 4625 doluerunt
711 4585 732 4634 ;
757 4569 1000 4623 attrivisti
1034 4585 1140 4632 eos,
1165 4576 1213 4622 et
1243 4576 1531 4622 renuerunt
1563 4565 1795 4634 accipere

201 4663 555 4735 disciplinam.
578 4662 683 4717 Per
706 4662 888 4716 omnia
920 4662 1064 4716 enim
1091 4667 1360 4716 tormenta
1394 4670 1558 4728 atque
1585 4657 1797 4728 ﬂagella

201 4756 526 4812 emendatur
555 4753 885 4816 Jerusalem,
910 4763 964 4808 et
985 4767 1148 4822 super
1177 4752 1295 4807 hac
1325 4750 1583 4807 universa
1617 4766 1685 4805 ne
1711 4765 1801 4806 ve-

1881 3260 2093 3314 vincula
2132 3271 2526 3330 praeceptorum
2570 3265 2688 3332 Dei,
2732 3275 2786 3320 et
2814 3283 2920 3322 non
2953 3268 3374 3341 Pharisteorum,
3407 3277 3476 3334 do

1882 3351 2079 3421 quibus
2105 3351 2160 3407 in
2187 3353 2431 3409 secundo
2460 3357 2667 3424 psalmo
2691 3358 2891 3414 dicitur
2921 3377 2934 3414 :
2967 3361 3338 3435 Dirumpamus
3368 3370 3480 3424 vin-

1882 3442 2001 3495 cula
2042 3458 2252 3510 eorum,
2301 3451 2347 3496 et
2391 3446 2730 3515 projiciamus
2772 3465 2804 3501 a
2848 3451 2992 3506 nobis
3020 3454 3210 3524 jugum
3251 3460 3479 3530 ipsorum

1884 3532 2062 3606 (Psal.
2086 3549 2142 3600 ll,
2169 3533 2245 3606 ⁸5).
2269 3535 2403 3602 Quia
2426 3537 2708 3606 igiturista
2732 3540 2998 3608 fecerunt,
3020 3530 3269 3616 percussit
3289 3567 3373 3606 eos
3402 3552 3482 3608 leo

1886 3628 1948 3682 de
1968 3629 2116 3697 silva,
2144 3644 2367 3700 regnum
2392 3631 2644 3689 videlicet
2674 3634 3064 3707 Babylonium;
3099 3641 3252 3712 lupus
3275 3646 3344 3697 ad
3372 3662 3484 3701 ves-

1887 3745 2066 3799 peram
2085 3731 2294 3784 vastavit
2314 3747 2422 3796 eos,
2445 3731 2651 3798 Medos,
2679 3734 2979 3806 Persasque
3002 3739 3322 3808 signiﬁcans
3345 3761 3359 3798 :
3385 3759 3486 3813 pro

1887 3838 1994 3893 quo
2034 3824 2089 3878 in
2127 3823 2352 3881 Visione
2391 3825 2655 3892 Daoielis,
2698 3845 2819 3884 ursa
2850 3831 3087 3900 ponitur,
3117 3835 3276 3906 cujus
3304 3839 3357 3892 in
3391 3855 3488 3897 ore

1887 3924 2000 3970 tres
2028 3927 2182 3971 erant
2223 3917 2443 3973 ordines
2474 3918 2704 3992 (Daniel.
2739 3921 2838 3993 vn)
2875 3939 2887 3976 :
2920 3929 3113 3996 pardus
3145 3928 3370 4001 vigilans
3400 3949 3487 3985 su-

1889 4025 1980 4080 per
2003 4011 2228 4064 cwitates
2258 4026 2456 4075 eorum,
2483 4013 2779 4069 Alexandri
2814 4017 3076 4086 impetum
3105 4021 3486 4091 praeﬁgurans,

1891 4109 1941 4154 et
1973 4100 2218 4155 velocem
2247 4101 2317 4158 de
2342 4102 2638 4159 Occidente
2669 4119 2841 4174 usque
2873 4108 2941 4160 ad
2975 4108 3176 4162 Indiam
3211 4120 3234 4147 ε
3263 4125 3493 4180 percur-

1891 4191 2122 4247 sionem.
2158 4193 2392 4249 Pardum
2424 4204 2604 4250 autem
2636 4206 2792 4250 vocat
2820 4197 2891 4252 ob
2921 4199 3259 4267 varietatem,
3289 4214 3341 4259 et
3363 4207 3487 4275 quis

1893 4281 2141 4352 plurimis
2167 4284 2272 4339 sibi
2299 4284 2535 4340 subditis
2558 4287 2812 4355 gentibus
2840 4299 3030 4343 eontra
3057 4290 3239 4346 Medos
3264 4293 3490 4351 dimica-

1895 4375 1971 4428 vit
1998 4387 2051 4430 et
2080 4376 2295 4431 Persas.
2325 4377 2392 4432 Et
2417 4386 2670 4447 quatuor,
2705 4379 2901 4450 inquit,
2932 4395 3089 4438 erant
3113 4388 3288 4456 capita
3321 4388 3372 4442 in
3400 4390 3495 4445 be-

1897 4469 2023 4532 SIia,
2063 4479 2121 4524 et
2163 4479 2406 4540 potestas
2441 4472 2564 4526 data
2588 4483 2689 4538 est
2729 4473 2803 4528 ei.
2833 4474 2901 4528 Et
2927 4477 3049 4546 quia
3081 4494 3188 4532 non
3217 4481 3284 4535 de
3313 4480 3494 4539 futuro

1899 4561 2260 4626 vaticinatur,
2301 4563 2395 4617 sed
2438 4565 2507 4617 de
2548 4566 2863 4632 praeterito,
2915 4565 2935 4604 τ
2982 4569 3128 4624 velut
3162 4571 3496 4645 jatnjamquo

1897 4653 2141 4707 venturis
2188 4654 2320 4707 texit
2361 4654 2666 4720 historiam,
2713 4655 2916 4712 idcirco
2953 4659 3023 4715 de
3065 4661 3318 4718 Romano
3356 4676 3500 4724 Iacet

1901 4746 2152 4815 imperio,
2182 4746 2250 4802 de
2279 4761 2388 4817 quo
2417 4745 2646 4803 forsitan
2681 4749 2878 4804 dicitur
2907 4767 2920 4803 :
2957 4750 3136 4806 Omnis
3159 4756 3248 4823 qui
3268 4772 3502 4829 egressus

205 4846 526 4904 recuudiam
573 4846 796 4915 quidem
845 4859 1066 4899 suorum
1101 4844 1336 4900 habuere
1382 4845 1669 4908 vitiorum;
1704 4841 1800 4896 sed
1903 4841 2057 4911 fuerit
2077 4856 2141 4895 ea:
2170 4840 2262 4905 eis,
2296 4842 2545 4910 capie‘ur.
2582 4839 2893 4914 Causasque
2921 4844 3099 4900 reddit
3123 4861 3222 4902 cur
3249 4849 3348 4904 ista
3380 4867 3505 4922 per-

203 4941 382 4996 instar
415 4947 584 5006 petra:
613 4937 936 4992 indurantes
965 4947 986 4975 ε
1023 4935 1224 4992 frontis
1261 4935 1677 5007 impudentiam,
1707 4951 1806 4990 no-

204 5032 432 5088 luerunt
451 5030 519 5084 ad
553 5031 784 5086 meliora
807 5029 1070 5085 converti.

277 5123 465 5194 (Vera.
507 5123 559 5182 4,
589 5122 669 5193 5.)
713 5122 826 5194 Ego
865 5131 1036 5175 autem
1075 5119 1186 5175 dixi
1223 5136 1242 5174 :
1281 5118 1527 5175 Forsitan
1554 5136 1806 5194 pauperes

207 5226 331 5276 sunt
369 5227 419 5273 et
459 5218 602 5272 stulti
631 5216 772 5288 (sive
811 5215 837 5254 ἀ
877 5233 981 5271 non
1023 5214 1323 5288 potuerunt)
1355 5216 1648 5289 ignorantes
1674 5217 1810 5270 viam

285 5433 311 5461 ει
343 5419 715 5478 Restituimus
734 5420 1135 5475 intermorientis
1157 5434 1267 5475 uno
1293 5414 1486 5484 verbo,
1514 5417 1810 5489 expanden-

215 5498 405 5563 tisque,
437 5493 582 5562 quod
607 5504 664 5546 et
700 5493 950 5547 Martian.
981 5495 1046 5547 ad
1081 5491 1205 5546 libri
1250 5499 1722 5563 oramrannotarat
1744 5504 1809 5545 ex

212 5562 440 5635 vulgat.
467 5578 567 5633 pro
595 5563 794 5634 quibus
819 5573 976 5619 antea
1008 5573 1127 5619 erat
1154 5562 1569 5617 intermorientes
1596 5575 1814 5615 exscan-

218 5640 522 5706 dentesque.

290 5708 320 5748 ιι
348 5706 508 5778 Mss,
540 5713 751 5778 experta
772 5706 1149 5778 intermoritur.

299 5790 322 5818 ε
353 5777 809 5846 Victor.,frontes
839 5777 1178 5849 impudentia.

514 5871 791 5932 Ps'rnon.
838 5869 1077 5933 XXIV.

1907 4935 2048 5004 pessi
2077 4933 2188 4988 sint
2215 4950 2228 4986 :
2262 4932 2399 4998 Quia
2424 4932 2784 5002 multiplicatae
2809 4944 2928 4990 sunt
2949 4939 3399 5008 praevaricationes
3418 4962 3506 5002 ea-

1909 5042 2044 5090 rum,
2086 5036 2143 5082 et
2175 5038 2658 5096 perseveraverunt
2687 5028 2740 5080 in
2773 5030 3312 5098 transgressionibus.
3350 5035 3508 5097 Unde

1913 5119 2112 5176 dicitur
2153 5137 2167 5174 :
2210 5119 2278 5174 Et
2316 5121 2622 5193 confortatus
2662 5129 2784 5175 sunt
2822 5125 3111 5180 aversiones
3143 5142 3338 5182 eorum.
3373 5130 3510 5188 Illud

1917 5212 2064 5283 quod
2116 5211 2400 5284 posuimus
2461 5211 2514 5268 in
2563 5213 2876 5284 principio,
2914 5217 3141 5273 verbum
3189 5218 3518 5281 Hebraicum

1987 5415 2015 5454 ἀ
2046 5415 2226 5490 _Verba
2260 5431 2364 5471 non
2389 5426 2684 5490 potuerunt,
2715 5418 2888 5473 nostri
2914 5435 3046 5474 mss.
3080 5420 3352 5490 ignorant.

1994 5497 2017 5524 θ
2047 5487 2302 5557 ιθείιηυε
2325 5503 2446 5542 cum
2473 5488 2679 5543 Victor.
2710 5487 3120 5554 percursionem,
3140 5507 3207 5544 ex
3233 5495 3376 5550 serie
3396 5511 3522 5555 ora.

1923 5558 2084 5614 tionis
2128 5568 2186 5613 et
2230 5574 2361 5613 mss.
2408 5558 2811 5615 Brixiensibus.
2853 5559 3028 5616 Antea
3067 5571 3184 5616 erat
3226 5569 3521 5633 percussio.

1922 5645 2060 5683 nem.

2002 5699 2111 5784 '_ln
2142 5699 2372 5784 Cistere.
2405 5715 2507 5784 ms.
2541 5714 2605 5757 ac
2634 5714 2805 5770 penes
2834 5699 3067 5766 Raban.,
3101 5700 3178 5756 vel
3207 5707 3528 5784 iamjamqug

1928 5780 2193 5828 venturam
2215 5770 2368 5836 dixit,
2399 5779 2504 5824 etc.

2895 5863 2975 5926 23
