3972 6336
565 207 675 280 ’115
697 222 703 241 ¹

1848 206 1910 270 S.
1950 212 2219 272 EUSEBII
2256 214 2636 276 HiERONYMl

3775 222 3874 285 7i6

463 332 467 336 ’
568 347 738 393 socco
759 329 927 420 (spur)
964 336 1163 383 sonare
1185 322 1439 420 vigiliam,
1470 321 1801 420 in'prtesenti
1832 325 1955 420 loco
1979 336 2164 405 osteq-
2189 332 2239 394 Α
2266 342 2385 387 seet
2415 330 2783 388 clementiam.
2815 332 3080 406 Quodque
3108 334 3295 393 intulit
3327 351 3341 392 :
3372 339 3593 412 Auferte
3623 343 3872 412 pupugi-

568 426 718 484 ditur
756 440 770 480 :
811 416 899 477 ubi
938 419 1086 474 enim
1126 431 1227 473 nos
1267 416 1534 483 diximus,
1576 418 1770 489 pardus
1807 417 2066 489 uigilans,
2108 421 2161 474 in

569 514 838 574 Hebra’ico
874 510 1145 578 scriptum
1185 515 1272 563 est
1308 523 1492 564 nausa
1520 516 1546 545 ⁸
1585 521 1752 563 socco
1782 514 1954 595 (1pm
1980 509 2160 580 132:).

563 608 723 667 Juxta
761 601 1145 673 tropologiam,
1184 600 1276 671 qui
1312 598 1494 671 magni
1524 607 1781 669 putantur
1812 600 1865 653 in
1893 599 2161 667 Ecclesia,

561 699 688 769 quia
714 693 1057 765 confringant
1082 691 1289 763 iugum,
1322 700 1379 747 et
1405 696 1663 761 rumpunt
1692 689 1928 754 vincula,
1961 690 2165 746 idcirco

562 788 855 848 traduntur
880 786 936 842 in
963 784 1325 857 ignominiam
1354 782 1697 854 passionum,
1724 790 1786 839 ut
1810 781 2011 839 faciant
2040 797 2164 854 quas

565 899 675 942 non
701 879 1057 939 conveniunt.

634 977 822 1049 (Vera.
866 975 899 1029 7
924 970 1108 1045 seqq.)
1149 972 1323 1041 Super
1365 986 1464 1041 quo
1502 971 1758 1041 propitius
1795 969 1888 1025 tibi
1923 983 2034 1024 esse
2066 983 2163 1039 po-

561 1069 708 1128 tero?
745 1066 877 1124 Filii
913 1067 988 1121 tui
1019 1064 1405 1135 dereliquerunt
1432 1080 1534 1131 me,
1567 1073 1617 1119 et
1633 1068 1822 1136 jurant
1859 1065 1912 1118 in
1950 1063 2032 1117 his
2073 1064 2164 1134 qui

561 1180 665 1220 non
687 1170 805 1218 sunt
827 1162 902 1216 dii
930 1176 949 1215 :
977 1158 1210 1214 saturaui
1234 1173 1340 1228 eos,
1365 1166 1413 1213 et
1436 1157 1673 1212 mechati
1694 1167 1837 1221 sunt,
1863 1165 1911 1213 et
1933 1159 1987 1212 in
2007 1157 2161 1211 domo

562 1254 846 1310 meretricis
873 1251 1274 1307 luxuriabantur
1298 1264 1320 1305 :
1344 1251 1460 1319 equi
1496 1256 1753 1305 amatores
1778 1247 1806 1288 δ
1833 1249 1887 1303 in
1920 1250 2158 1320 feminas,

561 1354 609 1401 et
629 1344 893 1400 .emissarii
932 1343 1056 1412 facti
1092 1351 1213 1396 sunt
1250 1340 1398 1395 mihi.
1443 1338 1809 1412 Unusquisque
1848 1339 1919 1394 ad
1949 1356 2163 1395 uxorem

560 1437 785 1510 procinti
826 1436 906 1490 sui
945 1433 1229 1487 hinniebat.
1276 1430 1549 1503 Numquid
1588 1447 1741 1504 super
1777 1431 1859 1485 his
1901 1448 2005 1485 non
2043 1433 2163 1486 visi-

558 1531 700 1596 tabo,
732 1530 863 1584 dicit
900 1526 1155 1582 Dominus
1193 1542 1213 1582 :
1252 1532 1301 1581 el
1339 1527 1395 1580 in
1434 1533 1581 1598 gente
1621 1524 1716 1580 tali
1756 1540 1861 1578 non
1890 1524 2163 1578 ulciscelur

556 1624 732 1679 anima
754 1622 910 1676 mea?
930 1620 1225 1694 Κατάλονος
1254 1630 1600 1690 peccatorum
1626 1619 1928 1675 Jerusalem
1975 1636 1988 1674 :
2030 1617 2157 1673 dum

2267 440 2356 480 nes
2389 427 2520 497 ejus,
2553 427 2670 482 sive
2695 430 3068 497 sustentacula,
3096 432 3279 486 omnia
3311 433 3430 488 tolli
3458 434 3670 489 auxilia
3698 436 3869 504 jubet,

2264 531 2386 588 quae
2429 535 2530 575 suo
2570 521 2704 575 vitio
2745 521 3006 591 perdidit,
3039 537 3107 580 eo
3136 526 3282 595 quod
3318 526 3684 596 prmvaricata
3719 526 3794 582 sit
3820 527 3870 582 in

2267 611 2434 667 Deum
2464 612 2571 685 [AL
2602 612 2915 688 Dominum]
2943 615 3140 673 domus
3163 617 3357 685 lsrael,
3388 629 3448 675 et
3476 618 3681 676 domus
3712 617 3867 687 luds,

2263 702 2452 760 decem
2480 705 2658 761 tribus
2689 715 2746 762 et
2776 705 2914 763 duas
2939 706 3272 779 signiﬁcans.
3302 710 3509 767 Audiat
3539 711 3649 768 hoc
3680 712 3869 768 Eccle-

2262 795 2366 864 sia,
2402 797 2544 867 quod
2571 798 2683 854 cito
2715 800 2854 855 muri
2884 810 2943 855 et
2974 803 3382 872 propugnacula
3411 803 3764 875 dissipentur
3784 818 3873 859 eo-

2233 882 2407 958 'rum,
2432 892 2524 959 qui
2549 903 2655 945 non
2684 889 2890 948 habent
2914 906 3066 963 spem
3095 894 3150 948 in
3176 895 3430 959 Domino,
3460 904 3520 951 et
3547 907 3569 935 ε
3606 898 3873 968 praevari-

2262 990 2461 1037 cantur
2504 981 2556 1036 in
2599 997 2755 1049 eum,
2803 985 2898 1041 sed
2942 994 3123 1042 tamen
3166 1002 3275 1044 non
3324 989 3421 1044 ttat
3458 992 3872 1047 consummatio

2264 1080 2487 1143 propter
2525 1075 2874 1132 clementiam
2911 1079 3135 1149 iudicis,
3181 1088 3237 1135 et
3276 1090 3386 1137 non
3414 1093 3647 1154 propter
3670 1084 3871 1140 merita

2262 1163 2716 1236 delinquentium.

2335 1257 2518 1331 (Vers.
2551 1260 2642 1327 12,
2668 1261 2783 1332 15.)
2809 1262 3137 1339 Negaoerunl
3163 1265 3465 1335 Dominum,
3496 1278 3545 1323 et
3573 1270 3828 1325 dixerunt
3852 1286 3872 1326 :

2262 1366 2367 1406 non
2388 1363 2462 1406 est
2482 1353 2595 1418 ipse
2613 1355 2749 1413 (sive
2780 1346 2883 1411 non
2910 1368 3030 1412 sunt
3057 1359 3188 1430 lure)
3216 1375 3309 1416 nec
3336 1364 3663 1433 superveniet
3682 1363 3868 1436 [Vulg.

2261 1443 2448 1517 ueniet]
2467 1445 2635 1519 873
2654 1464 2807 1520 super
2830 1464 2925 1503 nos
2948 1453 3143 1506 malum
3167 1468 3187 1507 :
3206 1453 3439 1524 gladium
3468 1463 3520 1508 et
3545 1454 3743 1524 famem
3769 1471 3871 1510 non

2260 1534 2561 1591 videbimus.
2606 1537 2884 1611 PrOpheta:
2923 1544 3131 1613 fuerunt
3167 1546 3220 1598 in
3268 1556 3473 1599 ventum
3512 1544 3538 1582 ⁸
3578 1547 3747 1601 locuti
3776 1565 3798 1602 .'
3824 1557 3874 1603 et

2260 1644 2564 1701 responsum
2591 1633 2732 1703 (sive
2759 1634 2951 1707 seruio)
2980 1653 3079 1692 non
3109 1639 3211 1708 fuit
3242 1639 3296 1694 in
3327 1642 3419 1695 eis.
3451 1638 3585 1697 Haec
3612 1659 3739 1716 ergo
3760 1658 3871 1698 ere-

557 1714 688 1771 dicit
722 1726 782 1770 se
809 1712 1060 1780 ignorare
1093 1711 1237 1766 Deus
1260 1725 1365 1781 qua
1396 1710 1569 1780 possit
1595 1708 1715 1780 eius
1743 1711 2030 1766 occasione
2058 1710 2155 1764 mi-
2187 1711 2236 1772 B
2263 1722 2404 1776 nient
2440 1726 2566 1779 illis.
2611 1726 2749 1794 Quia
2787 1741 3124 1798 negaverunt
3154 1731 3469 1796 Dominum,
3502 1734 3622 1788 sive
3653 1708 3870 1790 mentiti

555 1805 727 1863 sereri
770 1822 783 1858 :
831 1803 981 1870 Filii,
1027 1803 1226 1873 inquit,
1262 1803 1342 1857 tui
1385 1802 1768 1875 dereliquerunt
1808 1818 1907 1857 me.
1945 1802 2160 1874 Nequa-

555 1909 720 1969 quam
763 1895 861 1951 lilii
901 1895 1033 1959 mei,
1073 1893 1167 1951 sed
1209 1895 1287 1949 tui
1334 1911 1348 1948 :
1384 1896 1475 1963 qui
1500 1896 1685 1964 iurant
1712 1894 1765 1949 in
1794 1895 1896 1962 bis,
1930 1895 2021 1965 qui
2048 1908 2157 1950 non

554 1998 684 2045 sunt
707 1985 804 2057 dii,
838 1986 1088 2044 Saturuvi
1124 2002 1232 2052 eos,
1254 1992 1307 2041 et
1336 1986 1577 2040 mentiti
1604 1994 1743 2041 sunt.
1768 1986 2006 2042 Audiam
2031 1987 2157 2055 hoc,

553 2077 647 2147 qui
686 2078 927 2146 acceptis
962 2090 992 2129 a
1035 2074 1268 2130 Domino
1305 2075 1511 2130 divitiis
1547 2076 1893 2142 incubantes,
1929 2077 2159 2131 luxuriat

552 2171 819 2227 serviunt.
862 2168 998 2240 Equi
1025 2178 1280 2222 amatores
1309 2168 1365 2222 in
1404 2168 1622 2237 femina
1646 2168 1816 2240 875
1853 2169 1980 2238 facti
2013 2178 2153 2223 sunt.

553 2264 660 2321 Pro
706 2263 986 2318 emissariis
1038 2263 1092 2317 in
1150 2262 1416 2317 Πρὺηίοο
1463 2263 1722 2332 scriptum
1762 2268 1847 2317 est
1889 2276 2157 2317 nossent:

559 2354 846 2428 (utam),
908 2353 1053 2426 quod
1095 2369 1288 2411 omnes
1321 2368 1454 2409 voce
1511 2367 1753 2409 consona
1797 2354 2052 2419 ἕλκοντες,
2102 2353 2157 2408 id

551 2457 655 2511 est,
695 2444 973 2511 trahentes,
1016 2445 1417 2499 trattstuierunt
1454 2461 1467 2496 :
1505 2452 1568 2498 ut
1596 2444 1918 2499 ostendatur
1947 2443 2160 2513 magni-

548 2536 684 2593 tudo
712 2535 1054 2608 genitalium,
1086 2536 1237 2606 juxta
1272 2535 1402 2590 illud
1431 2535 1733 2591 Ezechielis
1762 2553 1774 2587 :
1807 2535 1957 2601 quasi
1982 2537 2157 2589 asino~

546 2644 666 2684 runt
690 2644 894 2695 cantes,
928 2643 1112 2684 eorum
1135 2643 1318 2681 carnes
1343 2626 1559 2698 (Ezech.
1592 2641 1749 2691 mit,
1780 2626 1897 2697 20).
1932 2626 2049 2682 Hoc
2071 2634 2158 2683 est

545 2721 692 2791 quod
737 2722 791 2775 in
826 2721 936 2774 alio
976 2719 1098 2774 loco
1137 2719 1399 2789 scriptum
1434 2726 1519 2773 est
1549 2736 1562 2771 :
1595 2718 1883 2774 Assimilati
1921 2730 2039 2774 sunt
2062 2725 2156 2793 ju-

543 2811 726 2864 mentis
766 2809 1155 2879 insipientibus,
1206 2817 1255 2864 et
1288 2810 1485 2864 similes
1518 2811 1648 2881 facti
1685 2820 1803 2866 sunt
1834 2810 1947 2865 illis
1970 2809 2150 2883 (Paul.

545 2915 736 2967 sunt,
767 2900 883 2972 i3).
913 2899 1195 2970 Simulque
1227 2908 1429 2955 tantam
1461 2901 1707 2958 ostendit
1730 2903 1999 2958 insaniam
2030 2901 2153 2957 libi-

545 2991 713 3059 diuis,
746 3001 806 3048 ut
836 3006 945 3048 non
985 2993 1167 3047 solum
1198 2995 1502 3063 appetitum
1532 2996 1857 3065 voluptatis,
1890 2998 1985 3051 sed
2020 3015 2153 3074 χρσ·

2262 1822 2387 1869 sunt
2419 1816 2668 1880 Domino,
2698 1828 2755 1874 et
2784 1819 3044 1876 dixerunt
3072 1838 3084 1874 :
3118 1837 3225 1877 non
3252 1833 3336 1878 est
3362 1825 3501 1893 ipse,
3532 1824 3693 1894 cujus
3719 1825 3866 1895 judi-

2261 1909 2350 1963 cio
2396 1910 2533 1964 tlnnt
2575 1911 2758 1967 omnia
2784 1953 2801 1978 ,
2848 1914 2948 1968 sed
2997 1914 3225 1970 fortuitu
3265 1914 3381 1971 haec
3420 1916 3604 1971 omnia
3645 1918 3866 1974 accide-

2261 2008 2390 2055 runt
2424 2016 2436 2054 :
2473 2014 2650 2072 neque
2680 2005 2960 2072 evenient,
2995 2018 3119 2075 quite
3146 2006 3301 2062 nobis
3328 2006 3735 2077 Pmpbetartnn
3764 2022 3859 2064 vo-

2260 2106 2352 2149 ces
2390 2096 2690 2164 minantur,
2739 2111 2839 2152 nec
2880 2098 3193 2155 videbimus
3227 2098 3492 2171 gladium,
3525 2112 3626 2156 nec
3654 2100 3860 2157 famem

2260 2187 2651 2243 sustinebimus
2696 2188 3040 2256 obsidionis,
3094 2199 3151 2246 et
3196 2191 3460 2262 quidquid
3512 2192 3681 2247 locuti
3732 2200 3863 2248 sunt

2259 2274 2569 2346 Prophetas,
2617 2279 2670 2333 in
2715 2290 2936 2335 ventum
2979 2282 3144 2337 locuti
3184 2292 3336 2348 sunt,
3384 2292 3441 2338 et
3484 2284 3638 2341 irrita
3675 2286 3859 2341 omois

2261 2370 2637 2437 transierunt,
2684 2384 2787 2427 nec
2825 2372 3137 2429 habuerunt
3183 2387 3549 2445 responsum,
3594 2376 3699 2433 hoc
3733 2388 3853 2446 est,

2256 2461 2558 2531 oraculum,
2586 2463 2702 2520 sive
2729 2478 2911 2522 sermo
2936 2465 3038 2522 Del
3061 2480 3169 2522 non
3194 2466 3296 2522 iuit
3320 2468 3372 2522 in
3399 2469 3505 2535 eis,
3534 2469 3662 2525 ideo
3692 2472 3858 2525 susti-

2258 2553 2470 2608 nebunt
2515 2572 2635 2624 qua:
2686 2568 2925 2627 sequens
2961 2572 3148 2614 sermo
3185 2559 3468 2615 describit.
3511 2561 3705 2616 Audiat
3752 2563 3855 2619 hoc

2258 2644 2499 2700 Ecclesia
2544 2648 2845 2718 negligens,
2887 2656 2946 2704 et
2987 2651 3389 2720 providentiam
3438 2651 3534 2707 Dei
3574 2652 3849 2721 refutatu,

2256 2740 2401 2810 quod
2441 2748 2497 2796 et
2532 2740 2772 2811 gladium
2815 2750 2871 2799 et
2914 2745 3111 2800 famem
3154 2745 3454 2814 sustineat,
3488 2745 3592 2804 nisi
3622 2759 3847 2804 ventura

2253 2832 2553 2887 crediderit
2580 2848 2702 2904 qna:
2732 2833 3012 2891 dicuntur.

2329 2923 2507 2991 (Vers.
2544 2924 2661 2995 ii.)
2688 2924 2817 2980 Hac
2853 2927 2983 2980 dicit
3024 2926 3281 2983 Dominus
3320 2927 3465 2984 Deus
3503 2931 3844 2994 exercituum,

2252 3015 2374 3083 quia
2412 3015 2569 3068 luctui
2599 3018 2719 3071 estis
2744 3017 2953 3072 verbum
2974 3019 3118 3075 istud
3150 3037 3169 3075 :
3199 3034 3314 3076 ecce
3336 3038 3427 3096 ego
3456 3022 3528 3077 do
3552 3024 3705 3078 verba
3738 3041 3847 3078 mea

543 3086 816 3159 μιασμόν,
858 3083 913 3139 id
949 3091 1055 3153 est,
1086 3082 1349 3139 hinnitum
1377 3095 1559 3150 vocet,
1591 3095 1647 3142 et
1671 3095 1855 3142 servet
1881 3102 2144 3157 equorum

2253 3082 2307 3159 in
2333 3117 2423 3161 ore
2451 3118 2538 3161 tuo
2567 3108 2623 3162 in
2646 3109 2841 3182 ignem,
2875 3119 2923 3164 et
2952 3113 3204 3182 populum
3227 3082 3387 3168 ἔδειιᾶ
3411 3116 3467 3168 in
3495 3113 3660 3187 ligna,
3689 3125 3734 3169 et
3761 3116 3848 3169 de-

539 3179 841 3235 l‘urentium
874 3178 945 3232 ad
976 3177 1256 3233 libidinem
1290 3178 1692 3249 metaphoram.
1718 3178 1856 3236 Cum
1890 3183 2026 3248 hmo,
2058 3187 2144 3237 in.

541 3271 688 3342 quit,
713 3269 938 3334 ieceris,
980 3267 1241 3339 numquid
1271 3284 1377 3324 non
1409 3271 1726 3329 visitatione
1754 3272 2024 3344 condigna
2052 3274 2150 3330 es?

540 3364 612 3421 Et
650 3370 782 3419 nota
823 3361 968 3434 quod
1012 3361 1101 3416 hic
1129 3362 1373 3418 visitatio
1400 3377 1499 3432 pro
1533 3377 1691 3433 pmna
1719 3378 1953 3435 ponatur
1982 3376 2147 3434 atque

537 3454 847 3527 suppliciis,
886 3455 1043 3525 juxta
1086 3454 1219 3510 illud
1258 3454 1403 3525 quod
1444 3456 1707 3527 scriptum
1748 3467 1831 3514 est
1863 3476 1876 3512 :
1911 3459 2146 3515 Visitabo

537 3550 593 3603 in
623 3549 766 3618 uirga
794 3548 1093 3619 iniquitates
1121 3560 1321 3603 eorum.
1367 3547 1436 3603 Et
1466 3551 1520 3604 in
1551 3560 1702 3621 gente
1732 3552 1827 3607 tali
1854 3566 1955 3607 non
1988 3553 2146 3607 ulcis-

536 3649 679 3694 cetur
726 3639 906 3693 anima
956 3655 1070 3693 mea
1100 3640 1289 3709 (Pal.
1330 3656 1609 3709 uxxvnt,
1654 3644 1803 3716 55)?
1846 3645 2143 3716 Postquam

538 3730 786 3803 peccatis
824 3730 1063 3800 obligata
1102 3740 1219 3795 est.
1264 3748 1605 3805 nequaquam
1646 3745 1874 3791 vocatur
1915 3739 2145 3807 pepulus

541 3824 664 3891 Dei,
704 3823 799 3880 sed
836 3839 972 3893 gens
1010 3839 1042 3879 a
1082 3840 1188 3894 qua
1214 3828 1447 3882 recessit
1475 3829 1657 3884 anima
1686 3829 1806 3897 Dei,
1841 3832 2142 3886 secundum

536 3914 672 3971 illud
711 3915 859 3986 quod
900 3917 1163 3986 scriptum
1197 3927 1285 3973 est
1317 3934 1332 3972 :
1367 3918 1681 3977 Neomenias
1710 3933 1924 3988 vestras,
1955 3933 2003 3979 et
2029 3925 2147 3979 sab-

540 4008 680 4073 bata,
710 4018 763 4062 et
790 4008 901 4063 dies
930 4011 1089 4078 festos
1118 4008 1228 4062 odit
1255 4011 1434 4064 annua
1463 4029 1575 4067 mea
1600 4012 1738 4085 (Isa.
1771 4031 1811 4083 ι,
1843 4015 1955 4086 15).
1984 4017 2143 4085 Quod

536 4108 721 4156 autem
766 4100 820 4155 in
862 4101 1035 4155 veteri
1074 4099 1428 4158 Testamento
1469 4104 1673 4161 dicitur
1702 4121 1802 4177 pro
1831 4107 2054 4174 allecto,
2086 4109 2141 4165 in

532 4191 685 4247 Novo
715 4193 981 4262 seriptum
1008 4203 1097 4249 est
1126 4210 1226 4265 pro
1254 4198 1488 4253 veritate
1520 4215 1539 4253 :
1566 4200 1853 4257 Salvatore
1877 4202 2095 4259 dicente
2124 4222 2139 4260 ε

538 4283 854 4339 Potestatem
892 4283 1053 4339 habeo
1094 4288 1320 4355 ponendi
1356 4291 1585 4345 animum
1614 4306 1798 4360 nteant,
1832 4304 1879 4349 et
1909 4304 2139 4366 potesta-

533 4383 638 4430 tem
667 4374 826 4429 habeo
854 4376 1041 4430 iterum
1069 4379 1307 4433 sumendi
1332 4379 1482 4436 illam
1512 4381 1691 4456 (locis.
1729 4401 1784 4452 ι,
1821 4387 1933 4460 18).

609 4466 799 4538 (Vera.
843 4468 933 4535 i0,
972 4467 1087 4540 11.)
1128 4470 1403 4528 Ascendite
1430 4491 1605 4532 muros
1625 4481 1746 4552 ejus
1775 4480 1915 4553 (sive
1942 4500 2138 4558 prepa-

533 4557 782 4632 gnacula)
809 4566 858 4612 et
894 4559 1146 4628 dissipate
1189 4575 1210 4617 .°
1251 4568 1745 4624 consummationem
1774 4585 1946 4628 autem
1975 4557 2138 4635 nolite

528 4654 719 4724 facere.
748 4650 960 4722 Auferte
982 4655 1295 4725 propagines
1321 4659 1432 4726 ejus
1450 4660 1596 4733 (sive
1619 4670 1992 4739 sustentacula)
2014 4672 2137 4738 quia

530 4759 635 4798 non
663 4754 784 4798 sunt
815 4741 1051 4799 Domini.
1084 4743 1521 4804 Prteraricatione
1544 4754 1680 4806 enim
1700 4759 2037 4826 precativam
2057 4773 2133 4817 est

526 4834 585 4888 in
622 4851 702 4888 me
740 4835 921 4889 domus
965 4835 1158 4901 Israel,
1205 4848 1253 4893 et
1284 4840 1476 4896 domus
1505 4842 1670 4912 Iuda,
1698 4849 1824 4902 dicit
1854 4850 2127 4912 Dominus.

526 4930 1056 5001 lmperatgentibus,
1079 4934 1147 4990 de
1166 4936 1365 5005 quibus
1389 4955 1552 5008 supra
1574 4941 1791 4998 dixerat
1820 4963 1833 4999 :
1864 4946 2128 5005 Percussit

524 5040 614 5079 eos
632 5024 717 5078 leo
730 5023 804 5077 de
823 5025 976 5090 silua,
1002 5026 1163 5099 lupus
1184 5033 1403 5085 nouauit
1428 5048 1542 5100 eos,
1566 5046 1622 5089 et
1640 5036 1840 5109 partitis
1870 5042 1920 5095 in
1951 5044 2129 5099 citita-

523 5117 663 5172 tibus
708 5132 918 5186 eorum,
961 5128 1022 5174 ut
1056 5123 1361 5178 ascendant
1400 5142 1591 5184 mures
1627 5129 1967 5201 Jerusalem,
2010 5140 2127 5195 sive

520 5208 960 5280 prepugnacula,
995 5221 1049 5265 et
1079 5211 1351 5281 dissipent
1382 5231 1505 5271 eam
1544 5236 1557 5272 :
1591 5224 2126 5285 consummationem

517 5310 700 5357 autem
743 5314 849 5355 non
894 5302 1114 5363 iaciant.
1150 5313 1210 5358 ut
1237 5308 1523 5365 salvantur
1546 5312 1819 5383 reliquim,
1848 5329 1907 5374 et
1934 5322 2005 5376 sit
2034 5323 2124 5393 qui

512 5397 807 5451 annuntiat
826 5396 886 5449 in
915 5396 1171 5466 gentibus
1188 5397 1421 5469 gloriam
1444 5402 1573 5471 Dei,
1604 5408 1993 5483 severitath
2022 5417 2122 5470 mi-

587 5543 611 5569 n
654 5534 762 5612 ᾼιιι
803 5530 1010 5612 _Saced,
1058 5544 1153 5612 a_nt
1197 5536 1411 5612 Sat-had
1455 5546 1751 5611 praeierunt
1799 5566 1933 5606 mss.
1976 5553 2114 5612 Vide

506 5601 1026 5692 qu‘ie'iiacnggoce
1042 5599 1300 5692 sbperius
1324 5599 1723 5692 “notavimus
1978 5599 2014 5677 ι’.

572 5666 607 5709 ἶ)
636 5666 784 5727 idem
829 5669 924 5727 ille
963 5666 1191 5731 annoiat
1227 5692 1389 5736 voces
1420 5666 1726 5755 infemin—a's
1745 5666 1804 5744 ii
1829 5666 2104 5753 mica

2249 3200 2449 3254 vorabit
2488 3215 2594 3255 eos.
2650 3202 2876 3257 Dixistis
2920 3221 2932 3257 :
2980 3204 3272 3276 Propheta:
3321 3208 3543 3263 fuerunt
3587 3209 3750 3264 locuti
3794 3210 3843 3265 in

2246 3301 2495 3357 ventum,
2518 3307 2623 3349 nec
2655 3303 2884 3350 ventura
2926 3309 3054 3352 sunt
3096 3312 3216 3369 quae
3242 3300 3523 3357 minantur
3556 3316 3570 3355 :
3603 3309 3845 3372 propter-

2249 3398 2335 3451 ea,
2358 3398 2392 3439 o
2434 3384 2708 3456 Propheta
2727 3431 2741 3456 ,
2766 3387 2838 3444 do
2865 3389 3029 3445 verba
3059 3402 3180 3447 mea
3208 3393 3261 3447 in
3292 3404 3390 3449 ore
3412 3398 3531 3460 tuo,
3561 3407 3682 3464 qua:
3706 3393 3841 3464 ignis

2247 3476 2486 3533 habeant
2506 3487 2859 3551 potestatem,
2894 3494 2947 3536 el
2976 3484 3238 3556 populum
3269 3487 3430 3540 ismm
3458 3487 3516 3541 in
3542 3486 3691 3555 ligna
3714 3498 3838 3541 con-

2240 3580 2475 3640 vertam,
2504 3580 2563 3629 ut
2590 3588 2850 3632 sernmne
2881 3587 2994 3645 tuo,
3022 3588 3079 3634 et
3106 3579 3690 3650 propliclia‘increduli
3715 3596 3839 3636 cnn-

2243 3672 2578 3719 crementur.
2626 3665 2718 3721 Sic
2758 3665 2903 3722 Deus
2943 3667 3084 3739 ignis
3124 3682 3456 3726 consumens
3503 3670 3737 3737 dicitur,
3785 3679 3838 3725 ut

2243 3766 2534 3812 constituat
2574 3759 2625 3812 itt
2669 3760 2848 3823 nobis,
2890 3763 2935 3817 si
2974 3776 3142 3832 super
3182 3763 3600 3820 fundamentum
3638 3763 3834 3820 Christi

2244 3845 2721 3919 tedilicaverimus,
2763 3852 2946 3922 ligna,
2982 3854 3204 3921 fenum,
3234 3856 3495 3925 stipulam
3530 3855 3708 3928 (Deut.
3742 3855 3831 3925 tv).

2315 3937 2497 4009 (νει-ε.
2541 3942 2607 3996 15
2634 3945 2813 4014 seqq.)
2842 3943 2978 4000 Ecce
3006 3962 3099 4019 ego
3128 3947 3389 4002 adducam
3414 3964 3577 4019 super
3603 3962 3691 4004 eos
3718 3964 3833 4022 gra-

2243 4039 2343 4084 tcnt
2375 4030 2439 4085 de
2464 4030 2764 4104 longinquo,
2794 4036 2977 4091 domus
3006 4037 3198 4107 Israel,
3235 4036 3358 4093 dicit
3384 4039 3645 4095 Dominus
3676 4057 3695 4096 :
3719 4058 3833 4113 gen-

2243 4132 2345 4177 tem
2367 4123 2652 4191 robustam,
2682 4131 2883 4199 gentem
2913 4131 3201 4201 antiquam,
3234 4142 3439 4202 gentem
3460 4137 3617 4205 cujus
3638 4135 3829 4207 ignora-

2243 4217 2318 4270 bis
2360 4218 2631 4289 linguam,
2674 4234 2767 4275 nec
2805 4223 3065 4295 intelliges
3104 4226 3230 4296 quid
3274 4227 3540 4297 loquatur.
3586 4226 3829 4283 Phorm

2238 4308 2352 4379 ejus
2378 4312 2526 4380 quasi
2550 4314 2841 4382 sepulcrum
2870 4324 3070 4387 patens,
3098 4318 3326 4374 unirnsi
3353 4320 3533 4389 fortes.
3571 4318 3641 4376 Et
3669 4336 3825 4375 eome-

2238 4400 2325 4456 det
2353 4413 2543 4477 segetes
2572 4413 2687 4460 tuus
2716 4416 2765 4460 et
2800 4424 2985 4478 partem
3017 4419 3163 4465 tuum
3195 4432 3208 4467 :
3241 4412 3507 4468 derorabit
3532 4415 3671 4483 ﬁlios
3698 4423 3822 4481 tuos,

2164 4468 2218 4532 Ῑ)
2240 4505 2286 4549 et
2314 4468 2451 4565 ﬁlias
2478 4505 2595 4553 tuas
2628 4468 2900 4556 :comedet
2924 4517 3130 4575 gregem
3161 4513 3325 4575 tuum,
3356 4516 3407 4561 et
3437 4468 3674 4563 armenta
3699 4517 3782 4561 tua
3808 4522 3825 4560 :

2238 4589 2467 4641 comedet
2495 4590 2691 4642 vineam
2718 4600 2878 4656 tuam,
2911 4604 2959 4647 et
2989 4595 3143 4664 ﬁcum
3173 4605 3334 4664 tuam,
3361 4609 3408 4650 et
3437 4608 3662 4653 conteret
3690 4598 3824 4653 urbe:

2241 4681 2463 4735 munitas
2502 4691 2637 4747 tuas,
2664 4683 2719 4736 in
2746 4685 2928 4754 quibus
2956 4696 3013 4742 tu
3042 4688 3292 4758 ﬁduciam
3315 4689 3473 4745 habes
3499 4691 3692 4761 gladio.
3734 4689 3819 4743 Vc.

2237 4783 2523 4829 rumtamen
2554 4777 2606 4830 in
2633 4778 2811 4833 diebus
2836 4780 2964 4846 illis,
2996 4782 3069 4835 ait
3101 4780 3379 4851 Dominus,
3408 4800 3514 4839 non
3541 4787 3721 4851 facian:
3741 4800 3819 4838 eos

2234 4864 2286 4918 in
2312 4870 2824 4924 consummationem.
2850 4870 3201 4944 Nequaquam
3226 4876 3399 4930 multo
3421 4886 3549 4947 post
3571 4886 3814 4947 tempore,

2235 4971 2335 5011 nec
2372 4966 2431 5011 ut
2470 4956 2607 5015 falso
2647 4963 2891 5030 creditis,
2934 4964 3224 5034 Pr0pitette
3261 4968 3419 5024 vobis
3457 4970 3742 5041 loquentur
3768 4970 3814 5023 in

2235 5060 2481 5114 ventum,
2524 5052 2620 5107 sed
2658 5053 2773 5124 jam
2818 5070 2961 5112 nunc
2986 5058 3258 5115 adducam
3289 5075 3463 5132 super
3484 5074 3587 5118 vos
3616 5075 3812 5136 gentem

2230 5142 2681 5215 Babyloniorum,
2724 5163 2849 5218 quae
2890 5153 3075 5207 veniet
3100 5153 3171 5210 de
3214 5155 3517 5227 longinquo
3560 5176 3574 5212 :
3610 5165 3809 5229 gentem

2230 5234 2529 5295 robustam,
2572 5252 2671 5306 pro
2715 5254 2824 5308 quo
2865 5244 2917 5294 in
2965 5243 3200 5299 llebrmo
3242 5249 3508 5316 scriptum
3540 5259 3625 5305 est
3650 5262 3809 5305 ετιιιι(

2227 5326 2423 5414 (inut),
2442 5338 2663 5399 gentem
2690 5333 3000 5403 antiquam,
3018 5338 3185 5407 cuius
3210 5341 3487 5410 quondam
3519 5343 3806 5398 dominatus

2226 5427 2313 5476 est
2351 5422 2584 5479 Nemrod
2629 5426 2782 5498 gigas
2821 5424 3035 5497 (Cenes.
3078 5430 3159 5503 x).
3204 5431 3370 5504 Cujus
3409 5435 3684 5506 ignorabis
3711 5431 3802 5489 lin-

2225 5574 2333 5615 non
2352 5561 2596 5642 _l3aberi_,_
2613 5580 2676 5621 ac
2707 5567 2964 5623 similiter
2990 5583 3177 5625 vocem
3208 5571 3336 5626 mihi
3362 5588 3531 5642 penes
3562 5570 3715 5630 LXX.

2295 5643 2315 5706 ἳ
2347 5631 2506 5706 illius
2539 5637 2795 5703 Cislerc.,
2828 5648 3003 5693 etnon
3030 5631 3603 5706 μτωυσνίισπὶατ-ραπι,

2287 5700 2311 5739 ἀ
2346 5703 2403 5758 in
2437 5704 2667 5779 Vulgata
2701 5700 2924 5765 Hieron.
2952 5700 3100 5768 vera.
3130 5709 3292 5769 locuti
3324 5713 3685 5774 desidet-mtr-
