3972 6372
257 327 372 397 an

813 337 1465 397 COMMENTARIORUM
1493 338 1560 397 IN
1598 337 1953 398 JEBEHIAI
1991 331 2411 398 PBOPllETAM
2452 341 2582 398 LIB.
2624 341 2688 400 II.
2731 342 2888 401 CAP.
2933 342 2997 400 V.

3465 341 3568 406 718

261 474 456 533 gnam,
499 470 526 498 ⁸
560 461 679 517 sive
709 469 767 516 ut
796 459 852 515 in
884 461 1117 518 Hebrum
1141 462 1404 532 scriptum
1436 469 1520 516 est
1547 477 1562 516 :
1595 477 1688 516 nec
1715 461 1868 516 intsl-
1894 469 1940 527 Δ
1969 461 2252 533 reliquistis
2293 479 2393 530 me,
2424 473 2474 518 et
2522 465 2752 520 servistis
2779 467 2877 520 dco
2898 465 3075 520 alieno
3114 465 3286 539 87s
3316 464 3440 538 (vel
3467 469 3570 526 diis

264 553 401 627 iiges
437 553 562 622 quid
601 555 837 624 loquatur
876 568 896 608 :
934 561 1020 610 est
1057 555 1204 610 enim
1233 553 1500 608 malorum
1529 553 1692 625 .77
1723 553 1865 608 sola-

265 645 429 712 tiutn,
468 643 514 699 si
544 643 671 699 illos
701 643 908 699 habeas
940 645 1154 713 hostes,
1184 658 1323 715 quos
1355 645 1534 713 possis
1565 659 1782 714 rogare,
1813 653 1870 700 et

263 739 363 808 qui
418 747 542 792 tuas
597 739 914 810 intelligant
971 754 1181 808 preces.
1237 739 1502 808 Quodque
1551 740 1803 809 sequitur
1851 756 1865 792 :

260 830 534 886 .Pltarctra
573 833 688 906 ejus
730 837 882 904 quasi
911 833 1207 904 sepulcrum
1235 844 1438 904 patens,
1467 842 1524 890 et
1552 834 1608 888 in
1637 834 1870 904 Septua-

255 923 414 994 ginta
463 923 704 980 editione
748 940 855 980 non
910 925 1148 990 dicitur,
1197 926 1555 996 Babyloniam
1601 925 1871 995 signiﬁcat

255 1027 625 1072 armaturam.
672 1019 782 1074 Nec
811 1018 1036 1074 dubium
1069 1019 1201 1090 quin
1235 1033 1459 1088 regnum
1489 1016 1866 1090 Assyriorum,

259 1104 728 1181 Babyloniorum,
796 1111 1082 1167 Medorum
1104 1151 1119 1177 ,
1151 1122 1315 1183 atque
1345 1111 1670 1177 Persarum,
1703 1111 1867 1181 sagit-

259 1203 417 1259 tandi
460 1204 854 1274 peritissimum
897 1203 992 1260 sit.
1034 1203 1322 1274 Simulque
1356 1204 1617 1260 describit
1648 1204 1869 1258 vastitao

259 1301 373 1350 tem
423 1302 586 1350 terrae
629 1292 876 1362 indocte,
927 1293 1482 1366 interfectionemque
1531 1297 1864 1361 multorum,

258 1386 609 1442 abactionem
657 1397 937 1458 pecorum,
981 1387 1398 1443 subversionem
1444 1386 1656 1442 urbium
1699 1382 1866 1458 atque

257 1487 572 1546 murorum,
614 1479 762 1551 quod
801 1479 986 1549 gladio
1029 1478 1216 1534 hostili
1245 1489 1440 1534 cuncta
1467 1480 1868 1548 capiantur,'et

260 1577 448 1626 tamen
491 1571 544 1625 in
590 1573 758 1626 tantis
799 1571 958 1626 malis
1003 1585 1108 1626 non
1139 1585 1235 1626 eos
1265 1571 1457 1641 perdat
1481 1586 1656 1640 usque
1684 1571 1751 1625 ad
1781 1571 1865 1625 ln-

256 1665 668 1731 terneclonem;
697 1664 793 1720 sed
823 1665 1087 1735 reliquias
1108 1665 1290 1720 salvas
1314 1665 1502 1732 iaciat,
1530 1665 1615 1720 vel
1644 1679 1859 1730 eorum,

255 1757 358 1828 qui
381 1757 435 1813 in
464 1755 798 1829 Babylonem
830 1757 976 1812 ducti
1007 1768 1158 1823 sunt,
1190 1756 1514 1824 dimissique
1540 1755 1606 1810 ad
1631 1755 1862 1826 agrlcul-

1965 553 2186 624 alienis)
2205 557 2258 609 in
2287 565 2431 610 terra
2459 567 2623 612 uestra
2641 573 2661 612 :
2692 558 2768 612 sic
2781 558 3009 612 servietis
3021 555 3211 611 alienis
3231 560 3283 612 in
3305 567 3443 613 terra
3462 577 3569 614 non

1968 654 2152 700 uestra.
2187 646 2425 702 Grandis
2463 649 2693 703 stultitia
2737 648 2954 704 nescire
2992 664 3094 704 cur
3117 650 3260 717 passi
3290 651 3420 714 sint,
3443 667 3565 705 cum

1970 746 2115 791 tanta
2146 740 2497 808 peccaverint
2521 757 2533 793 :
2569 739 2860 811 brevisque
2882 740 2949 795 ad
2971 741 3315 810 ambigentes
3340 757 3570 811 respon-

1968 830 2087 885 sio:
2115 831 2259 886 sicut
2279 833 2582 889 servivistis
2601 834 2708 889 deo
2730 834 2934 902 alieno,
2968 834 3021 888 id
3043 842 3150 896 est,
3173 833 3326 901 Baal,
3355 834 3440 890 vel
3462 835 3570 889 diis

1968 921 2164 977 alienis
2189 936 2507 979 cunctarum
2538 926 2780 994 gentium
2815 927 2868 981 in
2904 936 3049 981 terra
3079 925 3295 991 iudica,
3333 927 3414 981 sic
3453 942 3573 982 ser-

1969 1013 2132 1069 vietis
2159 1013 2269 1068 diis
2295 1015 2494 1070 alienis
2521 1017 2573 1071 in
2598 1028 2740 1074 terra
2770 1034 2880 1072 non
2911 1026 3130 1072 vestra:
3165 1017 3311 1073 baud
3341 1018 3566 1074 dubium

1968 1106 2096 1176 quin
2140 1105 2454 1178 Babylonis,
2488 1118 2652 1178 atque
2685 1107 2976 1164 Chaldaeus.
3018 1109 3076 1164 Si
3105 1108 3252 1164 enim
3283 1124 3382 1163 vos
3414 1125 3571 1180 pere-

1965 1201 2124 1272 grina
2155 1202 2345 1273 religio
2383 1203 2646 1269 deiectat,
2678 1206 2809 1273 quid
2839 1221 3066 1262 necesse
3093 1214 3178 1262 est
3206 1207 3566 1279 longinquum

1967 1308 2217 1349 errorem
2247 1295 2568 1365 suscipere?
2592 1297 2844 1352 Habitate
2872 1311 2995 1351 cum
3019 1297 3238 1362 talibus,
3264 1298 3433 1354 immo
3452 1315 3572 1355 ser-

1966 1388 2079 1442 vite
2111 1387 2194 1442 his
2225 1403 2457 1457 quorum
2505 1387 2640 1443 deos
2686 1389 2889 1444 colitis.
2944 1388 3135 1444 Potest
3167 1389 3271 1444 hoc
3301 1397 3358 1444 et
3404 1403 3571 1459 super

1968 1478 2246 1534 lnereticis
2270 1478 2473 1549 accipi,
2521 1479 2590 1533 de
2621 1480 2820 1550 quibus
2858 1479 3127 1550 scriptum
3157 1489 3238 1536 est
3266 1496 3280 1534 :
3315 1479 3400 1535 Es;
3427 1481 3571 1536 nobis

1965 1571 2220 1636 coierunt,
2251 1571 2342 1624 sed
2363 1587 2464 1625 non
2490 1574 2704 1642 fuerunt
2730 1589 2794 1626 ea:
2821 1571 2988 1627 nobis.
3018 1571 3081 1628 Si
3107 1574 3243 1626 enim
3267 1575 3483 1643 fuissent
3508 1591 3571 1630 ea:

1965 1663 2132 1726 nobis,
2185 1663 2494 1718 mansissent
2536 1665 2710 1733 utique
2757 1665 3023 1721 nobiseum
3051 1665 3105 1737 (i
3144 1665 3306 1722 Joan.
3340 1682 3399 1734 ιι,
3447 1666 3570 1738 19),

1963 1753 2109 1824 quod
2139 1754 2394 1826 projiciat
2421 1755 2493 1812 de
2520 1755 2766 1813 Ecclesia
2795 1758 3087 1814 hereticos
3139 1759 3433 1826 Dominus,
3479 1760 3573 1831 qui

258 1858 441 1905 turam
469 1859 633 1904 terra:
662 1847 770 1922 [ΑΙ.
805 1851 1072 1905 culturam
1103 1847 1381 1918 agrorum]
1403 1847 1626 1912 Judzcm,
1653 1849 1740 1903 vel
1761 1861 1859 1903 eo-
1891 1853 1940 1915 Β
1964 1846 1996 1888 δ
2034 1849 2209 1905 multo
2261 1859 2510 1920 tempore
2557 1851 2664 1906 sub
2711 1855 2934 1908 nomine
2983 1853 3104 1922 ejus
3151 1853 3569 1909 mendaciorum

253 1953 404 2009 rum,
446 1941 540 2011 qul
583 1952 707 2013 post
748 1941 1147 2011 persecutionis
1189 1939 1449 1995 ardorem
1477 1939 1562 1994 vel
1596 1939 1743 2009 fuga,
1771 1940 1860 1995 vel

255 2035 612 2091 confessione
640 2035 798 2090 ﬁdem
832 2035 1046 2090 Domini
1077 2041 1464 2089 servaverunt.

331 2126 513 2200 (Vers.
547 2127 662 2199 I9.)
690 2128 842 2195 Quod
871 2131 914 2182 si
943 2126 1177 2182 dixeritis
1201 2145 1219 2181 :
1246 2142 1408 2198 quare
1447 2127 1569 2197 fecit
1601 2124 1861 2181 Dominus

256 2219 403 2278 Deus
425 2231 596 2277 noster
617 2223 764 2277 nobis
784 2223 895 2277 hcce
919 2223 1094 2277 omnia
1117 2223 1140 2276 7
1167 2219 1320 2276 Dices
1350 2220 1419 2274 ad
1446 2236 1532 2274 eos
1552 2236 1570 2275 :
1601 2219 1752 2277 Sicut
1775 2220 1865 2274 de-

334 2373 359 2402 δ
391 2365 594 2420 Mavult
624 2363 830 2420 Victor.
854 2364 984 2434 alio
1014 2379 1181 2419 sensu
1223 2363 1350 2417 sicut
1382 2365 1625 2434 prosive,
1656 2365 1856 2434 quippe

255 2449 716 2507 cum_utrumque
757 2437 810 2489 in
851 2432 1119 2507 Hebraico
1160 2435 1426 2503 scriptum
1457 2433 1528 2489 sit
1557 2443 1612 2507 et
1644 2432 1857 2488 Utrum-

255 2519 368 2577 que
397 2504 643 2577 Vulgata
667 2506 814 2562 llier.
846 2506 1013 2560 editio
1045 2507 1333 2577 retinuerit
1367 2523 1379 2558 :
1409 2507 1561 2577 cujus
1590 2506 1854 2576 ignorabis

256 2575 528 2650 linguam,
560 2588 616 2634 et
655 2593 746 2632 nec
783 2578 1044 2650 intelliges
1066 2575 1487 2650 quidloquatur.
1520 2575 1645 2650 Vult
1671 2585 1853 2650 autem

254 2646 386 2706 ideo
426 2650 530 2704 dici
571 2651 703 2703 sicut
744 2650 798 2703 in
830 2646 1058 2704 llebrzco
1083 2646 1365 2717 scriptum
1407 2654 1512 2716 est,
1548 2646 1676 2717 quia
1709 2646 1852 2702 LXX

262 2795 334 2821 _
467 2798 474 2819 ι
1685 2800 1692 2802 .
1815 2798 1818 2800 η

1194 2922 1693 3095 LIBER-
1731 2921 2394 3095 SECUdY‘D
2415 2925 2646 3040 U‘S.

1965 1958 2188 2000 suorum
2208 1943 2499 1999 simulacra
2515 1945 2760 2002 venerati
2782 1959 2934 2013 sunt,
2959 1951 3018 2001 ut
3038 1946 3180 2002 loris
3193 1946 3397 2014 colant,
3423 1947 3570 2016 quod

1963 2039 2110 2093 intus
2159 2038 2311 2110 prius
2356 2038 2786 2105 venerabantur,
2834 2047 2896 2093 ut
2944 2039 3116 2109 paleas
3161 2046 3494 2110 separentur
3535 2054 3566 2095 a

1964 2131 2167 2188 tritico.

1963 2363 2125 2488 aliter
2166 2375 2452 2452 verterunt
2497 2384 2510 2422 :
2561 2367 2664 2424 hoc
2705 2379 2810 2436 est,
2861 2371 3011 2440 cujus
3053 2387 3156 2426 non
3183 2373 3367 2427 audies
3396 2389 3570 2427 vocem

2007 2449 2158 2488 naua:
2186 2453 2322 2488 eius.

2007 2449 2158 2506 ngute
2186 2449 2322 2506 ejus.

1995 2499 2062 2634 ei
2089 2499 2332 2634 Negabat
2361 2509 2684 2579 particulam
2706 2511 2940 2568 Clsterc.
2959 2520 3016 2568 et
3039 2511 3212 2568 Vatic.
3239 2528 3372 2568 mss.
3401 2513 3567 2570 inter-

2030 2593 2130 2633 run
2165 2616 2178 2633 .

1961 2593 2178 2633 serunt.

2794 2809 3111 2827 nn“

327 3204 688 3278 877-878
702 3202 1037 3266 Secundum,
1061 3201 1226 3258 frater
1242 3204 1460 3270 Eusebi,
1485 3205 1538 3258 in
1563 3205 1858 3261 Jeremiam
1887 3206 1933 3268 C
1967 3207 2163 3278 faciunt
2193 3222 2284 3267 ea,
2307 3213 2356 3259 et
2382 3221 2554 3260 omnes
2587 3205 2676 3274 qui
2706 3205 2977 3274 conﬁdunt
3021 3208 3074 3261 in
3105 3211 3178 3264 eis
3213 3208 3384 3280 (Psal.
3421 3227 3572 3281 cxnt,

254 3298 458 3356 librum
484 3298 652 3354 celeri
695 3312 953 3354 sermone
976 3297 1268 3364 dictamus,
1299 3307 1612 3355 avertentes
1638 3316 1860 3368 parum-

255 3407 356 3463 per
379 3406 567 3456 aures,
587 3406 656 3446 ne
677 3389 966 3444 audiamus
987 3388 1252 3460 judicium
1284 3391 1587 3461 sanguinis,
1613 3401 1667 3446 et
1693 3393 1860 3447 inter-

255 3485 526 3542 fectorum
555 3485 768 3539 animus
795 3483 1166 3555 deploremus,
1187 3485 1281 3555 qui
1309 3486 1574 3554 Opinione
1596 3486 1856 3542 virtutum

254 3577 501 3649 quotidie
542 3586 810 3632 corruunt
860 3577 911 3631 in
941 3576 1278 3646 superbiam,
1312 3584 1370 3631 et
1415 3577 1528 3631 Deo
1557 3592 1617 3632 se
1649 3577 1858 3632 similes

252 3670 616 3737 arbitrantur,
645 3679 703 3722 ut
733 3669 1124 3739 aequalitatem,
1147 3685 1308 3740 quam
1338 3669 1500 3738 impia
1527 3670 1853 3724 Arianorum

256 3763 486 3818 limosis
517 3763 569 3816 in
600 3761 742 3817 Filio
771 3772 954 3832 negat,
987 3764 1202 3818 cunctis
1233 3761 1546 3817 hominibus
1572 3762 1853 3829 tribuant,

254 3865 314 3912 et
337 3865 538 3924 ponant
564 3855 619 3910 in
641 3854 838 3910 cmlum
862 3869 925 3910 os
951 3869 1130 3920 suum,
1153 3863 1208 3908 et
1236 3855 1372 3909 nihil
1403 3854 1598 3908 futura:
1623 3853 1856 3909 Sancto-

257 3965 380 4004 rum
412 3948 732 4004 beatitudini
765 3949 1002 4017 amplius
1042 3947 1451 4012 derelinquant.
1497 3949 1742 4017 Quorutn
1774 3947 1858 4002 l‘u-

257 4040 375 4097 rori
421 4039 806 4110 rc5poudimus
841 4039 1046 4109 (Epist.
1077 4040 1202 4104 155,
1231 4038 1300 4092 ad
1347 4037 1765 4110 Ctesiphontem)
1798 4046 1858 4094 ut

258 4134 575 4206 potuimus:
606 4142 631 4172 ι
659 4143 715 4188 et
752 4133 796 4187 si
846 4131 1112 4186 Dominus
1139 4130 1306 4186 vitam
1356 4129 1594 4197 dederit,
1642 4131 1856 4200 plenius

257 4224 576 4296 responsuri
605 4239 815 4280 sumus.
857 4222 1012 4278 Nune
1032 4230 1215 4293 empta
1241 4221 1518 4290 carpenda
1547 4231 1634 4277 est
1665 4223 1771 4290 via,
1800 4231 1858 4278 et

257 4317 498 4374 dictandi
554 4314 1060 4372 Comntentarioli:
1133 4328 1235 4369 nec
1277 4313 1443 4368 nimia
1511 4312 1855 4383 longitudine

254 4409 616 4467 extendentes
652 4423 807 4478 opus,
844 4423 945 4462 nec
992 4405 1349 4462 immoderata
1384 4405 1652 4460 brevitate
1700 4404 1855 4462 aufe-

258 4509 442 4556 rentes
465 4499 906 4569 intelligentiam,
927 4514 1155 4567 quorum
1183 4498 1419 4552 alterum
1443 4505 1636 4552 onerat
1659 4513 1854 4552 sensus

1963 3297 2018 3363 5,
2039 3298 2115 3368 6).
2141 3298 2372 3369 Proprie
2402 3308 2583 3351 autem
2598 3298 2663 3350 ad
2687 3297 2883 3352 Judam
2909 3296 3168 3370 loquitur,
3187 3311 3242 3357 et
3262 3303 3326 3357 ad
3347 3303 3569 3360 domum

1959 3389 2166 3446 Jacob:
2200 3389 2364 3445 Israel
2394 3391 2540 3445 enim
2589 3390 2761 3444 multo
2792 3390 2906 3459 jam
2957 3401 3206 3461 tempore
3238 3394 3290 3447 in
3324 3394 3569 3466 Assyriis

1966 3493 1987 3520 ο
2011 3483 2321 3538 exsultabat
2340 3500 2353 3536 :
2370 3482 2642 3553 simulque
2662 3483 2753 3538 dat
2772 3484 3218 3556 intelligentiam,
3236 3489 3378 3555 quod
3399 3490 3568 3545 etiam

1959 3573 2164 3643 absque
2208 3581 2507 3644 prtecepto,
2543 3574 2775 3629 naturali
2818 3589 2982 3632 sensu
3013 3576 3316 3634 debeamus
3362 3579 3570 3638 intelli-

1958 3682 2088 3737 gere
2114 3682 2234 3738 quae
2258 3674 2405 3722 recta
2435 3676 2583 3721 sunt.

2031 3759 2297 3829 (νει-ε.Ξὲ
2315 3758 2499 3830 seqq.)
2519 3755 2606 3814 Me
2625 3775 2746 3832 ergo
2767 3776 2869 3814 non
2889 3760 3152 3826 timebitis,
3178 3764 3250 3816 ait
3276 3762 3530 3819 Dominus
3547 3784 3566 3821 :

1961 3861 2008 3906 et
2033 3869 2066 3905 α
2094 3852 2228 3923 [acie
2254 3869 2369 3906 mea
2403 3868 2506 3906 non
2534 3851 2814 3906 dolebitis?
2838 3852 2980 3924 (sive
3005 3853 3267 3922 timebitis)
3293 3857 3382 3925 qui
3416 3858 3570 3930 posui

1959 3961 2173 3998 arenam
2195 3945 2474 3999 terminum
2501 3945 2633 3998 mari
2646 3961 2665 3999 :
2685 3955 2998 4014 pra’ceptum
3019 3945 3410 4018 sempiternum,
3425 3949 3564 4019 quod

1959 4053 2062 4090 non
2089 4036 2394 4108 prmteribit.
2444 4036 2512 4090 Et
2556 4039 3031 4103 commovebuntur,
3088 4048 3137 4092 et
3177 4055 3278 4092 non
3324 4050 3566 4111 poterunt

1960 4129 2102 4201 (sive
2131 4129 2439 4196 turbabitur,
2480 4138 2528 4182 et
2558 4145 2662 4184 non
2701 4130 2934 4200 poterit),
2970 4137 3017 4182 et
3056 4129 3391 4183 intumescent
3422 4132 3565 4200 (sive

1956 4219 2238 4290 sonabunt)
2266 4221 2458 4290 ﬂuctus
2485 4223 2620 4293 ejus,
2644 4229 2691 4273 et
2716 4236 2818 4274 non
2849 4218 3143 4273 transibunt
3174 4219 3329 4273 illud.
3353 4219 3564 4294 Populo

1957 4309 2079 4365 huic
2110 4315 2306 4382 factum
2334 4318 2407 4364 est
2436 4326 2525 4365 cor
2551 4308 2880 4365 incredulum
2924 4319 2968 4363 et
2999 4326 3313 4378 exasperatis
3337 4328 3356 4365 :
3393 4328 3562 4366 reces-

1958 4408 2153 4465 serunt,
2183 4411 2228 4454 et
2257 4402 2514 4465 abierunt,
2544 4408 2590 4454 et
2624 4416 2725 4454 non
2756 4400 2999 4454 dixerunt
3030 4401 3082 4453 in
3106 4400 3260 4454 corde
3285 4418 3410 4456 suo:
3445 4401 3561 4457 Mc-

1960 4501 2164 4546 tuamus
2185 4491 2471 4544 Dominum
2490 4490 2658 4544 Deum
2675 4500 2928 4556 nostrum,
2948 4491 3034 4559 qui
3049 4491 3138 4543 dat
3157 4491 3303 4546 nobis
3329 4494 3561 4564 pluviam

260 4593 584 4665 legentium,
610 4594 845 4649 alterum
875 4592 902 4632 δ
938 4592 1200 4664 prmpedit
1229 4591 1596 4648 studiosorum
1624 4590 1844 4648 deside-
1873 4595 1928 4658 Β
1953 4594 2337 4655 temporaneam
2366 4592 2412 4636 et
2441 4584 2722 4638 serotinum
2751 4585 2801 4636 in
2835 4593 3065 4652 tempore
3097 4600 3230 4648 suo;
3273 4585 3563 4656 plenitudi-

257 4687 424 4744 rium.

327 4864 509 4941 (Vera.
539 4865 633 4937 20,
666 4860 784 4940 21.)
808 4863 1128 4922 Annuntiate
1147 4863 1246 4920 hoc
1266 4863 1442 4920 domiti
1470 4863 1656 4934 Iacob,
1685 4873 1734 4918 et
1759 4880 1856 4918 au-

255 4965 417 5019 ditum
447 4965 598 5033 facite
622 4963 677 5016 in
701 4960 848 5016 ludo
877 4962 1101 5015 dicentes
1121 4976 1140 5014 :
1175 4959 1334 5027 Audi,
1362 4958 1548 5031 popule
1569 4958 1744 5024 stulte,
1768 4957 1858 5026 qui

254 5069 359 5112 non
387 5054 542 5110 babes
571 5067 702 5109 cor:
731 5055 818 5124 qui
839 5052 1083 5107 habentes
1111 5051 1283 5105 oculos
1312 5067 1412 5103 non
1435 5050 1619 5103 videtis
1642 5065 1660 5115 ;
1685 5055 1732 5103 et
1762 5063 1859 5101 au-

255 5164 358 5214 res,
385 5157 563 5204 etnon
595 5145 812 5201 auditis.
862 5143 1048 5200 Multis
1089 5141 1264 5199 modis
1307 5149 1596 5208 peccantes
1629 5137 1864 5196 retrahit

255 5241 320 5296 ad
345 5241 604 5305 salutem,
634 5248 691 5293 et
712 5239 941 5292 stultum
965 5242 1129 5292 vocat
1157 5234 1438 5304 populum,
1463 5232 1556 5301 qui
1577 5231 1858 5300 sapientiae

255 5333 481 5406 reliquit
515 5339 819 5400 auctorem,
867 5339 1258 5400 comparatque
1289 5340 1386 5382 eos
1416 5323 1742 5391 simulacris,
1790 5323 1859 5379 de

257 5425 456 5500 quibus
500 5424 765 5496 scriptum
804 5430 928 5480 est:
967 5421 1159 5478 Oculos
1205 5421 1387 5473 habent
1431 5425 1476 5470 ct
1503 5431 1605 5470 non
1644 5412 1860 5468 vident:

258 5537 405 5576 aures
421 5521 606 5574 habent
629 5528 795 5572 etnon
816 5517 1055 5572 audiunt.
1074 5513 1285 5572 Similes
1308 5511 1415 5567 illis
1437 5511 1568 5581 fiant
1589 5505 1860 5581 qui

330 5685 354 5712 ³
374 5672 594 5738 Isthzcc,
612 5683 659 5728 et
681 5673 726 5726 si
748 5671 1005 5726 Dominus
1021 5670 1176 5724 vitam
1196 5667 1421 5730 dederit,
1438 5665 1640 5738 plenius
1657 5676 1872 5738 respon-

264 5747 371 5801 suri
394 5734 598 5808 sanius,
623 5744 680 5800 in
701 5743 935 5799 laudatis
956 5755 1090 5796 mss.
1113 5734 1517 5795 desiderantur.
1541 5734 1720 5808 Innuit
1738 5745 1872 5788 vero

264 5819 318 5873 S.
354 5818 556 5872 Doctor
589 5806 933 5884 Dialogorum
964 5811 1231 5867 adversus
1258 5808 1536 5877 Pelagium
1568 5806 1759 5860 libros.

1954 4691 2071 4730 nent
2093 4689 2282 4728 annuae
2297 4673 2476 4727 messis
2497 4673 2866 4726 custodientem
2888 4673 3055 4728 nobis.
3074 4672 3267 4728 Narrat
3286 4675 3560 4731 beneﬁcia

1955 4775 2015 4822 ut
2061 4767 2302 4837 Ingratos
2355 4772 2565 4836 arguat.
2621 4757 2727 4830 Mc,
2777 4759 2971 4834 inquit,
3019 4778 3122 4818 non
3171 4765 3430 4833 timebitis,
3460 4767 3556 4836 qui

1955 4868 2102 4914 tanta
2133 4855 2286 4912 vobis
2314 4855 2578 4928 praestiti?
2611 4855 2724 4910 Non
2751 4851 3105 4912 dilectionem
3132 4855 3393 4914 desidero
3434 4874 3559 4930 per-

1953 4952 2246 5015 fectorutn,
2278 4951 2370 5005 sed
2424 4947 2674 5002 timorem
2708 4947 3108 5018 incipientium,
3142 4949 3231 5021 qui
3267 4951 3418 5022 posui
3442 4969 3559 5007 are—

1957 5059 2078 5098 nam
2105 5041 2379 5097 terminum
2408 5039 2570 5106 mari;
2602 5039 2695 5111 qui
2745 5049 2854 5094 tam
2891 5049 3086 5110 potens
3132 5041 3464 5100 elementum
3505 5055 3562 5101 ct

1960 5135 2256 5191 immensas
2295 5133 2568 5205 gurgitum
2606 5133 2777 5189 moles
2811 5148 2935 5188 meo
2969 5141 3246 5206 praecepto
3282 5136 3560 5195 littoribus

1959 5223 2256 5293 refrenavi,
2275 5226 2429 5296 juxta
2451 5223 2585 5280 illud
2608 5224 2752 5295 quod
2776 5225 3041 5294 scriptum
3070 5241 3153 5282 est
3187 5246 3198 5281 :
3226 5226 3559 5301 Prwcsptum

1959 5321 2153 5391 posuit,
2187 5327 2232 5372 ct
2265 5333 2364 5373 non
2413 5316 2692 5387 prwteribit
2723 5315 2897 5389 (Psal.
2948 5331 3169 5386 curnt,
3202 5320 3282 5390 6).
3316 5321 3562 5375 Audiunt

1960 5425 2048 5466 me
2079 5421 2132 5464 et
2162 5409 2426 5479 sentiunt,
2474 5424 2594 5480 qua:
2625 5423 2843 5465 sensum
2878 5423 2985 5464 non
3035 5409 3239 5464 habent
3265 5411 3520 5466 audiendi
3547 5431 3559 5466 :

1961 5514 2018 5561 et
2048 5503 2282 5574 populus
2309 5502 2586 5572 quondam
2620 5516 2775 5558 meus
2798 5516 2898 5557 suo
2920 5502 3054 5556 vitio
3083 5499 3290 5558 stultus
3313 5500 3559 5572 ellectus,

2047 5659 2072 5697 δ
2109 5658 2306 5718 Vatic..
2341 5659 2565 5713 alterum
2587 5656 2842 5725 prwcidit.

2053 5741 2073 5768 ε
2107 5731 2223 5786 Duo
2250 5743 2382 5784 tuss.
2409 5729 2460 5782 in
2478 5727 2706 5799 Assyriis
2726 5725 3055 5797 epulabatur.
