3972 6340
485 271 590 330 719

1771 259 1831 319 8.
1874 258 2142 321 EUSEBII
2182 261 2562 322 HIERONYMI

3679 260 3784 319 πο

478 402 590 444 non
645 384 818 442 solum
872 381 1217 446 contemnit;
1268 377 1365 434 sed
1416 386 1473 432 et
1521 374 1738 432 dulcem
1789 385 2082 446 exasperat
2109 389 2242 457 Aet
2271 395 2407 451 quos
2433 379 2700 436 Dominus
2723 376 2938 449 judicat
2964 395 2978 445 ;
3009 387 3064 434 et
3091 392 3197 432 non
3232 378 3284 432 in
3315 375 3520 433 nostris
3547 389 3786 431 conven-

481 478 676 533 Deum.
711 477 1104 540 Recesserunt,
1137 470 1233 539 ait,
1268 487 1294 522 ει
1325 485 1434 534 me,
1463 477 1518 524 et
1547 467 1675 524 mihi
1720 476 1871 537 terga
1899 478 2081 525 verte-

477 574 628 631 runt,
679 575 734 619 et
777 563 997 618 concito
1061 561 1314 616 abierunt
1358 559 1573 632 gradu;
1625 574 1724 614 nec
1772 562 1932 615 tacita
1986 575 2082 615 eos

479 658 710 713 retraxit
762 654 1123 723 conscii-mia,
1157 666 1214 708 ut
1245 653 1493 709 dicerent
1541 652 1594 707 in
1627 652 1883 707 cordibus
1926 653 2077 706 suis:

474 747 772 803 Metuamus
793 765 932 812 eum,
961 749 1051 820 qui
1078 752 1166 801 dat
1193 748 1340 802 nobis
1372 746 1600 818 pluviam
1631 754 2016 818 tempbraneam
2035 754 2083 800 et

472 843 774 896 serotinum.
804 841 905 896 Per
926 857 1047 910 qum
1070 840 1252 895 omnia
1283 839 1525 894 ostendit
1554 840 1748 893 bonam
1777 838 1886 910 [ΑΙ.
1917 838 2079 912 bona]

474 934 876 1004 plenitudinem
900 949 1094 988 annum
1125 936 1337 1002 messis,
1365 949 1462 1002 pro
1483 948 1592 1004 quo
1623 934 1880 1003 Aquilaeal
1907 937 2077 1003 prima

475 1027 667 1092 editio,
698 1040 750 1082 et
780 1027 1172 1098 Symmachus,
1203 1026 1554 1080 hebdomadas
1579 1027 1918 1093 interpretati
1937 1037 2080 1084 sunt.

468 1117 532 1173 ln
562 1118 794 1172 Hebr-.130
815 1124 961 1174 enim
989 1117 1252 1186 scriptum
1280 1131 1363 1172 est
1388 1131 1626 1173 SABAOTB
1651 1117 1907 1187 (minui),
1931 1117 2077 1188 quod

466 1223 570 1279 pro
596 1212 956 1279 ambiguitate
1005 1211 1180 1275 verbi,
1234 1217 1292 1264 et
1337 1211 1654 1279 septimanas
1701 1210 1998 1279 signiﬁcat,
2028 1219 2082 1264 et

477 1301 863 1373 plenitudinem
890 1301 942 1356 δ.

545 1394 728 1468 (Vers.
757 1395 877 1467 25.)
908 1394 1216 1465 [iniquitates
1240 1404 1420 1450 vestra:
1445 1395 1838 1449 declinaverunt
1868 1395 2003 1460 lucc,
2037 1403 2085 1449 et

469 1498 682 1559 peccata
727 1498 896 1543 vestra
921 1489 1296 1560 prohibuerunt
1348 1488 1539 1542 bonum
1580 1504 1613 1540 a
1659 1489 1818 1542 vobis.
1853 1489 1996 1558 Ergo
2035 1489 2082 1542 si

473 1578 696 1650 quando
717 1592 772 1633 et
805 1593 957 1632 mare
983 1579 1315 1634 transcendit
1343 1580 1609 1632 terminos
1631 1593 1782 1646 suos,
1818 1586 1872 1632 et
1901 1578 2080 1648 pluvia

475 1672 798 1739 retrahitur,
851 1685 1189 1740 nequaquam
1217 1671 1387 1742 880
1414 1669 1724 1725 abbreviata
1776 1680 1860 1725 est
1890 1684 2083 1724 manus

2185 472 2371 527 ticulis
2394 473 2745 544 impleantur,
2770 487 2908 540 quos
2926 471 3168 540 possidet
3181 471 3333 524 radix
3353 468 3599 524 omnium
3617 468 3785 522 malo-

2182 583 2304 621 rum
2320 568 2549 621 avaritia
2569 565 2795 638 (Coloss.
2813 565 2918 637 ιιι),
2937 567 3007 620 ita
3034 573 3095 619 ut
3116 565 3450 621 venientium
3465 562 3535 618 ad
3552 577 3655 618 nos
3680 577 3782 617 non

2183 674 2276 714 ora
2307 659 2765 726 eontemplemur,
2802 658 2894 711 Sed
2926 673 3136 712 manus.

2255 751 2437 819 (Vers.
2463 752 2532 806 27
2555 750 2736 820 seqq.)
2761 749 2891 804 Ideo
2913 751 3236 822 magniﬁcati
3262 758 3382 804 sunt
3406 759 3457 805 et
3482 749 3640 803 ditati
3658 765 3678 804 :
3709 750 3786 802 in-

2184 847 2399 900 crassati
2434 856 2554 901 sunt
2578 856 2625 900 et
2666 847 2999 919 impinguati,
3040 855 3090 900 et
3120 850 3480 915 prwterierunt
3520 861 3782 899 sermones

2186 954 2321 992 meos
2347 940 2603 1010 pessime:
2652 954 2867 991 causam
2912 935 2930 973 ί
2980 953 3084 990 non
3113 936 3525 1007 judicaverunt:
3570 950 3786 988 causam

2183 1027 2323 1101 (sive
2341 1030 2629 1102 judicium)
2657 1030 2844 1100 pupilli
2874 1045 2976 1082 non
3010 1029 3307 1082 direxerant
3339 1027 3450 1099 [ΑΙ.
3482 1025 3781 1098 dixerunt]:

2173 1119 2441 1192 judicium
2487 1137 2773 1192 pauperum
2815 1118 2962 1191 (sive
2991 1119 3192 1188 viduae)
3243 1135 3346 1171 non
3387 1117 3785 1188 judicaverunt.

2186 1209 2454 1280 Numquid
2480 1227 2632 1282 super
2655 1211 2738 1264 his
2758 1226 2861 1264 non
2893 1209 3129 1278 visitabo,
3156 1210 3321 1282 881
3349 1208 3472 1263 dicit
3493 1208 3787 1263 Dominus:

2184 1311 2274 1357 aut
2318 1318 2469 1374 super
2498 1312 2701 1376 gentem
2747 1303 3101 1369 huiuscemodi
3139 1319 3240 1355 non
3285 1302 3562 1355 ulciscetur
3608 1304 3788 1355 anima

2185 1398 2338 1450 mea?
2368 1397 2425 1450 Si
2465 1397 2690 1451 voluero
2729 1407 2996 1452 annotare
3028 1411 3124 1465 per
3149 1395 3359 1465 singula
3390 1410 3512 1465 quae
3553 1394 3608 1449 in
3643 1393 3789 1449 LXX

2183 1489 2423 1544 editione
2447 1487 2810 1558 prietermissa
2835 1501 2985 1552 sunt,
3015 1489 3236 1558 longum
3263 1489 3375 1542 liet.
3399 1488 3500 1555 Qui
3528 1487 3788 1554 tendunt,

2184 1581 2280 1646 ait,
2312 1579 2561 1648 insidias,
2593 1589 2648 1634 et
2675 1579 2906 1635 aliorum
2937 1581 3182 1634 nuditate
3209 1579 3491 1644 lzctantur,
3519 1580 3643 1634 ideo
3675 1594 3791 1633 ma-

2183 1672 2427 1742 gniticati
2453 1682 2582 1727 sunt
2623 1681 2678 1726 et
2705 1673 2882 1736 ditati,
2913 1673 3038 1742 quia
3075 1673 3358 1741 superiora
3393 1672 3658 1726 fecerunt.
3695 1670 3791 1725 In-

441 1817 444 1823 .
475 1765 718 1833 Domini,
743 1773 800 1817 nt
823 1764 923 1817 ista
945 1779 1049 1816 non
1082 1763 1274 1816 faciat:
1297 1762 1393 1817 sed
1421 1773 1640 1831 peccata
1673 1772 1865 1817 nostra
1884 1763 1998 1818 inec
2012 1762 2078 1816 ad
2113 1788 2159 1850 Β
2183 1768 2408 1819 crassati
2429 1774 2547 1818 sunt
2570 1774 2617 1818 et
2643 1765 2976 1835 impinguati,
3003 1765 3158 1834 juxta
3184 1764 3314 1819 illud
3339 1765 3485 1833 quod
3519 1765 3788 1834 scriptum

473 1873 576 1913 nos
604 1856 882 1911 venientia
910 1856 1281 1920 declinarunt,
1319 1864 1376 1910 ut
1401 1855 1466 1908 ad
1497 1856 1633 1910 alios
1673 1868 1959 1926 pergerent
1990 1856 2081 1926 qui

471 1967 581 2006 non
599 1959 985 2020 peccaverunt.
999 1950 1062 2003 Et
1079 1948 1497 2018 prohibuerunt.
1515 1948 1712 2019 inquit,
1728 1949 1837 2019 jam
1856 1949 2082 2006 veniens

478 2043 545 2096 ad
577 2058 677 2096 nos
717 2042 945 2107 bonum,
973 2040 1123 2110 juxta
1168 2041 1301 2094 illud
1331 2039 1476 2108 quod
1509 2042 1808 2096 secundum
1843 2042 2080 2097 litteram

475 2137 741 2206 scriptum
768 2144 848 2188 est
873 2152 887 2187 :
923 2131 1191 2186 Mandabo
1219 2132 1457 2198 nubibus,
1493 2150 1556 2187 ne
1585 2132 1766 2204 pluant
1789 2150 1943 2204 super
1967 2151 2081 2189 eam

470 2226 682 2280 imbrem
706 2222 842 2296 (lsa.
877 2240 928 2292 v,
959 2223 1038 2295 6).
1074 2226 1368 2278 Possumus
1395 2233 1580 2279 autem
1609 2225 1837 2280 imbrem
1871 2236 2082 2295 tempo-

467 2333 694 2375 ranenm
710 2329 764 2372 et
789 2317 1118 2382 serotinum,
1133 2316 1335 2387 Legem
1355 2319 1606 2388 accipere
1627 2328 1683 2373 et
1701 2318 2077 2388 Evangelinm,

470 2420 528 2468 et
554 2411 801 2466 diversas
829 2409 1152 2464 vocationes
1181 2423 1210 2462 a
1240 2409 1415 2478 prima
1446 2409 1582 2463 hora
1615 2425 1786 2480 usque
1813 2410 1879 2464 ad
1912 2411 2081 2464 unde-

469 2505 692 2571 cimam,
721 2504 776 2557 in
799 2503 1002 2572 quibus
1021 2503 1291 2571 operariis
1316 2503 1491 2557 vinea:
1521 2518 1685 2558 unum
1709 2513 1931 2558 aeternae
1952 2503 2082 2559 vita

466 2594 756 2666 prtetninm
793 2594 1082 2659 pollicetur
1113 2592 1332 2664 (Matth.
1384 2593 1502 2662 xx).

547 2687 732 2757 (Vers.
761 2685 881 2743 26.)
917 2685 1054 2751 Quia
1091 2685 1285 2738 inventi
1312 2695 1430 2738 sunt
1457 2685 1510 2738 in
1550 2683 1744 2754 populo
1778 2700 1890 2738 meo
1929 2685 2080 2752 impii

468 2776 780 2831 insidiantes
809 2774 960 2845 quasi
980 2790 1206 2845 aucupes
1226 2789 1245 2826 :
1267 2775 1481 2844 laqueos
1505 2786 1773 2843 ponentes,
1800 2783 1847 2828 et
1869 2775 2080 2846 pedicas

473 2868 542 2924 ad
573 2867 851 2936 capiendos
882 2867 1052 2920 viros:
1098 2867 1230 2919 sicut
1277 2865 1520 2937 decipula
1561 2868 1717 2934 plena
1760 2868 1960 2934 avibus,
2006 2869 2080 2922 sic

470 2961 656 3015 domus
684 2973 864 3013 eorum
895 2958 1060 3023 plena:
1084 2957 1227 3010 dolo.
1251 2956 1363 3012 Cur
1392 2969 1413 2996 ε
1444 2959 1748 3014 declinaret
1777 2960 1847 3013 ab
1868 2960 1950 3014 eis
1979 2959 2080 3014 itn-

469 3052 570 3107 ber
605 3063 991 3120 temporaneus
1039 3058 1095 3104 et
1125 3053 1426 3116 serotinus,
1476 3060 1531 3105 et
1575 3049 1716 3104 bona
1753 3052 1936 3106 omnia
1970 3068 2076 3106 non

469 3145 755 3212 venirent,
788 3157 968 3198 causa:
998 3142 1404 3212 subjiciuntur:
1455 3144 1579 3212 quia
1611 3143 1818 3198 inventi
1865 3156 1992 3200 sunt
2022 3147 2076 3202 in
2102 3170 2148 3233 ρ

468 3238 673 3309 populo
701 3238 823 3307 ejus
853 3236 1026 3306 impii.
1073 3235 1190 3290 Non
1225 3236 1384 3301 dixit,
1425 3237 1641 3306 iniquos
1672 3245 1727 3290 et
1756 3246 2075 3307 peccatores

468 3331 489 3403 (
507 3341 564 3384 ut
597 3344 739 3384 nova
768 3329 883 3384 volt
912 3326 1193 3398 haeresis),
1224 3328 1318 3382 sed
1346 3327 1564 3396 impios.
1599 3326 1855 3397 Impietas
1885 3338 2074 3398 aperte

471 3435 633 3495 negat
659 3424 830 3478 Deum
854 3441 867 3476 :
903 3423 1161 3490 iniquitas
1189 3431 1354 3489 atque
1374 3431 1654 3491 peccatum
1677 3423 1720 3475 si
1745 3422 2075 3478 conﬁteatur

471 3531 738 3583 errorem,
760 3515 920 3568 facile
943 3514 1010 3567 ad
1035 3513 1467 3568 misericordiam
1489 3512 1655 3569 ﬂectit
1685 3514 1873 3568 Deum.
1892 3516 2072 3583 Quod-

469 3621 577 3676 que
607 3620 707 3658 nos
752 3604 1037 3658 diximus:
1091 3602 1408 3657 Insidiantes
1435 3605 1584 3672 quasi
1629 3620 1881 3674 aucupes,
1919 3615 1977 3660 et
2020 3607 2073 3660 in

473 3696 619 3754 LXX
656 3713 762 3750 non
797 3695 1047 3758 habetur,
1079 3694 1271 3764 Aquila
1303 3708 1358 3749 et
1384 3694 1748 3766 Symmachus
1779 3698 2075 3752 transtule-

464 3799 598 3846 runt
615 3785 639 3824 ά
662 3802 809 3842 ιΑειιι
828 3785 1035 3857 (nam),
1057 3787 1208 3855 quasi
1229 3796 1334 3840 rete
1360 3788 1598 3856 aucupis,
1626 3789 1770 3857 quod
1799 3790 1960 3844 etiam
1987 3792 2078 3860 qui

464 3882 643 3936 bonus
666 3881 809 3935 inter
835 3895 930 3934 eos
957 3877 1176 3932 videtur
1199 3885 1255 3932 et
1282 3892 1488 3947 rectus,
1521 3879 1691 3934 instar
1711 3882 1935 3949 aucupis
1960 3891 2076 3936 ten-

466 3977 560 4032 dat
601 3975 848 4041 insidias,
882 3972 1010 4028 dum
1045 3972 1277 4026 invicem
1310 3987 1370 4028 se
1403 3984 1670 4028 venantur
1703 3974 1770 4029 ad
1814 3987 2069 4044 mortem,

466 4079 522 4125 ct
551 4069 780 4123 aliorqu
830 4065 1044 4120 damnis
1075 4075 1242 4132 atque
1272 4063 1600 4134 dispendiis,
1631 4081 1758 4120 snas
1795 4069 2073 4135 complent

463 4165 678 4228 domos,
705 4171 762 4214 ut
788 4161 1082 4228 impleatur
1113 4167 1135 4194 θ
1168 4157 1616 4228 philosophorum
1640 4158 1731 4213 illa
1757 4161 2064 4216 sententia:

462 4256 656 4315 Omnis
687 4254 843 4308 dives
890 4263 982 4306 aut
1016 4253 1255 4322 iniquus,
1290 4260 1384 4307 aut
1431 4253 1612 4309 hzeres
1661 4254 1853 4324 iniqtti.
1888 4255 2067 4326 Atque

455 4352 666 4406 utinam
697 4347 767 4402 ab
797 4345 882 4400 bis
911 4353 1122 4400 tantum
1153 4344 1306 4411 ﬁant,
1336 4345 1428 4416 qui
1459 4345 1719 4402 videntur
1751 4346 1884 4404 loris
1915 4362 2060 4418 esse,

2183 1870 2299 1912 est:
2324 1856 2652 1911 Incrassatus
2679 1867 2727 1911 et
2756 1858 3107 1929 impinguatus
3134 1867 3229 1922 est,
3259 1866 3310 1911 et
3330 1858 3678 1912 recalcitravit
3706 1859 3790 1911 di-

2185 1951 2345 2005 lectus
2387 1949 2581 2020 (Deut.
2625 1965 2794 2014 mm,
2841 1952 2968 2020 15).
3020 1950 3089 2003 Et
3129 1950 3488 2019 pra'terierunt
3528 1966 3789 2006 sermones

2185 2060 2345 2111 meos,
2371 2046 2494 2112 quia
2523 2041 2836 2097 divitiarum
2881 2043 3216 2097 conscientia
3249 2042 3381 2096 illud
3422 2043 3678 2097 dixerunt
3717 2043 3788 2098 de

2186 2135 2514 2204 Evangelio:
2547 2135 2754 2199 Anima,
2801 2134 2955 2190 habes
2981 2138 3144 2188 multa
3178 2135 3311 2188 bona
3335 2135 3503 2204 posita
3539 2138 3594 2190 in
3621 2153 3786 2191 annos

2183 2229 2415 2282 multos:
2463 2228 2721 2297 requiesce
2747 2269 2760 2292 ,
2812 2226 3040 2293 comede,
3085 2228 3216 2292 bibe,
3246 2227 3458 2299 epulare
3489 2229 3644 2299 (Luc.
3681 2244 3782 2296 xtl,

2184 2317 2298 2389 19).
2348 2319 2742 2372 Prteterierunt
2786 2328 2968 2373 autem
2993 2320 3047 2372 in
3078 2320 3278 2372 malum
3309 2320 3415 2385 sui,
3448 2331 3787 2391 cunctosque

2184 2408 2434 2464 homines
2464 2419 2490 2456 Β
2521 2408 2888 2479 despicienles
2921 2425 3029 2465 non
3070 2421 3368 2478 posuerunt
3393 2410 3488 2465 Dei
3516 2410 3785 2480 judicium

2181 2509 2308 2556 ante
2350 2501 2540 2556 oculos
2569 2515 2720 2554 suos.
2754 2500 3022 2569 Pupillutn
3050 2509 3108 2555 et
3143 2515 3413 2570 pauperes
3439 2514 3787 2572 contempse—

2183 2604 2310 2647 runt
2329 2608 2342 2645 :
2364 2607 2580 2662 proquo
2592 2590 2735 2646 LXX
2752 2593 3040 2656 dixerunt,
3061 2593 3268 2658 viduas,
3282 2593 3494 2663 quodin
3516 2593 3782 2650 Hebraico

2184 2702 2290 2741 non
2324 2686 2586 2750 habetur;
2618 2701 2834 2740 ΕΒΙηΝιΙ
2875 2688 3155 2754 (unum)
3185 2685 3386 2754 ιιιιίιψθ
3405 2686 3628 2756 proprie
3657 2703 3784 2755 pau-

2183 2794 2348 2847 peres,
2383 2794 2488 2831 non
2519 2777 2696 2831 viduas
2719 2788 2895 2833 sonat.
2921 2780 3076 2843 Quod
3107 2789 3286 2833 antem
3311 2780 3582 2849 sequitur,
3615 2778 3783 2834 Nam-

2181 2868 2306 2938 quid
2340 2883 2494 2940 super
2515 2869 2593 2921 his
2623 2885 2726 2921 non
2757 2867 2994 2935 visitabo,
3021 2869 3148 2922 dicit
3170 2867 3423 2923 Dominus
3447 2886 3466 2923 :
3496 2878 3586 2924 aut
3629 2889 3781 2942 super

2181 2969 2381 3032 gentem
2422 2957 2781 3024 huiuscemodi
2810 2976 2913 3013 non
2959 2960 3231 3015 ulciscetur
3271 2961 3449 3014 animo
3484 2964 3644 3017 mea?
3667 2963 3776 3034 jam

2182 3065 2341 3122 supra
2365 3049 2660 3105 dissertum
2685 3062 2790 3106 est.

2254 3143 2446 3212 (Vers.
2474 3143 2566 3210 30,
2602 3144 2719 3216 51.)
2755 3143 2953 3217 Stupor
2991 3153 3037 3199 et
3091 3145 3355 3200 mirabilia
3385 3149 3531 3219 facta
3558 3158 3676 3204 sunt
3720 3150 3775 3204 in

2181 3244 2335 3289 terra.
2362 3233 2642 3304 Propheta:
2671 3235 3042 3308 prophetabant
3075 3238 3398 3293 mendacium
3453 3239 3472 3312 (
3498 3241 3619 3298 site
3670 3243 3772 3296 inio

2179 3346 2279 3399 qua
2304 3327 2322 3399 )
2349 3339 2395 3382 et
2447 3330 2736 3383 sacerdotes
2757 3331 3140 3402 applauJebant
3168 3333 3407 3386 manibus
3425 3335 3536 3388 suis
3566 3351 3585 3388 .·
3616 3344 3664 3388 et
3683 3351 3776 3407 po-

2179 3423 2334 3490 pulus
2355 3437 2497 3474 meus
2525 3422 2703 3475 dilexit-
2725 3423 2851 3475 talia
2868 3440 2887 3476 :
2915 3423 3042 3494 quid
3065 3439 3184 3494 ergo
3207 3425 3408 3494 facietis
3432 3426 3483 3478 in
3501 3429 3772 3482 novissimo

2181 3511 2371 3584 [Vttlg.
2401 3513 2488 3583 ﬁet
2520 3514 2572 3567 in
2602 3515 2882 3568 novissimo
2907 3514 3059 3588 ejus]
3082 3517 3229 3587 (sive
3253 3526 3367 3588 post
3400 3517 3575 3588 hac)?
3600 3519 3772 3588 Supra

2175 3603 2427 3658 dixerat:
2464 3604 2556 3660 Ibo
2601 3603 2667 3659 ad
2703 3605 3014 3672 Optitnates,
3049 3616 3106 3660 et
3151 3607 3343 3674 loquar
3393 3609 3517 3663 eis?
3550 3611 3770 3666 forsitan

2175 3694 2280 3765 ipsi
2309 3704 2681 3758 coanoverunt
2708 3696 2847 3750 viam
2880 3696 3116 3761 Domini,
3150 3707 3206 3754 et
3232 3713 3362 3754 ecce
3391 3700 3443 3754 hi
3480 3701 3650 3772 magis
3673 3717 3771 3772 pa-

2174 3789 2306 3842 riter
2330 3788 2950 3860 conlregeruntjugum,
3003 3801 3265 3860 ruperunt
3315 3792 3530 3848 vincula
3565 3811 3579 3846 :
3630 3811 3770 3852 nunc

2172 3879 2434 3935 describit
2459 3881 2546 3950 qui
2591 3881 2704 3936 sint
2745 3882 3055 3951 optimates,
3106 3884 3388 3954 propheta:
3434 3885 3690 3942 videlicet
3715 3899 3770 3944 et

2174 3973 2488 4029 sacerdmes
2515 3989 2529 4026 :
2560 3990 2792 4042 quorum
2817 3975 2908 4030 alii
2956 3975 3138 4031 futura
3193 3977 3520 4046 pra’dicuut,
3573 3981 3664 4036 alii
3698 3998 3764 4037 ex

2173 4064 2292 4135 lege
2321 4064 2560 4120 iacienda
2605 4064 2924 4121 decernunt.
2975 4067 3042 4122 Et
3066 4083 3214 4137 ecce,
3246 4069 3447 4140 inquit,
3476 4071 3586 4129 illis
3614 4090 3763 4130 men-

2169 4161 2383 4218 dacium
2413 4160 2890 4232 prophetantibus,
2918 4163 3236 4218 sacerdotes
3263 4167 3519 4223 manibus
3544 4169 3767 4240 applau-

2167 4263 2384 4308 sernnt.
2418 4253 2483 4308 Et
2500 4264 2558 4307 ut
2578 4254 2905 4309 oSIendatur
2923 4269 3024 4310 nec
3051 4255 3284 4326 populus
3297 4271 3420 4313 esse
3441 4259 3563 4313 sine
3583 4261 3761 4330 culpa,

2167 4347 2315 4419 quia
2350 4348 2551 4403 talibus
2593 4347 2914 4415 abducatur,
2947 4349 3212 4419 scriptum
3252 4361 3339 4406 est
3371 4368 3383 4404 :
3430 4350 3500 4406 Et
3542 4355 3761 4426 populus

533 4541 576 4606 a_
606 4529 834 4585 Constat
883 4525 1128 4595 Aquilam
1175 4525 1260 4581 bis
1312 4527 1381 4606 in_
1408 4526 1603 4584 Graece
1650 4528 2059 4606 interpretanda
2089 4535 2144 4596 1)
2167 4545 2451 4606 perperam
2472 4529 2736 4606 introsum
2760 4530 3051 4606 manifesto
3071 4540 3216 4606 erat,
3235 4549 3334 4606 pro
3347 4534 3753 4606 Jasirllehraeo,

464 4603 741 4664 Scriptura
773 4612 996 4666 operam
1027 4613 1179 4652 suam
1228 4598 1497 4664 posuisse,
1543 4600 1686 4668 quod
1718 4611 1906 4656 noster
1935 4617 2060 4654 cum

459 4672 651 4744 primis
682 4671 827 4744 Hier.
864 4675 1096 4744 testatur
1128 4669 1180 4744 in
1212 4668 1462 4744 Ezechiel
1495 4684 1712 4744 captu,
1736 4671 1847 4744 _nbi
1881 4689 2062 4726 secun-

461 4684 651 4744 pritnt~
683 4684 827 4724 mer.
864 4684 1096 4722 tessatur
1128 4685 1180 4722 tn
1212 4684 1462 4723 bsecutel
1495 4684 1617 4793 (Ἢ).
1652 4685 1712 4737 ιι,
1760 4684 1847 4724 tibi
1881 4689 2061 4726 secun-

461 4749 581 4820 dam
607 4743 805 4820 Aquila:
826 4739 1104 4820 editionem
1132 4739 1335 4820 laudat,
1361 4757 1514 4801 quam
1589 4741 1745 4820 ebrtei
1771 4743 1902 4820 stat-ra
1920 4745 2061 4820 ᾁκρί·

462 4817 599 4871 σειαν
615 4807 1140 4883 ηὸυρεζιαιξαηιἘειμεο
1154 4809 1332 4883 itaque
1351 4825 1479 4865 mss.
1498 4823 1541 4862 et
1558 4814 1751 4865 vocula
1774 4807 2056 4881 interjecta

459 4886 668 4952 legunt,
698 4877 889 4947 Aquila
909 4891 956 4932 et
988 4881 1358 4952 primaeditio.

530 4953 559 4993 b
590 4953 648 5006 In
677 4962 904 5016 utroque
952 4965 1083 5004 mss.
1138 4949 1310 5020 Vatic.
1357 4959 1413 5004 et
1452 4947 1685 5005 Cisterc.
1743 4951 2051 5020 hujusmodi

450 5025 721 5096 glossema
759 5021 845 5072 hic
873 5023 1131 5096 attexitur
1157 5037 1168 5072 :
1206 5019 1514 5096 Notandum
1542 5038 1659 5079 aute
1685 5021 1750 5076 de
1797 5019 2052 5096 licereticis

452 5090 613 5150 dicat,
641 5107 726 5159 qut
759 5090 950 5142 nostris
978 5098 1177 5143 tantum
1206 5093 1446 5145 insidiari
1471 5104 1746 5152 conantur,
1775 5106 1820 5147 et
1847 5095 2048 5160 dicunt,

451 5164 770 5236 lniquitates
793 5173 982 5236 nostrte
997 5161 1383 5236 declinaverunt
1405 5165 1536 5224 lure,
1568 5175 1614 5217 et
1641 5176 1851 5232 peccata
1873 5174 2052 5220 nostra

448 5230 1046 5310 prohibueruntbonum
1071 5247 1103 5282 a
1133 5233 1299 5310 nobis.

523 5318 544 5346 ο
581 5306 802 5358 Veteres
835 5301 954 5354 libri
989 5315 1110 5354 cum
1141 5301 1389 5369 liabano,
1427 5300 1495 5357 Ut
1521 5303 1820 5373 declinaret,
1846 5315 1901 5362 et
1924 5322 2049 5363 mox

446 5394 548 5432 non
577 5375 883 5429 invenirent.

514 5445 541 5484 τι
573 5447 804 5500 codices
852 5441 1098 5509 plerique
1127 5457 1320 5498 omnes
1353 5452 1466 5498 tum
1515 5447 1711 5506 nostri,
1765 5458 1876 5502 ttnn
1909 5465 2045 5512 quos

443 5517 782 5573 Benetiictini
831 5514 1252 5581 cun-ulnerunt,
1308 5527 1632 5584 pra-penum
1680 5517 1767 5573 hic
1812 5522 2040 5586 verbum,

2167 4601 2419 4656 Latinum
2454 4602 2573 4666 ejus
2605 4601 2752 4654 vocis
2780 4603 3103 4656 vocabulum
3135 4604 3444 4669 substituit,
3474 4618 3666 4662 rectus.
3694 4601 3758 4666 At

2165 4674 2340 4750 ipa-utri
2376 4672 2790 4750 interpretatum
2819 4670 2967 4750 lasir
3015 4675 3244 4743 positum
3276 4676 3347 4750 ab
3378 4677 3573 4744 Aquila
3606 4680 3758 4750 Sym-

2163 4743 2507 4826 mat-ltgque,_
2537 4743 3120 4826 Hii-ronymusdocet:
3175 4759 3301 4825 puta
3333 4743 3519 4826 ἰασὲρ,
3553 4753 3622 4813 ὡς
3647 4743 3752 4806 δικ.

2163 4837 2284 4870 suos
2311 4816 2534 4879 ἱξευτοῦ,
2581 4811 2755 4874 Ιαδὶι·,’
2780 4816 2931 4884 quasi
2960 4825 3064 4871 rete
3091 4811 3350 4884 aucupis;
3397 4811 3611 4874 tat'netsi
3655 4839 3750 4876 vox

2162 4886 2275 4962 illa,
2322 4901 2443 4953 quae
2471 4901 2499 4937 ιι
2527 4888 2630 4940 πων
2659 4884 2963 4962 derivatur,
3007 4889 3300 4962 counuode‘
3341 4900 3538 4962 rectum
3567 4894 3751 4962 appel-

2156 4953 2322 5032 lative
2364 4959 2888 5032 sonarepotuisset.
2922 4955 3253 5032 Impre~sam
3289 4953 3751 5032 Ιιιοιὶοηιιιιιξὶμιε

2160 5027 2382 5093 propior
2410 5026 2477 5080 ad
2527 5027 2682 5081 tidem
2714 5036 2821 5091 est,
2857 5037 2914 5083 ut
2942 5043 3006 5082 es
3057 5029 3170 5096 ipsa
3205 5029 3632 5096 Hieronyntiana
3655 5026 3751 5090 ex-

2159 5098 2436 5179 positique
2486 5098 2677 5167 liquet,
2711 5113 2777 5154 ex
2821 5099 3234 5170 Sancygiranno
3268 5117 3369 5155 ms.
3403 5098 3747 5161 Marttana-us

2156 5176 2408 5221 ειεειτιιιι.
3413 5213 3416 5215 λ

2232 5249 2254 5274 ε
2299 5238 2736 5308 Philosophorum
2767 5241 2861 5294 illa
2886 5242 3159 5295 sententia.
3195 5241 3250 5296 in
3283 5240 3526 5308 Epismla
3549 5246 3616 5299 ad
3645 5246 3742 5300 lle-

2156 5307 2382 5388 diluam,
2412 5307 2621 5388 quaest.‘
2655 5312 2704 5388 l‘.
2734 5309 2892 5388 Unde
2911 5323 2956 5388 et
2988 5312 3083 5366 illa
3108 5307 3601 5388 vulgatasententia
3623 5316 3740 5388 mihi

2153 5380 2354 5457 ridetur
2379 5397 2489 5457 esse
2516 5381 2780 5436 verissima
2805 5398 2824 5437 :
2879 5383 3038 5438 Dives
3057 5393 3149 5437 aut
3179 5380 3425 5454 iniquus,
3455 5399 3546 5440 aut
3575 5387 3734 5457 iniqui

2152 5446 2345 5503 lustres.
2377 5451 2650 5506 MARTIAN.

2223 5519 2242 5558 ί
2273 5521 2495 5577 Addunt
2538 5534 2650 5579 tres
2693 5539 2826 5580 mss.
2857 5526 3044 5595 viduis,
3075 5538 3232 5581 sacro
3263 5536 3443 5582 tamen
3471 5537 3622 5585 textu
3649 5543 3730 5584 re-

443 5587 586 5656 quod
617 5601 740 5639 cum
773 5593 985 5638 veteres
1011 5598 1232 5662 quoque.
1266 5585 1535 5662 editiones
1566 5592 1857 5658 retineant,
1894 5593 1944 5643 in
1974 5606 2041 5646 eo
2138 5591 2405 5662 fragante.

439 5652 707 5725 prmtgrea
741 5652 1166 5725 peccanttquod
1197 5652 1357 5708 Jasur
1383 5672 1448 5710 ex
1473 5652 1866 5715 Massoretltico
1891 5672 2037 5717 textu

441 5719 543 5799 pro
571 5719 717 5776 Jasir
746 5722 951 5791 legunt.
988 5719 1214 5779 Drusius
1239 5733 1313 5799 τῷ
1339 5726 1545 5781 verbum
1569 5740 1866 5799 expuncto,
1889 5733 2034 5802 quod

2214 5671 2240 5710 ε
2275 5663 2437 5719 Iidem
2469 5679 2629 5733 mss.,
2655 5666 2982 5734 decipientcs,
3018 5684 3119 5738 pro
3144 5669 3504 5740 despicientes.
