3972 6360
279 348 388 406 721

827 349 1467 411 COMMENTARIORUM
1505 353 1575 410 ΙΝ
1611 353 1963 412 JEREMIAM
2002 354 2426 412 PBOPHETAM
2464 354 2595 412 LIB.
2637 354 2704 412 ll.
2742 353 2900 412 CAP.
2935 357 3003 413 Υ.

3476 357 3585 416 721

283 482 434 522 meus
460 466 642 523 dilexit
695 467 823 522 talia
860 484 878 523 :
917 469 1192 538 quondam
1246 485 1439 538 meus;
1479 470 1575 527 sed
1628 470 1744 545 [ΑΙ.
1784 469 1878 544 et]
1908 473 1953 533 Α
1968 460 2075 557 per
2098 470 2389 528 Jerusalem
2418 471 2607 527 bellum
2633 488 2653 528 :
2695 471 2908 527 Domini
2938 471 3084 527 enim
3135 472 3424 543 imperium
3474 476 3583 527 est.

286 572 573 631 postquam
596 561 788 617 dilexit
813 571 842 601 ⁸
867 563 1019 629 talia,
1040 577 1195 618 meus
1220 578 1344 618 esse
1359 565 1579 620 desivit.
1610 564 1747 633 Quid
1777 565 1876 634 igi-

287 659 381 708 tur
432 652 649 716 facient.
696 668 818 708 cum
864 654 1220 709 novissimum
1247 654 1439 724 judicii
1476 666 1688 720 tempus
1712 656 1875 711 adve-

285 746 456 814 nerit,
506 747 622 802 sive
670 745 1005 816 captivitatis
1052 749 1354 804 necessitas
1376 749 1400 803 2
1425 748 1576 805 Unde
1605 760 1798 819 stupor
1826 758 1881 805 et

283 838 558 894 mirabilia
587 848 731 902 sunt,
762 839 905 911 quod
938 855 1040 897 nec
1091 844 1142 896 in
1179 843 1532 913 principibus,
1567 858 1668 900 nec
1696 842 1751 899 in
1787 860 1881 914 po-

281 930 415 1000 pulo
445 928 698 985 inventus
726 932 801 986 sit
844 931 936 1001 qui
980 940 1126 987 recta
1160 932 1407 989 sentiret.

360 1019 518 1093 (Cap.
548 1021 637 1076 Vl.
655 1048 726 1063 ε-
744 1020 902 1077 Vers.
930 1022 1009 1093 i.)
1034 1023 1437 1092 Confortamini.
1464 1024 1562 1093 ﬁlii
1577 1024 1874 1094 Beniamin,

283 1112 341 1166 in
371 1112 541 1166 medio
577 1111 901 1179 Jesusalem;
949 1122 1000 1167 et
1046 1115 1101 1167 in
1127 1113 1337 1170 Thecua
1366 1118 1589 1190 clangite
1621 1117 1879 1185 buccina;

283 1210 336 1256 et
361 1219 516 1275 super
540 1201 912 1259 Bethaclterem
941 1205 1103 1261 levate
1147 1208 1352 1278 signum
1383 1206 1405 1280 (
1432 1210 1547 1263 sive
1585 1209 1873 1281 vexillum),

283 1295 411 1364 quia
440 1294 634 1349 malum
663 1297 830 1349 visum
856 1304 930 1350 est
953 1296 1105 1365 (sive
1131 1299 1411 1371 apparuit)
1432 1300 1496 1354 ab
1540 1300 1794 1371 Aquilone
1832 1309 1880 1354 et

286 1386 531 1440 contritio
581 1402 791 1456 magna.
825 1387 1128 1444 Jerusalem
1185 1390 1242 1444 in
1283 1390 1425 1445 tribu
1471 1391 1756 1462 Benjamin
1805 1393 1877 1447 si-

285 1484 399 1530 tam
430 1478 608 1533 nullus
655 1479 885 1550 ignorat.
919 1480 1193 1537 Tltecuam
1240 1499 1458 1555 quoque
1487 1485 1722 1540 viculum
1756 1501 1880 1543 esse

283 1569 344 1626 in
394 1579 581 1627 monte
624 1573 816 1641 situm,
855 1584 912 1629 et
975 1574 1261 1632 duodecim
1321 1577 1560 1633 milltbus
1606 1580 1774 1653 882
1810 1581 1880 1636 ab

284 1661 681 1737 Hierosolymis
704 1673 1041 1738 separatum,
1073 1668 1321 1739 quotidie
1351 1670 1530 1726 oculis
1575 1686 1872 1728 cernimus.

281 1754 443 1811 Inter
487 1756 587 1810 bos
615 1756 754 1812 alius
785 1759 934 1815 vicus
964 1768 1070 1825 est,
1097 1758 1189 1829 qui
1222 1759 1402 1831 lingua
1448 1760 1584 1833 Syra
1615 1759 1644 1800 δ
1684 1770 1742 1818 et
1776 1762 1880 1818 lle-

1981 563 2307 641 Consurgite.
2338 575 2385 621 et
2414 567 2753 621 ascendamus
2782 569 2836 621 in
2864 567 3124 621 meridiem
3153 583 3173 620 :
3199 582 3306 620 non
3333 580 3425 635 per
3452 578 3584 620 uoc-

1980 665 2087 711 tem
2128 668 2182 712 et
2209 659 2478 724 insidias;
2523 658 2619 713 sed
2652 657 2808 727 plena
2857 657 2978 713 luce
3007 670 3357 729 pugnemus:
3398 655 3582 714 nullus

1979 749 2125 803 enim
2160 750 2317 805 nobis
2343 759 2524 819 potest
2549 751 2831 806 resistere.

2056 840 2245 911 (Vera.
2278 845 2331 911 4,
2364 841 2464 915 5.)
2501 842 2594 898 Va:
2630 842 2799 907 nobis,
2841 844 2965 915 quia
2990 843 3269 899 declinauit
3301 844 3431 904 dies,
3455 842 3580 913 quia

1980 932 2236 1005 longiores
2264 935 2417 1006 facta
2435 943 2555 990 sunt
2579 936 2734 1007 (sive
2781 935 3118 1008 defecerunt)
3145 937 3340 992 umbra:
3360 934 3577 1007 vesperi.

1982 1028 2191 1103 Surgite
2219 1038 2266 1084 et
2292 1030 2629 1084 ascendamus
2656 1030 2712 1084 in
2762 1039 2931 1093 nocte,
2962 1038 3008 1082 rt
3052 1030 3358 1101 dissipemus
3398 1028 3580 1081 domos

1980 1122 2091 1185 eius
2128 1121 2290 1189 (sive
2320 1123 2661 1190 fundamenta
2701 1120 2901 1192 illius).
2947 1120 3027 1175 llli
3078 1120 3318 1175 dicunt:
3345 1118 3578 1188 Surgite,

1980 1222 2028 1267 et
2055 1214 2395 1267 ascendamus
2442 1213 2498 1266 in
2546 1211 2795 1276 meridie,
2825 1220 2882 1266 et
2926 1211 3070 1265 clara
3102 1210 3223 1264 luce
3254 1222 3581 1277 pugnemus.

1978 1303 2075 1360 Isti
2097 1303 2433 1371 respondent
2460 1320 2473 1356 τ
2518 1302 2607 1357 Vw
2632 1303 2798 1371 nobis,
2829 1304 2952 1371 quia
2976 1303 3233 1374 longiores
3257 1303 3410 1371 facta
3452 1306 3577 1354 sunt

1948 1448 1957 1457 _
1979 1396 2177 1451 umbrte
2190 1395 2747 1469 vesperw.St.-cundttm
2764 1395 2896 1450 illud
2913 1391 3496 1467 Virgilianum(Eclog.
3511 1390 3578 1463 t):

2071 1528 2133 1602 Et
2153 1530 2249 1602 jam
2279 1541 2464 1578 summa
2486 1527 2899 1602 proculgvillarum
2924 1526 3138 1602 culmina
3162 1524 3352 1602 fumant
3376 1537 3390 1572 :

2075 1588 2388 1654 Maioresque
2410 1588 2593 1641 eadunt
2615 1593 2730 1641 altis
2750 1591 2813 1639 de
2839 1590 3091 1639 montibus
3109 1588 3319 1638 umbras.

1977 1692 2146 1764 883
2175 1692 2241 1747 Et
2268 1700 2351 1747 est
2379 1706 2604 1747 sensus:
2640 1690 2701 1748 Si
2731 1706 2829 1760 per
2854 1691 2997 1746 diem
3025 1691 3139 1746 lta'c
3169 1692 3428 1761 patimur,
3455 1687 3585 1759 quid

1982 1786 2253 1853 patiemur
2281 1784 2335 1838 in
2370 1783 2567 1839 nocte?
2597 1783 2947 1853 Rursumque
2973 1782 3065 1853 qui
3096 1796 3257 1848 supra
3287 1780 3581 1836 dixerant:

283 1845 474 1947 lini“.
496 1863 892 1947 θετηλεηλκξλ
918 1851 1253 1947 [ποωξηθῑυτυ
1280 1863 1338 1947 ξι
1360 1853 1481 1947 ipse
1505 1855 1556 1908 ίη
1582 1865 1762 1912 monte
1786 1871 1879 1924 [‘0'
1907 1849 1958 1910 Β
1984 1845 2323 1945 Sanctiﬁcate
2346 1890 2499 1947 super
2529 1890 2641 1928 eam
2670 1845 2883 1938 bellum,
2914 1845 3068 1937 atque
3096 1845 3411 1941 consurgite,
3438 1885 3584 1926 nunc

284 1937 426 1994 situs
455 1939 475 2012 (
504 1949 807 2002 8321311193
838 1940 878 2009 ).
911 1942 1066 2010 Quod
1087 1957 1221 2014 ergo
1263 1944 1418 2011 dicit,
1454 1947 1557 2000 hoc
1597 1954 1683 2002 est
1709 1964 1725 2001 :
1753 1949 1877 2018 quia

282 2030 358 2087 ab
386 2032 658 2103 Aquilone
681 2033 1020 2105 jamjamque
1045 2044 1305 2092 venturus
1330 2048 1413 2094 est
1436 2038 1877 2096 Nabuchodono-

282 2138 403 2189 sor,
432 2134 489 2181 et
515 2126 765 2183 imminet
801 2129 977 2184 vicina
1008 2131 1318 2201 captivitas,
1363 2146 1397 2185 ο
1425 2132 1762 2190 habitatores
1790 2133 1879 2190 Je-

280 2217 545 2285 rusalem,
569 2233 719 2274 arma
748 2220 1031 2287 corripite,
1065 2232 1122 2277 et
1148 2222 1202 2277 in
1233 2222 1451 2279 Tltecua
1486 2224 1710 2281 buccina
1741 2241 1877 2283 con-

281 2319 535 2376 crepate;
577 2317 624 2363 et
662 2311 718 2365 in
757 2308 1122 2367 Betbaclterem
1179 2313 1339 2369 levate
1377 2314 1643 2383 vexillum,
1693 2318 1791 2383 ait,
1819 2331 1880 2376 ut

281 2412 474 2459 contra
508 2402 695 2459 hostes
723 2404 950 2461 valeatis
975 2408 1255 2464 resistere.
1297 2408 1577 2479 Beniamin
1608 2411 1878 2482 interpre-

282 2505 432 2553 tatur
476 2495 620 2567 filius
667 2496 891 2552 dexterae
928 2512 949 2552 :
978 2497 1222 2567 Tltecua,
1255 2501 1379 2555 tuba
1410 2519 1425 2555 :
1458 2501 1874 2571 Betbaclterem,

279 2590 413 2645 uilla
436 2596 612 2646 vineta.
645 2590 768 2646 Haec
795 2590 975 2646 omnia
1002 2590 1306 2649 referamus
1336 2594 1401 2649 ad
1447 2594 1749 2650 Ecclesiam
1775 2613 1788 2649 :
1822 2605 1882 2652 ut

281 2680 333 2736 si
359 2681 672 2751 deliquerit,
697 2691 755 2737 et
779 2683 1174 2749 persecutionis
1193 2683 1428 2756 impetus
1452 2686 1635 2755 fuerit,
1654 2702 1714 2743 se
1742 2704 1880 2759 prte-

283 2781 443 2843 paret
470 2773 535 2828 ad
558 2773 946 2829 resistendum.

361 2864 550 2938 (Vers.
575 2865 633 2933 ε,
662 2866 745 2937 '5.)
775 2867 1037 2940 Speciosar
1059 2876 1107 2922 et
1136 2869 1373 2924 delicatas
1398 2871 1684 2925 assimilaui
1716 2872 1880 2937 ﬁliam

284 2957 423 3013 Sion
455 2973 475 3011 :
519 2965 566 3012 et
592 2958 661 3011 ad
680 2974 795 3013 eam
832 2960 1034 3013 venient
1062 2968 1315 3032 pastores,
1355 2970 1404 3015 et
1439 2978 1617 3035 greges
1657 2978 1835 3018 earum
1859 2979 1880 3018 :

284 3051 514 3121 ﬁxerunt
539 3051 695 3123 (sive
721 3051 878 3125 ﬁgent
902 3053 921 3120 )
949 3053 1002 3105 in
1028 3068 1086 3106 ea
1108 3055 1329 3108 tentoria
1357 3054 1410 3107 in
1437 3056 1688 3109 circuitu:
1710 3064 1882 3126 pascet

281 3148 639 3217 unusquisque
691 3161 776 3200 eos
826 3147 915 3219 qui
935 3146 1030 3200 sub
1063 3162 1223 3200 manu
1247 3163 1344 3202 sua
1372 3156 1508 3202 sunt.
1546 3147 1884 3218 Sancti/ictuc

282 3237 305 3310 (
334 3237 449 3291 sive
487 3236 706 3307 parate)
749 3254 903 3309 super
931 3253 1043 3291 eam
1068 3236 1260 3292 bellum
1302 3254 1322 3293 :
1361 3241 1652 3309 consurgite
1692 3248 1742 3293 et
1793 3256 1878 3293 as-
1906 3220 1953 3285 (ἶ

282 3331 567 3386 cendamus
594 3332 649 3385 in
676 3331 908 3387 meridie.
936 3330 1268 3386 Describitur
1293 3330 1634 3401 pulchritudo
1659 3331 1882 3387 Jerusa-

283 3421 422 3486 lem,
463 3438 587 3494 qute
631 3432 717 3478 est
755 3423 868 3493 ipsa
929 3422 1096 3479 Sion:
1142 3431 1202 3477 ttt
1239 3432 1262 3462 ο
1292 3422 1440 3478 aliud
1466 3432 1633 3478 tutam
1663 3423 1877 3489 urbem,

283 3513 434 3569 aliud
463 3530 642 3570 arcem
666 3515 817 3571 urbis
844 3515 1085 3571 insinuet
1104 3529 1245 3570 esse.
1282 3514 1411 3571 Sion
1446 3515 1591 3569 enim
1615 3511 1642 3550 ά
1672 3515 1881 3586 specula

283 3606 705 3675 interpretatur,
736 3615 794 3662 et
843 3606 1106 3677 speciosae
1134 3606 1348 3662 mulieri
1398 3616 1745 3673 comparatur
1780 3623 1794 3659 :
1827 3615 1883 3660 et

284 3699 563 3770 quomodo
590 3698 657 3754 ad
693 3699 837 3755 illam
891 3711 1192 3760 amatores.
1231 3699 1311 3754 sic
1338 3697 1408 3753 ad
1445 3698 1603 3753 istam
1635 3706 1882 3768 pastores

285 3790 584 3846 convenire
611 3789 888 3846 dicuntur.
930 3789 1180 3862 Satisque
1220 3790 1502 3861 eleganter
1550 3790 1603 3844 in
1653 3789 1883 3845 Hebraeo

280 3881 513 3937 verbum
565 3883 708 3953 quod
756 3890 997 3954 quatuor
1045 3882 1237 3939 litteris
1283 3883 1559 3951 scribitur,
1602 3899 1724 3949 ass,
1770 3898 1878 3950 aut,

286 3991 406 4041 son.
441 3993 576 4045 usu,
607 3978 654 4032 si
700 3978 908 4047 legatur
939 3992 1067 4032 astu
1093 3977 1254 4049 (utan
1284 3982 1329 4047 ),
1352 3988 1630 4044 amatores,
1665 3977 1710 4032 si
1751 3990 1882 4032 sont

289 4068 438 4140 (Dm
461 4070 503 4139 ),
542 4078 774 4141 pastores
806 4071 1097 4139 signiﬁcat,
1126 4080 1184 4126 ut
1202 4071 1286 4126 vel
1308 4070 1459 4139 juxta
1484 4071 1879 4138 metaphoram,

287 4159 534 4233 pulchra:
581 4160 824 4216 mulieris
875 4173 1169 4228 amatores,
1216 4161 1300 4216 vel
1329 4161 1484 4231 juxta
1535 4162 1880 4217 eversionem

286 4251 464 4321 urbis,
501 4262 744 4321 pastores
775 4253 1149 4324 intelligantur
1193 4269 1206 4306 :
1239 4268 1469 4324 quorum
1510 4253 1599 4306 alii
1643 4261 1882 4309 scortum

287 4344 538 4415 polluere
566 4342 848 4410 festinant,
902 4345 996 4400 alii
1023 4343 1279 4400 obsidere
1308 4351 1365 4399 et
1393 4344 1713 4400 subvertere
1750 4346 1884 4400 civi-

289 4443 481 4490 tatem.
512 4434 568 4491 In
610 4436 916 4506 pastoribus
964 4447 1020 4493 et
1063 4437 1317 4508 gregibus
1362 4452 1577 4505 eorum,
1610 4436 1884 4506 principes

288 4525 613 4592 sentiamus,
645 4537 701 4582 et
730 4527 1004 4583 exercitus
1043 4527 1446 4583 Chaldaeorum.
1473 4526 1668 4599 Figent
1696 4538 1878 4583 autem

1981 1966 2082 2036 ipsi
2130 1981 2191 2021 se
2244 1974 2544 2035 provocant
2570 1966 2636 2020 ad
2671 1964 2999 2032 bellandum,
3033 1961 3315 2018 dicentes:
3350 1960 3583 2030 Surgite,

1980 2067 2028 2112 et
2060 2058 2400 2112 ascendamus
2439 2058 2494 2111 in
2520 2065 2669 2110 nocte
2705 2072 2722 2109 :
2764 2062 2824 2110 ut
2871 2056 3047 2110 sciant
3098 2051 3422 2116 adversarii,
3473 2063 3582 2105 non

1981 2150 2243 2220 temporis
2267 2148 2550 2204 victoriam
2581 2161 2728 2213 esse,
2761 2145 2856 2202 sed
2894 2146 3090 2200 virium
3130 2161 3144 2199 :
3174 2152 3230 2199 et
3256 2142 3588 2211 dissipemus

1980 2241 2193 2309 domos,
2216 2256 2336 2312 qure
2366 2240 2563 2296 frustra
2591 2254 2872 2295 murorum
2907 2237 3169 2293 ﬁrmitate
3198 2235 3491 2290 vallantur.

2052 2335 2259 2408 (Vers.
2287 2333 2342 2390 6.
2371 2333 2389 2404 )
2435 2332 2571 2398 Quia
2622 2331 2732 2387 [nec
2754 2331 2881 2385 dicit
2925 2328 3182 2384 Dominus
3236 2326 3590 2383 exercituum:

1980 2425 2174 2483 Ctedite
2198 2424 2570 2498 lignum(sive
2610 2424 2752 2495 ligna
2791 2422 2946 2493 ejus)
2985 2430 3032 2476 et
3082 2418 3334 2488 effundite
3369 2417 3574 2491 [Vulg.

1980 2517 2219 2592 fundite]
2249 2520 2268 2589 (
2290 2520 2410 2574 sive
2435 2522 2751 2589 comportate
2773 2512 2793 2587 )
2815 2515 2952 2568 circa
2999 2511 3294 2567 Jerusalem
3318 2525 3580 2584 aggerem.

1980 2608 2209 2672 Idcirco,
2250 2608 2521 2679 inquiunt,
2570 2606 2640 2660 de
2689 2606 2920 2661 victoria
2965 2602 3148 2659 securi
3194 2617 3403 2667 sumus,
3455 2600 3584 2671 quia

1982 2711 2307 2772 praereptum
2340 2699 2550 2755 Domini
2601 2706 2685 2753 est
2718 2696 3036 2765 imperantis
3082 2694 3393 2750 Chaldaeis:
3435 2692 3579 2763 ligna

1979 2791 2262 2861 suci-iditc,
2287 2798 2346 2846 et
2393 2789 2593 2845 futuris
2622 2786 3017 2843 munitionibus
3047 2800 3297 2856 aggerem
3325 2797 3581 2851 compor-

1981 2890 2113 2938 tate.
2137 2882 2243 2937 Per
2269 2896 2391 2952 quae
2440 2879 2749 2935 ostenditur
2792 2886 3086 2947 antequam
3123 2875 3309 2931 veniat
3353 2888 3580 2938 corona,

1980 2987 2089 3027 non
2123 2972 2302 3026 statim
2327 2969 2515 3027 urbem
2542 2983 2666 3024 esse
2695 2967 3020 3037 capiendam
3047 2983 3063 3020 :
3095 2968 3194 3022 sed
3226 2966 3385 3035 longa
3426 2962 3580 3019 obsi-

1981 3062 2169 3130 dione,
2198 3070 2258 3118 ut
2286 3070 2471 3129 postea
2503 3060 2755 3129 legimus.

2053 3152 2236 3222 (Vers.
2262 3152 2341 3216 7.)
2365 3149 2495 3205 Haec
2514 3157 2588 3204 est
2608 3149 2787 3203 ciuitas
2813 3148 3125 3202 uisitationis
3149 3145 3289 3219 (sive
3311 3144 3579 3215 mendax),

1982 3246 2150 3300 omnis
2169 3243 2432 3298 calumnia
2454 3241 2602 3313 (sive
2640 3237 2948 3312 oppressio)
2990 3239 3046 3292 in
3074 3238 3243 3293 medio
3270 3240 3404 3307 ejus.
3431 3235 3583 3293 Sicut

1981 3336 2232 3407 frigidam
2256 3334 2381 3404 facit
2409 3334 2633 3387 cisterna
2662 3329 2787 3405 (vel
2829 3329 3011 3396 lacus)
3051 3345 3241 3401 aquam
3275 3344 3425 3383 suam
3462 3342 3483 3382 :
3506 3328 3582 3382 sic

1981 3429 2231 3502 frigidam
2260 3428 2379 3499 fecit
2404 3424 2656 3479 malitiam
2692 3439 2860 3477 suam.
2907 3422 3175 3492 Praecepit
3219 3423 3480 3475 Dominus
3520 3427 3582 3476 ut

1981 3523 2213 3577 arbores
2238 3519 2610 3583 succidantur,
2644 3528 2699 3574 et
2728 3527 2788 3572 ut
2833 3517 3124 3572 fundantur
3152 3531 3252 3585 per
3294 3514 3582 3570 circuitum

1982 3628 2208 3683 aggeres
2239 3630 2252 3665 :
2284 3613 2409 3683 quia
2434 3622 2647 3681 tempus
2669 3609 3000 3665 visitationis
3026 3609 3148 3677 ejus
3176 3609 3480 3676 advenerit,
3520 3615 3583 3663 ut

1983 3707 2212 3778 recipiat
2255 3721 2352 3773 pro
2403 3704 2645 3775 peccatis
2697 3702 2811 3757 suis
2855 3719 2869 3757 :
2905 3716 3137 3772 quorum
3172 3702 3467 3755 maximum
3495 3706 3583 3755 est

1985 3799 2297 3872 συκοφαντία
2314 3836 2327 3856 ,
2352 3807 2414 3851 ut
2438 3797 2783 3850 innocentem
2807 3797 3080 3863 opprimat
3104 3808 3199 3862 per
3226 3793 3575 3847 calumniam.

1982 3888 2271 3957 Quomodo
2316 3902 2450 3957 ergo
2499 3886 2766 3955 cisterna,
2839 3886 2925 3941 vel
2984 3886 3133 3943 lacus
3169 3886 3417 3957 frigidam
3460 3884 3591 3941 facit

1982 3994 2176 4052 aquam
2203 3995 2358 4034 suam
2390 3996 2405 4034 :
2436 3978 2517 4034 sic
2548 3977 2603 4032 in
2649 3977 2835 4034 medio
2863 3976 3191 4043 Jerusalem,
3231 3977 3437 4031 malitia
3460 3990 3583 4047 qua:

1981 4070 2037 4125 in
2067 4085 2130 4126 ea
2154 4078 2260 4134 est,
2288 4083 2508 4124 omnem
2538 4067 2775 4122 calorem
2812 4067 3049 4135 perdidit
3076 4068 3224 4121 vitae.
3259 4067 3324 4121 Et
3354 4066 3458 4134 hoc
3480 4081 3581 4122 no-

1983 4162 2231 4226 tandum,
2259 4159 2404 4231 quod
2427 4168 2617 4213 sancto
2645 4158 2851 4228 Spiritu
2898 4158 3134 4223 accensi,
3171 4159 3442 4213 ferventes
3480 4174 3581 4226 ap-

1986 4250 2294 4323 pellentur:
2327 4249 2465 4304 mala
2497 4258 2678 4303 autem
2732 4248 2924 4319 frigida
2970 4250 3101 4305 sint.
3151 4248 3303 4304 [inde
3353 4258 3410 4306 et
3452 4248 3586 4305 illud

1985 4344 2248 4411 scriptum
2270 4349 2357 4396 est
2383 4338 2614 4411 (Matth.
2650 4354 2777 4394 xstv
2796 4338 2838 4409 ),
2863 4340 3008 4410 quod
3041 4339 3093 4394 in
3128 4340 3442 4396 novissimis
3468 4341 3586 4397 die-

1985 4433 2108 4502 bus,
2130 4433 2348 4504 quando
2376 4432 2731 4502 multiplicata
2758 4431 2929 4487 fuerit
2957 4433 3237 4503 iniquitas,
3265 4433 3584 4504 refrigescet

1988 4525 2229 4581 charitas
2258 4525 2569 4579 multorum.
2601 4523 2757 4591 Quod
2805 4532 2934 4591 puto
2963 4534 3020 4580 et
3051 4524 3183 4578 illud
3213 4539 3414 4581 sonare
3440 4541 3454 4579 :
3484 4526 3585 4581 As-

288 4616 525 4672 tentoria
549 4589 645 4673 sua
677 4619 728 4674 in
760 4618 1042 4674 obsidione
1070 4619 1218 4673 urbis
1267 4619 1320 4674 in
1343 4589 1571 4675 circuitis
1594 4638 1608 4675 :
1641 4628 1687 4674 et
1713 4628 1887 4693 pascet
1916 4589 1968 4651 Ῑ)
1989 4617 2244 4671 similatus
2262 4631 2379 4679 sum
2406 4589 2831 4667 descendentibus
2854 4614 2907 4666 in
2930 4614 3101 4668 lacum
3128 4615 3302 4687 (Psal.
3324 4630 3489 4681 xxvtt,
3508 4613 3589 4686 1).

292 4713 642 4784 unusquisque
663 4728 748 4768 eos
772 4714 861 4784 qui
878 4714 972 4767 sub
996 4728 1153 4766 manu
1178 4728 1271 4766 sua
1297 4720 1460 4782 sunt;
1485 4727 1615 4768 suas
1636 4712 1889 4769 videlicet
1993 4709 2107 4765 Hoc
2127 4716 2306 4762 autem
2331 4707 2558 4762 Latinus
2582 4705 2753 4760 lector
2780 4705 3073 4773 intelligat,
3105 4715 3164 4762 ut
3192 4709 3357 4762 semel
3385 4706 3597 4765 dixisse

291 4812 503 4860 turmas
533 4814 586 4857 et
619 4818 878 4859 numeros
905 4801 1022 4876 [Αι.
1054 4803 1416 4876 innumeros].
1445 4802 1880 4875 Quiprincipes,

1992 4800 2251 4864 sufﬁciat,
2283 4802 2475 4868 lacum,
2499 4813 2609 4854 non
2637 4806 2881 4870 stagnum
2912 4812 3112 4854 sonare
3157 4800 3311 4865 juxta
3351 4799 3597 4871 Gre-cos,

291 4896 416 4951 sive
446 4903 710 4966 pastores,
744 4895 929 4951 dicent
956 4895 1211 4965 gregibus
1239 4895 1356 4950 suis
1387 4912 1405 4949 :
1434 4893 1773 4966 Sanctiﬁcate
1796 4912 1886 4950 su-
1991 4894 2089 4950 sed
2111 4894 2410 4960 cisternam,
2431 4905 2550 4962 quas
2574 4904 2833 4945 sermone
2853 4887 2995 4961 Syro
3018 4900 3076 4946 et.
3097 4887 3367 4946 Hebraico
3382 4899 3405 4929 ε
3427 4906 3598 4949 ouans

366 5115 393 5144 α
430 5101 753 5185 Sttﬂ‘erimus
780 5115 971 5158 vocem
1000 5099 1129 5155 talia
1151 5113 1284 5155 mss.
1309 5099 1548 5170 plurium
1578 5100 1723 5170 apud
1756 5099 1882 5157 Vic-

283 5184 403 5232 tor.
433 5183 777 5230 auctoritate.

366 5246 396 5286 δ
439 5246 508 5301 Et
557 5243 817 5298 Hebraica
857 5240 1239 5296 Bethacltarma
1286 5241 1599 5295 nominatur.
1634 5239 1746 5295 Hoc
1772 5240 1890 5301 lno-

293 5333 424 5374 men
445 5316 670 5372 diverse
701 5314 896 5379 legitur
923 5313 974 5365 in
1001 5313 1401 5378 exetuplariltue
1431 5310 1638 5367 Grtecis
1660 5321 1718 5365 et
1750 5309 1892 5365 Lali-

296 5390 412 5446 πίδῖ
443 5385 584 5455 aliud
629 5383 795 5443 LXX.
826 5383 1175 5507 Barbatan
1222 5380 1619 5463 Bethacltarma,
1668 5393 1722 5436 et
1764 5382 1893 5463 ego-

296 5461 474 5507 θανᾶο
503 5454 887 5507 Βειὴίιιυειωτε
920 5456 1058 5507 apud
1133 5467 1472 5507 teronvmum
1501 5467 1555 5505 tn
1579 5466 1682 5505 ms.
1705 5452 1894 5505 codice

1133 5469 1472 5507 terottvmum
1501 5469 1555 5505 In
1579 5469 1682 5505 ms.

296 5467 474 5534 θαχὰρ
503 5467 887 5519 Betntnucnur;
920 5467 1058 5521 apud
1084 5467 1472 5534 Hieronymum
1501 5467 1567 5534 tn.
1579 5467 1682 5505 ms.
1705 5467 1894 5505 coutce

296 5521 1151 5599 SatvcygiranntLDethachurem;
1177 5538 1253 5599 ‘tn
1270 5539 1393 5599 Auno
1426 5522 1607 5599 Begu)
1637 5530 1695 5576 et
1718 5520 1894 5599 altero

297 5593 649 5656 Cluniacensi
700 5593 1112 5659 Bethacltarma;
1159 5593 1393 5662 denique
1425 5594 1479 5647 in
1524 5600 1711 5647 nostro
1759 5593 1896 5645 San-

300 5668 686 5732 Germanensi,
723 5681 895 5737 prima
941 5681 1102 5719 manu
1132 5661 1538 5737 Belltadtqt'em,
1586 5661 1895 5737 posteriore

303 5731 693 5797 Bethacharim.
725 5731 886 5792 'ane
916 5744 1093 5805 tamen
1142 5747 1325 5805 monet
1353 5733 1716 5805 Hieronymus
1757 5731 1893 5787 illud

307 5826 509 5868 nomen
537 5809 719 5880 lingua
756 5812 895 5875 Syra
946 5815 1001 5862 et
1055 5803 1316 5861 Hebraica
1339 5804 1447 5862 dici
1496 5801 1897 5868 Béthacbarma,

293 5461 474 5540 anc‘zp
503 5454 887 5540 Dethtltuelmr;
920 5469 952 5540 a.
957 5456 1058 5521 pud

1990 5098 2114 5164 quia
2137 5097 2283 5151 vinea
2307 5104 2539 5165 utraque
2586 5094 2769 5165 lingua
2807 5093 3006 5150 dicitur
3056 5104 3217 5155 rem:
3263 5090 3481 5161 Karma,
3514 5091 3600 5148 vel

1996 5169 2213 5226 Karmo.
2246 5167 2523 5222 MAR'HAN.

2071 5238 2284 5322 f.Vat.,
2316 5250 2373 5292 ut
2400 5235 2495 5291 alii
2544 5245 2706 5291 totam
2739 5234 2952 5307 urbem,
3004 5235 3099 5291 alii
3140 5250 3314 5291 arcem
3352 5241 3604 5305 occupent

1999 5309 2301 5434 urguliutea
2326 5377 2634 5434 addebatur
2674 5392 2792 5439 arx.
2816 5390 2977 5448 quam
3001 5388 3190 5431 vocem
3215 5374 3417 5430 rectius
3441 5372 3603 5443 igno-

1995 5461 2497 5574 “Terminat;
2526 5515 2709 5572 Gabba
2763 5514 3086 5586 appellatur.
3130 5513 3451 5586 Lectionem
3489 5511 3602 5567 He-

1995 5590 2237 5647 brait-am
2282 5587 2598 5660 Hieronymi
2651 5583 2868 5639 mutant
2913 5588 3037 5660 hoc_
3066 5585 3188 5660 loco
3237 5583 3498 5636 Erasmus
3549 5592 3610 5639 et

1998 5661 2277 5716 Marianos
2309 5653 2572 5727 pnnenies
2601 5671 2791 5710 votrem
2831 5671 2963 5722 pure
2995 5653 3280 5708 Ileltraaam
3318 5663 3610 5727 ’ωιληε-

1998 5746 2120 5795 uer;
2148 5747 2255 5783 non
2290 5724 2435 5784 enim
2491 5728 2813 5798 intelligunt
2842 5728 3119 5798 cisternam
3169 5740 3427 5798 sermone
3469 5724 3612 5798 Syro

2002 5810 2059 5859 et
2101 5787 2429 5867 Chaldaico,
2476 5798 2530 5853 id
2561 5787 2696 5864 est:
2726 5797 2942 5866 vulgari
2995 5794 3264 5852 Hebraico
3318 5795 3425 5852 dici
3486 5787 3618 5855 tiri
