3972 6364
231 323 352 382 725

231 547 459 603 cerent,
490 552 755 609 prospera
788 556 1017 612 qumque
1065 559 1188 600 meo
1234 548 1434 615 populo
1476 551 1837 608 nuntiabant:

231 636 296 683 et
324 630 482 699 quasi
503 646 693 686 curare
722 635 1020 704 cupiebant
1044 637 1261 703 vulnus,
1302 649 1360 696 et
1382 640 1735 711 ignominiam
1777 644 1839 699 ﬂ-

230 717 331 773 liae
359 737 515 788 meat,
555 722 838 781 dicentes:
869 726 1007 794 Pax,
1036 748 1177 802 pato;
1198 748 1319 787 cum
1349 750 1451 801 pax
1479 739 1704 791 omnino
1730 752 1836 795 non

231 819 412 866 esset.
440 812 556 868 Hoc
578 815 748 888 886
776 821 997 888 proprie
1026 822 1094 877 de
1113 825 1493 881 sacerdotibus
1523 836 1581 883 et
1603 828 1837 886 doctori-

225 903 341 961 bus
364 906 782 979 intelligendum
829 922 934 982 est,
966 915 1060 985 qui
1089 915 1348 977 divitibus
1378 928 1435 975 et
1461 919 1546 976 eis
1584 937 1724 992 quos
1753 922 1837 978 vi-

228 998 455 1055 dentin
498 1000 710 1058 honore
742 1005 983 1060 maximo
1032 1008 1387 1075 constitutos,
1441 1014 1837 1080 repromittunt

226 1106 519 1161 proSpera,
569 1103 627 1149 et
667 1094 995 1154 clementem
1042 1101 1342 1170 pra'dicant
1390 1103 1561 1160 Deum
1610 1124 1624 1162 :
1662 1108 1834 1179 magis

226 1182 361 1238 illos
381 1184 648 1254 supplicio
671 1195 728 1242 et
748 1190 1045 1247 iracundias
1078 1203 1469 1263 prmparantes.

306 1275 330 1348 (
359 1275 512 1332 Vers.
546 1278 672 1350 lli.)
715 1278 935 1353 Confusi
965 1293 1109 1354 sunt,
1143 1288 1266 1352 quia
1294 1288 1729 1345 abominationem
1756 1291 1833 1358 fe-

224 1375 457 1421 cerunt:
481 1369 605 1437 quin
632 1370 807 1440 potius
844 1375 1148 1445 confusione
1190 1392 1294 1431 non
1346 1390 1467 1433 sunt
1511 1383 1742 1453 confusi,
1783 1392 1832 1438 et

224 1458 525 1513 erubescere
544 1463 852 1517 nescierunt.
873 1465 1124 1525 Pressius
1147 1471 1250 1541 hqc
1272 1470 1560 1541 legendum
1578 1483 1664 1529 est
1673 1473 1829 1543 juxta

224 1549 585 1608 llebraicum.
615 1553 684 1610 Et
711 1570 856 1625 cum,
882 1557 1079 1629 inquit,
1110 1569 1264 1615 tanta
1290 1561 1538 1634 fecerint,
1566 1567 1827 1637 numquid

223 1640 445 1699 confusi
497 1646 664 1700 sunt?
725 1649 989 1719 numquid
1028 1653 1372 1710 erubuerunt
1417 1656 1472 1710 in
1521 1656 1829 1714 sceleribus

226 1734 388 1788 suis?
436 1734 566 1806 quin
610 1738 792 1808 potius
824 1751 1105 1810 peccatum
1148 1759 1356 1801 auxere
1404 1755 1742 1819 contemptu,
1773 1758 1829 1806 et

780 329 1437 395 COMMEN‘I‘ARIORUM
1474 338 1545 397 IN
1581 340 1931 402 JEBEMIAM
1970 347 2395 408 PROPHETAM
2432 352 2565 410 LIB.
2605 355 2672 410 ll.
2714 357 2868 413 CAP.
2912 359 2998 417 Vl.

237 438 539 497 cerdotibus
567 408 789 516 (larem.
832 446 1027 518 mn).
1057 450 1121 503 Et
1164 465 1310 519 cum,
1348 453 1544 522 inquit,
1578 465 1728 511 tanta
1761 458 1841 513 in.
1868 468 1918 528 Α
1946 462 2332 531 Apostolorum
2373 468 2641 527 indicetur
2683 472 2905 541 chorus,
2950 476 3100 547 juxta
3147 480 3491 547 Bacchidem
3516 505 3535 543 :

3433 372 3539 431 726

1943 550 2072 609 Filii
2135 557 2378 622 hominis,
2424 562 2798 632 speculatorem
2848 576 2895 621 te
2936 569 3057 625 dedi
3127 571 3307 628 domui
3365 575 3538 637 ἥιρει

1942 646 2159 715 (Eseclt.
2187 666 2267 715 tn,
2297 652 2410 724 l7).
2432 653 2498 709 Et
2524 657 2760 726 praecepi
2782 665 2842 714 ut
2864 661 3130 719 audiretis
3150 678 3341 729 vocem
3363 668 3530 736 tuba,

1940 738 2023 792 vel
2089 741 2342 797 mandata
2404 744 2706 816 Evangelii,
2763 751 2847 805 vel
2897 751 3200 810 doctrinam
3241 756 3535 827 Apostolo-

1939 843 2082 894 rum,
2100 830 2255 899 juxta
2283 833 2414 888 illud
2444 834 2595 890 Isaia:
2619 854 2634 890 :
2662 837 2729 893 In
2755 851 2979 897 montem
3001 844 3262 902 excelsum
3285 851 3532 921 ascende,

1936 920 2026 989 qui
2059 922 2384 993 euangelicos
2420 926 2555 981 Sion
2587 945 2600 982 :
2627 929 2802 986 exaltu
2830 934 2966 989 sicut
3002 937 3130 993 tuba
3156 954 3326 994 uocent
3363 920 3531 1014 tuam,

1935 1012 2024 1082 qui
2054 1017 2335 1070 annuntias
2360 1015 2656 1076 Jerusalem
2681 1022 2847 1093 (Isai.
2870 1042 2962 1090 ιι..
2981 1027 3073 1099 9).
3107 1032 3210 1097 Qui
3238 1012 3532 1091 dixerunt):

1939 1101 2063 1159 Non
2090 1106 2397 1175 audiemus;
2426 1120 2482 1165 et
2512 1111 2728 1168 invitati
2756 1115 2825 1170 ad
2846 1131 3085 1185 cantant,
3113 1121 3412 1179 noluerunt
3431 1140 3529 1182 ve-

1934 1196 2056 1252 nire
2082 1215 2097 1253 :
2128 1208 2416 1269 propterea
2434 1201 2637 1259 dicitur
2665 1222 2676 1258 :
2702 1205 2925 1275 Audite,
2953 1220 3150 1280 gentes.
3177 1211 3334 1279 Quod
3351 1216 3527 1272 secuti

1933 1296 2061 1343 sunt
2094 1298 2148 1344 et
2193 1290 2465 1361 Apostoli,
2512 1295 2729 1364 quando
2774 1295 3075 1369 loquuntur
3104 1302 3161 1358 in
3209 1300 3525 1375 Lycaonia:

1939 1377 2099 1436 Vobis
2137 1383 2343 1451 quidem
2386 1386 2649 1454 oportebat
2677 1390 2909 1458 primum
2954 1392 3097 1464 loqui
3134 1396 3347 1450 verbum
3375 1396 3479 1453 Dei
3509 1415 3525 1455 :

1930 1474 2020 1529 sed
2043 1476 2165 1543 quia
2192 1476 2440 1547 repellitis
2467 1480 2624 1550 illud,
2642 1490 2690 1536 et
2706 1482 2952 1555 indignos
2982 1502 3071 1543 vos
3091 1488 3350 1561 judicatis
3376 1499 3530 1549 teter-

1930 1582 2011 1622 nat
2055 1569 2341 1627 vitwncce
2380 1576 2727 1631 convertimur
2754 1577 2825 1633 ad
2851 1588 3027 1649 gentes
3055 1579 3208 1651 (Act.
3245 1597 3367 1650 xm,
3397 1582 3524 1655 ιο).

1930 1660 1999 1719 Et
2041 1677 2333 1732 cognosce,
2378 1670 2731 1740 congregatio
2763 1686 3108 1741 nequaquam
3144 1673 3394 1740 Iudaica,
3425 1676 3526 1737 sed

1928 1755 2169 1811 omnium
2195 1757 2478 1818 nationum
2506 1779 2519 1815 :
2543 1761 2657 1818 sive
2681 1764 2773 1834 qui
2799 1766 3020 1834 pascitis
3039 1781 3259 1836 greges,
3281 1768 3525 1840 episcopi

222 1826 557 1884 erubescere
585 1831 923 1886 nescierunt.
954 1833 1264 1890 Nescierunt
1300 1847 1482 1893 autem
1513 1838 1602 1894 bie
1643 1842 1825 1910 posuit
1852 1841 1900 1902 Β
1925 1857 1980 1903 et
2006 1850 2316 1922 presbyteri
2349 1859 2405 1910 et
2432 1855 2613 1909 omnis
2641 1826 2779 1912 ordo
2799 1826 3223 1915 ecclesia-sticus
3243 1826 3277 1915 ἰ
3311 1826 3398 1919 vel
3422 1826 3521 1917 co-

222 1931 330 1985 pro
365 1916 657 1975 noluerunt
688 1939 701 1976 :
726 1922 843 1978 sive
870 1923 1038 1979 nimio
1066 1937 1377 1998 contemptu
1406 1938 1465 1985 et
1494 1931 1624 1987 vitio
1651 1931 1824 1989 incliti

218 2008 376 2076 mall,
401 2024 471 2065 ne
500 2011 803 2083 intelligere
824 2017 1043 2085 quidem
1066 2030 1390 2089 potuerunt.

298 2103 644 2169 Quamobrem
667 2108 853 2163 cadent
878 2111 1011 2166 inter
1038 2124 1242 2167 ruentes
1264 2130 1284 2168 :
1312 2115 1367 2169 in
1402 2130 1625 2187 tempore
1647 2118 1824 2173 visita-

218 2195 382 2249 tionis
429 2212 537 2251 sua!
564 2209 827 2267 corruerit,
878 2201 1003 2256 dicit
1050 2201 1329 2261 Dominus.
1380 2207 1670 2277 Quoniam,
1721 2211 1819 2277 ait,

214 2290 551 2347 erubescere
594 2295 946 2353 nescierunt:
976 2306 1034 2353 et
1069 2314 1174 2353 non
1219 2299 1398 2355 solum
1426 2316 1564 2371 cpns
1584 2346 1599 2371 ,
1628 2302 1724 2358 sed
1754 2319 1823 2360 ne

214 2384 506 2440 scientiam
529 2386 748 2456 quidem
772 2387 1100 2460 habuerunt,
1126 2400 1181 2447 et
1204 2407 1425 2449 sensum
1452 2395 1818 2463 ptenitentite:

215 2482 514 2544 propterea
565 2478 762 2533 cadent
805 2478 896 2550 qui
948 2482 1103 2551 prius
1143 2483 1363 2543 stabant
1389 2483 1533 2540 inter
1563 2500 1682 2554 eos,
1725 2488 1819 2556 qui

216 2566 368 2622 vitiis
398 2568 514 2625 suis
533 2582 812 2636 corruant,
841 2582 896 2627 et
921 2588 1042 2628 cum
1071 2575 1397 2631 visitationis
1425 2584 1481 2631 et
1513 2591 1687 2646 pcantn
1720 2592 1818 2634 eo-

213 2674 340 2714 rum
389 2667 604 2731 tempus
664 2663 983 2736 advenerit,
1046 2667 1263 2723 cunctis
1318 2670 1605 2725 ruentibus
1643 2672 1819 2726 socia-

213 2751 441 2809 buntur.
471 2754 705 2811 Grandis
724 2768 908 2813 autem
939 2759 1216 2829 impietas,
1254 2777 1364 2817 non
1390 2761 1564 2821 solum
1595 2778 1701 2820 nou
1725 2779 1816 2820 ca-

214 2858 367 2911 vere,
401 2845 498 2901 sed
547 2863 647 2903 nec
680 2849 990 2921 intelligere
1037 2851 1177 2907 velle
1222 2864 1464 2923 peccata,
1509 2863 1564 2910 et
1608 2855 1812 2913 nullam

216 2935 420 2991 habere
449 2937 759 2997 distantiam
791 2943 1059 2998 bonorum
1085 2945 1466 3017 malorumque
1488 2962 1736 3017 operum.

289 3027 489 3099 (Vers.
516 3032 582 3090 l6
606 3034 799 3104 seqq.)
841 3034 966 3089 Hac
999 3035 1123 3089 dicit
1146 3035 1402 3093 Dominus
1431 3055 1450 3093 :
1480 3038 1629 3094 State
1654 3056 1812 3112 super

1924 1944 2176 2013 gnoscite
2206 1947 2579 2005 testimonium
2621 1952 2767 2020 quod
2796 1953 2850 2008 in
2883 1954 2967 2010 eis
2994 1965 3101 2011 est.
3142 1954 3519 2014 Testimonium

1924 2036 2061 2090 enim
2096 2036 2195 2093 Dei
2224 2039 2400 2108 ﬁdele,
2432 2043 2742 2111 sapientiam
2784 2058 3039 2118 prastans
3064 2049 3298 2121 parvulis
3328 2049 3518 2122 (Psal.

1922 2142 2073 2194 xvtn,
2103 2128 2193 2198 8).
2232 2131 2438 2197 Quibus
2465 2134 2711 2202 loquitur
2737 2146 2793 2190 et
2825 2135 3087 2195 Dominus
3118 2138 3292 2199 :Noii
3315 2141 3517 2211 timere,

1921 2236 2048 2289 great
2079 2222 2293 2293 parvulo
2328 2223 2491 2296 (Luc.
2529 2242 2624 2293 xu,
2665 2228 2728 2284 3t
2751 2229 2793 2297 ).
2828 2230 2897 2287 Et
2929 2248 2942 2284 :
2971 2230 3105 2288 Ecce
3151 2248 3243 2306 ego
3286 2245 3337 2290 et
3366 2236 3519 2306 pueri

1921 2315 2020 2368 mei
2039 2332 2168 2386 quos
2196 2318 2325 2371 mihi
2351 2318 2491 2373 dedit
2527 2318 2664 2381 Deus
2695 2319 2986 2392 (Isa.vttt,
3022 2322 3152 2394 l8).
3183 2324 3519 2397 Cognoscitu

1919 2419 2051 2475 ergo
2084 2417 2284 2476 quanta
2329 2407 2524 2464 iaciam
2559 2411 2759 2480 popqu
2786 2428 2893 2468 non
2929 2413 3221 2498 credenti.
3247 2415 3519 2488 Quodque
3629 2490 3632 2493 η

1922 2497 2153 2553 infertur
2178 2517 2189 2553 :
2214 2500 2374 2567 Audi,
2406 2510 2563 2568 terra,
2600 2510 2747 2559 totus
2772 2504 2925 2563 orbis
2955 2505 3023 2561 ad
3053 2506 3386 2565 audiendum
3422 2524 3519 2569 vo.

1917 2598 2073 2644 catur
2098 2606 2112 2641 :
2138 2589 2283 2646 sicut
2306 2601 2360 2645 et
2386 2592 2440 2647 in
2460 2591 2725 2662 principio
2747 2592 2900 2651 Isaia
2924 2595 3156 2667 legimus
3180 2613 3196 2650 :
3219 2596 3381 2668 Audi,
3413 2614 3515 2660 τωτ

1918 2680 2046 2747 lum,
2067 2690 2112 2735 et
2134 2682 2348 2737 auribus
2364 2684 2591 2752 percipe,
2622 2693 2761 2741 terra
2782 2684 2802 2757 (
2822 2684 2989 2754 Ibid.,
3014 2689 3038 2743 l
3066 2689 3125 2759 );
3156 2704 3279 2761 quas
3303 2690 3521 2751 scilicet

1918 2773 2176 2829 Dominus
2205 2776 2448 2831 facturus
2477 2776 2548 2831 sit
2584 2777 2786 2846 populo
2812 2777 3150 2837 Judatorum.
3472 2791 3475 2796 ‘

1986 2865 2006 2936 (
2030 2865 2185 2921 Vers.
2213 2865 2336 2937 l9.)
2363 2866 2496 2922 Ecce
2520 2882 2621 2941 ego
2638 2870 2900 2927 adducam
2922 2872 3063 2925 mala
3082 2887 3240 2942 super
3261 2873 3514 2943 populum

1912 2958 2090 3022 istum,
2118 2957 2345 3025 fructum
2382 2958 2761 3030 cogitationum
2801 2959 2960 3031 (sive
2986 2960 3307 3034 eversionis)
3352 2966 3512 3035 ejus:

1912 3046 2036 3116 quia
2061 3046 2211 3101 verba
2242 3063 2358 3107 mea
2388 3064 2495 3105 non
2532 3050 2834 3113 audierunt.
2862 3060 2913 3106 ct
2944 3051 3108 3122 legem
3133 3068 3301 3113 meant
3339 3055 3515 3125 proic-

216 3121 329 3176 uias
358 3133 408 3178 et
436 3125 617 3195 videte,
650 3136 700 3182 et
741 3130 1053 3200 interrogate
1078 3129 1142 3184 de
1167 3133 1364 3187 semitis
1400 3133 1647 3202 antiquis,
1692 3152 1810 3203 qua:
1853 3211 1882 3215 _
1913 3145 2110 3193 cerunt.
2136 3138 2274 3193 Mala
2298 3138 2535 3208 appellat
2553 3140 2819 3209 supplicia
2842 3121 3142 3212 pactisque
3160 3121 3514 3215 patientium,

213 3214 284 3268 sit
315 3216 399 3269 cia
423 3216 580 3286 bona,
624 3231 672 3273 et
710 3220 974 3275 ambulate
1002 3222 1057 3275 in
1101 3239 1182 3291 ea,
1211 3234 1259 3277 et
1288 3225 1553 3279 invenietis
1593 3226 1811 3297 refrige-
1838 3211 1885 3276 C
1917 3243 2024 3287 non
2062 3244 2232 3298 super
2259 3240 2452 3299 gentes
2479 3246 2600 3303 qua:
2630 3238 2895 3289 vocantur
2924 3233 2992 3288 ad
3041 3235 3321 3306 Evangelii
3352 3238 3507 3295 veri»

215 3308 351 3361 rium
376 3309 522 3380 (sive
559 3312 1013 3385 puriﬁcationem)
1035 3316 1308 3371 animabus
1345 3318 1543 3372 uestris.
1574 3316 1642 3371 Et
1666 3320 1812 3374 dixe-

194 3400 336 3456 runt
361 3419 380 3457 :
401 3419 504 3458 non
548 3403 923 3460 ombulabintus
951 3407 1106 3479 (sive
1141 3425 1242 3462 non
1287 3408 1530 3481 ibimus).
1576 3409 1646 3465 Et
1685 3428 1809 3467 con-

211 3496 357 3550 stitui
391 3513 544 3568 super
580 3514 666 3552 vos
701 3502 1065 3570 speculatores,
1118 3502 1295 3556 audite
1324 3518 1495 3557 uocem
1533 3503 1686 3558 tubas.
1738 3503 1809 3560 Et

214 3586 477 3655 dixerunt,
509 3604 612 3643 non
632 3587 931 3647 audiemus.
960 3589 1091 3646 Ideo
1114 3594 1293 3648 audite
1323 3593 1478 3663 (sive
1498 3595 1808 3668 audierunt)

214 3691 390 3751 gentes
412 3699 432 3736 :
454 3693 501 3735 et
524 3699 772 3756 cognosce
802 3683 821 3757 [
847 3685 929 3739 Al.
955 3686 1288 3761 cognoscite]
1310 3691 1641 3762 congregatio
1666 3690 1808 3762 (sive

212 3775 303 3843 qui
328 3775 535 3842 pascitis
550 3792 729 3849 greges
750 3778 768 3847 )
786 3795 798 3831 :
817 3787 912 3833 aut
932 3779 1084 3849 juxta
1103 3780 1514 3852 Symmachum,
1540 3794 1588 3838 et
1616 3801 1806 3857 cogno-

211 3864 342 3917 scite
365 3864 737 3935 (testimonium
766 3869 905 3938 quod
934 3871 987 3924 in
1026 3871 1101 3926 eis
1125 3871 1227 3940 est)
1255 3885 1459 3943 quanta
1492 3893 1584 3950 ego
1612 3878 1805 3949 faciant

212 3955 303 4008 eis.
343 3955 479 4010 Audi
518 3965 676 4013 terra.
702 3959 1028 4030 Evangelica
1071 3963 1325 4032 parabola
1356 3965 1403 4021 si
1441 3965 1605 4023 fuerit
1643 3968 1806 4025 intel-

215 4046 380 4113 lecta,
432 4048 593 4119 hujus
634 4050 742 4106 loci
781 4052 1045 4122 praebebit
1093 4055 1513 4127 intelligentiam
1547 4078 1559 4113 :
1591 4061 1646 4115 in
1697 4077 1804 4132 qua

210 4141 520 4210 negotiator
547 4143 743 4211 bonus,
779 4160 976 4201 omnes
1019 4148 1266 4205 vendere
1302 4151 1505 4208 dicitur
1533 4158 1804 4224 margari-

212 4242 313 4297 tis,
347 4241 404 4287 ut
431 4232 500 4288 de
529 4236 706 4305 pretio
737 4252 921 4291 earnm
955 4254 1117 4293 unam
1154 4249 1301 4295 emat
1339 4244 1800 4313 pretiosissimam

212 4327 556 4396 margaritam
603 4328 845 4401 (Matth.
892 4335 1022 4397 snt)
1055 4350 1068 4388 :
1103 4335 1249 4402 quod
1299 4336 1518 4393 scilicet
1563 4354 1660 4407 per
1699 4340 1802 4396 Pa-

209 4418 476 4474 triarchas
502 4430 558 4474 et
587 4420 887 4491 Prophetas
918 4426 1201 4482 veniamus
1229 4427 1295 4482 ad
1342 4444 1466 4483 eum
1497 4430 1590 4500 qui
1622 4433 1756 4488 dicit
1782 4453 1795 4488 :

211 4508 325 4583 Ego
342 4527 459 4566 sum
486 4514 569 4567 aia
604 4513 798 4579 (Joan.
827 4516 969 4587 xw).
995 4519 1256 4576 Standum
1284 4534 1368 4577 est
1392 4524 1554 4593 igitur
1584 4527 1638 4580 in
1670 4541 1798 4597 pro-

211 4606 411 4675 phetis,
442 4616 498 4664 et
542 4607 962 4681 diligentissime
1009 4615 1516 4686 contemplandum,
1548 4625 1604 4673 et
1633 4619 1802 4674 inter-

211 4698 510 4767 rogandum
568 4698 638 4755 de
692 4701 902 4756 semitis
955 4703 1194 4772 antiquis
1240 4707 1360 4762 sive
1408 4710 1801 4779 sempiternis,

210 4803 327 4859 quae
359 4789 651 4845 multorum
684 4802 1001 4847 sanctorum
1038 4803 1165 4848 sunt
1206 4796 1349 4851 tritas
1382 4799 1651 4869 vestigiis,
1680 4815 1802 4871 quae

209 4878 601 4949 signiﬁcantius
648 4881 839 4938 Graece
901 4885 1248 4952 appellantur
1304 4890 1505 4967 τρίϐοι,
1553 4906 1677 4961 quas
1730 4894 1803 4949 sit

210 4973 290 5026 via
319 4972 465 5029 bona
493 4976 546 5029 in
580 4974 876 5045 Evangelia
907 4976 1131 5048 (Matth.
1157 4978 1294 5049 vn),
1330 4990 1385 5033 et
1410 4982 1798 5040 ambulandum

212 5065 261 5118 in
287 5080 351 5121 ea
379 5084 393 5119 :
417 5082 539 5136 qua:
584 5068 667 5122 via
699 5083 821 5123 cum
857 5070 1071 5124 inventa
1102 5070 1293 5135 fuerit,
1323 5075 1535 5142 prmhet
1570 5077 1799 5147 refrige-

212 5160 368 5224 rium,
407 5159 522 5213 sive
556 5158 990 5229 puriﬁcationem
1019 5162 1305 5218 animabus
1333 5165 1699 5223 credentium.
1733 5170 1806 5224 At

212 5246 280 5302 illi
307 5247 473 5323 887
510 5263 541 5303 e
566 5252 841 5305 contrario
890 5253 1311 5323 responderunt,
1354 5269 1462 5309 non
1495 5256 1802 5315 ambulabi-

211 5353 327 5391 mus
359 5355 454 5407 per
496 5340 636 5395 viam
686 5342 960 5413 Evangelii
992 5363 1003 5397 :
1030 5345 1248 5414 proprie
1279 5345 1382 5401 hoc
1414 5347 1690 5416 Propheta
1719 5350 1804 5411 di-

210 5439 365 5485 cente
406 5430 475 5487 de
519 5432 744 5502 perndie
777 5434 1112 5490 .lndzeorum.
1158 5434 1467 5508 Statimque
1490 5439 1693 5496 infert:
1726 5442 1795 5499 Et

212 5522 450 5581 constitui
490 5540 649 5599 super
674 5541 763 5580 vos
791 5525 1164 5597 speculatores.
1210 5528 1362 5584 Haud
1405 5531 1631 5587 dubium
1668 5536 1801 5605 quin

280 5667 309 5697 ι
351 5658 580 5725 Victor.,
609 5662 996 5717 cinnamomum
1027 5680 1089 5718 ex
1126 5663 1267 5718 LXX
1301 5665 1558 5721 lectione.

280 5728 310 5768 δ
352 5730 505 5820 Fort.
533 5736 718 5790 nutriant
733 5737 987 5820 gap-na,
1002 5738 1082 5791 sic
1103 5736 1247 5790 enim
1268 5736 1514 5820 Gplenus
1536 5738 1799 5808 appellat,

218 5816 372 5875 quam
403 5802 565 5877 vulgo
595 5802 853 5859 cauellain
872 5802 1112 5862 'dicimus
1142 5807 1322 5877 :quod
1364 5808 1541 5863 doctis
1573 5802 1801 5885 quoque

1917 3330 2103 3387 tatem,
2133 3321 2228 3377 sed
2253 3338 2420 3392 super
2450 3323 2711 3393 populum
2750 3326 2844 3396 qui
2878 3326 3164 3395 respondit
3199 3345 3214 3381 :
3243 3327 3368 3387 Non
3413 3346 3511 3397 au-

1913 3414 2131 3469 diemus.
2187 3415 2254 3470 Et
2295 3426 2619 3483 recepturus
2664 3426 2749 3473 est
2798 3417 3033 3479 fructum
3082 3420 3505 3491 cogitationum,

1912 3507 2025 3562 sive
2046 3508 2349 3565 eversionis
2371 3525 2509 3578 sum,
2535 3510 2754 3567 dicente
2780 3511 2946 3576 David
2971 3530 2984 3566 :
3006 3512 3237 3575 Labores
3256 3531 3507 3579 manuum

1908 3609 2114 3653 tuarum
2142 3600 2480 3659 manducabis
2502 3604 2522 3671 (
2545 3601 2693 3658 Psal.
2716 3616 2921 3671 cxsvu,
2948 3603 3037 3675 2).
3063 3604 3348 3677 Causaque
3372 3622 3501 3676 per-

1908 3693 2119 3759 spicua,
2142 3693 2265 3763 quia
2299 3694 2468 3748 verba
2496 3695 2713 3750 Domini
2752 3710 2860 3753 non
2905 3696 3202 3764 audierint,
3235 3706 3294 3761 et
3321 3698 3501 3770 legem

1906 3783 2027 3851 ejus
2053 3783 2382 3853 altjeeerint.

1977 3873 2171 3944 (Vers.
2198 3876 2326 3943 20.)
2363 3875 2431 3935 Ut
2475 3876 2601 3947 quid
2625 3878 2752 3941 mihi
2792 3878 2912 3939 thus
2941 3880 3005 3945 de
3028 3879 3173 3945 Saba
3199 3880 3422 3954 alertt's,
3454 3894 3503 3943 ct

1903 3966 2161 4023 calamum
2177 3985 2334 4027 suave
2347 3969 2569 4026 olentem
2584 3970 2648 4029 de
2668 3980 2812 4033 terra
2830 3971 3114 4044 longinqua
3129 3974 3154 4027 ?
3175 3972 3502 4043 Holocaustu;

1907 4057 2094 4130 (Vulg.
2142 4059 2643 4133 Holocaustomata]
2681 4071 2848 4121 uestra
2890 4078 2994 4121 non
3024 4072 3147 4130 sunt
3174 4073 3387 4135 accepta
3412 4074 3503 4123 :ct

1903 4153 2121 4209 victitare
2162 4162 2340 4209 vestra!
2384 4153 2512 4209 mihi
2542 4170 2645 4211 non
2691 4154 3017 4223 placuerunt.
3045 4154 3202 4222 Quod
3236 4155 3395 4217 thura
3421 4155 3493 4217 de

1904 4241 2046 4303 Saba
2071 4244 2292 4303 veniant
2323 4258 2486 4303 nemo
2515 4244 2727 4303 dubitat
2755 4261 2769 4298 :
2798 4245 2944 4304 unde
2973 4255 3027 4303 et
3061 4245 3193 4305 illud
3231 4246 3498 4320 Virgilia-

1904 4351 2031 4394 num
2057 4354 2071 4392 :
2094 4334 2411 4407 Ceutumque
2436 4336 2625 4397 Sabaeo
2648 4336 2824 4403 Tlture
2850 4339 3022 4401 calent
3043 4354 3152 4399 arte
3179 4338 3496 4417 (dineidt).

1898 4424 2181 4485 Calamam
2211 4438 2417 4493 autem,
2439 4428 2586 4498 quod
2615 4427 2886 4487 Hebraicc
2909 4430 3111 4489 dicitur
3132 4445 3272 4489 cans
3306 4431 3436 4519 (mp
3452 4429 3496 4504 ),

1902 4534 2006 4592 pro
2032 4533 2140 4588 quo
2161 4518 2306 4573 LXX
2332 4527 2387 4574 et
2406 4519 2714 4574 'l‘lteodotio
2743 4522 2913 4593 888
2934 4530 2960 4558 ι
2984 4522 3282 4578 cinnamum
3315 4532 3496 4587 trans-,-

1908 4611 2173 4675 tulernnt,
2219 4610 2289 4664 de
2330 4618 2475 4666 terra
2540 4611 2732 4672 venire
2788 4612 3085 4683 longinqua
3137 4615 3497 4685 propheticus

1902 4716 2084 4758 sermo
2113 4709 2364 4767 testatur,
2400 4710 2455 4761 ut
2487 4700 2860 4772 intelligamus
2889 4703 3124 4772 lndiam,
3160 4705 3230 4771 de
3260 4720 3370 4776 qua
3402 4721 3502 4775 per

1905 4809 2054 4849 mare
2084 4792 2329 4849 Rubrum
2377 4792 2534 4862 plura
2584 4793 2813 4856 veniunt
2850 4802 3119 4855 aromata.
3167 4795 3281 4853 Hoc
3322 4812 3500 4868 genus

1902 4887 2161 4957 pigmenti
2199 4884 2394 4943 medici
2421 4884 2447 4925 ι»
2474 4889 2659 4943 κασίαν
2693 4885 2937 4964 σύριγγος
2968 4886 3281 4960 appellant,
3321 4891 3388 4947 Et
3413 4902 3502 4951 est

1901 4996 2098 5038 εεηςιιε
2125 4998 2140 5035 :
2164 4980 2390 5036 Frustra
2421 4979 2553 5036 mihi
2586 4980 2638 5037 in
2672 4989 2949 5051 unguenta
2985 4980 3353 5051 conﬁcienda,
3377 4998 3500 5054 qua

1899 5073 2047 5142 Lege
2094 5080 2364 5142 praecepta
2411 5078 2559 5129 sunt.
2605 5071 2914 5127 suavissimi
2980 5072 3166 5128 odoris
3213 5075 3494 5145 pigmenta

1903 5167 2186 5231 confertis,
2227 5173 2283 5219 et
2313 5164 2632 5221 holocausta
2677 5166 3043 5227 succanditis.
3086 5168 3179 5239 qui
3231 5184 3409 5231 meam
3439 5167 3495 5225 in

1905 5258 2047 5328 Lege
2096 5271 2202 5311 non
2238 5255 2416 5311 facitis
2456 5256 2818 5324 voluntatem,
2845 5257 2998 5328 juxta
3030 5258 3178 5330 quod
3222 5274 3383 5326 supra
3408 5260 3496 5313 di-

1901 5360 2046 5402 ctum
2085 5356 2169 5402 est
2194 5364 2208 5400 :
2246 5345 2415 5402 Verba
2440 5362 2556 5400 mea
2587 5363 2689 5401 non
2718 5348 3017 5417 audierunt,
3059 5358 3108 5403 et
3139 5348 3301 5421 legem
3330 5364 3499 5403 meam

1901 5446 2255 5516 projecerunt.
2290 5444 2407 5498 Hoc
2450 5453 2639 5499 autem
2689 5444 2913 5513 proprie
2955 5443 3213 5500 convenit
3264 5442 3372 5511 bis,
3402 5443 3495 5512 qui

1902 5537 1969 5621 (ιο
2001 5538 2204 5613 rapinis
2236 5546 2289 5593 et
2317 5536 2614 5592 nudatione
2650 5536 2972 5591 miserorum
3016 5533 3253 5590 oﬂerunt
3284 5535 3499 5591 sacrill.

1898 5673 2032 5728 viris
2061 5672 2278 5744 probari
2303 5672 2485 5744 video,
2515 5671 2607 5742 qui
2643 5679 2704 5744 et
2734 5685 2835 5744 pro
2864 5670 3043 5744 ludia,
3089 5670 3308 5743 plagam
3338 5670 3507 5729 Sina.

1902 5759 2024 5799 rum
2054 5740 2226 5800 multo
2255 5740 2613 5799 remotiorem
2642 5740 2731 5796 hic
2758 5741 3097 5814 intelligunt.
