3972 6332
539 270 644 325 727

1793 267 1849 322 S.
1897 263 2165 321 EUSEBII
2202 264 2577 320 HIERONYMI

3728 260 3824 317 ῗ23

537 383 644 450 eia,
678 391 734 438 ct
756 381 1121 452 eleemosynis
1141 395 1210 434 cx
1243 378 1524 449 iniquitate
1545 392 1604 433 se
1633 385 1827 448 putant
1853 375 2127 432 redimere
2153 379 2207 439 Α
2232 373 2385 448 (Gen.
2416 390 2529 442 xtx,
2563 376 2675 447 l7).
2699 375 2782 432 Ad
2810 392 2972 449 quem
3006 379 3059 435 in
3088 378 3227 435 Isaia
3258 389 3314 437 et
3333 377 3566 434 Michtea
3593 375 3821 448 (fsai.tt,

541 488 701 541 posse
730 481 972 541 peccata,
996 471 1217 526 dicente
1248 470 1534 541 Scriptura
1562 487 1574 524 :
1600 467 1913 539 Redemptio
1941 469 2130 523 anima:

534 564 646 629 viri,
676 563 904 635 propria:
933 562 1132 619 divitia:
1154 562 1348 636 (Prov.
1373 579 1491 628 xttt,
1514 561 1604 636 8),
1634 579 1753 634 qua:
1786 580 1893 618 nott
1921 562 1990 619 de
2023 560 2128 617 ini-

530 656 764 722 quitate,
797 655 893 711 sed
922 656 992 712 de
1022 657 1207 713 labore
1237 666 1293 712 et
1318 657 1531 726 justitia
1553 665 1982 728 congregantur.

603 746 796 811 (Vers.
832 746 961 820 21.)
1002 747 1289 820 Propterea
1327 751 1438 804 Ittec
1471 751 1598 805 dicit
1634 751 1892 806 Dominus
1931 767 1949 805 :
1988 749 2128 805 Ecce

524 852 621 908 ego
641 837 777 893 dabo
804 840 859 893 in
878 839 1131 910 populum
1154 841 1310 896 istum
1332 842 1517 896 ruinas
1541 857 1560 896 :
1576 852 1623 896 et
1644 852 1795 896 ruent
1817 844 1870 896 in
1892 843 1964 896 cis
1987 842 2130 915 (sive

524 931 904 1001 inﬁrmitatem,
930 944 978 988 et
998 934 1407 1004 infirmabuntur
1435 936 1489 990 in
1513 934 1611 1006 eo)
1648 946 1821 1003 patres
1850 945 1900 990 et
1926 936 2027 1003 ﬁlii
2056 935 2130 988 si-

528 1026 659 1088 mul,
706 1026 904 1081 vicinus
934 1044 995 1080 ac
1024 1030 1315 1099 proximus,
1349 1037 1397 1081 et
1419 1027 1683 1096 peribunt.
1721 1027 1945 1097 lmpleta
1975 1027 2130 1083 vide-

534 1131 656 1171 mus
701 1118 888 1171 omnia
931 1134 1052 1188 qtta:
1100 1119 1362 1175 Dominus
1417 1119 1494 1173 illi
1530 1119 1728 1189 populo
1763 1120 2129 1175 comminatus

526 1219 613 1262 est
644 1209 929 1279 :quotidie
959 1210 1104 1264 enim
1132 1222 1295 1266 ruunt
1317 1212 1369 1266 in
1402 1212 1763 1281 blasphemiis
1791 1215 1927 1278 suis,
1961 1213 2129 1267 nihil-

527 1316 633 1372 que
652 1302 704 1357 in
729 1320 789 1357 se
814 1303 1017 1359 habent
1040 1303 1203 1372 forte,
1234 1304 1329 1359 sed
1354 1306 1532 1360 omnis
1554 1307 1696 1375 apud
1717 1321 1813 1362 eos
1836 1304 2129 1361 infirmitas

529 1409 634 1450 εει.
669 1395 792 1452 Filii
827 1407 1045 1467 patrum
1088 1410 1390 1469 sequuntur
1418 1399 1820 1470 blaspltemias;
1858 1412 1908 1456 ct
1942 1400 2129 1472 quoti-

526 1488 620 1543 die
651 1488 925 1557 recipiunt
970 1491 1118 1546 illam
1168 1491 1624 1561 imprecationem
1669 1511 1680 1546 :
1729 1491 1964 1565 Sanguis
2010 1496 2127 1566 ejus

526 1594 684 1649 super
706 1597 821 1648 nos,
851 1593 898 1635 et
918 1598 1073 1652 super
1101 1581 1242 1651 ﬁlios
1265 1594 1471 1637 nostros
1504 1582 1734 1655 (Matth.
1783 1601 1954 1647 xxvtt,
1982 1585 2055 1642 25
2073 1586 2123 1659 );

526 1681 583 1727 et
613 1688 721 1728 non
752 1674 928 1728 solum
965 1675 1094 1744 ipsi,
1124 1674 1221 1730 sed
1253 1686 1309 1730 et
1352 1675 1514 1730 vicini
1551 1685 1608 1731 et
1634 1676 1877 1747 proximi
1909 1692 2123 1743 eorum,

2233 466 2398 523 Hiclt.
2424 468 2500 542 tv)
2518 470 2778 540 jubemur
2792 486 3040 537 currere,
3070 482 3234 544 atque
3258 471 3663 529 conscendere.
3692 470 3823 526 Pra-

2232 563 2431 632 cipitur
2455 572 2637 619 autem
2679 564 2834 634 juxta
2862 566 3121 632 litteram,
3154 583 3223 623 ne
3266 565 3416 623 foras
3456 573 3685 631 exeant,
3737 575 3827 619 nec

2231 653 2492 710 deserant
2520 671 2728 725 muros,
2757 655 2853 713 sed
2887 664 3145 714 tueantur
3188 673 3250 714 se
3281 656 3619 713 ﬁrmissimis
3658 656 3831 710 muni-

2232 747 2498 802 tionibus.
2730 730 2737 735 ’

2304 836 2487 910 (Vers.
2519 838 2637 910 26.)
2679 837 2826 895 Filia
2852 842 3036 914 pepuli
3066 843 3187 907 mci,
3238 844 3509 915 accingere
3554 842 3753 908 cilicio,
3781 849 3828 896 et

2231 947 2571 1005 conspergere
2600 934 2791 999 cinere,
2824 935 3021 989 luctum
3041 935 3297 1005 unigeniti
3338 935 3358 993 l
3364 935 3481 989 sive
3508 932 3713 1003 dilecti)
3749 934 3829 1003 {ac

2230 1023 2325 1078 tibi
2349 1023 2617 1095 planctum
2639 1042 2875 1081 amarum
2898 1026 3035 1100 (sive
3056 1024 3444 1099 miserabilem),
3463 1027 3594 1098 quia
3621 1034 3826 1096 repente

2232 1119 2392 1172 veniet
2404 1127 2635 1172 vastator
2657 1119 2802 1189 (sive
2821 1117 3057 1190 miseria)
3070 1136 3229 1190 super
3248 1136 3343 1174 nos
3364 1119 3506 1191 (sive
3522 1135 3685 1189 super
3698 1118 3826 1191 vos).

2230 1210 2370 1276 Quia
2400 1226 2561 1282 supra
2594 1212 2809 1267 dixerat
2838 1229 2853 1268 :
2885 1210 3067 1266 Nolite
3094 1212 3234 1265 exire
3258 1211 3328 1264 ad
3355 1226 3513 1282 agros
3550 1218 3603 1263 et
3645 1211 3704 1264 in
3752 1210 3833 1262 aia

2232 1319 2293 1357 ne
2320 1302 2593 1358 ambuletis
2620 1319 2640 1358 :
2667 1304 2913 1373 quoniam
2938 1304 3146 1376 gladius
3175 1303 3395 1364 inimici,
3423 1318 3591 1373 pavor
3634 1303 3691 1355 in
3733 1304 3836 1356 cir-

2230 1396 2373 1449 cuitu
2396 1412 2417 1462 ;
2440 1404 2496 1450 et
2526 1395 2706 1466 fugam
2731 1409 2948 1467 quoque
2979 1395 3357 1467 prohibuerat,
3388 1395 3551 1450 ducet
3580 1393 3715 1463 quid
3757 1393 3834 1449 fa-

2233 1504 2361 1543 cere
2385 1488 2647 1551 debeant,
2683 1498 2742 1543 ut
2784 1498 3176 1545 convertantur
3205 1486 3423 1543 scilicet
3458 1485 3530 1542 ad
3563 1488 3836 1556 pteniten-

2232 1579 2385 1646 tiam,
2417 1589 2472 1634 et
2499 1581 2639 1636 hanc
2683 1580 3051 1635 ﬁrmissimam
3079 1591 3137 1635 et
3178 1594 3430 1634 securam
3470 1577 3727 1634 habeant
3751 1594 3839 1634 ar-

2232 1679 2523 1728 maturam.
2556 1671 2654 1730 Ubi
2683 1688 2785 1729 nos
2807 1671 3067 1737 diximus,
3100 1674 3298 1727 luctum
3318 1672 3577 1745 unigeniti
3604 1676 3691 1744 {ac
3722 1673 3830 1740 tibi,

528 1773 586 1818 et
616 1779 811 1820 omnes
836 1765 934 1836 qui
966 1765 1165 1836 Legem
1199 1774 1257 1822 et
1284 1766 1591 1837 PrOpbetas
1621 1779 1928 1839 sequuntur
1968 1769 2122 1840 juxta
2155 1766 2202 1827 Β
2231 1780 2331 1834 pro
2361 1766 2668 1837 unigenim.
2699 1768 2753 1822 in
2792 1767 3071 1823 Hebraico
3115 1766 3375 1822 scribitur
3406 1776 3429 1805 ο
3471 1781 3592 1822 ιλιι)
3636 1768 3825 1835 (Ὄτυ).

500 1856 872 1912 ὀεοίἁειιιθιιι
923 1857 1188 1924 litteram,
1234 1866 1293 1914 et
1330 1873 1439 1914 tton
1470 1861 1631 1927 juxta
1670 1860 1924 1930 spiritum
1955 1860 2131 1917 viviﬁ-

529 1955 744 2004 cantem
772 1989 786 2013 ,
813 1958 869 2004 et
894 1965 1086 2006 omnes
1118 1950 1322 2020 pariter
1351 1952 1632 2021 peribunt,
1662 1954 1791 2023 quia
1818 1968 2012 2009 omnes
2038 1968 2131 2025 pa-

532 2045 670 2107 riter
696 2056 1081 2116 peccaverunt.

606 2136 798 2205 (Vers.
829 2137 925 2207 22,
954 2138 1086 2211 25.)
1118 2138 1240 2194 Haec
1260 2139 1387 2194 dicit
1414 2138 1670 2196 Dominus
1693 2156 1712 2195 :
1736 2140 1875 2197 Ecce
1906 2143 2130 2215 papulas

529 2229 666 2283 uenit
696 2229 759 2284 de
798 2240 939 2285 terra
975 2231 1246 2302 Aquilonis
1268 2276 1281 2299 ,
1310 2241 1360 2286 et
1394 2249 1519 2303 gens
1568 2248 1761 2304 magna
1802 2244 2130 2305 consurgeta

529 2320 720 2388 ﬁnibus
759 2331 930 2377 terrte.
975 2321 1237 2396 Sagittam
1276 2332 1321 2377 et
1362 2333 1565 2378 scutum
1608 2326 1759 2399 (sive
1811 2326 2128 2398 zebgnnam)

532 2414 745 2487 arripiet
776 2430 795 2469 :
829 2416 1055 2471 crudelis
1085 2426 1161 2471 est
1188 2418 1208 2489 (
1227 2417 1305 2472 vel
1344 2418 1657 2487 impudens)
1692 2430 1738 2473 et
1778 2435 1879 2474 non
1922 2421 2131 2474 misere-

528 2504 665 2560 bitur
696 2521 717 2561 :
754 2522 853 2560 vos:
891 2510 1002 2580 ejus
1033 2508 1186 2577 quasi
1222 2524 1365 2563 mare
1410 2508 1656 2564 sonabit:
1689 2519 1737 2563 et
1767 2525 1923 2579 super
1969 2526 2128 2581 equos

527 2598 829 2666 ascenderit,
853 2601 1134 2670 prteparati
1164 2601 1316 2669 quasi
1343 2601 1421 2653 vir
1449 2600 1518 2653 ad
1539 2600 1780 2667 prwlium
1803 2610 1830 2639 ³
1851 2601 2128 2656 aduersum

522 2697 595 2757 te,
622 2689 738 2758 filia
757 2690 909 2747 Sion.
932 2691 1161 2759 Proprie
1186 2692 1287 2747 hoc
1309 2692 1377 2747 de
1403 2692 1712 2764 Babyloniis
1738 2695 2125 2763 prophetatttr,

524 2782 618 2850 qui
664 2783 888 2837 venturi
935 2792 1062 2837 sunt
1110 2793 1306 2840 contra
1356 2784 1613 2854 p0pulunt
1660 2785 1965 2842 Jerusalem
2012 2806 2025 2842 :
2073 2796 2133 2845 et

527 2876 711 2927 omnis
733 2885 1028 2930 armaturae
1056 2876 1192 2931 ordo
1237 2877 1590 2945 describitur,
1622 2891 1676 2935 et
1710 2881 1946 2949 impetus
1993 2897 2131 2951 pra:-

528 2965 799 3033 liantium,
826 2977 885 3023 ut
909 2969 1058 3025 vocis
1089 2980 1302 3025 terrore
1339 2973 1617 3038 concussi,
1653 2982 1815 3044 agant
1849 2976 2125 3044 poeniten-

529 3058 684 3125 tiam,
732 3067 789 3115 et
827 3060 1320 3116 clementissimum
1371 3061 1589 3132 placent
1641 3064 1832 3119 Deum.
1884 3065 2128 3137 Denique

2234 1857 2381 1929 quod
2415 1862 2585 1930 tnagis
2626 1861 2945 1927 solitarium,
2984 1875 3146 1930 quam
3190 1860 3515 1930 unigenitum
3556 1870 3750 1914 sonat.
3775 1857 3836 1914 Si

2233 1949 2377 2004 enim
2406 1962 2547 2006 esset
2572 1951 2811 2017 dilectus,
2837 1954 2958 2007 sive
2986 1949 3248 2018 amabilis,
3272 1960 3331 2006 ut
3360 1948 3507 2005 LXX
3541 1949 3837 2005 transtulev

2233 2052 2380 2109 runt,
2414 2058 2522 2100 IDID
2553 2043 2708 2117 (τήν)
2742 2054 3063 2115 poneretur,
3096 2043 3241 2114 quod
3287 2055 3342 2098 et
3369 2043 3657 2100 Salomoni
3690 2042 3836 2097 Deus

2231 2150 2433 2190 nomen
2463 2136 2739 2207 imposuit.
2762 2136 2905 2192 Nihil
2937 2145 3118 2192 autem
3137 2136 3437 2201 dolentius,
3468 2151 3635 2206 quam
3668 2150 3837 2191 unum

2232 2227 2316 2283 vel
2351 2227 2529 2284 solum
2563 2228 2795 2298 perdere
2824 2228 2993 2284 ﬁlium
3022 2226 3092 2299 (ll
3123 2228 3252 2300 Reg.
3284 2226 3405 2296 stt).
3444 2226 3585 2283 Illud
3616 2240 3836 2297 quoque

2231 2320 2374 2390 quod
2407 2335 2507 2376 nos
2535 2320 2877 2393 interpretati
2913 2335 3126 2387 sumus,
3157 2320 3280 2390 quia
3308 2329 3517 2391 repente
3541 2319 3706 2374 veniet
3740 2334 3833 2372 ua-

2228 2422 2419 2479 stator,
2447 2414 2562 2469 sive
2587 2415 2793 2469 miseria
2813 2430 2968 2486 super
2988 2429 3106 2479 nos,
3127 2412 3513 2482 Septuaginta,
3542 2426 3697 2483 super
3718 2426 3830 2477 vos,

2233 2514 2529 2576 posuerunt
2565 2520 2729 2561 :cum
2762 2505 2935 2559 multo
2961 2505 3103 2559 Deus
3133 2500 3161 2541 ἀ
3208 2502 3631 2558 misericordias
3673 2502 3834 2558 dixe-

2232 2599 2304 2653 rit
2348 2616 2361 2652 :
2410 2607 2469 2653 ut
2495 2596 2763 2669 quidquid
2792 2611 2961 2670 super
2987 2612 3146 2652 suum
3185 2607 3478 2652 venturum
3531 2606 3619 2652 est
3658 2611 3834 2666 popu-

2232 2690 2366 2758 lum,
2399 2706 2568 2762 super
2611 2704 2672 2747 se
2696 2706 2911 2762 quoque
2954 2690 3149 2746 venire
3191 2698 3441 2745 testetur.
3481 2689 3828 2746 Vastatorem

2231 2790 2413 2838 autem
2444 2785 2689 2853 proprie,
2721 2782 2811 2838 vel
2851 2780 3381 2848 Nabuchodonosor,
3432 2781 3522 2837 vel
3552 2780 3832 2838 diabolum

2230 2874 2524 2945 signiﬁcat.

2304 2967 2488 3039 (Vers.
2522 2966 2594 3022 27
2616 2968 2801 3039 seqq.)
2835 2966 3177 3022 Probatorem
3195 2967 3316 3022 dedi
3339 2976 3388 3022 te
3414 2970 3469 3022 in
3493 2968 3694 3040 popqu
3713 2983 3826 3023 meo

2228 3060 2517 3126 robustum,
2546 3069 2599 3116 et
2618 3062 2767 3123 scies,
2790 3069 2837 3115 et
2862 3060 3104 3133 probabis
3130 3064 3267 3115 uiam
3290 3078 3490 3115 eorum.
3518 3060 3711 3116 Omnes
3739 3063 3825 3116 isti

527 3152 621 3207 dat
646 3153 990 3209 occasionem
1022 3154 1270 3224 rogandi,
1298 3155 1426 3210 dum
1450 3156 1603 3223 dicit,
1648 3158 1921 3214 adversum
1962 3168 2031 3228 ιε,
2061 3161 2125 3224 ﬁ-
2152 3140 2198 3205 C
2228 3152 2487 3224 principes
2527 3151 2842 3208 declinantes
2889 3151 3028 3225 (sive
3053 3152 3453 3224 inobedientes),
3497 3154 3825 3209 ambulantes

529 3245 603 3298 lia
631 3243 783 3300 Sion.
816 3245 1113 3301 Possumus
1139 3246 1243 3303 hoc
1270 3247 1587 3303 testimonio
1614 3249 1764 3305 abuti
1790 3253 2126 3319 persecutio-

529 3335 619 3391 nis
669 3346 941 3408 tempore,
990 3338 1208 3409 quando
1234 3339 1415 3394 omnis
1463 3339 1728 3396 adversus
1759 3356 1861 3396 nos
1912 3342 2123 3398 diaboli

526 3429 708 3485 rabies
756 3430 1089 3499 concitatur,
1146 3430 1406 3501 nullaque
1456 3431 1834 3487 misericordia
1883 3441 1968 3488 est
2006 3451 2019 3487 :
2067 3444 2124 3490 et

519 3523 673 3591 quasi
704 3521 1177 3578 vehementissimi
1208 3525 1382 3579 maris
1404 3522 1625 3591 fluctus,
1674 3524 1749 3579 ita
1799 3526 2124 3595 opprimunt

527 3612 869 3669 resistentes.

594 3704 787 3776 (Vers.
810 3705 941 3776 24.)
983 3707 1291 3761 Audiuimus
1314 3708 1509 3775 famam
1525 3708 1639 3776 ejus
1662 3724 1682 3760 :
1707 3709 1977 3764 dissoluta:
1997 3690 2121 3765 sunt

527 3815 713 3853 manus
741 3799 912 3871 889
940 3808 1170 3865 nostris;
1202 3799 1472 3853 tribulatio
1501 3798 1849 3870 apprehendit
1878 3816 1994 3869 nos,
2025 3802 2121 3855 do-

524 3891 658 3945 lores
704 3893 855 3962 quasi
884 3892 910 3930 δ
942 3893 1341 3964 parturientem.
1392 3891 1701 3961 Respondit
1742 3893 1979 3963 populus
2028 3896 2118 3951 cui

2230 3244 2590 3315 fraudulenter
2612 3244 2750 3318 (sive
2775 3243 3068 3319 perverse).
3103 3244 3205 3299 /Es
3245 3254 3295 3299 et
3338 3246 3559 3316 ferrum,
3599 3247 3825 3301 uniuersi

2228 3338 2459 3410 corrupti
2478 3346 2621 3404 sunt,
2648 3339 2832 3410 defecit
2854 3338 3207 3409 sufﬁatorium
3224 3339 3281 3391 in
3303 3341 3423 3412 igne
3447 3337 3639 3411 (quem
3656 3339 3823 3410 signi-

2226 3430 2482 3486 ﬁcantius
2507 3429 2686 3488 Graeci
2716 3440 2988 3508 φυσητῆρα
3002 3430 3217 3501 appella
3228 3430 3334 3502 nt),
3354 3438 3722 3497 consumptum
3744 3437 3819 3485 est

2224 3523 2392 3595 890
2418 3521 2709 3594 plumbum,
2762 3524 2960 3593 frustra
2988 3523 3236 3593 conﬂavit
3279 3522 3539 3592 conflator
3567 3521 3708 3591 (sive
3732 3536 3817 3573 ar-

2225 3596 2540 3687 gentariu's).
2572 3612 2788 3671 Malitia:
2815 3616 2952 3668 enim
2982 3630 3162 3669 eorum
3189 3630 3295 3667 non
3316 3621 3437 3668 sunt
3457 3621 3777 3682 consumptis
3795 3628 3816 3666 :

2224 3714 2495 3777 argentum
2538 3707 2812 3778 reprobum
2859 3715 3034 3762 vocate
3068 3722 3173 3771 cos,
3221 3706 3344 3776 quia
3372 3715 3396 3743 ο
3419 3704 3678 3760 Dominus
3699 3720 3815 3774 pro-

2216 3802 2343 3874 jecit
2370 3801 2511 3855 illos.
2545 3800 2719 3855 Datur
2762 3799 3030 3871 propheta
3059 3793 3264 3869 populo
3308 3797 3596 3853 incredqu
3625 3796 3815 3867 proba-

2226 3905 2311 3949 tor
2337 3895 2619 3962 rohustus,
2644 3895 2791 3965 quod
2826 3893 3092 3949 Hebraice
3116 3892 3322 3947 dicitur
3350 3905 3561 3947 nassa
3590 3888 3808 3961 (me),

519 3981 819 4053 Propheta,
863 3982 1033 4039 immo
1063 3997 1160 4054 per
1188 3983 1523 4053 Propltetam
1569 3983 1834 4039 Dominus
1881 3986 2117 4059 Bahylo—
2221 3986 2368 4057 quod
2391 3986 2479 4042 vel
2500 3987 2775 4053 munitum,
2795 3987 2951 4055 juxta
2976 3983 3247 4053 Aquilam,
3276 3982 3367 4039 vel
3393 3982 3633 4036 clausum
3652 3991 3809 4051 atque

520 4079 627 4134 niis
676 4081 1044 4135 comminatus
1089 4088 1174 4134 est
1211 4097 1225 4133 :
1261 4079 1385 4149 quia
1435 4087 1725 4149 antequam
1755 4080 2000 4149 veniant,
2049 4082 2118 4137 ti-
2221 4078 2629 4145 circumdatum,
2670 4078 2822 4146 juxta
2883 4075 3277 4148 Symmachum
3314 4084 3373 4130 et
3416 4074 3564 4131 LXX
3618 4082 3801 4137 sonat.

519 4184 673 4225 more
701 4174 946 4238 superati
995 4170 1126 4234 sint,
1171 4186 1270 4227 nec
1316 4170 1533 4239 possint
1565 4171 1786 4227 elevare
1813 4188 2028 4240 manus,
2058 4182 2115 4230 et
2225 4167 2245 4207 ί
2271 4174 2444 4225 instar
2467 4170 2618 4226 urbis
2643 4170 2994 4234 firmissimas,
3022 4180 3081 4224 ut
3103 4168 3287 4224 nullas
3311 4168 3497 4239 populi
3522 4168 3808 4238 pertimes-

517 4261 771 4331 angustia
805 4277 902 4317 eos
930 4261 1411 4333 comprehenderit
1435 4262 1590 4332 quasi
1621 4262 1780 4318 dolor
1807 4265 2114 4335 parturien-
2217 4273 2305 4318 cat
2327 4262 2556 4318 insidias
2581 4279 2596 4329 ;
2626 4272 2682 4318 et
2726 4278 2849 4318 eum
2872 4262 3215 4333 probaveris,
3245 4262 3342 4329 ait,
3368 4269 3426 4317 et
3454 4260 3650 4315 scieris
3668 4261 3803 4314 viam

518 4365 663 4420 tem;
691 4369 802 4425 quo
840 4353 1030 4410 dolore
1070 4353 1205 4408 nihil
1245 4352 1523 4409 afﬁrmant
1559 4354 1784 4424 gravius
1824 4371 1946 4427 quas
1980 4371 2109 4416 seu-
2218 4356 2402 4426 populi
2431 4356 2823 4425 delinquentis,
2875 4364 3005 4411 tunc
3053 4354 3328 4425 intelligas
3362 4362 3655 4425 argentum
3702 4365 3804 4408 tete

513 4454 727 4502 serunt.
2216 4447 2573 4502 commixtum
2600 4446 2748 4501 nulla
2777 4445 2989 4502 ratione
3034 4460 3198 4517 posse
3228 4447 3474 4516 purgari.
3521 4441 3805 4512 Quomodo

583 4529 766 4601 (Vers.
795 4530 915 4602 25.)
951 4530 1132 4586 Nolite
1153 4532 1294 4586 exire
1322 4530 1392 4585 ad
1415 4548 1589 4604 agros,
1616 4540 1663 4587 et
1688 4534 1745 4587 in
1785 4534 1869 4588 via
1908 4551 1971 4589 ne
1995 4551 2107 4590 amo
2133 4530 2189 4590 D
2213 4536 2359 4592 enim
2391 4536 2669 4607 plumbum
2702 4536 2966 4591 miscetur
3014 4535 3285 4601 metallis,
3332 4550 3455 4606 qua:
3498 4534 3799 4591 adulterata

510 4620 698 4676 buletis
722 4639 741 4677 :
769 4624 1015 4692 quoniam
1064 4622 1274 4693 gladius
1308 4624 1506 4679 inimici
1549 4642 1712 4697 pavor
1756 4628 1809 4681 in
1855 4629 2099 4683 circuitu.
2212 4640 2339 4685 sunt
2367 4637 2533 4698 atque
2560 4628 2783 4693 violata,
2818 4637 2876 4683 ut
2920 4629 3148 4684 materia
3181 4636 3470 4696 separetur
3510 4627 3720 4693 aliena,
3747 4633 3800 4681 et

508 4713 681 4771 Docet
708 4716 1066 4787 Evangelium
1091 4716 1306 4789 (Matth.
1336 4717 1484 4789 xxtv)
1510 4733 1618 4773 non
1646 4734 1770 4775 esse
1795 4722 2103 4778 exeundum
2213 4721 2258 4775 si
2287 4719 2518 4775 forsitan
2542 4728 2769 4791 purgata
2792 4734 2901 4775 non
2938 4719 3123 4787 fuerit,
3151 4719 3447 4791 plumbum
3478 4735 3648 4775 omne
3674 4733 3799 4774 con-

506 4808 560 4862 in
593 4824 805 4880 agrum,
853 4826 954 4866 nec
999 4810 1069 4866 de
1122 4820 1388 4866 tectorum
1434 4811 1722 4867 altitudine
1767 4813 2105 4870 dcscenden-
2211 4812 2485 4877 sumitur,
2525 4822 2581 4867 et
2630 4812 2684 4866 in
2739 4812 2969 4867 nihilum
3002 4811 3319 4882 redigitur:
3355 4811 3430 4866 ita
3475 4826 3643 4868 omne
3687 4810 3797 4867 elo-

506 4897 636 4954 dum
657 4941 672 4966 ,
703 4902 797 4957 sed
825 4900 1158 4958 audiendum
1189 4901 1328 4959 illud
1363 4918 1378 4957 :
1409 4900 1477 4957 In
1515 4910 1685 4957 monte
1715 4902 1916 4958 salvum
1945 4913 1993 4958 te
2019 4905 2103 4975 {ac
2210 4906 2396 4977 quium
2429 4905 2799 4961 doctrinarum
2818 4945 2835 4973 ,
2867 4914 2925 4961 et
2954 4919 3142 4962 sermo
3183 4904 3548 4977 prapheticus
3578 4906 3720 4976 perit
3742 4904 3793 4960 in

574 5081 602 5148 ξ
641 5071 762 5148 Duo
784 5088 916 5129 mss.
938 5093 1116 5148 super,
1143 5093 1242 5147 pro
1267 5082 1541 5135 adversum
1572 5080 1797 5138 habent.

573 5142 609 5223 δ’
641 5142 811 5223 [idem
847 5160 979 5223 mss.
1004 5142 1470 5223 'qttemadmodjtm
1503 5162 1558 5208 et
1589 5167 1753 5219 penes
1778 5154 2085 5223 Rabauum,

496 5226 546 5268 et
572 5214 778 5300 dolores
797 5218 948 5300 quasi
981 5219 1333 5300 parturientis.
1360 5220 1430 5275 Et
1457 5214 1620 5292 paulo
1644 5233 1785 5293 post,
1807 5226 1929 5296 quia
1953 5214 2093 5298 quod

492 5295 769 5353 antequam
800 5295 1026 5342 veniant.

565 5356 1461 5450 ξ-ίαξᾴᾎῃὲίξ.ηρᾼιιιειιηῌςιξιοειιᾲιιιιι
1482 5378 1604 5450 cum
1624 5366 1875 5450 proxime
1896 5382 2087 5450 conse-
2275 5380 2297 5450 ξ
2337 5369 2569 5450 (ξίειθιις.
2601 5387 2728 5450 cum
2758 5373 2963 5450 vitim,
3001 5378 3124 5450 quia
3146 5377 3341 5450 projeci
3364 5394 3474 5450 eos.

487 5428 681 5520 quan—ti
692 5428 957 5520 nonnihil
968 5442 1293 5520 corruptum
1307 5443 1412 5520 .est
1433 5428 1713 5520 inlmttltis
1745 5441 2084 5520 manuscrip-
2276 5438 2295 5479 τ
2336 5441 2499 5513 Atqui
2534 5443 2734 5499 habent
2762 5428 2904 5500 LXX
2925 5428 2984 5502 in
3006 5428 3548 5520 iidiifélifii'iit‘tEm,
3573 5466 3693 5520 quzr
3713 5450 3773 5506 ad

408 5566 414 5572 _
474 5500 1127 5587 tisjixemplaribusnphi
1156 5502 1454 5587 scriptores
1487 5506 1693 5586 antiqui
1727 5520 1953 5576 prepter
1984 5500 2084 5565 itit-
2189 5526 2290 5567 nos
2321 5500 2491 5587 usque
2522 5530 2908 5587 pervenerunt,
2937 5500 3773 5587 έὶειὶιῇιξιτιῡυεζέῖῐέιὶῖἑεδὸῐ

474 5570 963 5661 ᾕςρειιιὶμξιῇψξ
1001 5570 1295 5661 ΔΙιεξιξι-Βίξιὲξ
1472 5570 1635 5661 sine;
1678 5570 1999 5661 posuerunt,
2028 5589 2084 5636 et
2185 5570 2688 5661 utpaaEivot_s-,_qua3
2716 5586 2826 5655 vix,
2861 5570 3767 5661 ahiuéii'itjdi'tiétu,$23,155:

474 5635 779 5724 idfdgnvel
800 5640 970 5724 idida,
997 5652 1091 5715 aut
1116 5642 1292 5724 idide,
1342 5659 1452 5724 pro:
1471 5635 1794 5724 totn,;_q'uod
1825 5635 2080 5724 dilectum
2185 5635 2690 5724 άὲιὲῑῇἷιὶιὶὶὶεῆιῐ
2720 5635 3046 5715 cEtiséﬁiuii'.

467 5703 771 5773 signiﬁcat;
796 5703 845 5763 si
866 5703 1015 5765 enim
1047 5703 1358 5780 poneretur:
1376 5703 1569 5782 ididia,
1586 5703 1839 5773 dilectum
1863 5703 2079 5776 Domini

2191 5098 2576 5162 souaret,_t_ton
2608 5090 2851 5146 dilectum
2872 5092 3275 5162 tantummodo,
3304 5102 3366 5150 ut
3389 5106 3584 5154 monet
3607 5097 3791 5154 Hiero-

2194 5174 2411 5231 nymus.
2448 5159 2716 5216 MARTIAN.
2960 5196 2961 5199 η

2194 5227 2292 5355 ιςά
2335 5229 2441 5286 Pro
2481 5232 2905 5300 misericordias,
2952 5234 3007 5289 in
3058 5235 3233 5291 tribus
3285 5250 3420 5292 mss.
3459 5247 3547 5294 est
3576 5240 3783 5295 mirabi-

2215 5316 2317 5355 ius.

2215 5316 2317 5355 tus.
