3972 6342
185 340 310 396 7'29

730 337 1380 397 COMMENTARIORUM
1417 336 1485 395 IN
1525 337 1868 395 JEREMIAM
1907 337 2328 396 PROI’HETAM
2370 338 2501 396 LIB.
2542 337 2620 395 ll.’
2645 337 2803 396 CAP.
2846 338 2960 396 VII.

3394 341 3499 398 750

187 454 293 512 his
325 456 418 528 qui
447 453 640 512 audire
661 464 1026 510 contemnunt
1050 453 1225 528 (Psal.
1257 452 1412 526 Lvn).
1455 454 1707 510 Dicamus
1738 463 1795 511 et
1823 456 1878 518 Α
1901 471 2022 513 mus
2052 457 2104 512 in
2135 457 2494 513 :ediﬁciorum
2524 456 2844 526 splendore,
2882 457 3200 529 auratisque
3227 459 3499 531 laqueari-

187 563 376 618 super
405 548 521 614 his,
554 547 646 618 qui
691 546 838 602 sicut
862 546 1080 616 aSpides
1121 546 1302 602 surda:
1344 547 1608 602 obturant
1634 562 1798 604 aures

190 655 354 708 suas,
383 656 450 696 ne
476 640 698 695 audiant
727 654 894 694 voces
928 640 1347 694 ineantantium.
1397 639 1620 695 Frustra
1649 640 1796 696 enim

189 731 462 786 conﬂavit
489 733 837 802 argentarius
883 731 1005 786 sive
1035 730 1300 786 conﬂatur
1339 748 1351 784 :
1383 731 1608 786 malitiae
1649 732 1795 786 enim

190 837 394 877 eorum
429 839 536 876 non
571 831 694 877 sunt
725 833 1091 893 consumptae.
1135 821 1293 878 Unde
1323 837 1668 893 nequaquam
1707 839 1796 878 ar-

189 923 449 985 gentum,
479 915 576 970 sed
608 926 894 985 argentum
927 915 1224 986 reprobum
1256 926 1382 970 sunt
1414 917 1593 972 vocati
1623 934 1636 970 :
1669 917 1794 986 quia

192 1005 471 1062 Dominus
493 1006 691 1076 abiecit
709 1021 825 1061 eos.
855 1006 1134 1077 Principes
1151 1017 1335 1063 autem
1362 1017 1489 1062 sunt
1515 1024 1542 1062 a
1565 1007 1794 1063 Domino

194 1100 550 1160 recedentes.
585 1101 703 1156 sive
742 1099 1143 1166 iuobedientes,
1177 1101 1267 1170 qui
1311 1115 1577 1171 perverse
1603 1100 1797 1157 auibu-

191 1190 322 1248 lant
348 1203 404 1248 et
437 1193 839 1248 fraudulenter.

275 1283 433 1356 (Cap.
472 1284 580 1340 Vll.
612 1315 684 1326 —
713 1285 866 1341 Vers.
895 1286 946 1351 1,
978 1284 1060 1356 2.)
1089 1284 1314 1340 Verbum
1333 1285 1470 1354 quod
1499 1286 1692 1356 factum
1719 1295 1794 1340 est

190 1375 269 1428 ad
296 1373 578 1430 les-entiam
608 1392 641 1429 a
686 1376 930 1445 Domino,
965 1377 1139 1430 dicens
1167 1395 1185 1431 :
1212 1375 1310 1432 Sta
1337 1379 1387 1430 in
1416 1386 1565 1449 porta
1609 1378 1792 1434 domus

190 1465 438 1535 Domini,
464 1476 510 1519 rt
531 1467 758 1539 pra’dica
783 1468 892 1540 (vel
917 1467 1048 1540 lege)
1077 1470 1145 1522 ibi
1176 1470 1382 1523 verbum
1410 1469 1570 1538 istud,
1594 1479 1640 1525 et
1664 1471 1749 1524 dic
1771 1488 1790 1524 :

186 1558 386 1613 Audite
405 1558 613 1613 verbum
648 1559 856 1615 Domini
905 1563 1071 1616 omnis
1108 1560 1280 1630 Juda,
1332 1562 1422 1633 qui
1457 1563 1791 1633 ingredimini

186 1668 285 1722 per
313 1660 489 1724 portas
511 1654 626 1719 has,
660 1662 713 1707 ut
744 1654 971 1708 adoretis
996 1652 1294 1708 Dominum.
1330 1654 1440 1709 Hoc
1465 1656 1516 1710 in
1547 1655 1790 1712 editione

185 1744 342 1800 LXX
387 1762 493 1800 non
531 1746 785 1814 habetur,
817 1748 911 1803 sed
952 1748 1022 1803 de
1063 1757 1090 1786 ει
1137 1747 1521 1805 Theodotione
1571 1765 1638 1804 ex
1685 1749 1784 1803 lle-

1901 547 2026 613 bus,
2051 559 2106 602 et
2130 548 2344 604 vestitis
2374 548 2674 617 parietibus
2704 564 3040 604 marmorum
3069 551 3288 606 crustis.
3320 551 3386 606 Et
3411 550 3497 607 di-

1899 654 2086 695 camus
2118 655 2133 695 :
2174 639 2466 708 Templum
2498 639 2737 701 Domini.
2785 642 3046 708 templum
3084 641 3321 707 Domini,
3353 650 3493 698 tem-

1901 732 2049 802 plum
2079 731 2294 786 Domini
2323 742 2426 787 est.
2460 733 2600 789 Illud
2630 733 2777 788 enim
2817 735 3078 804 templum
3125 735 3339 789 Domini
3365 743 3486 802 est,

1899 826 1952 879 in
1984 841 2094 896 quo
2123 826 2335 880 habitat
2366 841 2492 880 vera
2524 826 2680 892 lides,
2721 837 2906 882 sancta
2951 841 3146 882 convet
3161 827 3340 894 satio,
3373 842 3494 884 om-

1898 916 2162 985 niumque
2185 918 2444 971 virtutum
2477 917 2699 972 chorus.
2735 916 2980 988 Denique
3009 918 3170 974 infert
3194 938 3206 974 :
3232 919 3296 975 Si
3323 926 3490 974 rectas

1896 1010 2119 1081 feceritis
2163 1011 2272 1063 vias
2300 1021 2523 1074 vestras,
2551 1019 2606 1064 et
2631 1010 2890 1080 cogitatio
2921 1017 3100 1065 vestra
3135 1026 3246 1065 non
3290 1009 3493 1066 abierit

1897 1111 2020 1173 post
2041 1118 2314 1168 errorem,
2347 1113 2402 1158 et
2430 1103 2600 1158 secuti
2634 1103 2846 1158 fueritis
2867 1104 3165 1174 justitiam,
3195 1114 3249 1160 et
3279 1104 3478 1159 malum

1895 1211 2002 1250 non
2036 1195 2298 1262 feceritis,
2331 1210 2507 1263 neque
2531 1193 2833 1250 eﬁ‘uderitis
2877 1198 3194 1265 sanguinem
3223 1194 3487 1251 innocen-

1894 1296 2026 1352 tem,
2055 1288 2332 1357 simplices
2359 1302 2600 1357 quosque
2646 1302 2751 1341 nnn
2779 1285 3243 1351 scandalizantes;
3274 1297 3328 1340 et
3349 1294 3477 1355 post

1893 1380 2026 1436 deos
2050 1381 2259 1436 alienos
2283 1395 2388 1435 non
2417 1381 2855 1445 ambulat-eritis,
2890 1393 3148 1448 perversa
3179 1378 3476 1432 adorantes

1891 1470 2167 1542 dogmata,
2201 1488 2324 1542 qua:
2352 1472 2422 1527 de
2451 1482 2635 1527 vestro
2664 1471 2831 1526 corde
2861 1469 3164 1525 simulastis
3195 1470 3247 1523 in
3278 1468 3482 1524 malum

1891 1563 2295 1632 vobismetipsis
2321 1583 2335 1620 :
2364 1564 2446 1618 vel
2484 1564 2739 1618 habitabo
2762 1563 3046 1617 vobiscum
3091 1563 3143 1616 in
3187 1561 3310 1618 luco
3351 1560 3480 1625 isto,

1891 1669 2050 1724 quem
2077 1655 2284 1708 vocatis
2309 1655 2596 1725 Templum
2633 1655 2750 1718 Dei,
2780 1662 2836 1709 et
2882 1654 2933 1708 in
2985 1663 3126 1708 terra
3153 1669 3315 1724 quam
3355 1651 3484 1708 dedi

1892 1747 2135 1816 patrihus
2159 1748 2380 1814 vestris,
2407 1747 2684 1815 Apostolis
2709 1746 2923 1801 scilicet
2953 1757 3009 1802 et
3035 1746 3368 1815 Apostolicis
3405 1744 3486 1800 vi-

185 1837 382 1893 braico
407 1837 651 1894 additum
699 1849 805 1894 est.
833 1839 1140 1908 lmperatur
1169 1848 1352 1894 autem
1382 1839 1692 1910 Prophetas,
1729 1847 1786 1893 ut
1821 1833 1862 1892 Β
1893 1843 1970 1896 ris
2002 1858 2016 1894 :
2049 1841 2133 1895 vel
2156 1850 2304 1895 certe
2343 1841 2498 1895 ﬁrma
2532 1842 2774 1894 statione
2795 1839 3044 1894 habitare
3074 1855 3170 1892 vos
3221 1840 3412 1893 faciam
3451 1853 3484 1893 a

186 1939 306 1984 stet
333 1930 384 1984 in
416 1941 570 2000 porta
599 1932 837 1998 Domini,
874 1946 974 2002 per
1011 1947 1172 2002 quam
1206 1931 1271 1985 ad
1305 1930 1641 1985 adorandum
1680 1929 1785 1984 Do-
1817 1979 1821 1986 .

188 2023 402 2078 minum
430 2023 734 2094 ingreditur
759 2025 948 2097 populi
973 2024 1261 2080 multitudo
1287 2042 1300 2080 :
1325 2035 1384 2078 ut
1411 2040 1506 2094 per
1532 2024 1672 2079 hanc
1693 2038 1785 2079 oc-

188 2116 474 2171 casionem
528 2119 744 2188 possint
787 2117 978 2174 audire
1018 2134 1140 2190 quas
1188 2119 1451 2172 Dominus
1513 2117 1782 2188 praecipit.

189 2205 303 2263 Per
326 2209 468 2279 quod
495 2210 854 2281 intelligimus
892 2211 1150 2266 duritiam
1192 2211 1379 2281 populi
1425 2209 1740 2264 .ludreorum
1767 2255 1782 2277 ,

189 2300 322 2369 quia
349 2299 506 2370 quasi
542 2301 837 2358 mendaces
867 2311 1032 2373 atque
1061 2317 1294 2357 vesanos
1326 2301 1624 2358 habuerint
1653 2299 1786 2356 Pro-

191 2391 414 2461 phetas,
443 2393 573 2448 dum
619 2409 715 2464 per
750 2396 1097 2450 occasionem
1150 2405 1202 2450 et
1251 2395 1634 2450 celebritatem
1679 2393 1784 2448 loci

195 2484 395 2540 audire
425 2487 813 2557 coguntverba
847 2487 1095 2555 Domini;
1142 2497 1196 2544 et
1227 2502 1337 2543 non
1383 2497 1612 2558 propter
1659 2485 1784 2554 hoc,

197 2575 348 2646 quod
382 2577 550 2632 verba
578 2578 690 2633 sint
721 2579 960 2633 Domini.

270 2664 450 2740 (Vers.
478 2666 561 2740 5.)
590 2667 719 2723 Haec
740 2669 865 2723 dicit
899 2668 1151 2724 Dominus
1173 2669 1513 2735 exercituum,
1548 2666 1688 2722 Deus
1710 2667 1790 2721 ls-

193 2760 310 2814 rael
331 2777 350 2814 :
376 2759 550 2814 Bonas
573 2763 731 2831 facite
762 2762 902 2835 (sive
933 2760 1166 2833 dirigite)
1187 2763 1294 2815 vias
1315 2771 1507 2815 vestras
1527 2770 1574 2814 et
1611 2761 1788 2814 studia

193 2861 362 2908 vestra
383 2854 526 2923 (sive
547 2855 936 2910 adint'entioncs
959 2853 1255 2924 vestras),et
1271 2855 1513 2909 habitabo
1532 2853 1786 2908 vobiscum

192 2947 249 2999 in
283 2947 394 3000 loco
438 2948 541 3001 isto
585 2949 728 3019 (sive
777 2949 1012 3002 habitare
1037 2965 1126 3002 vos
1164 2949 1355 3018 faciant
1393 2949 1444 3001 in
1495 2947 1606 3001 loco
1637 2946 1782 3018 isto).

193 3040 358 3112 891
391 3038 869 3096 Clementissimus
916 3041 1162 3098 medicus
1215 3041 1365 3096 omni
1416 3040 1536 3112 [Αι.
1572 3038 1787 3112 omnes]

193 3134 519 3187 vulneratos
559 3133 708 3202 cupit
746 3147 943 3188 sanare
987 3132 1370 3188 medicamine.
1414 3131 1644 3199 Quando
1692 3145 1788 3184 au—

195 3232 306 3280 tem
334 3225 468 3281 dicit
501 3243 514 3279 :
544 3225 720 3280 Bonas
749 3227 902 3296 facite
922 3267 937 3290 ,
971 3226 1088 3281 sive
1122 3226 1361 3296 corrigite
1403 3226 1508 3278 vias
1554 3232 1778 3288 vestras,
1811 3210 1857 3273 C

193 3319 438 3374 ostendit
480 3335 577 3375 eas
623 3335 746 3376 esse
794 3333 1111 3390 perversos,
1143 3329 1197 3374 et
1229 3318 1362 3373 nihil
1410 3319 1462 3373 in
1491 3333 1550 3373 se
1583 3316 1785 3372 habere

193 3409 343 3466 boni.
383 3411 450 3465 Et
473 3411 599 3476 quia
628 3411 878 3467 naturale
908 3419 1012 3476 est,
1055 3421 1111 3464 ut
1143 3411 1516 3480 unusquisque
1547 3407 1786 3479 genitale

191 3502 385 3574 diligat
404 3503 614 3569 solum,
645 3514 700 3558 et
729 3503 862 3558 nihil
891 3502 1104 3558 dulcius
1148 3503 1343 3556 habeat
1374 3501 1548 3571 patria
1569 3541 1584 3564 ,
1627 3497 1785 3569 polli-

191 3607 350 3651 cetur
379 3594 602 3666 prmmia
635 3595 1041 3652 obedientibus.
1092 3592 1356 3649 Habitabo
1387 3592 1584 3660 inquit,
1612 3589 1780 3645 robis-

191 3702 332 3750 cum,
374 3693 435 3740 ut
463 3700 692 3742 securos
740 3687 808 3742 de
860 3685 1199 3740 habitatione
1247 3700 1342 3740 vos
1383 3682 1575 3738 iaciam
1617 3699 1630 3736 :
1665 3682 1783 3736 sive

189 3791 294 3832 vos
341 3777 517 3845 ipsos,
562 3776 718 3848 juxta
760 3776 1176 3848 Symmachum,
1229 3777 1383 3830 ﬁrma
1439 3773 1784 3829 habitatione

191 3866 456 3935 fundabo,
487 3869 578 3940 qui
609 3869 684 3924 ait
716 3886 729 3922 :
767 3869 833 3923 Et
861 3868 1178 3938 conﬁrmabo
1206 3884 1292 3922 vos
1322 3867 1376 3920 in
1406 3867 1518 3921 loco
1547 3867 1672 3920 isto.

261 3959 443 4029 (Vers.
470 3961 504 4014 4
537 3960 718 4030 seqq.)
753 3960 933 4015 Nolite
957 3961 1216 4030 confidere
1241 3961 1292 4012 in
1334 3959 1495 4012 verbis
1519 3957 1780 4011 mendaci—

190 4054 284 4108 bus
309 4050 416 4125 [ΑΙ.
449 4053 751 4125 mendacii],
783 4055 1007 4108 dicentes
1032 4069 1051 4107 :
1077 4049 1348 4123 Templum
1389 4049 1622 4115 Domini,
1652 4060 1781 4104 tem-

187 4143 333 4215 plum
363 4143 589 4213 Domini,
625 4143 870 4217 templum
890 4143 1103 4197 Domini
1133 4150 1207 4196 est
1239 4159 1258 4196 :
1287 4142 1535 4212 quoniam
1557 4143 1602 4196 si
1630 4141 1781 4194 bene-

188 4235 422 4290 dixeritis
446 4235 586 4306 (sive
607 4234 634 4275 ιι
655 4235 969 4302 direxeritis)
988 4235 1095 4288 vias
1115 4242 1306 4288 vestras
1320 4241 1366 4286 et
1384 4233 1556 4286 studia
1571 4240 1733 4286 vestra
1757 4247 1777 4285 :

187 4331 233 4384 si
255 4329 476 4399 feceritis
497 4330 760 4403 judicium
782 4331 915 4382 inter
934 4328 1100 4382 virum
1121 4335 1168 4380 et
1193 4327 1647 4398 proximumsuum
1663 4322 1776 4395 [ΑΙ.

187 4427 321 4501 ejus]
345 4447 358 4483 :
381 4429 610 4496 adventa,
629 4437 675 4481 et
696 4426 917 4499 pupillo,
937 4434 985 4480 et
1009 4425 1177 4480 vidua:
1206 4440 1308 4476 non
1331 4422 1556 4493 feceritis
1575 4421 1777 4474 calum-

188 4524 328 4576 niam
359 4522 500 4594 (sive
526 4539 632 4576 non
655 4521 1007 4593 Oppresseritis
1036 4520 1154 4588 eos)
1176 4533 1270 4571 nec
1297 4515 1605 4586 sanguinem
1626 4514 1778 4568 inno-

1890 1934 2156 2004 principio
2178 1949 2350 2004 usque
2376 1934 2440 1988 ad
2470 1936 2650 1988 tinem.
2683 1931 2872 1987 Potest
2901 1930 3006 1986 hoc
3041 1939 3095 1986 et
3119 1930 3232 1986 illis
3257 1929 3486 2001 virgini-

1888 2026 1991 2081 bus
2020 2026 2332 2090 convenire,
2381 2039 2506 2095 quae
2545 2026 2758 2093 jactant
2804 2020 3143 2092 pudicitiam,
3196 2030 3250 2075 et
3303 2021 3482 2088 impu-

1888 2116 2039 2172 denti
2089 2117 2241 2172 vultu
2274 2116 2574 2186 przel‘ernnt
2616 2116 2965 2181 castitatem,
3015 2128 3138 2169 cum
3187 2112 3336 2168 aliud
3385 2110 3483 2166 ha-

1890 2208 2015 2265 beat
2055 2209 2422 2274 c0nscientia,
2471 2220 2526 2263 et
2581 2207 2838 2263 nesciunt
2885 2206 3035 2261 illam
3099 2204 3484 2261 deﬁnitionem

1890 2302 2137 2372 Apostoli
2165 2303 2522 2373 virginalem:
2559 2300 2811 2374 0(892
2837 2299 2904 2354 sit
2945 2311 3128 2354 sancta
3171 2314 3389 2369 corpore
3430 2308 3482 2354 et

1887 2394 2098 2465 spiritu.
2132 2394 2273 2463 Quid
2298 2395 2444 2450 enim
2472 2395 2692 2464 prodest
2724 2394 2974 2463 corporis
3013 2392 3268 2462 pudicitia
3299 2391 3484 2446 animo

1889 2494 2266 2556 constuprato,
2316 2485 2364 2540 si
2411 2496 2637 2541 caeteras
2678 2486 2913 2540 virtutes
2939 2498 3074 2554 quas
3123 2482 3482 2556 propheticus

1889 2593 2070 2633 sermo
2099 2577 2410 2647 descripsit,
2443 2593 2548 2632 non
2583 2577 2875 2632 habuerit?

1964 2670 2146 2744 (Vers.
2177 2671 2210 2726 8
2231 2669 2409 2741 seqq.)
2441 2669 2574 2724 Ecce
2612 2687 2700 2725 vos
2743 2670 3001 2740 conﬁditis
3030 2669 3171 2724 vobis
3210 2670 3266 2723 in
3311 2668 3478 2723 verbis

1887 2764 2145 2818 mendacii
2177 2763 2318 2836 (sive
2361 2762 2726 2831 mendacibus)
2755 2778 2871 2830 qua:
2912 2761 3105 2834 [Vulg.
3160 2760 3484 2815 sermonibus

1889 2856 2000 2928 qui]
2050 2874 2152 2910 non
2203 2856 2485 2928 proderunt
2515 2856 2676 2910 vobis.
2713 2854 2930 2916 Furari.
2965 2855 3217 2918 occidere,
3267 2852 3480 2907 adulte-

1890 2966 2031 3016 rare,
2070 2955 2257 3023 jnrare
2285 2950 2619 3013 mendaciter,
2655 2949 2818 3003 libare
2871 2947 3111 3017 Baalim,
3152 2956 3200 3002 et
3244 2949 3321 3001 ire
3365 2956 3484 3019 post

1891 3045 2014 3100 deos
2039 3043 2240 3099 alienos
2270 3059 2396 3111 quos
2426 3045 2698 3116 ignoratis.
2730 3043 2800 3097 Et
2828 3043 3057 3110 venistis,
3089 3051 3136 3097 et
3159 3043 3377 3097 stetistis
3392 3057 3482 3096 co-

1889 3153 2002 3190 ram
2036 3152 2115 3189 me
2150 3137 2203 3189 in
2235 3137 2390 3191 domo
2432 3138 2549 3198 hac,
2599 3137 2785 3206 inqua
2831 3135 3122 3188 invocatum
3167 3143 3244 3189 est
3294 3148 3482 3187 nomen

1888 3245 2077 3294 meum,
2112 3238 2160 3283 et
2189 3229 2394 3284 dixistis
2427 3245 2447 3283 :
2473 3228 2702 3284 Liberati
2741 3244 2920 3282 sumus
2964 3227 3104 3300 (sive
3131 3227 3430 3298 desinimus)
3465 3243 3478 3280 :

1888 3337 1946 3375 eo
1970 3321 2109 3390 quod
2129 3321 2400 3390 fecerimus
2429 3337 2604 3375 omnes
2633 3319 3044 3373 abominationes
3071 3320 3221 3374 istas.
3256 3318 3480 3374 Frustra

1887 3424 1983 3466 eos
2012 3411 2062 3463 in
2098 3411 2304 3479 templo
2357 3411 2560 3466 habere
2600 3410 2879 3475 ﬁduciam,
2928 3410 3214 3479 sequentia
3261 3418 3480 3480 peccata

1887 3503 2286 3558 demonstrant.
2328 3502 2467 3572 Quid
2498 3503 2642 3557 enim
2690 3502 2914 3573 prodest
2963 3502 3226 3557 audacter
3271 3499 3480 3571 ingredi

1885 3594 2052 3649 limen
2081 3593 2278 3648 domus
2306 3594 2422 3662 Dei,
2473 3601 2655 3649 erecta
2680 3603 2830 3648 stare
2861 3593 3080 3648 cervice
3125 3611 3139 3647 :
3172 3603 3225 3647 et
3253 3605 3360 3647 non
3392 3605 3486 3648 so-

1887 3685 1997 3741 lum
2031 3701 2149 3754 cor,
2181 3685 2276 3741 sed
2307 3696 2362 3740 et
2392 3701 2588 3741 manus
2617 3685 2819 3740 habere
2845 3685 3082 3756 pollutas
3103 3725 3116 3750 ,
3163 3685 3333 3747 furto,
3385 3682 3485 3737 ho-

1885 3777 2130 3846 micidio,
2155 3779 2448 3843 adulterio,
2481 3779 2742 3846 periurio,
2775 3777 3084 3848 sacrilegio,
3119 3789 3172 3830 et
3201 3776 3348 3831 cultu
3390 3790 3480 3831 eo.

1886 3888 2004 3928 rum
2037 3873 2264 3928 deorum
2296 3887 2436 3942 quos
2467 3873 2725 3926 nescias?
2764 3872 2888 3926 llaec
2929 3869 3294 3938 spiritualiter
3337 3868 3481 3924 acci-

1884 3964 2013 4019 dere
2044 3966 2095 4019 in
2139 3965 2381 4020 Ecclesia
2417 3978 2579 4018 nemo
2621 3962 2870 4027 dubitat,
2923 3961 3141 4031 quando
3193 3959 3478 4029 praesentis

1883 4058 2146 4126 temporis
2201 4057 2613 4113 considerantes
2667 4055 3018 4117 felicitatem,
3088 4067 3185 4107 sua
3255 4061 3474 4121 peccata

1885 4165 1991 4204 non
2048 4159 2298 4218 reputant
2346 4158 2445 4204 :et
2475 4148 2646 4203 latere
2711 4147 3043 4203 arbitrantur
3095 4145 3294 4209 Deum,
3346 4143 3469 4212 quia

1885 4257 1990 4296 non
2037 4242 2218 4297 statim
2280 4241 2515 4296 vindicta
2566 4240 2944 4306 consequitur;
3005 4239 3134 4307 quin
3185 4235 3368 4305 potius
3416 4234 3469 4288 in

1885 4344 2086 4390 tantam
2138 4341 2498 4404 prorumpunt
2544 4333 2861 4395 amentiam,
2896 4340 2956 4384 ιιι
2987 4329 3246 4384 liberatos
3276 4341 3336 4382 se
3375 4341 3478 4397 pu-

1884 4435 2020 4492 tent,
2051 4426 2176 4495 quia
2230 4434 2352 4495 post
2400 4426 2538 4480 mala
2569 4439 2734 4494 Opera
2761 4423 2923 4477 etiam
2970 4436 3000 4475 a
3050 4421 3201 4476 cultu
3256 4416 3474 4472 Domini

1881 4525 2243 4573 recesserunt.

187 4591 380 4668 centeni
402 4612 686 4680 effuderitis
710 4591 763 4667 in
783 4611 898 4666 loco
918 4611 1013 4665 hoc
1044 4627 1062 4665 :
1090 4619 1136 4664 et
1167 4618 1279 4681 post
1301 4609 1422 4660 deos
1451 4606 1650 4660 alienos
1669 4622 1774 4659 non
1802 4591 1858 4650 Ῑ)
1953 4609 2136 4671 (Vers.
2174 4609 2286 4679 Η.)
2319 4607 2588 4678 Numquid
2620 4606 2800 4679 [ναις.
2836 4605 2999 4678 Ergo]
3029 4605 3279 4670 spelunca
3311 4604 3475 4658 latro-

189 4707 570 4762 ambulaveritis
594 4708 649 4760 in
674 4707 870 4760 malum
898 4704 1272 4775 vobismetipsis
1289 4718 1307 4766 ;
1341 4699 1582 4755 habitabo
1607 4699 1774 4754 vobis—

189 4814 302 4853 cum
327 4799 467 4872 (sive
492 4798 727 4853 habitare
761 4814 848 4851 vos
890 4794 1101 4867 faciam)
1138 4795 1192 4847 in
1239 4794 1336 4848 isto
1362 4793 1496 4860 loco,
1545 4795 1600 4846 in
1639 4801 1777 4846 terra

187 4911 341 4965 quam
362 4893 484 4947 dedi
505 4891 739 4964 patribus
759 4890 938 4946 vestris
967 4907 999 4944 a
1027 4888 1216 4943 steculo
1245 4904 1403 4958 usque
1427 4889 1478 4941 in
1505 4889 1772 4942 sa’culum.

189 4985 300 5040 Hoc
337 4984 482 5053 quod
525 4982 878 5051 Septuaginta
919 4982 972 5036 in
1024 4979 1188 5046 hujus
1237 4978 1463 5045 capituli
1515 4979 1780 5034 addidere

187 5077 454 5148 principio
486 5094 500 5131 :
527 5075 595 5130 In
617 5075 781 5130 verbis
807 5073 1089 5136 mendacii,
1122 5085 1240 5141 qua:
1258 5069 1399 5122 vobis
1429 5070 1640 5124 omnino
1673 5086 1776 5124 non

185 5168 494 5236 proderunt,
538 5168 590 5222 in
625 5164 894 5221 Hebraico
924 5178 1031 5218 non
1061 5161 1314 5217 habetur.
1362 5161 1630 5232 Praecepit
1675 5176 1776 5216 au-

188 5274 292 5320 tem
335 5273 387 5319 et
429 5274 556 5318 tunc
582 5261 786 5332 populo
831 5258 1168 5322 Judaeorum,
1201 5266 1254 5310 et
1303 5254 1467 5309 hodie
1497 5254 1656 5308 nobis
1688 5254 1779 5324 qui

188 5357 437 5414 videmur
477 5357 531 5412 in
562 5354 808 5411 Ecclesia
838 5351 1146 5416 constituti,
1181 5365 1250 5405 ne.
1295 5349 1546 5403 ﬁduciam
1575 5347 1783 5404 habea-

257 5529 280 5558 ⁸
323 5519 380 5574 1η
412 5511 1402 5590 quodamﬂexaplariParisiensium
1440 5507 1775 5590 Jesnitarum

188 5606 285 5648 ms.
336 5579 475 5644 test'e
506 5579 938 5652 Montl‘auconio,
984 5585 1183 5654 legitur
1214 5581 1286 5637 ad
1333 5579 1776 5636 'l‘lieodotionem

187 5660 407 5719 Ἰουδαία
437 5675 537 5730 pro
561 5657 726 5730 Juda.

193 5782 197 5792 ,
245 5718 302 5801 κδ
323 5718 713 5801 Repbneudum
744 5729 961 5801 videtur
990 5740 1114 5782 cum
1148 5722 1394 5801 Victorio
1428 5737 1499 5801 est
1544 5718 1776 5801 Vulgata

190 5800 321 5860 edit.
354 5791 582 5873 ipsoque
615 5795 834 5860 Hieroii'.
871 5796 1279 5856 Commentario
1295 5794 1419 5850 bene
1446 5791 1779 5848 direxeritis:

1884 4717 2009 4756 num
2033 4703 2171 4772 facta
2191 4700 2474 4755 estdomus
2500 4700 2600 4753 ista
2622 4700 2758 4769 (sive
2788 4696 2945 4768 mea),
2980 4699 3035 4751 in
3055 4713 3155 4768 qua
3184 4698 3475 4750 invocatum

1883 4806 1958 4851 est
2007 4813 2196 4850 nomen
2225 4811 2395 4849 meum
2444 4795 2498 4847 in
2530 4793 2694 4847 oculis
2725 4791 2942 4846 vestris?
2971 4789 3106 4863 Ego,
3159 4804 3253 4863 ego
3300 4805 3416 4844 sum
3442 4807 3476 4844 ‘:

1885 4906 1978 4962 ego
2007 4891 2134 4955 vidi,
2166 4889 2290 4944 dicit
2321 4887 2599 4942 Dominus.
2637 4886 2712 4941 De
2759 4884 2863 4940 hoc
2909 4885 3026 4939 loco
3075 4884 3128 4938 in
3182 4883 3478 4951 Evangelia

1885 4990 2226 5052 aSs-umptum
2261 4991 2427 5050 puto:
2455 4978 2721 5048 Scriptum
2750 4987 2822 5031 est
2844 4993 2862 5031 :
2888 4975 3088 5030 Domus
3130 4973 3307 5029 Patris
3337 4975 3435 5028 mei
3463 5014 3478 5037 ,

1885 5074 2068 5128 domus
2099 5073 2349 5127 orationis
2377 5070 2639 5125 vocabitur
2678 5085 2697 5123 :
2741 5084 2828 5121 vos
2875 5076 3048 5121 autem
3096 5066 3291 5136 fecistis
3330 5063 3477 5119 illam

1882 5165 2180 5238 speluncam
2219 5166 2481 5220 latronum
2514 5161 2740 5233 (Matth.
2776 5176 2901 5228 ut,
2949 5159 3068 5232 1'5);
3119 5160 3236 5215 sive
3260 5203 3274 5226 ,
3321 5167 3380 5214 ut
3423 5158 3477 5212 in

1879 5257 1989 5312 alio
2021 5256 2314 5328 Evangelii)
2349 5267 2370 5294 ε
2405 5256 2668 5324 scriptum
2717 5263 2798 5309 est
2819 5297 2832 5321 ,
2863 5253 3073 5307 domum
3110 5250 3478 5322 negotiationis

1880 5346 2064 5420 (Joan.
2095 5364 2164 5416 ιι,
2198 5348 2309 5417 16).
2346 5347 2589 5404 Ecclesia
2637 5347 2729 5402 Dei
2777 5349 3011 5402 vertitur
3055 5345 3111 5399 in
3152 5343 3477 5414 speluncam

1883 5506 2217 5578 lacileienim
2247 5507 2614 5578 Hieronymus
2643 5505 2767 5560 ideo
2787 5505 3010 5559 verbum
3045 5501 3172 5557 bene
3197 5499 3475 5557 addiderit

1883 5579 2024 5648 quod
2057 5577 2127 5631 ita
2156 5577 2210 5632 in
2241 5577 2471 5632 Hebrazo
2490 5577 2880 5648 (replicaretur.

1960 5659 1982 5687 ε
2027 5648 2141 5703 Duo
2171 5663 2328 5712 mss.,
2360 5646 2498 5719 quod
2533 5641 2782 5717 scriptum
2819 5653 2895 5701 est
2923 5660 2943 5700 :
2971 5657 3137 5716 penes
3167 5641 3473 5710 Rabanum,

1882 5717 1967 5775 ubi
1994 5721 2069 5774 ita
2105 5719 2354 5789 scriptum
2372 5717 2484 5774 Vest.
