3972 6352
501 275 601 331 ’131

1763 268 1824 325 S.
1869 265 2145 325 EUSEBII
2182 264 2555 331 lilEﬂONYlll

3686 252 3780 311 τω

500 389 795 453 latronum,
830 384 1048 457 quando
1093 383 1258 452 torta,
1295 382 1626 451 homicidia,
1664 382 1933 443 adulteria
1958 423 1973 448 ,
2006 396 2092 441 sa-
2122 383 2173 453 Α
2199 382 2371 441 tribus
2401 399 2522 454 qua:
2558 380 2894 443 vocabamur
2935 379 3124 447 lsracl,
3166 386 3226 434 et
3264 376 3553 435 habebant
3600 372 3783 447 ιιτὶηώ

507 478 752 546 crilegia.
782 475 1044 545 periuria,
1079 475 1353 533 haereseos
1380 474 1714 541 adiuvantia,
1745 484 1799 537 et
1828 473 2013 535 munia
2042 475 2095 531 in

504 585 567 626 ea
599 567 811 627 scelera
838 574 1165 625 versantur:
1189 567 1408 635 quando
1437 567 1681 627 avaritia:
1715 565 1926 627 facibus
1949 567 2097 636 prin-

504 660 656 729 cipes
685 659 1058 726 inardescunt.
1090 668 1145 718 et
1176 675 1364 729 regum
1393 659 1663 729 quondam
1695 674 1852 727 opes,
1886 659 1993 716 vile
2006 669 2099 719 aut

504 761 789 811 certe‘nou
822 752 930 809 vile
963 752 1243 819 palliolum
1266 750 1528 821 possidet.
1558 751 1713 813 Unde
1735 751 1933 809 infert:
1961 750 2095 822 Ego,

503 861 600 916 ego
627 862 764 911 sum,
796 861 890 917 ego
915 844 1048 914 uidi,
1073 845 1199 905 dicit
1228 845 1504 904 Dominus.
1543 846 1696 904 Oculi
1727 846 1835 904 mei
1853 854 2100 902 contem—

2198 487 2293 544 pes
2361 483 2584 543 propter
2636 472 2933 531 Jeroboam
2993 471 3163 529 tilium
3219 468 3438 527 Nabatb
3509 466 3582 523 de
3653 465 3782 527 tribu

2198 564 2481 635 Ephraim,
2526 580 2650 634 quae
2695 566 2888 625 eadem
2918 563 3298 634 appellabatur
3331 561 3514 621 tribus
3546 556 3785 628 loseplt:

2198 662 2279 719 sic
2324 662 2488 717 etiam
2522 659 2823 717 Jerusalem
2853 668 2911 715 et
2956 660 3157 715 tribum
3187 657 3323 717 Juda
3356 671 3484 715 cum
3513 652 3787 723 Beniamin

2198 771 2259 812 se
2279 756 2616 825 obiecturum
2648 769 2772 811 esse
2796 763 3053 811 testatur.
3086 752 3304 819 Abiecit
3336 750 3509 820 igitur
3534 747 3680 812 Silo,
3706 746 3790 801 ab

2195 848 2437 919 jecturus
2480 856 2538 904 et
2565 848 2850 916 Templum
2900 864 2913 901 :
2967 844 3401 913 abjecitdeoem
3453 840 3662 903 tribus,
3708 838 3791 893 ab.

507 936 640 1007 ptati
668 945 818 1001 sunt,
850 934 995 1006 quod
1018 951 1112 994 vos
1143 936 1348 1006 putatis
1376 937 1649 995 occultum
1678 954 1693 993 :
1718 937 1958 997 teneer
1982 935 2095 995 the-
2193 942 2441 1013 jecturus
2478 951 2534 997 et
2557 941 2712 997 duas.
2745 939 3016 1010 Quidquid
3052 937 3131 994 illi
3178 936 3381 1005 populo
3430 933 3666 997 dicitur,
3708 933 3790 987 iu-

510 1042 793 1087 saurorum
824 1044 998 1087 meam
1033 1045 1139 1085 non
1166 1028 1378 1100 fugiunt
1407 1029 1824 1090 conscientiam.
1850 1029 2099 1096 Quicum

510 1118 664 1175 dives
692 1129 874 1185 esset,
912 1136 1116 1191 pauper
1148 1137 1248 1190 pro
1299 1122 1459 1179 nobis
1506 1121 1681 1179 factus
1710 1132 1827 1190 est,
1870 1138 2016 1181 nunc
2047 1123 2102 1181 in

511 1211 718 1269 nostris
747 1210 956 1271 divitiis
984 1212 1261 1270 erubescit
1289 1213 1335 1286 (l
1366 1211 1490 1273 Cor.
1524 1213 1665 1285 uti),
1699 1226 1753 1269 et
1779 1213 1913 1273 dicit
1957 1234 1971 1269 ς
2011 1214 2103 1271 Vcs

509 1302 649 1359 vobis
705 1303 978 1371 divitibus,
1035 1306 1125 1376 qui
1176 1303 1373 1363 habetis
1425 1307 1829 1369 consolationem
1879 1318 2102 1365 uestram

514 1392 667 1466 (Luc.
700 1395 799 1463 Vl).

584 1484 765 1557 (Vera.
793 1484 911 1557 t2.)
944 1484 1028 1547 Ite
1052 1488 1120 1543 ad
1141 1487 1316 1545 locum
1336 1506 1501 1549 meum
1533 1491 1586 1549 in
1616 1489 1751 1555 Silo,
1783 1490 1872 1549 ubi
1898 1490 2102 1549 habitat

510 1577 581 1633 vit
607 1594 792 1635 nomen
819 1595 991 1639 meum
1017 1598 1049 1634 a
1071 1582 1359 1654 principio,
1392 1590 1438 1639 et
1481 1583 1646 1642 videte
1669 1600 1789 1654 qua
1819 1585 2025 1653 fecerim
2056 1586 2104 1641 ei

510 1679 722 1742 propter
747 1673 1003 1729 malitiam
1025 1672 1205 1743 populi
1237 1675 1337 1729 mei
1362 1674 1553 1733 Israel.
1578 1677 1654 1735 Ex
1681 1678 1972 1746 praeteritis
2005 1679 2103 1735 don

2204 1035 2512 1106 telligamus
2534 1045 2587 1089 et
2613 1032 2682 1087 de
2708 1031 2891 1095 nobis,
2926 1032 2968 1085 si
3003 1029 3207 1087 similia
3240 1027 3563 1085 fecerimus.

2273 1125 2455 1198 (Vers.
2493 1123 2604 1195 16.)
2648 1121 2727 1177 Tu
2775 1139 2897 1195 ergo
2948 1120 3056 1175 noli
3107 1137 3261 1176 orare
3313 1135 3409 1191 pro
3436 1115 3636 1189 populo
3660 1112 3799 1169 hoc:

2203 1236 2297 1276 nec
2339 1233 2577 1275 assumas
2621 1233 2715 1286 pro
2741 1216 2819 1272 eis
2866 1214 3074 1271 laudem
3101 1223 3149 1273 et
3192 1212 3479 1271 orationem
3525 1208 3673 1272 (sive
3717 1221 3799 1260 nec

2201 1328 2372 1385 roges,
2405 1321 2460 1367 ut
2504 1308 2915 1367 misericordiam
2959 1305 3353 1378 consequatur).
3381 1302 3559 1377 εει
3598 1300 3675 1363 Et
3705 1316 3805 1357 non

2205 1402 2424 1460 obsistas
2468 1402 2595 1459 milii
2638 1417 2657 1457 :
2698 1402 2823 1472 quia
2863 1416 2966 1455 non
3009 1400 3290 1455 exaudiam
3330 1406 3400 1453 te.
3442 1396 3522 1455 {tie
3549 1393 3807 1455 videatut

2207 1510 2410 1566 rogans
2478 1492 2754 1564 Propheta
2813 1507 2922 1549 non
2977 1491 3277 1563 impetrare
3333 1487 3481 1560 quod
3545 1486 3807 1557 postulat.

2207 1588 2455 1658 praecipit
2484 1587 2651 1653 Deus,
2686 1602 2756 1644 ne
2804 1601 2905 1656 pro
2944 1587 3144 1655 pepulo
3173 1592 3481 1655 peccatore,
3517 1591 3576 1637 et
3606 1581 3811 1641 nullam

2207 1690 2403 1752 agente
2434 1682 2834 1751 paenitentiam,
2868 1682 3215 1750 deprecetur.
3242 1678 3399 1747 Quod
3424 1687 3614 1733 autem
3635 1675 3812 1737 dicit:

511 1772 598 1817 eet
650 1765 935 1832 prtesentia
979 1782 993 1820 :
1045 1776 1101 1821 et
1153 1765 1456 1823 dicentibus
1488 1786 1501 1822 :
1552 1767 1824 1838 Templum
1867 1768 2097 1840 Domini,
2137 1764 2178 1825 Β
2210 1773 2273 1828 Et
2302 1790 2405 1828 non
2432 1773 2643 1831 resistas
2668 1771 2818 1836 mihi,
2848 1772 2979 1828 illud
3009 1771 3277 1836 ostendit,
3311 1770 3446 1840 quia
3489 1777 3812 1825 sanctorum

513 1854 760 1926 templum
808 1853 1042 1923 Domini,
1082 1858 1331 1925 templum
1382 1858 1593 1917 Domini
1622 1869 1716 1927 est,
1749 1872 1804 1919 et
1852 1863 2107 1932 pretiosas

515 1944 710 2001 domus
738 1948 904 2021 893
936 1948 1148 2021 fulgore
1175 1952 1559 2025 gaudentibus,
1604 1952 1721 2015 Silo
1752 1955 1842 2010 ubi
1873 1957 2107 2025 primum

515 2036 614 2095 fuit
648 2040 1056 2101 tabernaculum
1094 2043 1212 2110 Dei,
1246 2046 1567 2100 recordatur
1600 2048 1871 2115 historice,
1903 2049 1973 2104 de
2003 2063 2109 2120 qua

516 2129 569 2187 in
596 2131 805 2198 psalmo
834 2133 1096 2204 scriptum
1113 2144 1196 2195 est
1224 2154 1238 2191 :
1262 2134 1331 2195 Et
1361 2138 1553 2210 repulit
1580 2140 1972 2199 tabernaculum
1992 2142 2108 2199 Silo

522 2220 645 2295 (Ps.
681 2239 881 2293 uxvn,
926 2225 1039 2297 60).
1096 2227 1164 2285 Ut
1192 2232 1469 2307 quomodo
1511 2233 1607 2291 ille
1638 2235 1791 2291 locus
1829 2237 1881 2290 in
1926 2238 2110 2293 ruinas

518 2315 845 2388 cineresque
895 2321 1171 2390 collapsus
1198 2332 1314 2392 est,
1349 2325 1420 2380 ita
1466 2334 1519 2383 et
1550 2327 1836 2398 Templum
1866 2339 2111 2398 corruat,

520 2424 644 2466 cum
693 2411 957 2469 similium
1014 2414 1283 2474 habitatio
1320 2419 1481 2475 fuerit
1532 2432 1901 2491 peccatorum.
1957 2424 2112 2481 Sicut

524 2501 687 2573 igitur
737 2504 850 2560 Silo
914 2505 1122 2578 Templi
1172 2512 1487 2580 exemplum
1535 2523 1641 2581 est,
1700 2516 1771 2570 ita
1827 2516 2110 2585 Tetuplum

524 2596 704 2665 nobis,
750 2598 968 2668 quando
1027 2612 1240 2673 tempus
1271 2603 1557 2660 advenerit
1586 2605 1731 2663 illius
1763 2590 2058 2665 testimonii
2093 2625 2108 2663 :

530 2687 714 2756 Putas,
737 2691 946 2749 veniens
967 2689 1142 2746 Filius
1167 2692 1395 2751 hominis
1414 2696 1632 2752 inveniet
1651 2698 1811 2766 ﬁdem
1835 2712 1989 2771 super
2013 2709 2114 2756 ter-

525 2795 641 2837 ram
670 2778 827 2851 (Luc.
860 2796 1014 2849 svnt,
1049 2781 1142 2853 8)?

599 2869 786 2944 (Vera.
818 2872 886 2929 15
914 2874 1099 2945 seqq.)
1131 2874 1198 2933 Et
1225 2893 1363 2932 nunc
1389 2880 1512 2948 quia
1541 2881 1737 2951 fecistis
1768 2884 1943 2939 omnia
1964 2901 2118 2957 opera

528 2967 661 3035 Istuc,
691 2972 820 3027 dicit
850 2970 1104 3036 Dominus
1136 2991 1156 3030 :
1185 2988 1232 3030 et
1258 2977 1457 3033 locutus
1477 2995 1593 3034 sum
1618 2980 1686 3035 ad
1711 2997 1798 3036 vos
1821 2999 1971 3037 ntane
1994 2999 2118 3038 con-

527 3078 745 3133 surgens
770 3074 818 3120 et
847 3063 1085 3137 loquens,
1114 3079 1160 3123 et
1185 3085 1287 3124 non
1317 3070 1539 3126 audistis
1569 3088 1587 3127 :
1616 3082 1665 3127 et
1686 3076 1861 3129 movi
1907 3090 2018 3140 eos,
2068 3085 2116 3130 et

532 3172 637 3213 non
661 3136 1002 3228 respondistis
1028 3177 1049 3216 :
1087 3161 1281 3230 faciam
1311 3165 1490 3220 domui
1517 3165 1661 3233 huic,
1690 3168 1747 3222 in
1774 3184 1877 3240 qua
1905 3136 2114 3224 inuoca-
2145 3136 2190 3200 Ο

530 3259 643 3307 tum
669 3261 743 3307 est
770 3270 956 3310 nomen
988 3274 1178 3320 meum,
1212 3268 1259 3313 et
1289 3261 1345 3314 in
1372 3278 1476 3333 qua
1506 3279 1594 3317 eos
1620 3262 1819 3319 habetis
1848 3266 2116 3335 ﬁduciam,

528 3355 577 3400 et
609 3348 721 3403 loco
749 3366 900 3421 quan
943 3352 1062 3407 dedi
1088 3355 1230 3408 vobis
1259 3364 1307 3407 et
1351 3356 1580 3426 patribus
1611 3359 1810 3425 vestris,
1856 3361 1990 3414 sicut
2023 3362 2122 3433 feci

535 3437 651 3494 Silo
674 3457 693 3495 :
718 3452 764 3496 et
808 3444 1086 3516 projiciam
1118 3462 1206 3501 uos
1231 3463 1263 3500 a
1290 3448 1423 3518 facie
1450 3467 1588 3518 mea,
1615 3453 1749 3506 sicut
1784 3454 1981 3525 projeci
2009 3469 2123 3508 om-

537 3549 627 3587 nes
673 3534 864 3603 fratres
911 3546 1103 3593 uestros
1149 3540 1443 3595 uniuersum
1485 3560 1654 3599 semen
1713 3541 1967 3617 Ephraim
2009 3545 2122 3618 [AL

538 3623 753 3697 Israel].
804 3629 916 3684 Hoc
970 3632 1114 3699 quod
1163 3633 1464 3702 posuimus,
1518 3654 1667 3691 mane
1719 3655 2031 3711 consurgens
2077 3647 2124 3692 et

538 3717 771 3787 loquens,
819 3719 873 3774 in
904 3719 1258 3793 Septuaginta
1290 3742 1395 3780 non
1445 3727 1696 3783 habetur.
1742 3729 1897 3785 Mane
1941 3739 2123 3786 autem

535 3810 819 3878 consurgit
846 3809 991 3866 Deus
1032 3829 1046 3865 :
1092 3828 1200 3868 non
1224 3829 1334 3884 quo
1355 3815 1583 3885 aliquod
1605 3817 1657 3873 ei
1679 3826 1896 3889 tempus
1923 3819 2128 3890 absque

537 3900 781 3956 diluculo
808 3905 911 3970 sit;
960 3903 1059 3961 sed
1103 3922 1214 3975 quo
1257 3917 1384 3976 post
1414 3910 1592 3965 noctis
1635 3912 1874 3980 quietem
1917 3912 2129 3968 viribus

538 3996 787 4064 corporis
838 3996 1161 4053 instauratis
1203 3998 1382 4054 anima
1435 4002 1714 4058 hominum
1756 4005 2005 4074 vegetior
2034 4006 2125 4073 sit,

536 4096 591 4142 el
625 4104 966 4160 nequaquam
993 4091 1371 4162 Voluptatibus
1400 4108 1697 4164 occupata,
1727 4096 1946 4168 cibique
1985 4098 2132 4154 desi-

538 4180 715 4247 derio,
748 4183 937 4240 audire
977 4197 1031 4240 et
1063 4185 1245 4243 facere
1284 4189 1463 4244 valeat
1492 4204 1617 4260 qua:
1645 4189 1926 4247 dicuntur.
1977 4191 2131 4249 Unde

540 4281 599 4328 et
642 4273 774 4328 illud
821 4275 873 4329 in
924 4275 1138 4344 psalmo
1182 4279 1413 4349 legimus
1445 4298 1459 4334 :
1496 4279 1650 4336 Hane
1679 4282 1929 4337 exaudies
1957 4297 2133 4338 uocem

539 4380 707 4418 meam
742 4380 762 4420 :
802 4382 954 4422 mane
981 4368 1162 4424 astabo
1209 4369 1301 4425 tibi
1343 4380 1394 4427 et
1440 4373 1621 4428 uidebo
1668 4372 1926 4449 (Psal.|v,
1956 4376 2012 4442 4,
2046 4375 2130 4446 5).

2209 1880 2400 1936 preces
2432 1866 2527 1922 Dei
2560 1866 2656 1922 irae
2699 1865 2910 1934 possint
2956 1866 3236 1923 resistere.
3271 1861 3433 1920 Unde
3458 1871 3517 1919 et
3544 1860 3815 1919 Dominus

2205 1959 2448 2030 loquitur
2474 1960 2541 2014 ad
2564 1958 2786 2031 Moysen
2814 1976 2825 2013 :
2860 1957 3074 2013 Dimitte
3101 1972 3202 2025 me,
3231 1966 3288 2010 ut
3314 1955 3606 2027 percutiam
3640 1968 3813 2025 pop»—

2208 2050 2317 2109 lum
2360 2051 2515 2107 istum
2547 2067 2567 2107 :
2592 2061 2641 2106 et
2672 2051 2861 2122 faciam
2891 2061 2938 2105 te
2964 2050 3017 2107 in
3067 2061 3266 2122 gentem
3306 2063 3553 2118 magnam
3607 2044 3812 2117 (Exod.

2210 2158 2382 2208 sun,
2417 2143 2529 2213 ιο).
2584 2142 2651 2198 Et
2678 2142 2734 2203 in
2775 2141 2999 2213 psalmis
3028 2142 3225 2211 legitur
3253 2158 3268 2196 :
3300 2138 3371 2199 Et
3400 2139 3549 2194 stetit
3583 2136 3816 2197 Phincos

2211 2244 2257 2289 et
2288 2232 2554 2305 placavit,
2605 2246 2653 2289 et
2702 2234 2921 2289 cessauit
2962 2233 3261 2304 quassatio,
3303 2241 3351 2286 et
3392 2239 3693 2300 reputatuus
3744 2239 3817 2285 est

2212 2327 2258 2382 ei
2305 2327 2374 2382 ad
2411 2327 2677 2400 justitiam
2717 2325 2894 2395 (Psal.
2926 2341 3014 2394 cv,
3047 2326 3161 2396 '50).
3221 2328 3399 2381 Aaron
3454 2338 3677 2395 qucque
3725 2338 3815 2379 ab

2213 2428 2369 2489 repto
2399 2418 2704 2483 thuribulo,
2737 2418 2879 2475 inter
2928 2419 3108 2489 ignem
3157 2432 3520 2487 arsurumquc
3551 2416 3817 2487 populum

2215 2509 2427 2564 medius
2468 2510 2651 2576 stetit;
2695 2520 2749 2565 et
2805 2510 2900 2564 Dei
2938 2510 3016 2564 ira
3056 2509 3317 2567 cessavit.
3351 2510 3427 2562 Ac
3462 2521 3530 2567 ne
3563 2515 3817 2578 putemus

2214 2602 2589 2661 crudelitatem
2618 2603 2741 2665 Dei.
2775 2602 2867 2672 qui
2913 2618 2981 2657 ne
3012 2601 3189 2672 rogari
3220 2600 3436 2670 quidem
3490 2613 3551 2657 se
3584 2599 3814 2668 permit-

2216 2702 2333 2756 tat,
2379 2693 2560 2750 reddit
2603 2709 2796 2749 causas
2835 2708 2933 2749 cur
2983 2708 3091 2748 non
3131 2691 3385 2751 exaudiat
3430 2688 3630 2760 (Num.
3664 2688 3815 2760 nt),

2216 2786 2405 2843 dicens
2435 2805 2447 2839 :

2288 2879 2474 2953 (Vers.
2512 2879 2577 2934 17
2605 2879 2791 2949 seqq.)
2841 2876 3033 2933 Nonne
3061 2876 3202 2935 uides
3231 2877 3356 2947 quid
3380 2875 3467 2931 isti
3513 2875 3721 2945 faciant
3767 2875 3819 2929 in

2217 2973 2513 3029 civitatibus
2555 2970 2721 3036 Iuda,
2755 2981 2801 3027 et
2826 2972 2880 3026 in
2907 2970 3097 3042 plateis
3125 2969 3464 3027 Jerusalem?
3508 2967 3644 3025 Filii
3671 2968 3823 3031 colli»

2219 3075 2346 3136 gunt
2394 3063 2562 3139 ligna,
2596 3075 2642 3119 et
2681 3073 2853 3135 patres
2880 3064 3200 3119 succendunt
3231 3065 3406 3136 ignem
3429 3079 3448 3118 :
3476 3073 3529 3119 et
3576 3065 3821 3119 mulieres

2222 3164 2570 3229 conspergunt
2595 3157 2823 3227 adipem,
2867 3166 2923 3212 ut
2955 3157 3151 3226 faciant
3180 3154 3444 3228 placentas
3474 3154 3617 3223 (sive
3638 3155 3824 3215 citare.-

2224 3250 2343 3323 nas)
2389 3251 2585 3322 regina:
2612 3250 2749 3322 (sive
2781 3247 3011 3320 ntilitia')
3045 3246 3184 3315 creti,
3204 3258 3254 3301 et
3284 3247 3443 3303 libent
3475 3246 3584 3302 diis
3612 3247 3821 3312 alienis.

2224 3353 2375 3398 etme
2402 3343 2471 3399 ad
2499 3342 2828 3397 iracundiam
2859 3351 3159 3411 provocent.
3205 3338 3479 3410 Numquid
3509 3354 3592 3397 me
3617 3339 3685 3392 ad
3714 3339 3823 3401 ira-

2225 3436 2473 3492 cundiam
2495 3435 2814 3508 prouocant?
2853 3435 2978 3491 dicit
3001 3433 3274 3490 Dominus.
3311 3433 3504 3489 Nonne
3526 3434 3823 3505 semetipsos

2224 3529 2281 3584 in
2308 3530 2665 3598 confusionem
2690 3529 2864 3584 uultus
2890 3529 2970 3583 sui
2988 3529 3014 3584 2
3057 3527 3170 3593 Vis,
3210 3527 3412 3596 inquit,
3441 3527 3655 3590 audire,
3687 3526 3822 3585 Pro-

2232 3621 2414 3689 pheta,
2445 3635 2545 3675 cur
2581 3620 2677 3675 tibi
2710 3620 2940 3675 dixerim
2966 3636 2981 3687 ;
3014 3618 3142 3674 Noli
3164 3635 3313 3673 orare
3343 3636 3437 3691 pro
3462 3621 3656 3691 populo
3682 3617 3819 3677 hoc?

2230 3711 2347 3768 inme
2370 3711 2573 3767 faciunt
2598 3727 2718 3782 qua:
2746 3721 3049 3781 sequuntur
3075 3728 3090 3761 :
3128 3711 3196 3767 Et
3224 3711 3369 3765 intus
3406 3719 3464 3773 et
3492 3710 3651 3780 foris,
3680 3719 3737 3767 et
3768 3711 3820 3767 is

2230 3806 2448 3877 plateis,
2508 3814 2566 3862 et
2614 3808 2664 3861 iu
2713 3806 2954 3862 exitibus
2983 3804 3311 3871 Jerusalem,
3363 3805 3457 3863 lilii
3490 3803 3637 3875 ligna
3668 3819 3821 3860 como

2233 3909 2476 3972 portant,
2524 3909 2580 3953 et
2624 3909 2807 3968 patres
2852 3897 3193 3953 succendunt
3238 3898 3445 3966 ignem,
3476 3906 3531 3951 et
3566 3896 3822 3951 mulieres

2231 4001 2604 4062 conspergunt
2630 3992 2847 4061 adipem
2881 4005 3005 4045 cum
3035 3989 3234 4054 farina,
3269 3999 3329 4046 ut
3374 3987 3581 4045 faciant
3607 3999 3630 4029 ο
3656 4003 3823 4047 cusu-

2232 4103 2362 4144 οιιιιι
2396 4086 2619 4159 (arma)
2648 4103 2786 4158 quas
2817 4100 2918 4140 nos
2948 4086 3214 4159 placentas
3241 4083 3591 4152 interpretati
3620 4095 3820 4150 sumus,

2233 4180 2348 4235 sive
2379 4179 2819 4251 prwparationes,
2869 4186 2925 4231 ut
2956 4191 3119 4232 omne
3146 4190 3319 4247 genus
3348 4173 3611 4230 ostendat
3653 4174 3821 4229 sacri—

2238 4274 2343 4332 ticii
2377 4273 2579 4344 reginae
2609 4271 2757 4335 rmli,
2787 4285 2954 4341 quem
3006 4268 3190 4324 lunam
3222 4268 3491 4324 debemus
3539 4267 3822 4337 accipere;

2236 4369 2323 4423 vel
2355 4377 2507 4422 certe
2554 4366 2762 4425 militis
2791 4363 2941 4430 cmli,
2990 4372 3049 4417 ut
3077 4377 3271 4419 omnes
3300 4361 3491 4422 stellas
3550 4360 3825 4430 intelligat-

542 4459 609 4513 Et
634 4459 688 4513 in
718 4459 857 4515 Isaia
888 4478 901 4515 :
937 4460 1016 4517 De
1043 4472 1215 4530 nocte,
1245 4465 1367 4522 sive
1411 4468 1646 4523 diluculo
1672 4477 1698 4506 α
1728 4479 2002 4544 consurget
2025 4470 2118 4541 spi-

2238 4474 2378 4516 mos.
2411 4460 2478 4515 Et
2509 4467 2632 4529 post
2660 4457 2777 4512 lucc
2806 4456 2975 4512 libent
3001 4455 3107 4511 diis
3132 4454 3328 4515 alienis
3366 4471 3381 4513 :
3414 4469 3535 4544 non
3554 4468 3667 4524 quo
3692 4454 3818 4518 sint,

536 4551 670 4605 ritus
701 4568 842 4607 meus
867 4554 936 4608 ad
966 4562 1034 4620 te,
1082 4523 1227 4610 Deus‘
1268 4574 1287 4612 .-
1331 4561 1580 4630 quoniam
1620 4559 1716 4616 tu;
1759 4523 2135 4631 magno...
2163 4523 2211 4587 ί)
2239 4552 2337 4608 sed
2384 4566 2494 4622 quo
2539 4550 2642 4606 sub
2692 4549 3007 4605 nominibus
3054 4562 3247 4603 eorum
3278 4543 3632 4603 daemonibus
3676 4544 3825 4601 thura

539 4660 694 4711 super
726 4655 917 4701 terram
965 4646 1123 4721 (Isai.
1159 4652 1332 4722 axvt).
1368 4652 1524 4709 Unde
1566 4664 1620 4710 et
1654 4655 1798 4710 filios
1826 4656 1968 4711 lucis
2000 4655 2140 4711 Pau-

542 4736 678 4791 lusb
724 4740 1007 4809 apostolus
1052 4742 1298 4812 appellat
1346 4744 1567 4817 (Ephes.
1600 4744 1678 4815 ν),
1716 4758 1768 4801 et
1804 4761 1909 4801 non
1958 4748 2137 4803 noctis

544 4843 722 4901 neque
749 4833 1130 4902 tenebrarum,
1186 4850 1286 4890 nec
1331 4835 1696 4907 dormientes,
1751 4838 1893 4893 sicut
1927 4846 1986 4893 et
2033 4854 2142 4894 ctu-

545 4925 644 4979 teri
688 4925 990 4993 dormiunt,
1022 4931 1113 4998 qui
1149 4929 1244 4986 Dei
1278 4931 1535 4986 mandata
1566 4945 1675 4985 non
1703 4930 1968 4985 sentiunt.
2001 4932 2140 4997 Quia

546 5018 714 5088 igitur
741 5019 887 5073 Deus
918 5024 1136 5078 vocavit
1165 5039 1281 5090 eos,
1314 5025 1382 5081 de
1409 5035 1568 5080 nocte
1596 5038 1955 5094 consurgens,
2001 5034 2058 5079 ut
2082 5033 2137 5079 et

545 5124 643 5164 eos
669 5109 738 5165 de
771 5112 1014 5167 tenebris
1042 5114 1323 5182 liberaret,
1354 5118 1718 5171 comminatur
1742 5117 1823 5172 eis
1850 5116 2049 5171 similia
2076 5130 2138 5172 se

546 5217 669 5258 esse
710 5201 980 5258 facturum
1025 5206 1257 5277 Templo
1308 5208 1359 5261 in
1408 5208 1829 5281 Hierosolymis,
1861 5223 1981 5279 qua:
2010 5206 2141 5264 fecit

546 5295 668 5352 loco
709 5296 847 5360 Silo,
899 5297 991 5352 ubi
1020 5298 1253 5369 primum
1288 5297 1389 5354 fuit
1431 5300 1839 5356 tabernaculum
1871 5318 1885 5354 :
1918 5308 1979 5355 ut
2008 5314 2138 5371 pec-

546 5398 664 5443 cata
711 5389 908 5444 similia
943 5391 1059 5461 pari
1101 5391 1376 5447 sententia
1425 5391 1715 5448 feriantur.
1758 5393 1825 5448 Et
1866 5392 2139 5464 quomodo

545 5480 777 5551 proiecit
826 5481 1093 5539 Dominus
1138 5498 1328 5541 semen
1380 5483 1662 5556 Epltraim,
1691 5484 1745 5547 id
1790 5494 1895 5557 est,
1944 5484 2135 5543 decem

557 5713 572 5730 θ
611 5644 883 5765 ζ’ξίοιοι·
929 5646 1197 5718 consurgit
1245 5661 1311 5700 ex
1355 5652 1588 5716 quatuor
1647 5659 1781 5704 mss.
1829 5653 1888 5703 et
1939 5643 2136 5705 Greco

557 5733 610 5765 DD
644 5736 694 5765 ια
727 5735 790 5765 η.

550 5719 1015 5861 θρῖιῖἰῖἓηοιιιῃι
1064 5786 1197 5846 editi
1244 5786 1524 5863 gloriosus,
1570 5786 1718 5861 quod
1762 5793 1977 5865 veteres
2011 5785 2138 5845 libri

2239 4645 2593 4710 succendunt,
2647 4652 2704 4697 et
2753 4656 2842 4698 me
2889 4639 2958 4695 ad
3008 4638 3343 4695 iracundiam
3392 4644 3697 4705 provocent
3731 4635 3825 4693 ista

2241 4738 2528 4793 facientes.
2564 4734 2678 4789 Nec
2705 4731 3018 4801 intelligunt
3048 4724 3235 4787 miseri
3264 4729 3388 4799 quia
3421 4729 3523 4789 ista
3550 4727 3827 4785 contentio

2248 4847 2358 4888 non
2406 4844 2495 4885 me
2543 4828 2736 4893 Imdat,
2803 4842 2968 4895 quem
3019 4839 3311 4894 numquam
3360 4823 3438 4883 ira
3487 4827 3825 4883 commutat:

2241 4923 2336 4979 sed
2388 4921 2718 4990 seutetipsos
2766 4918 2823 4973 in
2865 4916 3243 4973 confusionem
3296 4913 3475 4975 vultus
3525 4904 3635 4973 sui,
3684 4920 3740 4971 et
3778 4910 3828 4969 in

2243 5014 2593 5086 ignominiam
2628 5011 3043 5082 sempiternam.
3073 5006 3348 5076 Quidquid
3378 5006 3549 5075 igitur
3585 5005 3827 5065 facimus,

2240 5126 2346 5165 nou
2379 5110 2547 5167 Deum
2577 5107 2853 5170 laedimus,
2884 5104 2976 5174 qui
3019 5101 3139 5157 lardi
3166 5114 3458 5168 numquam
3491 5106 3673 5165 pateat
3695 5112 3713 5153 :
3738 5090 3825 5149 sed

2233 5202 2392 5259 nobis
2424 5202 2706 5258 interitum
2754 5209 3152 5267 praeparemus,
3203 5187 3649 5249 tltcsaut-isantes
3696 5186 3820 5249 irati!

2239 5300 2295 5353 in
2321 5297 2413 5353 die
2454 5298 2570 5351 irae.
2620 5292 2748 5348 Ideo
2792 5301 2975 5345 autem
3008 5287 3222 5344 diversa
3261 5281 3437 5341 officis
3467 5281 3706 5337 filiorum
3738 5292 3824 5347 pa-

2241 5399 2492 5461 trumque
2536 5395 2593 5441 et
2649 5392 2879 5438 matrum
2933 5379 3115 5450 posuit
3158 5376 3242 5432 vel
3292 5387 3550 5439 uxorum,
3585 5381 3646 5426 ut
3690 5367 3819 5424 nulla

2241 5493 2374 5538 setas
2405 5481 2476 5538 sit
2503 5494 2625 5553 quae
2646 5476 2714 5533 ab
2746 5473 3030 5549 impietate
3060 5466 3401 5527 dissenserit.

2243 5641 2531 5714 ἱειιιιιιριιι.⁸
2612 5708 2626 5714 _
2979 5702 3035 5714 Μ
3331 5696 3375 5714 η
3398 5705 3430 5714 ν,
3450 5711 3496 5714 _
3514 5710 3529 5714 _
3545 5710 3561 5714 Α
3609 5686 3797 5714 Mn“,

2320 5695 2343 5752 δ
2378 5695 2454 5767 ιη
2500 5708 2714 5773 duobus
2763 5721 2920 5787 mss.,
2972 5702 3289 5768 Chaoonum.
3331 5696 3566 5755 Veteres
3608 5695 3813 5769 Vulgi“.

2243 5787 2507 5851 Χανώναςι
