3972 6352
75 342 213 399 755

621 339 1275 401 COMMENTARIORUM
1314 338 1379 394 1N
1417 338 1765 395 JBREMIMI
1805 335 2226 394 PROPHETAM
2264 337 2396 394 LIB.
2436 335 2501 394 ll.
2542 335 2699 394 CAP.
2744 333 2857 390 νη.

3303 331 3412 393 ’158

168 458 372 532 (Vera.
402 456 526 531 20.)
555 457 690 515 Ideo
737 459 845 513 lucc
883 457 1009 511 dicit
1060 455 1318 510 Dominus
1349 453 1489 509 Deus
1518 471 1537 509 :
1571 454 1707 509 Ecce
1732 457 1781 516 Α
1812 454 1995 511 iecere
2038 454 2320 510 contraria
2350 471 2364 507 :
2399 462 2458 508 ut
2490 451 2762 522 praeterita
2793 457 3081 520 cuperent,
3122 458 3176 506 et
3220 449 3405 508 futura

76 555 261 623 furor
293 568 440 607 meus
458 560 509 606 et
536 550 834 625 indignatio
864 564 981 603 mea
1010 548 1237 618 conﬂata
1260 557 1335 601 est
1363 544 1547 621 [ναις.
1582 561 1708 599 con-

73 640 299 716 ﬂatur]
321 642 467 714 (sive
494 639 739 710 stillavit)
768 655 927 710 super
948 639 1119 695 locum
1144 640 1331 702 istum,
1358 654 1514 706 super
1541 637 1704 701 viros,

74 746 141 790 et
177 753 350 809 super
386 738 654 805 jumenta,
686 743 738 790 et
768 750 925 804 super
954 733 1154 806 lignum
1176 734 1427 806 regionis,
1472 741 1520 785 et
1550 746 1709 800 super

76 829 287 901 fruges
337 838 488 883 terra:
530 844 551 883 :
583 836 631 882 et
663 826 1007 882 succendetur
1036 841 1054 880 :
1092 834 1140 879 et
1174 841 1276 879 non
1322 825 1704 897 exstinguetur.

76 920 210 989 Qui
262 935 431 991 supra
480 920 696 975 dixerat
729 937 741 975 :
790 918 1063 990 Numquid
1089 918 1256 990 895
1286 934 1367 972 me
1396 918 1465 971 ad
1494 918 1706 971 iracun-

80 1013 248 1069 diam
302 1022 588 1083 provocant
610 1015 634 1068 .’
660 1013 936 1084 quomodo
981 1028 1131 1068 nunc
1177 1013 1309 1067 dicit
1340 1029 1354 1066 :
1389 1010 1523 1066 Ecce
1560 1016 1708 1083 furor

78 1121 271 1172 meus,
304 1116 354 1161 et
376 1106 669 1177 indignatio
697 1121 810 1160 mea
836 1105 1055 1159 stillavit
1096 1121 1256 1177 super
1294 1105 1462 1158 locum
1506 1104 1709 1159 istum.’

79 1200 167 1255 Et
199 1209 293 1255 est
322 1214 519 1255 sensus
546 1218 558 1253 :
592 1198 705 1271 Ego
733 1199 953 1271 quidem
978 1199 1305 1253 naturaliter
1335 1215 1442 1253 non
1474 1199 1701 1266 irascor,

79 1295 198 1351 sed
227 1294 313 1350 illi
345 1295 417 1349 ita
457 1303 643 1364 agunt,
673 1302 729 1349 nt
761 1308 847 1350 me
894 1292 961 1348 ad
996 1292 1332 1348 iracundiam
1379 1301 1698 1363 provocent,

81 1398 151 1443 ct
203 1401 389 1443 meam
441 1386 636 1442 videar
676 1395 894 1442 mutare
938 1397 1215 1441 naturam.
1245 1386 1497 1441 Sentiant
1541 1385 1705 1454 igitur

80 1479 336 1551 iratum,
365 1478 510 1550 quod
537 1486 800 1550 quantum
834 1477 887 1534 in
916 1493 979 1534 se
1010 1486 1115 1541 est,
1145 1476 1328 1533 facere
1356 1486 1382 1514 α
1412 1484 1698 1531 conantur.

83 1572 480 1642 Pulchreque,
513 1587 621 1628 non
651 1572 749 1635 ait,
782 1571 985 1627 eilusus
1013 1580 1098 1627 est
1136 1569 1291 1625 furor
1335 1584 1490 1625 meus
1538 1583 1705 1639 super

83 1666 292 1721 locum
323 1666 511 1731 istum,
544 1664 642 1721 sed
684 1662 899 1719 stillavit
942 1679 963 1719 :
1008 1673 1065 1718 ut
1112 1662 1446 1717 moderatam
1483 1655 1700 1731 pinnam

82 1757 404 1833 signiticet.
455 1757 511 1815 Si
560 1767 744 1813 autem
790 1757 843 1811 in
894 1755 1041 1810 stilla
1089 1753 1292 1809 luroris
1322 1764 1467 1808 tanta
1497 1753 1701 1808 duritia

1810 556 2245 605 contemnerent.
2303 546 2572 617 Quodque
2618 545 2749 601 dicit
2790 562 2803 599 :
2854 544 2900 598 A
2941 542 3027 597 die
3071 559 3174 619 qua
3213 545 3407 615 egressi

1808 652 1929 697 sunt
1972 651 2142 713 patres
2184 657 2362 696 eorum
2407 641 2474 694 de
2502 651 2639 694 terra
2686 635 2912 713 Egyptl
2953 651 3115 707 usque
3156 634 3225 688 ad
3264 635 3403 689 diem

1810 737 1963 801 hanc,
1993 752 2156 792 omne
2186 747 2400 805 tempus
2429 735 2480 787 in
2516 731 2695 788 medio
2725 731 2858 786 dicit
2884 743 2983 787 eos
3013 743 3110 799 per
3136 727 3398 784 oll'eusatn

1813 827 2023 884 Domini
2053 828 2404 897 transegisse.
2437 824 2595 882 Unde
2641 831 2698 880 et
2726 821 3035 878 necessaria
3081 819 3182 876 iuit
3212 820 3395 875 Evan-

1808 922 1932 993 gelii
1964 923 2156 990 gratia,
2191 936 2311 989 qum
2343 918 2467 973 illos
2498 933 2603 972 non
2630 929 2729 972 suo
2771 915 2990 980 merito,
3040 912 3137 969 sed
3181 910 3428 969 Domini.

1809 1011 2181 1068 misericordia
2212 1009 2577 1066 conservavit.

1884 1105 2068 1181 (V'ers.
2097 1103 2213 1175 26.)
2252 1102 2322 1157 Et
2349 1102 2467 1156 misi
2491 1100 2559 1155 ad
2589 1117 2679 1156 vos
2705 1115 2879 1154 omnes
2901 1111 3074 1152 servos
3097 1111 3238 1150 meos
3269 1091 3402 1148 Pro-

1811 1199 2016 1265 phetas,
2044 1213 2133 1266 per
2166 1196 2302 1250 diem
2334 1239 2348 1263 ,
2409 1207 2723 1262 consurgens
2760 1189 2995 1245 diluculo
3041 1196 3093 1244 et
3142 1187 3354 1241 mittens
3378 1197 3399 1239 :

1810 1287 1881 1343 Et
1932 1303 2038 1342 non
2107 1287 2383 1341 audierunt
2427 1301 2547 1350 me,
2610 1299 2707 1338 nec
2772 1279 3155 1335 inclinaverunt
3224 1291 3402 1333 curent

1809 1398 1994 1446 suam,
2044 1380 2137 1434 sed
2205 1380 2575 1434 induraverunt
2647 1376 2896 1431 cervicem
2963 1388 3149 1439 suam,
3203 1380 3249 1426 et
3304 1384 3398 1442 pe.

1810 1476 1893 1539 ius
1940 1474 2139 1543 operati
2191 1481 2309 1526 sunt
2361 1487 2515 1542 quam
2584 1479 2756 1541 patres
2822 1483 3016 1523 eorum.
3069 1464 3219 1520 Iusta
3265 1475 3398 1532 ergo

1811 1568 1885 1622 ira
1946 1565 2178 1627 Domini,
2228 1581 2348 1634 qua:
2400 1562 2629 1619 conﬂata
2688 1570 2794 1627 est,
2846 1568 2900 1614 et
2955 1558 3181 1615 stillavit
3238 1566 3404 1624 super

1809 1659 2064 1730 populum
2136 1665 2569 1727 contemptorem
2638 1652 2899 1721 durasque
2990 1646 3262 1714 cervicis,
3345 1652 3402 1699 et

1808 1753 1973 1807 verba
2008 1751 2102 1806 Dei
2132 1750 2321 1803 audire
2362 1749 2666 1803 nolentem.
2712 1743 2999 1814 Quomodo
3043 1751 3227 1797 autem
3262 1739 3405 1795 Deus

87 1829 212 1918 est,
247 1849 381 1922 quid
415 1849 511 1907 ilet
540 1851 587 1905 si
619 1852 801 1905 omnis
831 1848 1009 1903 imber
1032 1849 1197 1903 fuerit
1221 1847 1463 1902 eii‘usus?
1510 1845 1616 1901 Sed
1649 1853 1706 1900 ct
1735 1848 1783 1908 B
1810 1843 1895 1898 vel
1927 1843 1995 1897 de
2025 1852 2204 1907 micte,
2236 1841 2324 1897 vel
2356 1839 2618 1907 diluculo,
2651 1849 2705 1894 et
2732 1838 2784 1892 in
2828 1836 2918 1892 die
2947 1835 3131 1891 mittat
3158 1829 3405 1902 Prophe-

90 1941 349 1999 conliata
375 1942 683 2012 indignatio
713 1942 794 1998 sic
824 1939 1060 2007 intelligi
1101 1948 1299 2008 potest,
1345 1948 1399 1991 ut
1432 1938 1580 2009 quod
1609 1936 1704 1993 diu

85 2033 292 2090 facere
319 2033 526 2103 noluit,
554 2044 899 2104 peccatorum
924 2030 1277 2086 multitudine
1327 2031 1506 2084 facere
1553 2043 1703 2083 com-

83 2127 368 2198 pellatur.
399 2124 534 2181 Cum
564 2136 750 2180 autem
792 2126 936 2180 Deus
967 2124 1139 2178 iratus
1186 2123 1372 2190 fuerit,
1424 2130 1480 2176 et
1527 2120 1707 2175 homi-

85 2231 228 2284 nes,
260 2224 319 2272 et
359 2231 423 2272 ea
463 2231 588 2288 qua:
622 2216 910 2272 hominum
954 2225 1102 2282 sunt,
1154 2215 1390 2270 similem
1425 2214 1706 2269 interitum

87 2311 373 2366 sentient.
421 2307 490 2362 Et
529 2310 888 2373 suceendetur,
919 2307 1118 2377 inquit,
1148 2306 1291 2362 haud
1322 2305 1544 2361 dubium
1577 2303 1704 2375 quin

86 2401 265 2457 furor
315 2399 556 2468 Domini,
603 2407 651 2455 et
700 2416 801 2455 non
846 2400 1205 2471 exstinguetur
1236 2415 1255 2454 :
1297 2400 1425 2469 quia
1456 2414 1564 2454 non
1596 2397 1708 2468 agit

87 2492 373 2564 populus,
400 2507 498 2562 per
523 2508 645 2563 qua:
677 2493 848 2561 possit
879 2491 1175 2561 exstingui.

177 2604 369 2681 (Vers.
398 2604 461 2659 2i
496 2602 675 2677 seqq.)
713 2602 846 2659 Htec
888 2603 1017 2657 dicit
1061 2603 1316 2657 Dominus
1366 2606 1706 2670 exercituum,

94 2694 258 2752 Deus
307 2694 481 2750 Israel
511 2711 531 2750 :
562 2693 1030 2752 Holocaustomata
1070 2703 1234 2749 vestra
1273 2694 1447 2748 addite
1490 2693 1708 2748 victimis

91 2788 318 2852 vestris,
363 2793 413 2839 et
454 2786 701 2841 comedite
743 2801 945 2840 carnes.
995 2785 1134 2851 Quia
1178 2800 1279 2838 non
1331 2801 1447 2837 sum
1501 2784 1709 2838 locutus

93 2897 226 2938 cum
271 2878 505 2951 patribus
550 2879 729 2934 vestris
758 2895 778 2933 :
809 2889 857 2933 et
901 2895 1006 2932 non
1054 2878 1276 2951 prtecepi
1305 2879 1375 2930 eis
1404 2877 1457 2931 in
1483 2878 1566 2931 die
1608 2894 1712 2951 qua

94 2991 138 3027 ε.
154 2974 270 3027 'uxi
300 2988 389 3026 eos
414 2971 477 3025 tle
502 2981 642 3027 terra
661 2970 906 3043 .Egypti,
938 2968 1001 3024 de
1028 2969 1179 3023 verbo
1198 2968 1710 3023 holocaustomotunt

95 3078 148 3124 et
183 3067 537 3122 victimarum.
571 3065 678 3122 Sed
708 3066 804 3121 hoc
830 3065 1038 3119 verbum
1086 3064 1304 3138 prteccpi
1344 3064 1436 3131 eis,
1482 3063 1658 3117 dicens
1689 3080 1708 3121 :

100 3158 309 3213 Audite
337 3175 508 3213 t-ocem
535 3174 728 3222 meam,
774 3166 820 3211 et
849 3173 938 3211 ero
965 3156 1105 3213 vobis
1136 3153 1309 3221 Deus;
1355 3165 1401 3210 et
1446 3172 1532 3210 ros
1567 3157 1713 3210 eritis

100 3250 241 3307 mihi
268 3249 499 3324 papulas
529 3265 550 3306 :
575 3260 626 3305 et
655 3247 919 3305 ambulate
945 3249 1000 3302 in
1028 3247 1168 3302 omni
1196 3249 1277 3302 via
1298 3265 1449 3319 quam
1474 3248 1712 3302 mandavi
1741 3216 1785 3279 Ο

98 3342 277 3411 vobis,
326 3349 382 3395 ut
415 3340 539 3395 bene
569 3342 636 3394 sit
686 3340 843 3395 vobis.
896 3341 1140 3410 Quorum
1190 3340 1505 3409 reprobatit
1549 3340 1712 3393 Tem-

101 3435 287 3504 plum,
334 3441 741 3503 consequcnter
767 3433 1031 3501 reprobat
1060 3440 1118 3486 et
1146 3431 1409 3485 sacriiicia
1441 3449 1454 3485 :
1485 3441 1540 3485 et
1577 3431 1717 3485 obli-

102 3540 221 3599 que
249 3525 429 3595 arguit
460 3539 582 3590 θος,
626 3525 771 3599 quod
805 3541 911 3577 non
937 3524 1292 3581 veneratione
1322 3523 1428 3589 sui,
1461 3523 1554 3579 Sed
1585 3539 1717 3592 cpu-

100 3620 288 3673 larum
337 3617 620 3673 desiderio
678 3616 963 3672 immolent
1014 3617 1286 3671 victimas.
1333 3616 1488 3684 Quod
1529 3623 1715 3670 autem

100 3714 186 3767 ait
220 3730 235 3766 :
270 3710 397 3765 Non
425 3729 539 3766 sum
586 3712 788 3765 locutus
828 3727 944 3763 cum
997 3710 1229 3779 patribus
1273 3711 1452 3763 vestris
1486 3726 1504 3763 :
1534 3720 1581 3762 et
1612 3726 1717 3763 non

102 3804 345 3877 praecepi
390 3804 464 3857 eis
506 3803 558 3857 in
606 3804 691 3857 die
735 3818 839 3873 qua
865 3801 1025 3856 eduxi
1070 3818 1156 3856 eos
1183 3802 1247 3856 de
1290 3814 1427 3855 terra
1472 3801 1715 3877 ngypti,

99 3912 273 3969 super
316 3895 467 3949 verbo
508 3894 806 3948 holocausti
854 3902 905 3948 et
931 3893 1278 3955 victimarum,
1313 3894 1600 3947 manifeste
1632 3895 1716 3946 in-

106 3989 407 4059 telligitur,
446 3988 592 4059 quod
648 3988 879 4056 primum
911 3986 1229 4055 decaIOgum
1280 3986 1493 4041 dederit
1541 3988 1594 4039 in
1641 3995 1713 4040 ta-

107 4080 268 4137 bulis
311 4078 563 4151 lapideis,
613 4080 882 4148 scriptum
933 4077 1106 4146 digito
1138 4076 1256 4140 Dei,
1286 4084 1494 4146 etpost
1545 4076 1717 4130 offen-

104 4188 231 4228 sam
299 4170 627 4226 idololatriae
698 4178 970 4243 caputque
1044 4168 1199 4222 vituli
1265 4167 1468 4237 (Exod.
1515 4170 1713 4237 xxxi),

105 4266 136 4305 ι’
170 4275 362 4339 postea
387 4265 614 4341 jusserit
646 4264 751 4320 sibi
782 4264 955 4334 magis
986 4262 1101 4317 ﬁeri
1129 4277 1290 4333 quam
1326 4262 1670 4341 daemonibus
1700 4277 1714 4315 :

107 4359 377 4415 auferens
427 4374 619 4433 puram
686 4357 1012 4430 religionem
1062 4354 1444 4410 mandatorum
1492 4354 1611 4419 Dei,
1648 4338 1722 4407 iet

110 4452 431 4510 concedens
461 4452 785 4524 sanguinem
816 4450 1192 4517 victimarum,
1221 4450 1584 4521 carniumque
1624 4446 1720 4501 de-

112 4545 407 4601 siderium.

187 4637 382 4709 (Vers.
423 4636 516 4706 24,
561 4637 680 4709 25.)
712 4636 781 4691 Et
820 4653 924 4693 non
962 4636 1267 4704 audierunt,
1314 4652 1406 4691 nec
1430 4635 1715 4694 inclinave-

114 4739 243 4784 runt
285 4745 465 4784 aurem
490 4746 641 4785 suam
664 4748 684 4786 :
723 4730 814 4785 sed
839 4731 1077 4785 abierunt
1108 4733 1162 4784 in
1188 4729 1542 4784 voluntatibus
1572 4729 1715 4798 (sive

114 4824 417 4895 desideriis)
450 4835 498 4879 et
530 4824 783 4895 pravitate
814 4822 987 4879 cordis
1015 4824 1097 4877 sui
1132 4822 1257 4875 mali
1286 4839 1304 4877 :
1338 4825 1566 4893 factique
1594 4829 1714 4877 sunt

114 4926 428 4985 retrorsum,
476 4927 522 4972 et
554 4933 660 4972 non
701 4926 819 4972 ante
854 4915 1034 4991 [Vulg.
1084 4917 1139 4971 ni
1188 4914 1351 4987 ante],
1399 4932 1432 4969 a
1478 4915 1564 4969 die’
1609 4931 1715 4988 qua

114 5011 316 5083 egressi
337 5018 458 5066 sunt
484 5020 659 5084 patres
700 5026 882 5065 eorum
924 5009 989 5064 de
1017 5019 1154 5063 terra
1184 5006 1258 5062 1E
1263 5009 1429 5080 gypti,
1463 5024 1623 5080 usque
1644 5008 1713 5061 ad

115 5103 256 5159 hanc
287 5103 447 5159 diem.
480 5102 565 5159 Me
594 5104 814 5158 dicente
846 5118 860 5155 :
892 5101 1082 5156 Audite
1107 5116 1280 5154 vocem
1322 5116 1508 5167 meam,
1554 5108 1601 5154 et
1630 5115 1717 5154 ero

114 5194 261 5249 vobis
295 5191 462 5265 Deus,
490 5202 547 5249 et
577 5194 816 5265 reliqua,
850 5209 956 5247 non
990 5191 1302 5256 audierunt,
1354 5205 1453 5244 nec
1482 5190 1714 5246 inclina.

118 5298 319 5345 verunt
349 5303 541 5343 aurem
571 5303 750 5353 suam,
798 5286 894 5342 sed
939 5286 1025 5341 sui
1076 5284 1259 5340 cordis
1290 5285 1469 5338 iecere
1500 5284 1720 5337 deside-

118 5380 198 5435 ria
234 5396 249 5432 :
284 5389 342 5433 et
365 5389 558 5434 contra
588 5379 838 5449 Apostoli
884 5379 1231 5443 sententiam,
1262 5377 1430 5449 896
1456 5378 1546 5446 qui
1582 5391 1719 5443 prte-

121 5469 409 5526 teritorum
436 5470 890 5537 obliviscebatur,
916 5480 971 5526 et
998 5471 1051 5525 in
1080 5468 1262 5541 priora
1281 5483 1343 5525 se
1361 5468 1717 5535 extendebat,

194 5704 221 5732 δ
250 5694 422 5749 iidem
448 5693 559 5749 duo
587 5708 746 5764 mss.,
765 5709 874 5763 non
902 5703 1051 5750 recte
1072 5700 1278 5762 tamen,
1310 5701 1589 5765 coguntur,
1616 5707 1716 5766 pro

121 5774 418 5892 gignamur;
451 5774 508 5821 et
536 5766 705 5837 paulo
737 5774 880 5835 post,
913 5766 1185 5845 conﬁatio.
1219 5779 1320 5835 pro
1365 5766 1592 5837 conﬂata
1636 5766 1720 5820 in-

160 5852 283 5907 agna
310 5851 383 5889 to.

1810 1945 1911 2003 tas,
1942 1950 2106 2005 supra
2135 1933 2392 1989 dixitnus.

1880 2028 2061 2101 (Vers.
2107 2028 2198 2094 27,
2245 2028 2367 2099 28.)
2416 2025 2483 2081 Et
2529 2023 2757 2095 loqueris
2803 2023 2872 2077 ad
2918 2036 3005 2075 eos
3044 2017 3221 2074 omnia
3249 2013 3405 2071 verba

1809 2122 1940 2188 lucc,
1969 2131 2020 2175 et
2052 2137 2153 2175 non
2186 2120 2400 2174 audient
2424 2128 2473 2173 te
2507 2133 2525 2172 :
2551 2128 2599 2173 et
2622 2105 2828 2170 vocabis
2851 2130 2959 2180 eos,
2986 2121 3033 2167 et
3063 2126 3169 2164 non
3192 2123 3408 2181 respon-

1808 2212 2001 2265 debunt
2027 2211 2138 2265 tibi.
2188 2209 2256 2264 Et
2285 2211 2425 2264 dices
2456 2208 2524 2261 ad
2553 2222 2641 2261 eos
2671 2223 2692 2260 :
2724 2204 2856 2260 Hinc
2882 2211 2959 2257 est
2988 2217 3111 2274 gens
3151 2214 3266 2270 quis
3303 2212 3409 2252 non

1809 2304 2009 2358 audivit
2040 2319 2211 2357 vocem
2256 2301 2472 2356 Domini
2513 2298 2613 2354 Dei
2654 2299 2756 2362 sui,
2789 2311 2883 2349 nec
2921 2293 3114 2364 recepit
3158 2288 3409 2359 discipli-

1808 2411 1951 2449 nam.
1985 2393 2150 2449 Periit
2168 2394 2323 2463 ﬁdes,
2347 2404 2396 2447 et
2417 2392 2593 2444 ablata
2612 2397 2689 2443 est
2718 2388 2783 2441 de
2812 2402 2904 2440 ore
2927 2399 3125 2440 eorum.
3144 2382 3222 2438 Ne
3251 2378 3413 2436 dubi-

1812 2495 1918 2551 tes,
1964 2486 2164 2556 inquit,
2200 2500 2296 2539 eos
2326 2482 2613 2538 indurasse
2642 2480 2938 2542 cervicem,
2980 2486 3035 2531 et
3082 2475 3267 2545 pejora
3318 2487 3413 2543 pa-

1811 2580 1985 2634 tribus
2032 2578 2146 2632 suis
2191 2585 2471 2647 operatus.
2525 2572 2667 2629 Ecoe
2710 2570 2783 2627 do
2822 2572 2998 2626 locum
3034 2564 3408 2638 paenitentiae:

1811 2687 1914 2729 nec
1958 2672 2082 2727 ideo
2132 2671 2327 2741 loquor
2367 2677 2425 2723 ut
2455 2667 2609 2731 llam,
2637 2664 2732 2719 sed
2759 2663 2885 2734 quia
2920 2660 3099 2717 futura
3138 2667 3289 2721 sunt,
3319 2655 3406 2712 id-

1780 2764 1783 2765 ⁷
1810 2767 1961 2822 circo
1989 2764 2250 2835 praedico.
2281 2760 2485 2817 Saltem
2517 2771 2664 2813 nunc
2686 2757 2910 2826 loquere
2934 2753 3015 2809 eis
3041 2752 3223 2807 verbis
3244 2749 3405 2815 meis,

1812 2877 1864 2921 et
1896 2875 2076 2919 tamen
2108 2878 2217 2918 non
2258 2859 2480 2916 audient
2515 2868 2588 2923 te,
2620 2867 2675 2913 et
2703 2852 2927 2909 vocabis
2958 2865 3076 2918 eos,
3102 2858 3158 2905 et
3180 2863 3287 2903 non
3320 2860 3412 2901 re-

1812 2958 2161 3028 5p0iidebttnt
2200 2952 2322 3010 tibi.
2373 2951 2563 3006 Tanta:
2603 2950 2751 3003 enim
2796 2953 2964 3001 erunt
3012 2939 3303 3013 superbiae,
3350 2943 3409 2992 ut

1814 3067 1937 3106 cum
1968 3046 2251 3104 vocaveris
2290 3058 2386 3099 eos
2429 3043 2495 3096 ad
2542 3038 2900 3103 audiendum,
2949 3034 3132 3089 nullus
3176 3044 3409 3101 respou-

1815 3142 1947 3198 dere
1978 3142 2253 3212 dignetur.
2292 3137 2358 3191 Et
2389 3136 2541 3189 dices
2570 3132 2639 3187 ad
2671 3146 2767 3186 eos
2808 3148 2823 3183 :
2868 3127 3000 3183 Htec
3028 3137 3102 3181 est
3132 3141 3254 3197 gens
3296 3133 3415 3192 qua:

1818 3254 1922 3291 non
1952 3235 2150 3291 audivit
2184 3248 2355 3286 vocem
2392 3226 2610 3281 Domini
2637 3225 2733 3280 Dei
2768 3224 2869 3287 sui,
2906 3237 3003 3275 nec
3029 3219 3226 3287 recepit
3254 3213 3415 3270 disci-

1817 3331 2037 3402 plinam.
2061 3326 2321 3392 Pulchre,
2356 3332 2414 3378 ut
2457 3328 2583 3375 ante
2607 3321 2720 3386 jam
2752 3317 2888 3381 dixi,
2934 3325 3274 3383 nequaquam

1819 3399 2001 3489 pulum
2053 3433 2231 3479 suum,
2280 3414 2376 3469 sed
2422 3420 2638 3483 gentem
2684 3415 2861 3463 vocat.
2896 3405 3050 3475 Quod
3082 3403 3210 3459 licet
3257 3410 3313 3457 et
3357 3399 3412 3455 in

1821 3526 2068 3583 tempore
2097 3508 2493 3579 Prophetarum
2533 3520 2599 3560 ex
2645 3510 2800 3579 parte
2848 3501 2922 3555 sit
2968 3499 3194 3563 factum,
3246 3503 3303 3549 et
3355 3494 3412 3547 in

1819 3605 2009 3661 umbra
2041 3600 2390 3674 priecesscrit
2431 3604 2487 3652 ct
2536 3597 2591 3651 in
2643 3593 2910 3663 imagine;
2964 3599 3147 3644 tamen
3198 3584 3414 3655 plenius

1819 3697 2123 3767 completur
2173 3694 2227 3749 in
2276 3690 2522 3755 Christo,
2563 3686 2783 3758 quando
2826 3682 3117 3738 noluerunt
3160 3678 3412 3746 recipere

1818 3787 2184 3856 disciplinam,
2218 3792 2274 3838 et
2302 3795 2492 3836 vocem
2542 3778 2624 3834 sui
2673 3774 2887 3830 Domini
2937 3774 3413 3839 contempserunt.

1821 3880 1975 3937 Unde
2022 3878 2305 3948 eleganter
2331 3872 2566 3928 infertur
2595 3887 2608 3924 :
2642 3867 2810 3922 Periit
2841 3865 2992 3937 ﬁdes,
3026 3877 3146 3932 qua:
3190 3859 3415 3931 proprie

1819 3973 2254 4029 Christianorum
2284 3976 2402 4032 est;
2433 3973 2480 4019 et
2505 3964 2681 4017 ablata
2711 3968 2785 4013 est
2808 3960 2875 4012 de
2905 3972 2993 4011 ore
3020 3969 3198 4008 eorum
3238 3967 3257 4005 :
3297 3965 3416 4005 om-

1823 4066 1906 4118 nis
1936 4063 2199 4117 videlicet
2222 4057 2352 4113 Filii
2384 4055 2506 4122 Dei,
2539 4052 2775 4122 ﬁdeique
2803 4043 3099 4103 confessio.

1891 4178 2075 4257 (Vers.
2108 4177 2225 4250 29.)
2272 4174 2453 4230 Tonde
2492 4169 2742 4247 capillum
2791 4176 2958 4234 tuum,
3008 4171 3055 4217 et
3104 4159 3324 4237 projice,
3366 4164 3414 4211 et

1820 4296 1963 4336 sume
1985 4280 2042 4333 in
2071 4278 2323 4337 directum
2352 4273 2493 4351 (sive
2522 4285 2682 4344 super
2726 4262 2893 4336 labia)
2926 4268 3197 4335 planctum
3226 4276 3246 4316 :
3290 4257 3416 4329 quia

1821 4384 2038 4456 projecit
2067 4379 2349 4443 Dominus,
2380 4385 2426 4437 et
2446 4374 2657 4446 reliquit
2676 4369 3063 4445 generationem
3089 4363 3285 4439 luroris
3304 4360 3411 4419 sui.

1822 4483 1892 4541 Et
1914 4481 2036 4546 Job,
2065 4478 2253 4535 audita
2298 4474 2541 4539 illioram
2573 4480 2631 4529 et
2657 4471 2888 4531 ﬁliarum
2933 4475 3135 4529 morte.
3185 4460 3416 4531 capillos

1742 4602 1796 4663 ι)
1821 4582 2052 4653 legimus
2094 4575 2400 4637 totondisse
2447 4570 2594 4647 (Job.
2627 4569 2667 4640 ι)
2695 4586 2709 4622 :
2741 4574 2800 4625 et
2841 4564 2984 4634 apud
3016 4562 3251 4620 Veteres
3295 4559 3412 4615 hac

1816 4693 1937 4739 erat
1964 4680 2206 4737 omnium
2245 4671 2589 4731 consuetudo
2632 4666 2933 4738 lugentium
2986 4661 3217 4720 tondere
3245 4672 3418 4715 caesa-

1817 4785 1976 4840 riem.
2003 4778 2071 4836 At
2109 4792 2253 4833 nunc
2284 4791 2317 4831 θ
2341 4771 2620 4830 contrario
2649 4782 2863 4825 comam
2891 4765 3208 4827 demittere,
3240 4762 3423 4817 luctus

1817 4884 2079 4942 indicium
2110 4887 2215 4936 est.
2264 4876 2453 4933 Omnis
2482 4872 2645 4946 891
2677 4876 2856 4924 autem
2908 4867 3166 4937 planctus
3210 4871 3266 4919 et
3313 4862 3419 4918 La-

1816 4984 2081 5042 mentatio
2114 4975 2455 5052 prophetalis
2485 4973 2694 5029 idcirco
2741 4968 3079 5025 assumitur:
3110 4965 3234 5037 quia
3285 4979 3413 5035 pro-

1808 5089 1936 5159 jecit
1983 5083 2258 5147 Dominus,
2310 5087 2357 5132 et
2392 5072 2604 5145 reliquit
2650 5069 3027 5142 generationem
3079 5065 3275 5137 furoris
3305 5064 3412 5118 sui.

1816 5187 1971 5245 Haud
2003 5184 2229 5242 dubium
2280 5179 2410 5249 quin
2442 5172 2700 5246 pupulum
2756 5167 3034 5241 signiﬁcet
3084 5164 3422 5221 Judarorum.

1820 5289 1889 5343 Et
1937 5286 2159 5358 proprie
2222 5281 2326 5337 hoc
2369 5277 2436 5332 ad
2485 5273 2693 5331 Christi
2736 5283 2982 5341 tempora
3047 5265 3421 5358 referendum,

1814 5352 2200 5448 quandoiperit
2248 5369 2406 5431 ﬁdes,
2440 5374 2495 5421 et
2519 5364 2695 5421 ablata
2722 5371 2808 5418 est
2835 5359 2906 5415 de
2948 5372 3046 5413 ore
3093 5355 3277 5426 populi
3310 5352 3419 5406 Do-

1819 5468 2025 5524 minum
2054 5457 2543 5532 blansphemsntis.

1895 5690 1925 5731 ι’
1953 5690 2136 5746 Malim
2179 5703 2240 5744 es
2286 5695 2500 5743 tantum
2553 5695 2655 5755 pro
2708 5685 2911 5753 postea.
2960 5673 3163 5733 Confer
3195 5674 3249 5737 in
3289 5673 3426 5733 Eze-

1826 5762 1993 5821 chiel.
2023 5762 2395 5822 Commentar.
2426 5768 2546 5828 cap.
2580 5769 2638 5811 χ.
