3972 6338
584 256 687 314 755

1796 248 1858 307 8.
1904 245 2176 305 EUSEBII
2215 244 2603 303 HIERONYMI

3790 238 3876 296 736

658 365 841 439 (Vera.
873 360 961 431 30,
991 360 1108 432 3L)
1139 361 1275 428 Quia
1299 361 1528 433 fecerunt
1563 360 1665 429 ﬁlii
1703 356 1848 415 Juda
1889 358 2087 414 malum
2116 359 2171 413 in
2198 355 2248 417 Α
2275 357 2339 411 de
2366 355 2548 427 plateis
2562 352 2856 410 Jerusalem
2876 370 3045 410 vocem
3088 355 3276 426 gaudii
3300 397 3313 419 ,
3337 368 3520 410 vocem
3571 350 3807 418 latitia,
3837 364 3876 408 st

590 464 869 522 conspectu
890 468 1005 507 meo
1023 450 1208 525 [Vulg.
1228 451 1394 507 oculis
1411 448 1586 524 meis],
1605 450 1734 505 dicit
1758 449 2012 504 Dominus
2031 465 2051 504 :
2082 466 2178 515 po-

2280 463 2451 511 vocem
2471 447 2675 515 sponsi,
2698 455 2745 501 et
2771 462 2942 500 vocem
2964 461 3191 515 sponsae.
3232 444 3299 499 In
3331 445 3731 501 desolationem
3765 447 3878 498 enim

586 555 803 604 suerunt
819 544 1137 613 offendicula
1157 561 1253 599 sua
1278 545 1333 599 in
1379 545 1556 608 domo,
1578 544 1631 597 in
1656 559 1759 612 qua
1787 542 2081 596 invocatum
2104 549 2179 595 est
2279 544 2376 599 erit
2398 552 2557 599 terra.
2589 543 2725 599 Cum
2748 544 2899 598 locus
2931 543 3257 598 idololatria:
3288 558 3490 599 versus
3521 541 3707 598 fuerit
3734 542 3787 596 in
3813 556 3883 597 se-

589 653 774 691 nomen
793 653 985 703 meum,
1021 645 1077 690 ut
1104 634 1394 705 polluerent
1422 634 1567 691 eam.’
1586 633 1655 688 Et
1675 633 2065 701 wdiﬁcaverunt
2091 647 2183 709 ea?

583 727 724 785 celsa
749 727 888 802 (sive
907 730 1084 799 aram)
1105 727 1489 800 Toplteth,qua:
1505 735 1585 783 est
1603 728 1657 781 in
1678 726 1814 781 valle
1833 726 1931 795 ﬁlii
1956 724 2178 791 Ennom,

583 833 641 878 ut
660 823 992 881 incenderent
1024 824 1167 893 ﬁlios
1194 839 1338 888 suos.
1361 831 1409 877 et
1436 822 1577 893 ﬁlias
1601 838 1726 876 suas
1749 822 1869 894 igne
1892 836 1911 875 :
1936 835 2054 892 quae
2079 835 2182 873 non

584 920 832 990 praecepi,
857 935 950 973 nec
977 919 1202 993 cogitavi
1230 919 1282 973 in
1315 917 1470 972 corde
1492 932 1624 971 meo.
1655 915 1810 985 Quod
1858 914 1912 969 in
1955 913 2184 983 Temple

581 1008 679 1064 Dei
711 1010 805 1065 ﬁlii
837 1009 975 1067 Juda
999 1018 1238 1067 statuam
1269 1009 1394 1065 Baal
1425 1007 1750 1077 posuerint,
1788 1006 1842 1061 in
1874 1004 2183 1062 Ezechielis

581 1103 854 1175 principio
882 1102 1168 1158 discimus.
1230 1100 1467 1156 Excelsa
1525 1108 1733 1164 autem,
1764 1113 1887 1166 quae
1917 1098 2184 1153 Hebraice

582 1195 934 1264 appellantur
959 1210 1177 1250 ωηατ-ιι
1205 1192 1226 1265 (
1251 1199 1407 1249 mm
1436 1193 1456 1264 )
1481 1234 1497 1260 ,
1535 1192 1652 1247 sive
1679 1206 1831 1246 aram
1879 1189 2133 1258 Teplieth
2164 1233 2179 1255 ,

590 1303 715 1359 quas
755 1296 843 1342 est
869 1288 923 1342 in
961 1287 1105 1343 valle
1132 1295 1159 1325 ι
1182 1286 1420 1341 ﬁliorum
1455 1285 1693 1350 Ennom,
1719 1285 1872 1340 illum
1904 1284 2085 1339 locum
2109 1283 2186 1339 si-

589 1378 833 1451 gniﬁcat,
857 1379 950 1449 qui
971 1378 1121 1436 Silne
1151 1362 1393 1435 fontibus
1416 1378 1676 1449 irrigatur
1700 1395 1716 1444 ;
1739 1388 1796 1433 et
1821 1387 1905 1434 est
1935 1390 2186 1434 amamus

593 1482 757 1540 atque
785 1487 1145 1537 nemorosus,
1189 1472 1461 1543 hodieque
1504 1473 1783 1528 hortorum
1837 1470 2045 1540 prmbet
2091 1470 2188 1526 de-

587 1561 764 1620 licias.
810 1564 908 1620 llic
930 1572 1113 1619 autem
1159 1564 1479 1633 gentilitatis
1527 1578 1686 1619 error
1730 1577 1922 1617 omnes
1953 1563 2180 1633 provin-

588 1655 704 1711 cias
733 1656 1039 1724 occupavit,
1062 1666 1119 1709 ut
1146 1656 1215 1710 ad
1244 1656 1421 1724 capita
1446 1655 1712 1711 montium
1737 1655 1998 1725 lucosque
2017 1669 2189 1710 amre-

2284 637 2504 706 pulcra:
2539 644 2599 689 ut
2631 634 2721 689 ubi
2767 636 2934 691 Deum
2989 635 3358 703 oli'enderant,
3386 635 3463 690 ibi
3492 650 3711 691 eorum
3746 634 3882 689 inbu-

2282 738 2424 782 mata
2447 726 2672 796 iaceant
2707 726 2997 793 cadavera,
3032 727 3102 782 de
3142 728 3277 783 urbe
3311 725 3595 798 quondam
3631 723 3751 797 [AL
3778 741 3886 796 qua

2282 815 2580 890 quondam]
2603 818 2904 875 Jerusalem
2933 829 2988 874 et
3017 819 3087 873 de
3107 819 3325 875 caeteris
3350 819 3610 884 urbibus,
3639 833 3774 888 quae
3800 817 3886 873 Sub

2284 912 2433 968 illius
2454 913 2660 968 ditione
2688 921 2846 969 erant
2865 955 2878 977 ,
2907 914 3188 969 auferetur
3214 913 3390 967 omnis
3412 910 3610 967 l:rtitia
3631 952 3650 975 ,
3683 919 3746 965 et
3764 925 3886 967 utte—

2282 1019 2408 1061 rore
2432 1046 2447 1072 ,
2480 1006 2793 1075 gemituque
2843 1014 2899 1061 et
2937 1003 3279 1061 desolatione
3305 1002 3490 1059 omnia
3519 1002 3883 1074 complebun-

2287 1109 2397 1156 llil‘.

2359 1191 2514 1263 (Cap.
2540 1190 2675 1246 Vlll.
2704 1220 2777 1231 —
2802 1190 2965 1247 Vers.
2994 1190 3018 1244 l
3056 1188 3243 1259 seqq.)
3270 1186 3335 1242 In
3362 1197 3598 1259 tempore
3640 1186 3752 1242 illo
3776 1229 3792 1249 .
3830 1188 3891 1241 ait

2285 1278 2562 1347 Dominus,
2587 1281 2796 1353 ejicient
2833 1296 2950 1334 ossa
2972 1281 3107 1351 regis
3149 1279 3327 1345 Juda,
3350 1286 3399 1331 et
3440 1294 3561 1331 ossa
3600 1276 3895 1350 principal

2285 1376 2421 1445 ejus,
2454 1381 2499 1428 et
2526 1389 2643 1427 ossa
2665 1372 3032 1431 Sacerdotunt.
3058 1380 3107 1426 et
3128 1370 3693 1440 ossa-PrOphetarum,
3718 1380 3767 1423 e:
3790 1384 3895 1423 ossa

2286 1481 2485 1527 eorum.
2513 1466 2602 1531 qui
2625 1465 2982 1519 habitaverunt
3012 1462 3328 1526 Jerusalem,
3364 1463 3429 1517 de
3454 1462 3729 1534 sepulcris
3774 1464 3895 1517 suis.

2287 1553 2358 1609 Et
2397 1554 2689 1627 expandent
2716 1554 2894 1627 [ναις.
2928 1554 3183 1628 pandent]
3223 1572 3284 1608 ea
3305 1554 3375 1607 ad
3405 1555 3571 1609 solem
3605 1562 3654 1608 et
3686 1555 3891 1621 luant,

2288 1654 2335 1700 et
2355 1645 2423 1699 ad
2439 1663 2639 1701 omnem
2662 1646 2902 1701 militiam
2937 1647 3084 1711 cteli,
3119 1663 3235 1717 qua:
3274 1647 3595 1708 dilexerunt,
3618 1654 3672 1699 et
3720 1647 3895 1712 quibus

590 1747 852 1804 nissimos
880 1747 1129 1803 victimas
1166 1747 1538 1813 immolarent,
1567 1757 1625 1803 et
1662 1748 1842 1804 omnis
1872 1762 2057 1817 pravze
2089 1762 2187 1802 su-
2216 1718 2265 1777 Β
2295 1737 2601 1805 servierunt,
2626 1746 2674 1790 et
2721 1746 2836 1807 post
2870 1752 2985 1808 qua
3022 1735 3433 1802 ambulaverunt,
3456 1742 3505 1788 et
3541 1750 3664 1804 qua:
3684 1735 3899 1804 quaesie-

588 1839 925 1910 perstilionis
987 1838 1185 1910 religio
1251 1848 1587 1895 servaretur.
1647 1839 1903 1896 Toruu'ru
1959 1839 2187 1911 (nam)

592 1927 773 1996 lingua
801 1928 1027 1984 Hehrxea
1059 1929 1459 1999 interpretatur.
1496 1930 1719 1985 latitudo
1749 1948 1763 1986 :
1812 1932 2188 2002 scriptumque

593 2019 772 2077 fertur
798 2022 853 2078 in
878 2022 1023 2079 libro
1043 2021 1212 2080 Josue
1242 2022 1339 2080 ﬁlii
1365 2023 1485 2079 Non
1511 2023 1582 2081 de
1613 2025 1716 2080 hoc
1738 2026 1881 2091 loco,
1905 2027 1995 2094 qui
2018 2036 2105 2082 est
2134 2028 2187 2084 in

595 2112 744 2167 valle
763 2111 997 2169 ﬁliorum
1032 2114 1270 2183 Ennom,
1301 2122 1357 2171 et
1378 2115 1648 2173 Hebraice
1685 2117 1883 2174 dicitur
1941 2133 2188 2175 ossuuou

596 2199 625 2242 ιι
652 2202 727 2257 Ge
761 2221 776 2258 :
808 2205 827 2268 (
855 2204 983 2276 uva)
1035 2206 1239 2277 quippe
1287 2209 1562 2285 φάραγγα,
1596 2208 1697 2266 hoc
1720 2218 1837 2277 est,
1873 2211 2060 2266 vallem
2091 2228 2110 2266 :
2138 2222 2193 2268 et

601 2306 781 2350 Rumon
809 2292 941 2367 (an
961 2296 1003 2367 ),
1044 2300 1126 2351 vel
1155 2297 1394 2353 hominis
1416 2313 1613 2356 nomen
1625 2301 1730 2367 ,vel
1758 2302 1982 2375 gratiam
2011 2312 2190 2358 sonat.

598 2382 951 2457 Traduntque
992 2387 1206 2444 Hebraei
1246 2404 1313 2446 ex
1338 2390 1587 2447 hocloeo
1616 2391 1950 2462 appellatam
1975 2393 2194 2450 Geben-

597 2489 751 2543 nam,
773 2478 902 2548 quia
930 2478 1143 2536 scilicet
1169 2481 1349 2536 omnis
1365 2482 1597 2551 p0pnlus
1616 2482 1936 2539 Judmorum
1968 2485 2039 2540 ibi
2071 2500 2193 2553 per-

596 2567 756 2632 ierit.
789 2568 1075 2626 odendens
1102 2572 1294 2627 Deum.
1348 2572 1403 2628 In
1432 2589 1541 2643 quo
1562 2574 1684 2630 loco
1705 2575 1869 2630 etiam
1897 2574 2042 2630 ﬁlios
2064 2590 2195 2632 suos

599 2659 724 2731 igne
751 2662 913 2718 idolis
932 2665 1455 2731 consecrarint,sive
1472 2666 1851 2721 holocaustum
1871 2667 2194 2737 obtulerint,

601 2768 724 2823 quae
754 2770 862 2809 non
892 2758 1216 2825 praeceperit
1237 2757 1347 2824 eis,
1383 2772 1483 2813 nec
1505 2757 1608 2812 ulla
1637 2757 1801 2824 Legis
1824 2759 2050 2828 jusserit
2071 2776 2198 2817 san-

599 2844 785 2898 ctione
834 2843 924 2917 (ιν
958 2846 1087 2917 Reg.
1117 2846 1275 2918 xvn).
1305 2847 1459 2915 Quod
1489 2849 1537 2904 si
1565 2848 1762 2919 Jephte
1790 2851 1989 2907 obtulit
2026 2851 2193 2908 ﬁliam

599 2949 755 2990 suam
788 2936 1053 3007 virginem
1075 2938 1211 3004 Deo,
1242 2956 1351 2995 non
1381 2941 1712 3013 sacrificium
1746 2943 2046 3013 placet,sed
2077 2947 2197 3001 ani-

596 3041 719 3082 mus
749 3027 1028 3084 offerentis
1052 3029 1208 3101 (Iud.
1239 3031 1346 3102 ιι).
1371 3031 1557 3099 Neque
1599 3035 1746 3089 enim
1787 3036 1832 3090 si
1878 3037 2058 3103 canis,
2095 3045 2189 3091 aut

2290 1838 2431 1896 runt,
2458 1838 2505 1884 et
2545 1829 2913 1884 adoraverunt.
2950 1828 3072 1885 Non
3097 1828 3432 1899 colligentur,
3448 1836 3627 1882 etnon
3651 1827 3899 1898 sepelien-

2290 1929 2408 1985 tur;
2426 1920 2478 1973 in
2492 1921 2877 1990 sterquilinium
2890 1937 3046 1990 super
3065 1922 3416 1991 faciemterrae
3435 1917 3689 1973 eruut.Et
3713 1920 3893 1989 eligant

2294 2012 2456 2083 magis
2478 2020 2691 2066 mortem
2716 2028 2871 2082 quam
2892 2013 3051 2066 vitant
3068 2028 3244 2066 omnes
3265 2010 3358 2082 qui
3389 2010 3594 2066 residui
3617 2012 3822 2081 fuerint
3841 2011 3897 2064 de

2291 2111 2599 2181 cognatione
2625 2111 2724 2167 Itac
2744 2113 2989 2184 pessima,
3013 2112 3067 2165 in
3093 2111 3348 2165 universis
3367 2109 3498 2163 locis
3516 2109 3894 2181 qurederelicta

2292 2210 2432 2269 sunt,
2451 2203 2522 2256 ad
2538 2220 2653 2275 quae
2669 2205 2796 2272 ejeci
2815 2220 2927 2268 eos,
2942 2204 3068 2257 dicit
3097 2201 3358 2257 Dominus
3380 2204 3738 2257 exercituum.
3776 2201 3894 2257 0m-

2295 2292 2380 2348 nia
2412 2310 2532 2364 quae
2552 2294 2889 2365 prophetalis
2911 2308 3096 2350 sermo
3113 2293 3403 2357 describit,
3429 2302 3622 2347 nostro
3650 2302 3894 2364 tempore

2293 2392 2572 2446 cernimus
2594 2391 2861 2447 accidisse
2890 2407 2905 2444 :
2938 2406 3046 2446 non
3075 2392 3175 2447 uni
3210 2388 3518 2447 Jerusalem
3539 2432 3555 2458 ,
3605 2403 3737 2459 qua
3795 2390 3889 2444 ista

2294 2496 2549 2553 perpessa
2575 2492 2659 2539 est
2683 2498 2712 2537 a
2734 2481 3001 2539 Chaldaeis
3022 2493 3185 2554 atque
3214 2481 3611 2548 Romanis,sed
3639 2483 3894 2538 universo

2294 2575 2415 2630 orbi
2440 2592 2454 2628 :
2484 2574 2557 2630 ita
2585 2583 2644 2630 ut
2671 2575 2927 2647 lacryma:
2959 2575 3224 2642 aruerint,
3255 2583 3310 2629 et
3340 2574 3598 2629 universa
3624 2574 3894 2644 completa

2295 2666 2407 2721 sint
2434 2667 2651 2721 ossibus
2680 2676 3044 2721 mortuorum.
3077 2665 3143 2719 Et
3170 2666 3295 2736 quia
3327 2664 3762 2732 solebantjuxta
3803 2680 3894 2720 an-

2296 2759 2505 2830 tiquum
2531 2775 2761 2826 morem,
2795 2775 3009 2826 aurum,
3029 2769 3084 2815 et
3111 2757 3140 2795 ἀ
3167 2758 3416 2828 quaedam
3451 2770 3785 2813 ornamenta
3816 2757 3887 2812 vel

2296 2854 2584 2910 mulierum
2630 2855 2717 2911 vel
2769 2854 3018 2909 virorum
3061 2853 3115 2908 in
3171 2853 3439 2924 sepulcris
3473 2852 3745 2911 condere.
3785 2851 3888 2907 huc

2295 2960 2512 3015 queque
2545 2946 2900 3016 frangebatet
2958 2943 3253 3000 elTodiebat
3278 2943 3533 3010 avaritia,
3565 2951 3625 2997 ut
3672 2945 3818 2999 creto
3843 2950 3888 2997 et

2302 3036 2405 3097 luci
2450 3037 2831 3105 proderentur.
2884 3036 2948 3090 Et
2998 3036 3127 3091 ideo
3150 3036 3382 3106 primum
3414 3050 3603 3105 regum
3641 3032 3806 3101 Juda,
3842 3042 3889 3089 et

592 3120 802 3189 asinus,
850 3130 945 3178 aut
991 3095 1333 3180 immundum
1369 3095 1654 3195 quodlibet
1700 3127 1904 3184 animal
1959 3095 2190 3197 primum
2221 3095 2268 3159 Ο
2300 3095 2607 3197 principum
2637 3127 2779 3198 ejus,
2827 3095 3188 3184 Sacerdotum
3230 3140 3452 3197 quoque
3475 3095 3540 3180 et
3590 3095 3889 3194 Propheta—

595 3216 929 3273 occurrisset
982 3219 1120 3287 patri
1173 3218 1382 3275 acaade
1414 3219 1652 3276 hostium
1700 3222 2025 3289 revertenti,
2083 3223 2194 3279 Deo

599 3306 734 3363 illud
764 3307 971 3365 offerre
1002 3310 1292 3366 debuerat.

670 3400 853 3475 (Vers.
886 3404 977 3467 δὲ,
1008 3404 1127 3475 33.)
1157 3403 1286 3460 Ideo
1307 3422 1422 3461 ecce
1447 3407 1558 3463 dies
1584 3410 1806 3478 venient,
1847 3409 1974 3463 dicit
2019 3409 2197 3465 Domi-

2298 3234 2442 3287 rum,
2469 3228 2526 3277 et
2557 3219 2801 3276 universi
2836 3220 3053 3290 populi,
3082 3219 3174 3288 qui
3209 3217 3421 3273 fuerant
3453 3216 3510 3272 in
3559 3217 3887 3283 Jerusalem,

2296 3327 2420 3369 ossa
2447 3313 2516 3368 de
2549 3312 2771 3368 tumulis
2814 3310 3265 3382 proferebantur,
3299 3310 3539 3381 patentia
3569 3309 3675 3364 soli
3713 3319 3770 3364 et
3812 3309 3887 3362 lu-

2298 3413 2475 3469 n:e,et
2502 3405 2747 3460 omnium
2779 3402 3065 3458 stellarum
3104 3402 3352 3471 aspectui
3386 3417 3401 3455 :
3446 3409 3505 3455 ut
3535 3400 3736 3470 quibus
3779 3414 3886 3454 scrc

596 3509 719 3555 nus,
747 3500 794 3546 et
817 3509 923 3548 non
973 3493 1174 3549 dicetur
1204 3497 1433 3565 amplius
1457 3537 1473 3563 ,
1506 3496 1774 3567 Topheth,
1816 3507 1866 3553 et
1910 3498 2065 3554 vallis
2099 3500 2199 3567 ﬁlii
2298 3496 2529 3564 vierant,
2556 3496 2724 3568 899
2747 3496 3016 3551 derelicto
3049 3496 3182 3560 Deo,
3198 3510 3392 3551 eorum
3424 3504 3676 3564 paterent
3705 3507 3883 3557 aspec-

599 3583 832 3651 Ennom,
853 3587 947 3641 sed
986 3588 1139 3642 vallis
1183 3590 1558 3659 interfectionis
1589 3607 1607 3646 :
1661 3600 1707 3645 et
1739 3603 1762 3631 ο
1799 3592 2110 3661 sepelientur
2142 3593 2197 3646 in
2302 3591 2449 3646 tibus
2479 3606 2494 3645 :
2526 3602 2583 3646 et
2606 3605 2835 3645 consum
2848 3599 2936 3659 pta
2969 3590 3022 3643 in
3050 3588 3462 3659 Sterquilinium
3476 3596 3531 3641 et
3544 3588 3767 3643 cineres
3789 3585 3887 3642 sol-

603 3672 862 3741 Top/teth,
887 3692 946 3730 eo
988 3678 1129 3746 quod
1165 3694 1271 3732 non
1310 3680 1379 3733 sit
1413 3681 1582 3736 locus.
1616 3680 1685 3735 Et
1718 3683 1815 3736 erit
1864 3683 2198 3737 morticinum
2299 3695 2580 3740 verentur.
2613 3683 2819 3751 Siquis
2851 3691 3034 3738 autem
3087 3681 3157 3737 de
3219 3680 3573 3736 multitudine
3626 3683 3883 3750 potuisset

600 3767 780 3838 populi
802 3767 961 3838 hujus
989 3767 1045 3821 in
1066 3768 1236 3823 cibum
1263 3771 1557 3826 volucribus
1580 3774 1717 3841 cteli,
1737 3783 1784 3827 et
1806 3775 1979 3828 bestiis
2008 3784 2157 3829 teme
2178 3791 2199 3829 :

595 3866 644 3914 et
672 3876 775 3914 non
807 3861 904 3914 erit
924 3861 1010 3930 qui
1031 3861 1229 3935 abigat.
1260 3862 1502 3933 Tempus
1548 3865 1854 3921 obsidionis
1885 3866 2195 3938 signiﬁcat,

595 3951 741 4023 quod
765 3952 833 4008 ab
856 3968 999 4008 anno
1028 3969 1174 4009 nono
1200 3954 1481 4012 Sedechire
1511 3958 1658 4028 regis
1690 3973 1863 4029 usque
1901 3960 1967 4013 ad
1992 3975 2197 4015 annum

602 4044 951 4103 undecimum
1002 4049 1249 4118 perpessi
1278 4057 1407 4105 sunt
1444 4050 1536 4114 (IV
1572 4051 1699 4123 Reg.
1724 4051 1853 4122 xxv)
1884 4070 1901 4120 ;
1943 4062 1998 4108 et
2031 4055 2201 4127 898

597 4137 743 4209 quod
769 4154 1111 4209 nequaquam
1138 4152 1369 4196 vocetur
1395 4141 1555 4198 vallis
1581 4144 1697 4212 ipsa
1743 4142 2051 4214 gehennam,
2094 4145 2200 4201 hoc

597 4241 709 4295 est,
739 4233 890 4288 vallis
911 4232 1143 4299 Ennom,
1176 4235 1294 4291 sive
1323 4235 1558 4306 ﬁliorum
1582 4235 1787 4292 Ennom
1807 4255 1825 4293 :
1848 4239 1947 4294 sed
1987 4239 2059 4295 ob
2112 4240 2198 4296 in-

600 4322 977 4379 terfectionem
1038 4323 1431 4393 plurimorum,
1472 4327 1623 4383 vallis
1671 4329 1970 4384 occisionis.
2024 4329 2196 4385 Tanta

528 4472 537 4483 _
602 4425 783 4471 autem
800 4417 980 4475 cmdes
1005 4420 1195 4481 erit.ut
1217 4420 1271 4474 in
1301 4421 1422 4477 loco
1451 4422 1607 4491 prius
1623 4423 2188 4495 religionis,sepulcra

603 4508 715 4565 sint
747 4509 1162 4566 innumerabilia
1191 4529 1203 4567 :
1238 4524 1294 4568 et
1313 4528 1451 4583 quos
1477 4514 1715 4585 sepelire
1742 4531 1850 4571 non
1895 4517 2192 4590 pomeriut,

596 4601 909 4659 lacerentur
931 4604 1000 4660 ab
1029 4604 1244 4671 avibus,
1265 4613 1322 4661 et
1338 4621 1369 4659 a
1393 4605 1589 4662 bestiis
1604 4607 1958 4664 devorentur.
1976 4607 2197 4665 Nullus-

598 4710 706 4766 que
732 4696 807 4751 sit
838 4698 927 4768 qui
962 4698 1168 4766 ahigat,
1194 4698 1400 4753 similia
1431 4708 1705 4765 metuens,
1739 4709 1796 4756 et
1828 4699 2088 4756 humandi
2121 4702 2196 4754 vi-

596 4796 719 4845 ctus
744 4788 962 4847 ofﬁciis.
989 4790 1276 4846 Manifesta
1302 4792 1750 4858 transcurrimus,
1769 4802 1827 4848 ut
1850 4793 2022 4849 sicubi
2045 4793 2198 4849 locus

600 4877 791 4946 fuerit,
817 4882 869 4936 in
892 4882 1141 4939 obscuris
1165 4898 1460 4938 moremur.
1476 4883 1654 4954 Ipsius
1677 4885 1820 4941 enim
1846 4885 1967 4940 libri
1991 4887 2198 4957 magni-

601 4971 735 5026 tudo
757 4972 1036 5029 fastidium
1062 4985 1241 5045 potest
1269 4977 1450 5034 facere
1472 4978 1809 5049 legentibus,
1840 4987 2044 5050 quanto
2085 4995 2199 5035 ma-

597 5061 683 5133 gis
706 5062 751 5117 si
780 5078 810 5118 a
835 5065 990 5119 nobis
1021 5065 1182 5121 latius
1205 5068 1522 5124 disseratur.

671 5152 851 5225 (Vers.
877 5155 992 5228 3i.)
1023 5156 1090 5211 Et
1114 5159 1372 5230 quiescere
1402 5160 1594 5230 faciam
1624 5160 1687 5215 de
1723 5160 1935 5216 urbibus
1953 5160 2117 5229 Iuda,
2151 5170 2201 5216 et

671 5373 804 5451 {iis
829 5373 1099 5431 Brixianis
1118 5374 1412 5451 codicibus
1457 5375 1547 5433 hic
1583 5386 1748 5451 atque
1797 5378 1938 5435 infra
1979 5379 2187 5437 Victor.

600 5445 700 5517 ﬁlii
732 5443 937 5517 Eunoni
965 5447 1262 5516 rescripsit.

669 5513 697 5555 δ
727 5517 783 5591 in
811 5515 1082 5591 iiebraicn
1103 5513 1181 5591 est
1207 5523 1319 5591 ῠξπ
1344 5525 1407 5574 τε
1446 5525 1517 5575 Νλ
1540 5563 1553 5587 ,
1588 5518 1742 5575 vallis
1789 5521 1889 5591 ﬁlii
1924 5520 2189 5587 Hennom,

600 5587 745 5675 quod
769 5586 987 5675 usus?
1013 5588 1207 5675 dies"
1230 5586 1656 5675 ﬁrmante
1701 5586 1970 5675 ἀρχαικῶς
1994 5586 2196 5647 Getes

603 5656 753 5782 ista;
773 5656 821 5781 (A)
845 5657 1018 5714 littera
1037 5660 1105 5717 ad
1121 5658 1360 5731 Syriaca
1389 5661 1610 5720 dialecti
1628 5656 1902 5734 ingenium
1919 5704 1934 5731 ,
1962 5677 2198 5721 conver-

2300 3776 2634 3848 eﬁ'ugere,ad
2666 3789 3028 3846 quaecumque
3059 3774 3179 3829 loca
3205 3772 3472 3838 venisset,
3492 3783 3726 3827 mortem
3761 3784 3887 3841 pra:-

2303 3871 2474 3925 ferret
2506 3870 2756 3925 viltezet
2787 3866 3089 3925 remedium
3137 3865 3378 3921 infelicis
3437 3864 3636 3919 animae
3685 3869 3883 3933 putaret

2301 3963 2608 4018 interitum.

2372 4055 2561 4128 (Vers.
2590 4053 2674 4128 4.)
2707 4053 2772 4109 Et
2796 4054 2936 4107 dices
2964 4052 3033 4106 ad
3062 4067 3148 4106 eos
3174 4066 3194 4106 :
3241 4048 3366 4104 Htec
3415 4049 3545 4104 dicit
3601 4047 3835 4103 Dominus
3864 4059 3880 4099 :

2301 4147 2548 4219 numquid
2577 4147 2668 4217 qui
2697 4144 2846 4199 cadet
2878 4142 2997 4215 [AL
3034 4140 3217 4214 cadit],
3255 4157 3357 4195 non
3393 4147 3625 4210 resurget
3652 4140 3676 4194 ?
3718 4136 3782 4193 Et
3805 4136 3879 4207 qui

2300 4258 2513 4296 aversus
2542 4249 2638 4306 est,
2664 4255 2769 4292 non
2791 4244 3077 4292 revertetur
3100 4236 3246 4308 (~ive
3270 4251 3378 4289 non
3415 4231 3737 4305 avertetur)?
3766 4230 3878 4285 Post

2303 4342 2447 4388 tanta
2473 4333 2613 4388 mala
2639 4331 2704 4386 ad
2725 4328 3101 4400 penitentiam
3127 4337 3500 4399 provocateos
3515 4327 3606 4390 qui
3628 4324 3881 4397 potuerint

2301 4442 2591 4484 remanere
2623 4443 2636 4479 :
2666 4426 2782 4480 sive
2809 4424 2963 4494 prius
3007 4437 3169 4491 quam
3202 4421 3429 4478 veniant
3482 4436 3611 4491 quae
3662 4419 3877 4474 minatus

2299 4530 2405 4587 est,
2433 4517 2684 4573 hortatur
2715 4516 2783 4571 ad
2812 4512 3263 4578 conversionem,
3299 4520 3355 4568 et
3381 4512 3477 4568 dat
3508 4513 3689 4569 locum
3717 4509 3873 4582 ι)ωηὶ-

2314 4612 2517 4664 teutite.
2542 4606 2701 4675 Quod
2734 4618 2920 4662 autem
2949 4606 3100 4672 juxta
3122 4605 3452 4660 Ilebraicum
3485 4604 3747 4675 scriptum
3774 4610 3874 4657 est:

2304 4699 2372 4754 Et
2396 4701 2486 4770 qui
2513 4714 2723 4754 aversus
2752 4707 2848 4764 est,
2875 4714 2979 4752 non
2997 4705 3281 4762 avertetur,
3306 4695 3440 4751 illud
3465 4696 3738 4763 signiﬁcat
3756 4689 3873 4764 quod

2301 4796 2393 4865 qui
2422 4808 2453 4848 a
2484 4794 2594 4848 Deo
2621 4801 2913 4847 aversatus
2928 4798 3034 4856 est,
3067 4790 3113 4844 si
3144 4789 3386 4844 voluerit
3410 4789 3479 4844 ad
3513 4789 3737 4844 meliora
3764 4800 3873 4840 con‘

2304 4884 2469 4948 verti,
2496 4883 2675 4954 possit
2698 4890 2755 4939 et
2783 4882 2880 4939 Dei
2908 4882 3149 4937 furorem
3181 4880 3249 4936 ad
3286 4881 3519 4937 meliora
3551 4887 3867 4939 convertere,

2301 4985 2357 5033 et
2384 4975 2627 5032 venienti
2657 4976 2950 5041 obsistere,
2976 4982 3033 5030 et
3054 4973 3239 5044 plagas
3272 4972 3533 5043 precibus
3568 4972 3797 5028 evitare.

2375 5068 2563 5142 (Vers.
2590 5067 2672 5135 5.)
2703 5067 2878 5135 Quare
2902 5082 3026 5138 ergo
3050 5074 3073 5102 θ
3105 5080 3318 5120 aversus
3359 5074 3437 5120 est
3469 5065 3695 5133 p0pnlus
3724 5063 3808 5115 iste
3829 5059 3873 5110 in

2303 5160 2595 5217 Jerusalem
2671 5159 2936 5215 aversione
3012 5157 3385 5212 contentiosa!
3462 5152 3870 5227 apprehendens:

2375 5392 2398 5451 εξ
2438 5381 2585 5451 idem
2625 5379 2691 5433 ad
2732 5379 2874 5451 sacri
2919 5386 3099 5434 textus
3142 5378 3413 5443 formam,
3458 5386 3505 5451 et
3543 5377 3791 5451 sepelierit.

2371 5448 2398 5523 ἒ
2438 5450 2496 5506 In
2525 5451 2696 5506 Vatic.
2724 5460 2776 5504 el
2796 5447 3000 5523 Cister.
3035 5451 3254 5523 isthmc,
3273 5449 3581 5523 etqutedam
3598 5447 3859 5523 ornaments

2300 5522 2380 5577 vel
2417 5522 2724 5580 mulierum.
2769 5519 2847 5574 vel
2897 5522 3162 5578 virorum.
3224 5517 3630 5575 desiderantur.
3674 5517 3855 5572 Leviora

2304 5593 2555 5664 quaedam
2598 5590 2825 5647 inferius
2865 5608 2929 5645 ex
2974 5589 3169 5647 iisdem
3193 5594 3552 5662 castigamus.

2381 5672 2403 5700 ε
2441 5662 2610 5721 Iidem
2651 5676 2812 5731 mss.,
2849 5673 3135 5719 aversatus.
