3972 6356
91 328 216 384 737

617 324 1290 399 ICOMMENTARIORUM
1332 329 1395 385 ΙΝ
1438 327 1793 386 JEREMIAM
1835 327 2255 386 PROPHLTAM
2297 329 2430 386 LIB.
2472 331 2538 388 ll.
2575 329 2733 389 CAP.
2781 331 2908 390 VIII.

3316 331 3427 391 758

98 439 546 509 mendacium,'et
574 443 856 499 noluerunt
881 447 1088 502 reverti.
1111 445 1350 514 Quanto,
1376 445 1576 512 inquit,
1607 461 1721 500 ma-
1749 449 1801 510 Α
1826 454 1879 501 et
1907 460 1938 500 e
1961 446 2238 502 contrario
2269 445 2536 517 sapientia
2565 462 2755 503 eorum
2786 445 3141 502 convincatur
3164 446 3414 515 stultitia,

99 537 192 608 gis
224 553 332 608 ego
363 537 431 591 ad
465 537 846 608 paenitentiam
896 540 1218 610 provpcavi,
1243 547 1396 593 tanto
1427 538 1503 592 illi
1532 541 1714 606 plures

96 640 513 686 recesserunta
544 645 631 685 me
657 647 766 684 non
795 638 904 685 tam
929 630 1190 700 peccandi
1211 630 1416 695 studio,
1443 644 1606 701 quam
1632 646 1719 684 ine

1819 536 2034 593 dicente
2087 538 2257 592 Paulo
2301 539 2590 609 apostolo:
2631 539 2734 607 Qui
2777 539 2928 594 doces
2971 538 3153 605 alium,
3197 541 3414 611 teipsnm

1819 645 1922 682 non.
1945 630 2098 684 doces
2123 629 2300 702 (Rom.
2329 646 2387 697 ιι,
2411 631 2475 684 21
2493 632 2545 699 )?
2573 633 2639 686 Et
2659 631 2779 698 quia
2797 631 3021 688 verbum
3053 631 3264 686 Domini
3288 648 3414 702 pro-

105 721 447 792 superandi.
489 720 989 791 Apprebenderunt
1028 726 1176 778 enim
1234 722 1451 780 fortiter
1495 722 1719 779 menda-
1816 719 2116 789 jeceruut:
2157 723 2281 776 ideo
2334 723 2481 777 nulla
2514 723 2785 791 sapientia
2813 731 2899 778 est
2945 724 2998 777 in
3030 723 3130 778 eis.
3186 723 3412 780 Frustra

99 812 290 880 cium,
325 813 412 868 vel
437 812 614 881 idola,
648 814 740 870 vel
775 829 941 884 prava
964 831 1197 886 quasque
1224 817 1442 873 veritati
1471 815 1724 885 justitiae-

102 921 224 976 que
255 909 564 973 contraria,
601 915 654 963 et
683 908 984 964 noluerunt
1013 911 1240 966 reverti.
1271 911 1388 965 Non
1421 910 1585 965 dixit:
1613 926 1718 966 non

106 1006 449 1068 potuerunt;
495 1000 592 1054 sed
625 1000 774 1054 omni
805 1001 989 1056 studio
1019 1004 1208 1072 iniqua
1239 1003 1430 1057 sectati
1459 1013 1606 1057 sunt.

186 1090 376 1163 (Vers.
403 1089 484 1162 6.)
516 1091 726 1144 Attendi
756 1101 803 1146 et
825 1093 1117 1147 auscultari
1146 1109 1334 1147 :nemo
1357 1093 1497 1164 quod
1531 1094 1722 1147 bonum

106 1193 213 1249 est,
257 1184 503 1252 loquitur.
561 1181 754 1237 Nullus
795 1192 868 1237 est
902 1186 989 1254 qui
1015 1194 1136 1255 agat
1173 1186 1524 1255 paenitentiam
1568 1199 1723 1254 super

108 1284 336 1344 peccato
364 1291 479 1340 suo,
509 1275 686 1329 dicens
717 1291 737 1329 :
769 1276 898 1346 quid
945 1276 1084 1346 feci?
1115 1276 1308 1331 Omnes
1337 1278 1563 1331 conversi
1601 1285 1723 1330 sunt

107 1368 185 1421 ad
217 1383 425 1422 cursum
457 1385 627 1435 suum,
658 1368 806 1438 quasi
850 1385 1010 1437 equus
1051 1371 1245 1440 impetu
1275 1371 1467 1424 vadens
1493 1370 1563 1422 ad
1587 1384 1724 1441 pra:-

110 1459 269 1513 lium.
301 1459 560 1514 Revocati
586 1461 652 1512 ad
681 1460 1086 1531 paenitentiam,
1117 1462 1306 1516 audire
1329 1469 1718 1516 contemnunt:

110 1566 225 1607 nec
253 1549 456 1605 sufﬁcit
482 1553 562 1605 eis
593 1562 784 1606 contra
814 1552 1109 1608 Dominum
1139 1554 1461 1625 deliquisse,
1493 1563 1548 1609 et
1575 1557 1725 1611 locu-

113 1653 209 1700 tos
241 1658 364 1699 esse
405 1644 799 1712 blasphemiam
831 1646 968 1702 :sed
992 1661 1186 1702 omnes
1221 1649 1395 1703 instar
1429 1663 1721 1719 equorum,

119 1745 181 1792 et
215 1735 426 1790 fervido
447 1751 607 1791 cursu
641 1735 708 1790 ad
734 1738 978 1806 praelium
1017 1740 1294 1794 ruentium
1317 1782 1331 1804 ,
1367 1755 1473 1794 non
1507 1739 1720 1809 recogi-

1820 811 1983 882 igitur
2008 813 2218 881 jactant
2239 813 2402 884 Legis
2431 813 2746 882 scientiam,
2781 815 2874 885 qui
2902 813 3208 870 doctrinam
3231 814 3418 887 operi-

1821 904 1924 960 bus
1951 905 2261 961 destruunt.

1893 997 2076 1070 (Vcrs.
2102 999 2192 1065 10,
2229 999 2344 1070 ll.)
2378 997 2668 1070 Propterea
2689 1001 2822 1055 dabo
2844 1002 3088 1057 mulieres
3113 1002 3252 1076 (sive
3281 1019 3413 1060 uxo-

1821 1091 1922 1161 res)
1946 1109 2124 1146 eorum
2147 1093 2376 1147 externis
2397 1091 2509 1165 [AL
2529 1093 2743 1167 exteris]
2768 1110 2784 1148 :
2816 1112 2969 1166 agros
2990 1112 3168 1151 eorum
3189 1095 3413 1152 haeredi-

1823 1182 1914 1237 bus
1938 1199 1957 1236 :
1975 1186 2098 1254 quia
2121 1200 2154 1237 a
2176 1185 2388 1238 minimo
2408 1201 2565 1256 usque
2586 1185 2654 1238 ad
2677 1186 3161 1250 maximum,omnes
3181 1190 3415 1244 avaritia:

1821 1276 2032 1330 student
2048 1293 2067 1342 ;
2083 1294 2115 1330 a
2131 1274 2384 1348 propheta
2405 1293 2566 1348 usque
2585 1278 2654 1330 ad
2675 1277 3011 1343 sacerdotem,
3025 1281 3196 1333 cuncti
3217 1281 3418 1350 faciunt

1825 1371 2159 1420 mendacium
2181 1370 2324 1434 (sive
2351 1368 2719 1439 iniquitatem).
2742 1367 2810 1422 Et
2851 1369 3102 1423 sanabant
3146 1372 3418 1425 contritio-

1827 1477 1940 1515 nem
1957 1462 2082 1528 ﬁliae
2099 1462 2282 1532 populi
2301 1464 2399 1515 mei
2416 1462 2485 1514 ad
2495 1461 3123 1533 ignominiam,dicentes:
3146 1461 3419 1536 Pax,pa:c,

1824 1571 1938 1608 cum
1961 1570 2063 1607 non
2103 1563 2233 1609 esset
2279 1571 2403 1620 pax.
2451 1554 2799 1626 Receperunt
2835 1559 3142 1613 mercedem
3191 1573 3419 1627 operum

1824 1663 2046 1702 suorum
2078 1665 2091 1700 :
2129 1649 2289 1718 utqui
2310 1649 2537 1704 verbum
2561 1649 2774 1704 Domini
2799 1650 3174 1720 proiecerunt,
3198 1651 3300 1722 ipsi
3328 1651 3423 1708 ab-

1821 1738 2120 1809 jicercntur
2149 1739 2219 1794 ab
2250 1755 2336 1795 eo.
2369 1739 2603 1807 Uxores,
2623 1741 2819 1810 inquit,
2846 1756 3060 1806 eorum,
3107 1750 3164 1799 et
3205 1757 3425 1812 posses-

116 1837 240 1884 tant
269 1841 434 1895 super
461 1838 686 1898 peccato
717 1843 842 1895 suo,
888 1845 989 1886 nec
1020 1831 1232 1898 dicunt,
1280 1833 1408 1902 quid
1436 1832 1578 1902 feci?
1617 1831 1720 1885 Per
1747 1836 1796 1897 Β
1823 1831 2007 1887 siones
2030 1832 2240 1886 tradam
2268 1833 2542 1888 hosﬁbus.
2573 1834 2639 1888 Et
2682 1849 2749 1888 ne
2777 1849 2896 1890 mea
2929 1833 3170 1889 crudelis
3201 1842 3424 1904 putetur

117 1935 248 1989 quae
274 1919 657 1989 intelligimus,
689 1922 774 1974 vel
805 1921 872 1976 de
903 1920 1054 1976 omni
1085 1937 1292 1991 genere
1335 1923 1572 1977 humano
1617 1923 1721 1976 ista

114 2011 254 2079 dici,
277 2015 402 2082 quia
434 2027 667 2081 pronum
700 2013 774 2067 sit
802 2012 871 2066 ad
897 2014 1158 2078 vitia,vel
1177 2013 1246 2068 de
1269 2024 1514 2084 tempore
1540 2013 1726 2070 Salva-

119 2105 286 2172 tori~,
312 2106 528 2175 quando
551 2121 742 2162 omnes
782 2105 1201 2162 declinaverunt
1232 2117 1257 2143 ἰ
1291 2108 1476 2162 simul‘
1503 2106 1726 2164 inutiles

123 2196 258 2252 facti
287 2209 415 2252 sunt
445 2216 458 2253 :
524 2216 630 2254 non
663 2199 760 2252 fuit
787 2202 878 2270 qui
911 2200 1115 2256 faceret
1171 2202 1373 2257 bonum
1409 2245 1423 2268 ,
1461 2217 1568 2256 non
1629 2203 1729 2256 luit

116 2303 298 2360 usque
320 2291 388 2345 ad
413 2307 579 2345 unum
632 2291 812 2364 (Psal.
847 2292 1001 2363 xui).
1029 2291 1188 2350 Unde
1219 2304 1276 2348 et
1332 2295 1449 2364 ipse
1499 2294 1729 2363 mystice

119 2381 374 2437 clamitat
431 2382 542 2453 [ΑΙ.
581 2382 860 2456 clamavit]
894 2401 908 2437 :
945 2383 1160 2440 Salvum
1204 2401 1284 2439 me
1325 2389 1446 2456 fac,
1482 2384 1727 2454 Domine,

117 2475 369 2543 quoniam
391 2474 578 2542 defecit
600 2473 999 2546 sanctus(Psal.
1043 2491 1117 2542 χι,
1167 2476 1253 2548 1).
1275 2476 1371 2531 Sin
1397 2484 1580 2531 autem
1610 2478 1729 2532 haec

123 2564 203 2620 ita
237 2581 297 2622 se
321 2566 544 2633 habent,
577 2566 667 2622 ubi
700 2578 830 2622 sunt
854 2568 943 2635 qui
970 2569 1021 2622 in
1055 2579 1239 2623 nostra
1273 2568 1464 2623 dicunt
1496 2569 1730 2638 positum

121 2674 252 2714 esse
284 2661 594 2727 voluntate,
631 2665 776 2715 omni
802 2677 991 2717 Carere
1015 2664 1278 2732 peceato?
1310 2663 1500 2730 Nemo,
1531 2665 1727 2734 inquit,

119 2751 260 2820 quod
291 2753 482 2806 bonum
504 2763 577 2806 est
606 2753 1077 2823 loquitur(Matth.
1103 2756 1179 2825 xt)
1215 2771 1227 2807 :
1254 2758 1380 2824 quia
1421 2755 1584 2809 etiam
1634 2773 1732 2825 pro

117 2842 486 2899 otiosoverbo
512 2844 778 2899 reddituri
813 2861 1003 2899 sumus
1021 2848 1289 2901 rationem
1323 2847 1377 2900 in
1406 2847 1495 2901 die
1520 2848 1731 2915 judicii.

194 2935 363 3005 900
394 2934 576 3006 (Vers.
623 2936 705 3005 7.)
747 2935 940 2991 Milvus
984 2939 1039 2992 in
1081 2940 1206 2993 cazlo
1250 2941 1487 3010 cognovit
1535 2951 1733 3011 tempus

121 3041 276 3080 suum
303 3041 322 3080 :
341 3034 515 3080 turtur
532 3035 581 3080 et
601 3025 829 3081 hirundo
850 3038 898 3084 et
930 3029 1132 3083 ciconia
1153 3032 1511 3086 custodierunt
1535 3041 1734 3103 tempus

122 3119 371 3172 adventus
384 3121 496 3173 sui:
515 3119 744 3191 p0pulus
758 3131 932 3175 autem
956 3139 1096 3178 meus
1109 3140 1213 3177 non
1228 3140 1356 3195 cogn
1365 3125 1442 3177 ovi
1449 3134 1467 3178 t
1470 3128 1500 3196 j
1507 3124 1735 3179 ndicium

1826 1939 1946 1980 esse
1977 1927 2271 1991 sententia,
2302 1941 2498 1981 causas
2528 1926 2744 1980 auditor
2767 1936 3030 1998 agnoscat
3063 1944 3074 1980 :
3113 1927 3157 1979 Α
3207 1926 3421 1980 minimo

1825 2033 1986 2086 usque
2016 2020 2087 2070 ad
2109 2020 2416 2083 maximum,
2448 2019 2610 2090 θοι
2641 2035 2817 2073 omnes
2858 2020 3095 2074 avaritia:
3129 2020 3335 2075 student
3376 2018 3422 2091 (ι

1831 2106 1964 2162 Tim.
2000 2110 2094 2180 vr).
2121 2110 2292 2164 Radix
2315 2120 2398 2164 est
2420 2112 2568 2163 enim
2597 2111 2839 2164 omnium
2873 2111 3138 2164 malorum
3166 2113 3420 2165 avaritia.

1828 2200 1872 2254 Α
1895 2200 2148 2272 propheta
2171 2217 2332 2272 usque
2350 2201 2420 2254 ad
2438 2201 2755 2255 sacerdotem
2771 2245 2786 2269 ,
2819 2201 2911 2271 qui
2953 2201 3091 2255 alios
3140 2212 3429 2270 peccantes

1829 2293 2122 2361 prohibere
2150 2293 2441 2356 deberent,
2476 2292 2637 2361 primi
2668 2293 2970 2347 sceleribus
3003 2291 3285 2363 subjucent
3315 2309 3326 2346 :
3373 2303 3431 2350 et

1829 2385 2010 2439 cuncti
2050 2385 2134 2440 vel
2158 2383 2338 2454 iniqua
2366 2385 2588 2451 faciunt,
2619 2384 2749 2440 dum
2779 2384 2956 2440 aliena
2973 2385 3237 2455 diripiunt
3279 2401 3294 2439 :
3341 2385 3428 2442 vel

1831 2487 1979 2531 certe
2001 2476 2370 2542 mendacium,
2401 2483 2460 2530 ut
2487 2490 2594 2530 non
2625 2475 2696 2529 sit
2726 2477 2932 2531 veritas
2981 2477 3033 2530 in
3065 2491 3161 2532 ore
3210 2491 3430 2532 eorum.

1834 2569 1899 2622 Et
1926 2577 2048 2636 post
2069 2569 2168 2622 ista
2193 2567 2350 2638 quasi
2381 2567 2506 2621 boni
2539 2567 2757 2631 medici,
2789 2565 2966 2622 aliena
3000 2567 3227 2622 vulnera
3246 2567 3431 2623 verbis

1801 2667 1805 2672 '
1834 2673 2026 2713 sanare
2053 2659 2366 2728 cupiebant,
2400 2657 2492 2728 qui
2522 2658 2621 2726 ipsi
2645 2669 2810 2713 erant
2838 2661 3083 2712 omnium
3099 2659 3430 2730 ﬂagitiorum

1835 2749 2078 2806 confossi
2102 2749 2442 2804 vulneribus.
2477 2748 2601 2803 Haec
2631 2747 2874 2816 quotidie
2907 2749 2960 2802 in
2997 2756 3186 2802 nostro
3215 2763 3433 2819 quoilue

1837 2842 2038 2913 populo
2064 2840 2601 2905 ceruimus,di-:ente
2621 2839 2784 2894 beato
2813 2838 2984 2894 Paulo
3002 2839 3254 2908 apostolo
3279 2858 3294 2896 :
3329 2840 3435 2908 Qui

1836 2938 2086 3009 prtedicas
2116 2952 2220 2989 non
2241 2934 2548 3004 furandum,
2579 2934 2772 3004 furoris
2803 2932 2984 3005 (Rom.
3011 2948 3074 2999 tt,
3101 2930 3219 3005 21),
3261 2944 3316 2989 et
3344 2951 3435 2990 re-

1837 3027 2121 3098 liqua.Qui
2141 3042 2264 3081 cum
2299 3035 2616 3096 peccatores
2642 3037 2696 3080 et
2721 3026 2926 3080 divites
2947 3025 3206 3088 viderint,
3236 3042 3433 3084 satiare

1837 3122 2064 3191 cupiunt
2094 3120 2481 3175 corttritiOttem
2508 3118 2632 3172 ﬁlia:
2667 3119 2850 3188 populi
2879 3118 3012 3187 Dei,
3041 3119 3143 3175 hoc
3179 3130 3286 3182 est,
3323 3120 3433 3177 Ec-

121 3210 354 3266 Domini.
390 3211 500 3267 Pro
529 3214 694 3268 milvo
723 3230 882 3284 quem
923 3215 1318 3286 interpretatus
1361 3226 1443 3271 est
1473 3215 1727 3288 Symma-
1757 3203 1806 3270 C
1835 3212 2044 3277 clesirc;
2074 3211 2126 3265 in
2154 3211 2506 3281 ignominiam
2529 3209 2617 3264 vel
2638 3226 2828 3265 eorum
2852 3211 2942 3279 qui
2962 3211 3432 3282 decipiuntur,vel

124 3303 287 3367 chus,
319 3304 464 3360 LXX
504 3315 555 3360 et
588 3305 900 3363 Theudotio
927 3308 1106 3374 ipsum
1135 3308 1366 3364 verbum
1403 3309 1729 3365 Hebraicum

120 3412 359 3468 posuere
381 3415 536 3454 ssma
570 3400 812 3470 (mica),
845 3401 1064 3472 Aquila,
1103 3401 1130 3440 ι)
1171 3401 1466 3456 herodium.
1495 3402 1728 3458 Rursum

121 3504 222 3559 pro
254 3490 572 3556 hirundine,
599 3492 987 3563 Symmachus,
1019 3495 1252 3549 cicadam
1278 3495 1576 3562 transtulit,
1609 3512 1731 3566 quae

118 3581 396 3637 Hebraice
425 3582 628 3637 dicitur
650 3597 725 3638 srs
759 3584 960 3654 (D’D).
991 3584 1098 3640 Pro
1137 3600 1206 3641 eo
1234 3595 1412 3640 autem
1449 3587 1595 3657 quod
1630 3601 1730 3642 nos

128 3671 418 3742 posuimus
441 3675 714 3740 ciconiam,
747 3687 804 3730 et
848 3677 1040 3747 Aquila
1082 3687 1134 3731 et
1161 3677 1522 3748 Symmachus
1553 3679 1629 3732 ita
1669 3690 1727 3734 ut

121 3765 179 3821 in
229 3766 759 3835 llebrzeo‘scriptum
786 3778 890 3831 est,
917 3785 1056 3824 noun
1081 3768 1256 3840 (πω)
1291 3771 1686 3826 transtulerunt
1713 3788 1726 3826 :

117 3871 227 3926 pro
247 3872 356 3927 quo
378 3858 760 3928 Septuaginta,
791 3861 905 3932 agri
935 3878 1165 3928 passeres
1197 3865 1540 3932 interpretati
1577 3872 1725 3919 sunt.

116 3951 278 4008 Unus
300 3961 483 4007 autem
513 3961 678 4022 atque
708 3953 852 4008 idem
883 3969 1082 4009 sensus
1110 3964 1225 4022 est,
1283 3956 1378 4026 qui
1410 3964 1464 4011 et
1490 3956 1545 4010 in
1577 3957 1729 4012 Isaiae

118 4043 406 4114 principio
433 4045 657 4113 punitur
685 4063 696 4098 :
728 4045 948 4116 Agnovit
970 4045 1059 4100 bos
1085 4063 1431 4118 possessorem
1470 4065 1641 4112 suum,
1683 4059 1732 4103 et

116 4135 299 4189 asinus
337 4150 570 4205 prtesepe
588 4136 783 4189 domini
803 4137 886 4191 sui
910 4153 929 4191 :
957 4135 1125 4191 Israel
1158 4149 1330 4193 autem
1367 4155 1447 4192 me
1489 4157 1590 4194 non
1636 4157 1727 4195 co-

117 4227 320 4299 gnovit,
352 4235 400 4280 et
430 4229 654 4297 papulas
709 4245 850 4283 meus
879 4245 983 4283 non
1032 4228 1289 4284 intellexit
1344 4229 1500 4300 (Isai.
1563 4248 1603 4297 ι,
1632 4232 1724 4303 5);

117 4317 264 4390 quod
311 4319 477 4374 etiam
532 4335 710 4390 parva:
767 4337 900 4376 aves
959 4336 1056 4376 sua
1110 4321 1294 4377 norint
1352 4332 1622 4393 tempora,
1674 4333 1732 4380 et

117 4411 303 4468 sciant
333 4412 554 4480 quando
583 4413 652 4467 ad
700 4413 876 4469 calida
925 4414 1251 4471 festinantes
1303 4416 1418 4472 loca
1441 4458 1456 4482 ,
1489 4419 1727 4488 rigorem

117 4501 334 4574 byemis
354 4502 590 4559 debeant
619 4503 900 4560 declinare
935 4517 1029 4561 :et
1056 4522 1246 4562 rursus
1277 4509 1426 4563 veris
1457 4508 1729 4578 principio

1837 3318 2025 3357 eorum
2049 3302 2140 3372 qui
2169 3302 2306 3357 alios
2338 3302 2641 3370 decipiunt,
2689 3313 2746 3357 ut
2773 3303 2958 3358 dicant
2997 3306 3145 3359 omni
3188 3305 3432 3363 facinore

1839 3396 1943 3462 [AL
1977 3395 2230 3468 factione]
2249 3396 2563 3465 conpertis:
2591 3411 2715 3465 pax,
2741 3411 2864 3464 pax,
2890 3411 3015 3451 cum
3043 3398 3190 3453 nulla
3213 3397 3430 3469 sitpax,

1835 3503 1892 3545 et
1915 3490 2116 3543 bellum
2150 3491 2230 3544 eis
2269 3489 2556 3543 immineat
2582 3499 2951 3558 peccatorum.

1905 3581 2098 3655 (Vers.
2136 3581 2222 3637 12.
2246 3582 2264 3651 )
2287 3580 2506 3650 Confusi
2533 3592 2672 3648 sunt,
2697 3581 2818 3650 quia
2839 3580 3275 3636 abominationem
3296 3586 3435 3653 [ece-

1831 3685 1951 3730 runt
1977 3690 1995 3728 :
2018 3675 2301 3744 quinimmo
2327 3675 2627 3742 confusione
2655 3689 2758 3728 non
2785 3686 2903 3727 sunt
2927 3674 3150 3745 confusi,
3177 3684 3226 3730 et
3245 3676 3431 3732 erube-

1832 3785 1971 3823 scere
1999 3769 2310 3823 nescierunt.
2340 3767 2755 3846 ἐρωτηματικῶς
2789 3767 2890 3820 hoc
2919 3777 3001 3821 est
3027 3768 3338 3838 legendum.
3370 3778 3433 3826 ut

1833 3860 1906 3916 sit
1931 3875 2125 3916 sensus
2151 3877 2163 3913 :
2200 3859 2548 3914 Erubuerunt
2579 3861 2632 3912 in
2664 3857 2964 3913 sceleribus
2995 3858 3131 3922 suis,
3163 3869 3219 3914 et
3269 3861 3434 3916 intel-

1834 3952 2084 4008 lexerunt
2133 3949 2572 4005 abotninationes
2616 3964 2751 4018 quas
2781 3950 2990 4018 operati
3021 3949 3195 4005 sunt?
3218 3949 3432 4021 Nequa-

1833 4060 2018 4115 quam,
2042 4043 2138 4098 sed
2168 4042 2221 4096 iu
2250 4053 2452 4096 tantam
2480 4057 2715 4112 erupere
2745 4042 3064 4107 amentiam,
3092 4054 3148 4095 ut
3170 4056 3274 4097 nec
3295 4057 3431 4097 con-

1835 4137 2047 4192 fusione
2067 4145 2331 4206 cuperent
2357 4136 2650 4192 emendare
2681 4133 2831 4200 vitia,
2868 4149 2968 4189 nec
2996 4148 3094 4204 spe
3124 4134 3300 4191 venia:
3331 4151 3428 4193 sua

1832 4232 2042 4287 scelera
2064 4230 2338 4286 conliteri.

1905 4321 2112 4376 Idcirco
2155 4321 2338 4374 cadent
2383 4319 2516 4372 inter
2559 4325 2853 4372 carmentes
2901 4316 3010 4391 [AL
3061 4319 3334 4392 ruentes]:
3378 4322 3435 4376 in

1835 4423 2060 4485 tempore
2082 4411 2390 4466 uisitationis
2415 4426 2524 4464 suae
2549 4421 2809 4473 corruerit,
2843 4410 2968 4464 dicit
2993 4409 3270 4467 Dominus.
3302 4412 3433 4471 Hall:

1790 4571 1794 4574 ,
1834 4516 1960 4560 sunt
1994 4504 2212 4571 praemia
2261 4517 2450 4557 eorum
2480 4502 2573 4572 qui
2604 4501 2936 4558 erubescere
2985 4507 3340 4560 nescierunt:
3375 4515 3435 4562 ut

119 4597 190 4651 ad
222 4597 417 4652 solitas
455 4598 645 4655 venire
689 4601 964 4670 regiones,
1005 4599 1216 4657 leum
1245 4614 1428 4659 autem
1455 4602 1543 4660 hic
1586 4614 1608 4641 α
1634 4619 1735 4675 pro
1757 4594 1813 4654 1)
1839 4609 2070 4667 quorum
2097 4593 2338 4662 dignitas
2355 4603 2476 4647 erat
2496 4591 2769 4647 excelsior
2789 4592 3022 4662 populis,
3055 4594 3228 4648 ruinis
3246 4595 3430 4664 populi

120 4701 250 4743 aere
275 4688 369 4756 qui
404 4704 568 4758 supra
599 4697 704 4756 est,
731 4689 1000 4746 debemus
1029 4692 1305 4760 accipere.

193 4777 384 4851 (Vers.
415 4779 499 4847 8.)
533 4781 805 4847 Quomodo
826 4781 1019 4849 dicitis,
1051 4787 1305 4855 sapientes
1325 4802 1525 4852 sumus,
1550 4795 1598 4840 et
1618 4786 1728 4843 ιω

123 4870 338 4926 Domini
377 4874 647 4930 nobiscum
668 4877 782 4930 est?
829 4876 962 4932 Vere
1010 4879 1339 4934 mendacium
1376 4893 1612 4953 operatus
1652 4891 1729 4936 est

121 4963 290 5036 stylus
313 4967 536 5022 utendas:
570 4968 876 5022 scribarum.
904 4968 987 5024 Ad
1015 4971 1475 5042 scribasloquitur
1498 4985 1552 5028 et
1580 4975 1726 5030 Plia-

121 5058 337 5123 risaaos,
371 5061 462 5130 qui
487 5059 647 5132 ngis
669 5062 880 5131 jactant
907 5064 1240 5129 notitiam,et
1271 5065 1572 5124 scribentes
1592 5071 1728 5124 scri-

122 5149 258 5205 bunt
291 5152 653 5220 iniquitatem.
687 5154 953 5225 Quodth
992 5157 1067 5210 ait
1098 5174 1110 5210 :

193 5242 379 5316 (Vers.
403 5243 483 5312 9.)
517 5243 735 5313 Confusi
754 5258 876 5301 sunt
907 5249 1186 5320 sapientes,
1214 5251 1472 5320 perterriti
1508 5261 1557 5306 et
1590 5253 1730 5320 capti

122 5348 266 5393 sunt.
300 5337 522 5394 Verbum
565 5341 702 5394 enim
751 5342 958 5396 Domini
996 5347 1342 5416 projecerunt,
1386 5353 1436 5399 et
1473 5346 1730 5414 sapientia

123 5426 272 5482 nulla
295 5439 370 5483 est
391 5429 446 5482 in
468 5430 574 5485 eis:
594 5429 709 5486 Non
725 5446 833 5501 quo
847 5434 1123 5501 sapientes
1139 5435 1248 5489 sint
1267 5434 1360 5505 qui
1376 5435 1475 5489 ista
1490 5435 1727 5503 faciunt;

124 5518 219 5573 sed
256 5520 534 5590 sapientes
565 5531 742 5588 vocat,
772 5531 833 5578 ut
860 5524 962 5578 sub
987 5524 1194 5594 judicio
1237 5527 1678 5582 coiidemnentur
1710 5545 1724 5582 :

195 5664 221 5692 ⁸
244 5655 467 5732 lterum
489 5658 666 5726 iidem
700 5676 859 5732 mss.,
887 5662 1278 5722 declinaverunt
1299 5666 1479 5730 simul,
1505 5675 1553 5722 et
1574 5666 1739 5722 inuti-

135 5725 206 5798 les
231 5728 360 5798 {acti
392 5739 533 5784 sunt.

195 5797 237 5838 δ
263 5799 449 5858 Nostri
490 5817 686 5859 omnes
730 5820 887 5874 mss.,
933 5807 1267 5866 herodiona:
1309 5823 1451 5867 unus
1489 5809 1732 5880 Sanger-

1836 4690 2215 4746 miscerentur.
2262 4688 2306 4741 A
2343 4687 2570 4740 minimo
2611 4684 2756 4741 enim
2798 4699 2968 4755 usque
2997 4685 3066 4741 ad
3112 4688 3427 4755 maximum,

1835 4798 2028 4839 omnes
2049 4779 2296 4836 avaritia:
2310 4777 2552 4845 Student,
2571 4786 2666 4833 cta
2691 4776 2954 4848 prOplieta
2979 4792 3151 4848 usque
3169 4777 3236 4834 ad
3250 4793 3439 4835 sacer-

1835 4877 2018 4932 dotem
2048 4874 2228 4930 cuncti
2251 4871 2458 4928 faciunt
2483 4870 2825 4927 mendacium
2852 4889 2866 4926 :
2892 4870 3220 4928 visitationis
3247 4882 3432 4930 autem

1839 4978 2071 5038 tempus,
2102 4967 2402 5038 propinqua
2429 4963 2720 5034 captivitas
2749 4972 2854 5019 est.

1907 5059 2071 5134 (Vers
2088 5059 2154 5114 15
2163 5103 2172 5110 .
2182 5056 2202 5128 )
2214 5058 2542 5126 Congregans
2556 5054 2877 5129 congregabo
2889 5071 2996 5122 eos,
3011 5056 3138 5110 dicit
3157 5054 3432 5114 Dominus.

1832 5157 1956 5212 Non
1979 5163 2051 5208 est
2075 5167 2170 5207 uva
2192 5152 2246 5204 in
2267 5150 2471 5216 vitibus,
2495 5159 2544 5204 et
2573 5165 2675 5203 non
2697 5159 2815 5204 sunt
2830 5151 2959 5221 ficu;
2986 5151 3040 5204 in
3067 5151 3294 5221 ﬁculnea
3313 5168 3332 5207 :
3357 5157 3440 5223 fo-

1829 5249 1958 5303 lium
1979 5244 2220 5315 deﬂuxit,
2239 5253 2284 5296 et
2298 5241 2418 5295 dedi
2435 5242 2511 5295 eis
2523 5253 3017 5315 qutepraztergrrssa
3038 5253 3179 5298 sunt.
3193 5244 3349 5312 Quod
3365 5245 3441 5300 sit

1833 5347 2046 5405 tempus
2087 5332 2434 5399 visitatiouis,
2482 5331 2533 5385 in
2584 5345 2694 5402 quo
2740 5342 3001 5389 corruerit
3029 5333 3437 5403 delinquentes,
3530 5331 3537 5345 ’

1831 5428 2172 5486 manifestius
2188 5427 2366 5492 ducet,
2391 5425 2614 5482 dicens:
2637 5424 2969 5497 Congregans
2989 5426 3310 5498 congregabo
3326 5441 3438 5480 eos.

1831 5523 1985 5580 Haud
2035 5520 2260 5576 dubium
2305 5518 2435 5590 quin
2468 5518 2522 5572 in
2553 5517 2878 5585 Jerusalem,
2927 5526 2985 5572 ut
3012 5517 3370 5574 obsideautur
3406 5531 3443 5573 ι

1846 5679 1997 5721 man.
2044 5671 2183 5720 teste
2218 5661 2542 5730 Montfauc.,
2587 5663 2820 5718 erodion.

1921 5747 1944 5776 ο
1990 5735 2105 5791 Duo
2143 5749 2174 5790 e
2198 5735 2400 5810 nostris
2440 5751 2598 5810 mss_.,
2626 5733 2712 5788 hic
2747 5732 3116 5805 propinquum,
3152 5735 3241 5806 qui
3278 5753 3442 5810 supra

1848 5818 1940 5874 est,
1981 5822 2149 5863 aerem
2187 5804 2424 5862 debemus
2456 5805 2708 5877 accipere.
