3972 6334
584 227 694 298 759

1845 233 1907 290 S.
1953 227 2234 290 EUSEBH
2273 223 2663 288 HIERONYMI
3822 231 3901 287 ’δῦ

574 351 847 407 Chaldaeis
892 352 1053 419 longo
1101 359 1368 417 tempore,
1401 356 1459 404 et
1490 347 1652 404 famis
1683 349 1990 404 sustineant
2021 348 2187 402 mala.
2217 345 2272 406 Δ
2298 362 2515 402 omnem
2557 346 2626 401 ad
2663 345 3018 402 solitudinem
3048 345 3405 417 redegerunt,
3453 345 3569 402 sub
3604 343 3722 401 alia
3761 345 3896 416 ﬁgura

575 443 729 506 Cum,
757 439 944 509 inquit,
980 449 1220 508 tempora
1257 448 1609 507 praetereant,
1639 447 1696 495 et
1722 439 1897 494 testati
1925 438 2188 495 succedat

574 541 888 594 autumnus,
919 540 974 587 et
1005 531 1203 603 hyeme
1226 533 1484 587 arborum
1511 532 1709 588 cadant
1738 533 1887 601 folia,
1933 532 2187 588 videbitis

573 634 765 679 cuncta
808 622 878 678 de
908 624 1094 691 longe,
1141 632 1200 679 et
1230 640 1298 679 ex
1347 625 1431 680 his
1464 641 1570 680 non
1603 624 1831 695 capietis
1863 625 2034 680 cibos.
2069 622 2187 678 Non

572 726 658 774 est
678 717 825 772 enim
849 732 949 770 uva
976 718 1028 772 in
1059 717 1262 773 vitibus
1286 719 1468 786 vobis,
1499 717 1594 788 qui
1619 718 1827 775 fructus
1855 719 2045 773 vitium
2079 733 2189 772 non

574 809 788 866 sumitis
819 807 925 880 [AL
964 807 1213 880 sumetis]
1244 828 1257 864 :
1293 818 1350 865 et
1391 825 1499 864 non
1533 821 1659 864 sunt
1692 811 1827 866 ﬁcus
1859 810 1912 865 in
1957 808 2188 865 ﬁculnea

576 900 806 957 obsesso
845 900 1070 970 pupula,
1120 901 1212 971 qui
1260 916 1482 955 suarum
1529 902 1694 973 902
1739 901 1995 956 arborum
2030 915 2186 970 poma

577 991 758 1049 cernit
777 992 848 1046 ab
869 990 1124 1046 hostibus
1149 1000 1174 1027 ⁸
1205 991 1486 1047 devorari.
1517 991 1692 1060 Folia,
1727 992 1925 1063 inquit,
1949 992 2192 1048 detinent

577 1093 709 1140 testa
719 1092 1154 1154 tesutnmnoque
1171 1083 1490 1154 transactis.
1515 1083 1646 1140 Dedi
1661 1086 1808 1140 enim
1823 1085 1906 1139 eis
1917 1100 2038 1154 quae
2054 1099 2193 1153 pra:-

582 1179 753 1234 terire
783 1187 1114 1244 cernerent;
1140 1187 1196 1234 et
1221 1177 1426 1248 majori
1451 1177 1644 1233 dolore
1673 1178 1982 1234 amitterent
2013 1192 2196 1232 rerum

579 1272 824 1326 omnium
849 1271 1265 1339 abundantiam,
1299 1286 1459 1340 quam
1483 1271 1565 1326 eis
1579 1278 1804 1340 tangere
1835 1285 1944 1324 non
1970 1269 2188 1323 licebat.

651 1361 849 1430 (Vers.
896 1361 984 1430 ιι,
1022 1363 1145 1433 15.)
1177 1362 1352 1429 Quare
1387 1363 1676 1418 sedemus?
1707 1361 2001 1422 Conuenite.
2034 1371 2082 1415 et
2113 1362 2192 1414 in-

579 1455 880 1528 grediantur
910 1455 1019 1528 [ΑΙ.
1046 1455 1318 1528 intremus]
1345 1456 1604 1511 civitatem
1623 1457 1878 1508 munitam
1900 1454 2051 1526 (sive
2073 1453 2194 1507 civi-

582 1556 714 1604 tates
746 1547 1029 1619 munitas),
1064 1558 1111 1601 et
1139 1546 1383 1602 sileamus
1411 1548 1482 1601 ibi
1517 1547 1669 1618 (sive
1696 1547 2039 1619 projiciamur
2066 1543 2191 1615 ibi),

578 1643 703 1712 quia
730 1641 984 1695 Dominus
1025 1651 1198 1696 noster
1226 1639 1254 1680 ι’
1283 1643 1436 1696 silere
1453 1658 1545 1696 nos
1574 1641 1719 1711 fecit,
1768 1651 1814 1693 et
1846 1650 2021 1712 potum
2051 1639 2191 1693 dedit

2289 439 2432 495 idem
2458 439 2794 510 pruphetalis
2809 455 2993 495 sermo
3012 439 3376 505 demonstrat,
3394 445 3706 508 serpentes
3718 451 3812 492 eos
3830 451 3899 505 ap-

2292 531 2503 600 pellans
2525 533 2818 601 pessimos,
2841 531 2956 586 sive
2979 530 3293 586 mortiferus
3317 547 3330 584 :
3355 537 3414 586 et
3433 539 3497 585 ut
3515 528 3734 599 Aquila
3757 538 3902 583 trans-

2293 626 2434 691 tulit,
2465 625 2693 696 regulos,
2727 625 2817 696 qui
2870 625 3214 695 appellantur
3258 623 3534 679 liebraice
3580 637 3901 678 sanescunt

2293 719 2570 790 (Duras).
2607 719 2714 772 Pro
2767 732 2875 788 quo
2921 716 3052 788 quid
3101 717 3202 772 sibi
3240 716 3483 771 voluerit
3511 714 3774 770 secunda
3810 713 3904 782 eius

2293 811 2498 876 Editio,
2546 823 2604 864 ut
2649 809 3001 881 speculatores
3042 809 3272 876 diceret,
3328 824 3438 863 non
3487 807 3779 878 intelligo,
3825 807 3905 861 nisi

2293 905 2430 959 forte
2461 905 2531 959 ob
2561 904 2711 959 verbi
2737 903 3174 959 similitudinem.
3216 901 3414 968 Quibus
3439 917 3544 956 non
3583 908 3689 960 est.
3714 901 3815 962 ait,
3840 899 3905 950 ia-

2295 995 2546 1048 cantatio.
2577 993 2804 1049 Frustra
2829 993 2973 1050 enim
2999 992 3066 1048 ad
3101 994 3266 1047 Deum
3302 1006 3494 1062 preces
3529 988 3805 1055 fundunt,
3828 989 3902 1042 ad.

2295 1103 2484 1145 versus
2528 1096 2840 1159 serpentem
2898 1087 3182 1156 antiquum
3230 1084 3524 1140 colubrum
3580 1090 3906 1146 tortuosum,

2294 1185 2383 1255 qui
2419 1185 2510 1239 Dei
2567 1192 2839 1254 praecepta
2889 1181 3347 1252 contempserint.
3375 1179 3609 1235 Utamur
3658 1177 3905 1233 hncloce

2294 1275 2554 1330 adversus
2599 1290 2715 1341 eos,
2747 1275 2839 1345 qui
2871 1272 3176 1329 Salvatoris
3206 1270 3423 1341 eloquia
3461 1278 3909 1333 contemnentes,
3970 1335 3972 1348 ε

2298 1369 2588 1425 traduntur
2616 1368 2947 1423 adversariis
2979 1352 3369 1437 potestatibus.

2366 1461 2557 1531 (Vers.
2587 1461 2712 1531 l8.)
2749 1460 2911 1514 Dolor
2941 1475 3084 1514 meus
3124 1474 3282 1529 super
3324 1457 3586 1522 dolorem,
3618 1456 3678 1510 iu
3724 1471 3806 1509 me
3835 1471 3912 1508 cor

2295 1567 2464 1605 meum
2493 1567 2728 1605 manens.
2761 1550 2864 1604 Pro
2894 1563 3026 1620 quo,
3057 1558 3114 1603 ut
3143 1562 3306 1617 supra
3331 1547 3597 1608 diximus.
3643 1544 3801 1604 LXX
3830 1562 3910 1600 su-

2268 1647 2498 1716 ‘periori
2532 1647 2846 1712 sententiis,
2877 1659 2998 1714 qua:
3019 1643 3162 1699 dicta
3188 1650 3318 1699 sunt
3341 1641 3708 1711 copularnnt,
3736 1651 3799 1694 ut
3819 1654 3910 1708 po-

580 1735 727 1790 rtabis
749 1751 938 1805 aquam
961 1733 1123 1804 fellis.
1149 1733 1487 1789 Peccavimus
1500 1737 1633 1789 enim
1656 1733 1904 1800 Domino,
1927 1744 2196 1804 περαιο-
2225 1730 2275 1793 Β
2301 1749 2498 1794 nerent
2521 1757 2534 1794 :
2564 1739 2629 1793 Et
2657 1739 2962 1793 ntordebnnt
2979 1755 3086 1804 vos,
3112 1739 3184 1792 ait
3207 1737 3487 1798 Dominus,
3507 1735 3912 1789 insatiabiliter:

579 1825 747 1880 vimus
777 1841 978 1897 pacem,
1007 1833 1058 1880 et
1099 1843 1202 1882 non
1230 1839 1340 1883 erat
1370 1829 1558 1882 bonum
1583 1843 1601 1882 :
1631 1837 1826 1900 tempus
1869 1828 2102 1895 medelte,
2149 1834 2196 1881 et

581 1935 700 1978 ecce
731 1923 981 1992 formido.
1017 1923 1134 1978 Vox
1167 1923 1348 1993 μομιηὶ
1386 1922 1775 1994 respondentis
1817 1921 2109 1989 inducitur,
2142 1930 2198 1976 et

581 2029 682 2073 sua
727 2016 857 2070 vitia
907 2015 1248 2082 conﬁtentis.
1290 2023 1347 2070 et
1376 2017 1720 2069 cohortantis
1767 2029 1828 2070 se
1878 2022 2086 2081 mutuo,
2141 2021 2198 2068 ttt

578 2109 837 2166 civitates
880 2109 1254 2180 ingrediantur
1300 2109 1543 2166 munitas
1574 2107 1681 2180 [AL
1735 2107 2023 2180 muratos],
2076 2109 2194 2165 sive

581 2218 748 2259 unam
775 2204 1046 2258 civitatem
1070 2203 1374 2258 Jerusalem
1401 2219 1416 2256 :
1447 2203 1562 2270 jam
1606 2201 1752 2257 enim
1781 2211 1995 2255 caeteras
2023 2209 2194 2269 capue

581 2297 818 2354 fuerant.
851 2296 919 2352 Et
939 2297 1208 2364 sileamus,
1233 2297 1430 2366 inquit,
1453 2298 1542 2365 ibi,
1578 2297 1706 2366 quia
1739 2297 1992 2352 Dominus
2018 2305 2194 2349 noster

579 2391 736 2446 silere
755 2407 850 2446 nos
880 2392 1044 2462 fecit:
1084 2406 1191 2446 non
1231 2392 1376 2446 enim
1407 2392 1675 2447 habemus
1705 2391 1958 2447 ﬁduciam
1999 2390 2194 2459 depre-

581 2483 766 2550 candi,
800 2485 919 2539 sive
958 2483 1422 2554 abjiciamur-ibi,
1475 2485 1594 2539 sive
1639 2484 1994 2554 projiciamur
2025 2483 2194 2538 instar

579 2576 865 2632 stercoris.
903 2575 1027 2646 ipse
1056 2578 1265 2646 potavit
1301 2592 1402 2631 nos
1427 2591 1563 2646 aqua
1602 2576 1784 2632 fellis:
1814 2577 1939 2648 quia
1977 2567 2190 2631 dulcem

581 2665 638 2723 in
661 2666 1081 2722 amaritudinem
1105 2667 1480 2723 convertimus
1502 2667 1696 2721 Deum.
1722 2667 1793 2722 Et
1813 2677 1867 2722 ut
1886 2668 2022 2722 tales
2045 2667 2193 2722 bibe-

582 2773 773 2815 remus
798 2773 989 2828 aquas,
1021 2770 1182 2813 causa
1214 2759 1498 2829 perspicua
1527 2768 1647 2816 est:
1681 2760 2014 2815 Peccavimus
2055 2763 2192 2816 enim

580 2847 834 2915 Domino,
863 2857 912 2902 et
944 2851 1354 2920 exspectavimus
1381 2867 1583 2922 pacem,
1617 2855 1705 2921 qui
1740 2852 1873 2906 nihil
1907 2853 2030 2908 boni
2061 2869 2187 2924 ope-

579 2940 660 2997 ris
699 2942 1043 2997 feceramus:
1082 2941 1512 3012 putsbamusqne
1558 2943 1715 2999 nobis
1745 2953 1962 3014 tempus
1997 2945 2190 3001 adesse

581 3031 888 3100 medicinae,
923 3047 1048 3086 cum
1078 3031 1372 3089 formidine
1403 3047 1571 3105 atque
1599 3043 1810 3091 terrore
1836 3037 2019 3092 omnia
2041 3052 2190 3091 eom-

2298 1849 2412 1887 cum
2433 1833 2613 1887 dolore
2652 1832 2823 1886 cordis
2853 1832 3000 1885 testri
3029 1830 3297 1898 deﬁcietis.
3341 1829 3398 1883 In
3434 1827 3714 1882 Hebraico
3735 1838 3909 1882 autem

2297 1939 2407 1978 non
2447 1932 2554 1978 tam
2604 1923 2760 1978 dolor
2802 1932 2906 1989 est,
2951 1922 3041 1992 qui
3081 1922 3271 1978 Graece
3302 1920 3502 1976 dicitur
3521 1917 3708 1985 ὀδύνη,
3755 1935 3910 1990 quam

2296 2012 2548 2089 μειδὶάμα
2608 2015 2751 2086 quod
2802 2031 2901 2070 nos
2954 2014 3304 2084 interpretari
3363 2028 3659 2082 possumus
3720 2013 3908 2065 ricta-nt

2295 2110 2409 2164 oris
2434 2109 2622 2163 dolore
2665 2109 2931 2162 contracti
2987 2117 3043 2162 et
3087 2105 3379 2162 habentem
3410 2106 3557 2160 risus
3596 2104 3910 2160 similitudi-

2296 2216 2446 2256 nem.
2480 2201 2792 2274 Ἐμφατικῶς
2829 2209 3010 2254 autem
3045 2199 3162 2254 hinc
3192 2215 3262 2254 ex
3299 2212 3530 2267 persona
3553 2197 3654 2252 Dei
3683 2195 3908 2266 legenda

2294 2304 2444 2362 sunt,
2473 2293 2780 2362 plangentis
2809 2293 3146 2348 eversionem
3168 2292 3498 2358 Jerusalem,
3527 2301 3585 2346 et
3604 2290 3730 2360 ejus
3752 2289 3908 2346 mise-

2294 2383 2404 2440 rias
2437 2401 2541 2439 non
2577 2384 2830 2439 ferentis.

2368 2475 2568 2546 (Vers.
2606 2476 2733 2547 10.)
2768 2474 2904 2530 Ecce
2928 2491 3027 2530 vos;
3056 2474 3300 2530 clamoris
3325 2474 3452 2544 ﬁliae
3480 2473 3660 2546 populi
3701 2475 3808 2529 mei
3847 2476 3904 2529 de

2299 2577 2438 2622 terra
2465 2568 2776 2638 longinqua.
2820 2567 3030 2623 Fletum
3061 2566 3332 2622 describit
3364 2575 3421 2622 et
3459 2565 3731 2622 ululatum
3763 2567 3905 2621 urbis

2292 2658 2596 2713 Jerusalem
2625 2659 2886 2728 ingressis
2904 2657 3174 2712 hostibus.

2365 2751 2637 2822 Numquid
2682 2749 2936 2806 Dominus
2963 2767 3066 2806 non
3093 2761 3167 2805 est
3197 2750 3354 2816 Sion,
3379 2759 3474 2805 aut
3518 2765 3614 2805 res:
3642 2753 3759 2822 ejus
3799 2765 3897 2805 non

2292 2851 2366 2897 est
2388 2843 2441 2896 in
2471 2859 2530 2897 ea
2554 2844 2578 2897 ?
2603 2841 2754 2909 Sive,
2783 2843 3042 2896 Dominus
3077 2842 3194 2911 ipse
3233 2851 3320 2896 est
3349 2856 3466 2896 rex.
3495 2840 3607 2896 Aut
3621 2849 3776 2896 certe
3801 2841 3900 2896 Do-

2294 2938 2478 2994 minus
2504 2937 2571 2991 ad
2603 2937 2839 3003 Patrem,
2869 2953 2967 2992 rex
2986 2937 3226 2992 refertur
3247 2935 3316 2990 ad
3346 2934 3568 3000 Filium,
3589 2935 3742 3004 juxta
3774 2935 3898 2990 illud

2293 3029 2437 3102 quod
2487 3031 2588 3085 sub
2621 3029 2841 3084 nomine
2867 3029 3184 3085 Salomonis
3224 3027 3523 3082 scribitur:
3567 3025 3732 3095 Deus,
3755 3027 3897 3100 judi-

579 3123 882 3194 plerentnr.
931 3123 1292 3180 Personarum
1339 3103 1568 3181 mutatio
1596 3138 1650 3182 et
1687 3129 1922 3184 maxime
1965 3130 2016 3184 in
2057 3129 2190 3184 Pro-
2212 3103 2261 3170 θ
2293 3127 2430 3180 cium
2461 3134 2606 3178 tuum
2631 3125 2739 3194 regi
2761 3123 2851 3191 da,
2882 3135 2926 3178 et
2947 3124 3214 3193 justitiam
3242 3130 3386 3176 tuam
3408 3122 3522 3190 ﬁlio
3543 3123 3682 3193 regis
3709 3119 3891 3192 (Psal.

579 3215 784 3286 phetis,
808 3217 1090 3273 difficilem
1119 3218 1456 3274 intellectum
1488 3219 1653 3274 facit:
1684 3237 1805 3290 quae
1825 3220 1870 3276 si
1901 3223 2014 3276 suis
2050 3222 2187 3278 locis

581 3316 640 3364 et
667 3309 849 3364 causis
873 3309 1320 3379 temporibusque
1352 3312 1673 3380 reddantur,
1712 3313 1868 3383 plana
1902 3313 2032 3370 ﬁent
2067 3329 2185 3384 qua:

577 3400 906 3458 videbantur
937 3402 1192 3457 obseura.

650 3495 844 3565 (Vers.
881 3495 1006 3567 16.)
1036 3496 1079 3549 Α
1119 3493 1242 3550 Dan
1288 3497 1500 3551 auditus
1545 3505 1617 3551 est
1655 3497 1894 3566 fremitus
1938 3515 2184 3569 equorum

575 3590 712 3658 ejus,
742 3603 775 3640 a
804 3603 925 3642 voce
952 3589 1251 3642 hinnituum
1282 3599 1635 3660 pugnatorum
1661 3592 1772 3659 eius
1802 3591 1956 3662 (sive
1977 3593 2183 3663 equita-

572 3681 687 3748 tus)
709 3689 962 3733 commota
1000 3689 1072 3735 est
1099 3682 1262 3734 omnis
1292 3690 1450 3735 terra.
1489 3681 1553 3736 Et
1595 3693 1840 3737 venerunt
1876 3693 1924 3737 et
1959 3685 2177 3739 devora-

571 3781 757 3824 verunt
789 3771 941 3842 (sive
965 3781 1016 3824 et
1045 3773 1244 3826 venient
1270 3782 1318 3826 et
1344 3773 1698 3845 decorabant)
1730 3783 1920 3829 terram
1949 3786 1996 3830 et
2017 3778 2182 3850 pleni-

574 3859 806 3914 tudinem
828 3862 970 3931 ejus,
997 3861 1173 3916 urbem
1193 3870 1240 3915 et
1265 3861 1577 3916 habitatores
1603 3866 1735 3926 eius.
1758 3864 1875 3920 Non
1910 3867 2094 3936 igitur,
2125 3879 2181 3924 ut

574 3965 737 4021 supra
767 3950 918 4007 LXX
955 3951 1376 4018 transtulerunt,
1417 3952 1551 4007 dixit
1591 3955 1860 4024 populus:
1904 3955 2183 4030 Ingredia-

572 4057 691 4096 mur
710 4044 940 4098 civitates
966 4045 1217 4109 ntunitas,
1241 4043 1336 4099 sed
1364 4045 1621 4100 civitatem
1642 4047 1913 4115 munitam,
1934 4058 1995 4105 ut
2015 4051 2181 4120 signi-

570 4133 700 4189 ticet
746 4133 1070 4192 Jerusalem.
1103 4136 1350 4206 Denique
1396 4147 1451 4190 et
1490 4152 1633 4191 nunc
1673 4137 1874 4194 infert:
1921 4143 2099 4197 urbem
2131 4154 2180 4200 et

569 4224 890 4282 habitatores
915 4228 1052 4296 ejus.
1082 4227 1422 4284 Describitur
1441 4237 1622 4283 autem
1652 4244 1683 4284 a
1707 4230 1822 4286 Dan
1843 4248 1942 4302 per
1963 4233 2180 4290 thni-

567 4333 691 4376 cem
716 4321 946 4377 veniens
970 4335 1094 4376 cum
1126 4324 1375 4378 exercitu
1408 4323 1935 4394 Nabuchodonosor,
1971 4329 2024 4383 in
2067 4346 2179 4400 quo

568 4412 693 4469 loco
739 4411 936 4468 ﬂuvius
981 4412 1236 4470 Jordanis
1281 4415 1478 4480 oritur,
1525 4425 1581 4471 et
1618 4432 1738 4487 quae
1773 4417 1919 4473 LXX
1968 4420 2174 4490 futura,

2291 3233 2458 3282 Lxxu,
2496 3217 2582 3289 l).
2634 3217 2745 3272 Cur
2774 3215 2897 3288 [Αι.
2949 3215 3040 3287 Ut]
3072 3223 3254 3270 autem
3305 3230 3409 3269 vox
3439 3214 3699 3269 clamoris
3743 3215 3817 3268 sit
3849 3215 3891 3266 in

2288 3309 2615 3374 Jerusalem,
2646 3319 2701 3364 et
2731 3309 2941 3364 clamor
2973 3309 3086 3377 ipse
3114 3308 3297 3362 veniat
3317 3307 3389 3361 de
3410 3317 3557 3362 terra
3591 3305 3890 3376 longinqua,

2287 3416 2452 3457 causa
2484 3399 2772 3455 manifesta
2799 3407 2906 3465 est,
2931 3399 3077 3469 quod
3102 3398 3370 3454 Dominus
3410 3412 3517 3453 non
3549 3398 3621 3454 sit
3647 3399 3700 3454 in
3728 3412 3819 3462 ea,
3843 3405 3890 3452 et

2286 3509 2383 3550 rex
2412 3493 2558 3547 illius
2589 3492 2881 3547 recesset-it
2905 3491 2974 3546 ab
3001 3491 3119 3545 illa.

2361 3586 2532 3650 Quare
2563 3601 2682 3656 ergo
2708 3601 2788 3638 me
2821 3584 2890 3636 ad
2921 3585 3247 3639 iracundiam
3273 3585 3666 3639 concitaverunt
3685 3585 3738 3638 iit
3759 3584 3886 3638 scul-

2287 3680 2498 3749 ptilibus
2518 3680 2646 3745 suis,
2678 3689 2725 3732 et
2755 3679 2809 3731 in
2828 3677 3141 3733 vanitatibus
3160 3679 3342 3733 alienis
3366 3680 3391 3732 ?
3417 3677 3667 3734 Recessit
3689 3687 3881 3742 aute,

2281 3773 2482 3842 inquit,
2511 3773 2580 3826 ab
2597 3773 2680 3826 eis
2706 3773 3002 3839 Dominus;
3027 3772 3148 3841 quia
3177 3786 3287 3837 me,
3315 3773 3406 3842 qui
3435 3772 3697 3827 Dominus
3715 3779 3770 3824 et
3799 3786 3884 3826 rex

2284 3864 2499 3918 illorum
2528 3879 2700 3930 eram,
2743 3865 3013 3920 idolorum
3045 3866 3190 3920 cultu
3222 3865 3292 3920 ad
3330 3865 3670 3922 iracundiam
3703 3879 3886 3936 provo-

2282 3966 2576 4013 caverunt.

2355 4049 2374 4117 (
2400 4049 2550 4104 Vers.
2583 4048 2719 4120 ΞΟ.)
2752 4047 2978 4105 Transiit
3008 4051 3207 4118 messis,
3241 4050 3393 4119 ﬁnita
3421 4060 3498 4106 est
3523 4059 3777 4106 astant
3797 4059 3878 4103 nos

2281 4139 2466 4195 saluati
2496 4158 2599 4195 non
2627 4158 2827 4197 sumus.
2872 4141 3110 4197 Rursum
3143 4144 3378 4212 populus
3404 4142 3668 4213 loquitur,
3717 4141 3876 4210 quiin

2279 4235 2584 4291 Jerusalem
2616 4235 2878 4290 diuturna
2925 4235 3215 4291 obsidione
3259 4235 3565 4291 conclusus
3617 4244 3722 4302 est,
3767 4232 3878 4303 quia

2283 4336 2486 4384 mutata
2519 4329 2632 4383 sint
2672 4338 2912 4398 tempora
2938 4369 2953 4395 ,
2985 4339 3041 4385 et
3083 4329 3208 4384 anni
3239 4329 3484 4384 circulus
3522 4329 3765 4385 evolutus
3793 4326 3874 4389 sit,

2281 4429 2336 4478 et
2367 4423 2550 4477 omnis
2578 4438 2768 4478 eorum
2803 4438 2928 4492 spes
2978 4423 3130 4478 irrita
3163 4422 3353 4489 fuerit,
3387 4433 3552 4494 atque
3596 4422 3874 4478 transierit.

564 4505 892 4563 llebraicum
925 4521 1024 4575 pro
1054 4508 1289 4563 veritate
1309 4509 1411 4574 rei,
1435 4507 1549 4579 jam
1581 4485 1721 4564 facta
1755 4485 2171 4571 commemorat.
2200 4485 2256 4547 D
2354 4515 2545 4588 (Vers.
2577 4515 2708 4580 2t.)
2744 4485 2919 4584 Super
2949 4517 3258 4571 contritione
3277 4485 3408 4586 ﬁlice
3436 4485 3618 4589 populi
3645 4518 3743 4571 utsi
3769 4529 3874 4569 cox-

637 4599 658 4668 (
676 4598 828 4654 Vers.
863 4599 986 4670 17.)
1021 4599 1162 4665 Quia
1201 4616 1318 4656 eccs
1352 4617 1446 4672 ego
1488 4603 1692 4656 mittam
1728 4605 1868 4660 vobis
1907 4618 2173 4677 serpentes

559 4692 769 4765 regulos
801 4693 962 4762 (sive
1005 4694 1288 4763 pessimos,
1338 4703 1434 4749 aut
1477 4705 1534 4750 ut
1565 4694 1708 4751 LXX
1757 4702 2175 4770 transtulerunt,

559 4783 899 4856 mortiferus)
927 4783 1120 4856 quibus
1163 4801 1265 4839 non
1309 4795 1386 4840 est
1423 4786 1730 4841 incantatio.
1762 4788 1832 4841 Et
1872 4793 2181 4848 mordebant

555 4894 670 4943 vos,
720 4879 792 4931 ait
839 4876 1117 4944 Dominus,
1169 4887 1192 4916 ο
1220 4879 1600 4942 insatiabiliter,
1640 4895 1757 4933 cum
1796 4880 1977 4937 dolore
2007 4887 2178 4942 cordis

558 4971 713 5024 vestri
759 4969 1034 5036 deﬁciatis.
1085 4969 1363 5037 Quisunt
1393 4971 1495 5038 illi,
1525 4971 1618 5040 qui
1669 4973 1906 5028 veniunt
1955 4990 1984 5030 a
2015 4977 2179 5051 903

557 5063 699 5130 Dan,
728 5072 783 5120 et
811 5077 1042 5135 quorum
1080 5063 1296 5119 auditus
1319 5075 1401 5120 est
1435 5061 1712 5132 fremitus,
1741 5072 1798 5120 et
1827 5065 1921 5136 qui
1969 5075 2174 5125 terram

631 5299 656 5366 Ρ
697 5289 924 5366 Veteres
952 5291 1078 5350 libri
1102 5305 1312 5363 omnes,
1348 5289 1528 5366 diripi,
1563 5308 1660 5363 pro
1683 5291 1940 5347 devorari.

625 5361 654 5406 δ
691 5365 799 5440 Pro
831 5365 1012 5440 verbis
1063 5365 1222 5440 silere
1261 5361 1365 5440 nos,
1405 5361 1575 5440 fecit.
1613 5374 1775 5440 antea
1823 5373 1942 5419 erat
1973 5366 2163 5440 objecit

551 5455 684 5513 nos.
717 5439 871 5510 juxta
909 5436 1160 5513 Grazcum
1201 5435 1485 5513 ἆπέῤῥιψσγ
1512 5437 1684 5513 ripis:
1717 5435 1893 5506 Atque
1923 5435 2168 5513 arbitror

599 5505 776 5564 uide'm
807 5521 1094 5580 utramque
1125 5505 1629 5580 interpretationem
1643 5505 1721 5580 _de
1753 5505 1904 5562 more
1930 5510 2165 5577 positam

582 5577 726 5652 uisse
773 5583 871 5636 abs
916 5577 1288 5652 Hieronymo:
1333 5578 1431 5635 sed
1477 5577 1698 5652 quando
1742 5591 1875 5633 mss.
1919 5580 2167 5649 priorem

556 5650 744 5734 modo,
767 5667 888 5734 quae
910 5668 984 5734 ex_
1000 5647 1231 5708 Hebrmo
1245 5647 1704 5734 est,_pr:efernp_t,
1730 5663 1852 5734 eam
1871 5647 2166 5734 reponere,

555 5727 718 5791 quam
749 5719 801 5774 ei
823 5723 878 5776 in
901 5723 1141 5777 subnexa
1165 5719 1509 5790 expositione
1531 5719 1779 5788 replicat,
1803 5719 1980 5776 satius
1993 5721 2168 5777 visum

2283 4606 2433 4659 tritus
2463 4622 2602 4670 sum,
2624 4605 2791 4678 θοι
2811 4615 2858 4662 et
2884 4611 3258 4663 contristatus:
3294 4618 3476 4679 stupor
3522 4609 3744 4664 obtinuit
3773 4620 3873 4660 me:

2281 4694 2584 4763 Respondit
2613 4697 2779 4763 Deus,
2811 4702 2956 4769 quod
2999 4699 3055 4755 in
3088 4699 3392 4754 afﬂictione
3412 4700 3725 4757 Jerusalem
3771 4697 3870 4768 ipse

2281 4789 2528 4845 videatur
2551 4789 2808 4857 afﬂictus,
2839 4801 2896 4848 et
2927 4795 2981 4849 in
3010 4793 3309 4849 humanam
3340 4793 3754 4850 similitudinem
3775 4801 3870 4847 stuc

2281 4897 2416 4953 pore
2444 4891 2788 4940 conteratur.

2354 4977 2371 5044 (
2403 4975 2560 5030 Vers.
2592 4975 2726 5046 22.)
2771 4977 3040 5048 Numquid
3086 4981 3261 5035 resina
3301 4995 3406 5034 non
3457 4989 3533 5036 est
3569 4982 3630 5038 ist
3667 4976 3866 5041 Golaad,

2277 5079 2367 5124 aut
2397 5070 2623 5124 medicus
2651 5087 2755 5127 non
2796 5083 2870 5128 est
2898 5074 2968 5128 ibi
2991 5075 3014 5129 7
3045 5073 3216 5142 Quare
3241 5074 3403 5148 igitur
3433 5091 3540 5130 non
3563 5085 3642 5131 ut
3671 5074 3868 5128 obducta

2271 5300 2378 5362 est,
2410 5291 2576 5348 altera
2608 5294 2857 5360 exclusa,
2905 5291 3062 5366 cujus
3114 5293 3266 5351 nulla
3314 5293 3374 5348 ﬁt
3423 5289 3647 5350 mentio.
3680 5289 3857 5366 lnjpsa

2271 5358 2424 5422 Hier.
2479 5367 2733 5422 versione
2773 5358 2916 5421 Deus
2966 5358 3205 5434 additur,
3251 5367 3390 5434 Quia
3437 5365 3689 5421 Dominus
3741 5358 3856 5417 om

2271 5448 2446 5494 noster
2473 5437 2626 5508 silere
2651 5454 2742 5493 nos
2772 5440 2911 5508 fecit.

2350 5521 2372 5548 ο
2416 5507 2540 5563 Vid.
2565 5524 2682 5578 qua!
2714 5505 2782 5564 de
2813 5510 2912 5564 hac
2932 5510 3166 5565 lectione
3193 5508 3259 5563 ad
3295 5509 3614 5580 llieronym.
3641 5505 3845 5580 version.

2273 5590 2626 5637 anhelamus.
2676 5580 2819 5637 Sane
2845 5581 3052 5638 Victor.
3081 5581 3272 5637 maluit
3293 5597 3420 5636 mox
3443 5579 3720 5650 deﬁcientis
3747 5585 3846 5630 cum

2277 5650 2606 5723 quibusdam
2642 5667 2773 5708 mss.
