3972 6388
158 307 263 385 ist

697 323 1357 383 COMMENTARIOBUM
1396 323 1463 381 ιιι
1502 302 1856 382 sensui“
1893 305 2317 381 PROPIIETAM
2357 323 2490 382 LIB.
2528 310 2595 381 ιι.
2636 322 2789 380 CAP.
2828 307 2923 381 ιιι.

3352 320 3460 392 74'!

164 438 386 495 cit-atria:
405 437 535 510 ﬁliis
561 439 747 511 populi
764 441 865 497 mei
888 443 914 495 Ρ
937 439 1056 495 Νοιι
1082 439 1331 495 solumin
1356 437 1771 508 prasentiloco,
1804 442 1851 502 Α
1879 435 1998 506 ejus
2034 435 2227 508 (Misit.
2256 435 2313 509 7)
2348 453 2364 492 :
2407 437 2626 508 quando
2649 437 2801 507 juxta
2831 438 3184 510 Evangelium
3220 461 3232 496 :
3270 442 3458 501 Tradet

165 533 263 589 sed
288 542 345 588 et
373 534 427 588 in
450 533 641 589 multis
663 535 787 590 aliis
813 535 1146 590 testimoniis
1167 533 1598 604 Scripturarnm,
1620 535 1771 589 inve-

166 626 352 681 nimus
399 625 635 681 resinam
664 626 868 680 Galasd
916 642 1015 697 pro
1058 626 1377 698 penitentia
1420 624 1568 694 poni,
1609 633 1772 693 atque

168 716 552 783 medicamine,
587 717 886 788 mirarique
920 733 1063 774 nunc
1102 719 1294 785 Deum,
1336 733 1504 788 quare
1546 717 1770 772 vulnera

165 806 467 865 Jerusalem
495 823 839 879 nequaquam
869 819 1059 865 curata
1090 812 1223 874 sint,
1261 818 1317 866 et
1364 809 1599 865 necdum
1627 809 1774 864 cico-

172 901 334 956 trices
359 898 693 957 obduxerint
715 912 919 968 cutem,
947 917 1016 957 eo
1039 902 1183 972 quod
1203 918 1310 957 non
1330 900 1439 957 sint
1468 900 1765 971 pmphettc,

166 1007 275 1049 nec
302 993 640 1061 sacerdotes,
668 1008 901 1063 quorum
925 994 1161 1050 debeant
1188 996 1367 1050 curari
1394 994 1769 1049 medicamine.

243 1086 410 1157 (Cap.
437 1084 531 1140 IX.
561 1113 637 1127 —-
662 1084 818 1142 Vers.
842 1085 927 1155 1.)
957 1085 1082 1154 Quis
1102 1087 1245 1141 dabit
1261 1086 1419 1158 capiti
1432 1102 1542 1140 meo
1559 1101 1768 1157 aquam,

168 1187 219 1231 et
249 1178 414 1233 oculis
452 1179 575 1232 meis
614 1182 809 1248 [autem
838 1178 1210 1248 lacrgmarum,
1250 1187 1303 1233 et
1342 1178 1557 1249 plorabo
1599 1175 1686 1232 dis
1711 1192 1774 1232 ac

170 1275 323 1322 nocte
368 1267 666 1337 interfectos
718 1266 844 1337 [ilia
890 1268 1072 1339 pepuli
1117 1269 1239 1324 mei.
1273 1268 1331 1325 Si
1374 1277 1543 1335 totus,
1573 1268 1769 1337 inquit,

169 1370 354 1416 vertar
382 1361 436 1414 in
478 1360 687 1431 ﬂetum,
715 1370 767 1415 et
790 1375 1132 1431 nequaquam
1164 1369 1331 1432 suum
1358 1362 1471 1416 sint
1510 1361 1777 1432 lacryma-

170 1452 433 1519 rum,sed
456 1451 794 1508 abundantia
814 1452 1078 1519 ﬂuminis,
1100 1463 1280 1509 tamen
1305 1456 1622 1509 interiectos
1646 1453 1774 1508 lilia

173 1543 359 1613 populi
388 1545 492 1598 mci
522 1543 686 1614 digne
708 1542 846 1599 ﬂere
878 1559 985 1599 non
1029 1555 1244 1613 potero.
1268 1545 1445 1599 Tanta
1469 1545 1614 1599 enim
1646 1553 1777 1600 sunt

171 1639 335 1704 mala,
371 1647 433 1694 ut
460 1653 680 1693 omnem
723 1638 975 1693 dolorem
1008 1639 1092 1693 sui
1120 1637 1236 1709 (Al.
1266 1636 1387 1710 sua]
1417 1638 1632 1694 vincant
1660 1652 1777 1693 ma-

168 1732 479 1803 gnitudine.
524 1731 641 1787 Hoc
686 1742 867 1787 autem
901 1743 1012 1786 tam
1040 1746 1107 1788 es
1137 1731 1452 1802 Propheta,
1499 1746 1660 1803 quam
1704 1748 1773 1789 ex

172 1825 391 1881 Domini
416 1840 647 1895 persona
672 1824 898 1895 intelligi
924 1837 1123 1895 potest.

214 1959 227 1965 -
244 1922 267 1992 (
276 1920 430 1975 Vers.
445 1920 527 1988 2.)
542 1920 671 1987 Quis
686 1920 829 1974 dabit
843 1935 924 1974 me
942 1921 996 1974 in
1012 1918 1296 1975 solitudine
1309 1921 1651 1975 diversorium
1663 1919 1772 1992 [AL

170 2011 228 2065 in
258 2010 561 2085 diversorio]
586 2013 866 2077 viatorum.
885 2021 935 2066 et
944 2012 1302 2083 derelinquam
1315 2013 1570 2083 populum
1586 2028 1776 2081 meum,

171 2111 224 2156 et
254 2106 498 2157 recedam
536 2104 601 2158 ab
631 2104 703 2157 eis
728 2105 753 2158 2
776 2103 925 2158 LXX
954 2120 966 2157 :
994 2105 1126 2169 Quis
1148 2105 1233 2159 det
1265 2104 1393 2159 mihi
1417 2106 1472 2159 in
1498 2104 1783 2160 solitudine

171 2195 494 2249 mansionem
509 2195 865 2263 novissimam,
881 2205 935 2250 ut
956 2197 1246 2266 relinquam
1262 2195 1513 2268 pupulum
1529 2211 1721 2263 meum,
1733 2204 1782 2249 et

172 2289 413 2342 recedam
436 2289 500 2342 ab
528 2290 601 2343 eis
624 2290 649 2343 ?
673 2288 887 2355 Melius,
913 2288 1109 2359 inquit,
1135 2299 1222 2345 est
1251 2289 1499 2345 habitare
1526 2291 1577 2345 in
1600 2299 1784 2346 extre-

170 2396 264 2436 ma
312 2381 629 2447 solitudine,
660 2397 821 2451 quam
870 2384 1009 2437 inter
1038 2390 1184 2437 tanta
1239 2382 1521 2437 hominum
1572 2383 1781 2439 scelero

172 2475 534 2533 commorari.
566 2473 727 2531 Unde
775 2484 830 2531 et
859 2473 1108 2531 Salvator
1158 2476 1213 2530 in
1253 2474 1552 2546 Evangelia
1598 2475 1785 2547 loque-

172 2571 375 2627 batur:
410 2568 691 2640 Usquequo
713 2570 972 2624 sustinebo
1001 2586 1089 2624 vos
1112 2571 1136 2623 ?
1159 2568 1228 2623 Et
1252 2569 1307 2623 in
1336 2571 1444 2624 alio
1466 2570 1586 2624 loco
1612 2571 1787 2638 scrip-

174 2672 291 2719 tum
320 2673 408 2718 est
446 2679 459 2715 :
493 2660 561 2716 In
591 2670 819 2734 tempore
847 2662 938 2716 illo
960 2662 1047 2731 qui
1082 2659 1325 2733 intelligit
1345 2661 1457 2733 [ΑΙ.
1491 2659 1784 2732 intelliget],

175 2755 376 2811 sedebit
394 2764 441 2808 et
452 2754 640 2809 tacebit
659 2769 679 2808 :
703 2754 946 2826 quoniam
958 2764 1160 2824 tempus
1178 2754 1458 2826 pessimum
1471 2762 1544 2807 est
1563 2750 1782 2820 (Thren.

172 2863 237 2905 tu
253 2888 270 2917 ,
315 2845 481 2902 dlicta.
514 2845 599 2917 tt).

248 2940 438 3013 (Vers.
470 2940 562 3011 3.)
595 2939 728 3005 Quia
757 2955 933 2993 omnes
954 2939 1184 2995 adulteri
1212 2947 1356 3006 sunt,
1382 2946 1541 2994 ctetus
1586 2952 1785 3007 praeva-

174 3036 490 3089 ricatorum.
520 3032 591 3088 Et
612 3034 953 3089 extenderunt
986 3034 1223 3104 linguam
1255 3049 1401 3087 suam
1426 3034 1573 3104 quasi
1611 3046 1788 3087 arcum

1874 539 2022 597 pater
2055 527 2252 600 filium,
2303 539 2352 584 et
2398 528 2539 597 ﬁlius
2587 538 2805 600 patrem,
2854 540 2902 585 et
2942 532 3235 589 dividentur
3273 535 3377 591 duo
3405 538 3461 592 in

1871 628 1995 686 tres,
2026 631 2077 676 et
2101 633 2201 676 tres
2232 624 2287 676 in
2327 621 2451 681 duo.
2490 622 2755 693 Quodque
2786 623 2969 690 infert,
3016 621 3314 681 Docuerunt
3344 630 3461 683 lin-

1871 730 2027 786 gnam
2071 732 2223 770 suam
2283 717 2426 782 loqui
2471 718 2794 772 mendacium
2821 761 2837 786 ,
2891 719 3007 774 sive
3050 718 3233 775 didicit
3282 720 3464 793 lingua

1874 820 2051 860 eorum
2080 807 2222 877 loqui
2246 808 2575 864 mendacium
2602 807 2828 880 (Matth.
2858 810 2939 880 ι),
2969 811 3208 867 ostendit
3234 828 3465 869 consuc-

1874 895 2121 952 tudinem
2159 898 2459 954 mentiendi
2482 900 2884 970 quodammodo
2915 902 2967 957 in
3001 912 3250 959 naturam
3284 906 3420 960 verti
3449 921 3464 959 ι

1873 987 2221 1060 studioseque
2246 1005 2342 1045 eos
2391 1004 2574 1059 agerc,
2630 1000 2689 1047 ut
2733 1002 2893 1062 agant
2949 992 3148 1065 iniqua.
3199 995 3466 1068 Quodque

1874 1082 2155 1151 sequitur,
2191 1081 2467 1137 Habitatio
2493 1093 2584 1138 tua
2617 1085 2672 1137 in
2705 1086 2875 1139 medio
2899 1084 3031 1151 doli,
3060 1087 3117 1142 in
3146 1087 3304 1157 dolo,
3339 1104 3466 1159 pro-

1874 1172 1992 1242 prie
2027 1174 2095 1227 ad
2127 1172 2459 1244 Propltetam
2482 1189 2672 1230 sermo
2699 1175 2976 1246 dirigitur,
3002 1179 3146 1247 quod
3178 1178 3382 1236 habitet
3413 1183 3467 1238 in

1872 1264 2056 1320 medio
2078 1265 2263 1336 populi
2287 1265 2636 1334 mentientis;
2662 1267 2782 1323 sive
2806 1281 2866 1322 ut
2896 1267 3252 1340 Septuaginta
3284 1282 3469 1329 trans-

1878 1356 2124 1412 tulerunt
2160 1374 2175 1412 :
2213 1356 2387 1413 Usura
2425 1374 2588 1428 super
2632 1375 2877 1426 usuram,
2907 1370 2959 1415 et
2988 1362 3141 1417 dolus
3185 1379 3341 1434 super
3376 1366 3472 1420 do-

1875 1448 1985 1503 lum
2015 1467 2035 1505 :
2061 1463 2113 1506 et
2136 1456 2276 1521 quod
2312 1453 2555 1523 quotidie
2595 1467 2831 1525 augeant
2863 1456 3077 1512 scelera
3102 1501 3118 1525 ,
3166 1467 3223 1514 et
3270 1475 3473 1530 nequa—

1874 1556 2038 1611 quam
2063 1555 2158 1596 eos
2180 1544 2380 1613 primis
2412 1545 2539 1601 iacti
2566 1548 2855 1616 paeniteat,
2885 1547 2983 1604 sed
3015 1548 3171 1604 navis
3201 1553 3474 1620 prazterita

1876 1635 2179 1691 cumulem.
2226 1636 2352 1692 Ha‘c
2380 1638 2676 1705 iacientes,
2707 1642 2860 1696 omni
2905 1651 3072 1713 agunt
3116 1642 3235 1715 [Αι.
3274 1643 3473 1717 Igatttl]

1877 1727 2081 1793 studio,
2115 1736 2173 1784 ut
2198 1732 2449 1786 nesciant
2474 1730 2792 1800 Dominum,
2816 1732 2908 1803 qui
2938 1735 3057 1790 hanc
3087 1749 3194 1790 non
3224 1734 3473 1794 facienda

1804 1828 1854 1889 Β
1880 1823 2164 1894 praecepit.

1955 1918 2139 1991 (Vera.
2165 1918 2248 1990 7.)
2267 1917 2550 1991 Propterea
2575 1920 2687 1976 lucc
2705 1921 2832 1977 dicit
2850 1920 3106 1980 Dominus
3118 1926 3437 1982 exercituum
3456 1944 3478 1985 :

1879 2009 2019 2066 Ecce
2045 2028 2143 2085 ego
2186 2012 2424 2083 conﬂabo
2462 2014 2605 2085 (sive
2642 2015 2766 2086 igne
2808 2018 3141 2090 examinabo)
3173 2029 3223 2074 et
3251 2022 3478 2090 probabo

1876 2119 1987 2159 eos.
2023 2105 2166 2172 Quid
2205 2107 2344 2159 enim
2373 2103 2525 2158 aliud
2552 2107 2748 2176 faciam
2774 2124 2807 2162 ι
2836 2110 2972 2178 [acie
3001 2112 3128 2179 ﬁlia:
3153 2114 3335 2182 populi
3374 2115 3477 2169 mei

1880 2199 2019 2269 (sive
2032 2199 2162 2270 quid
2180 2200 2377 2270 faciam
2391 2216 2423 2252 a
2434 2200 2570 2268 facie
2584 2199 2802 2256 malitiae
2818 2202 2947 2273 ﬁliae
2956 2203 3139 2276 populi
3154 2204 3277 2278 mei)
3292 2205 3315 2259 ?
3329 2206 3477 2274 Quo-

1885 2289 2224 2361 tiescnmque
2255 2293 2525 2362 angustiis
2552 2293 2919 2363 subiacemus,
2950 2297 3093 2352 mala
3128 2297 3422 2369 recipimus
3446 2315 3476 2356 a

1885 2388 2022 2453 Deo,
2056 2398 2112 2443 et
2156 2389 2541 2443 examinantur
2573 2391 3068 2458 persecutionihns,
3115 2402 3177 2448 ut
3218 2394 3480 2464 quidquid

1885 2480 1939 2534 in
1974 2480 2132 2535 nobis
2172 2480 2496 2536 adulterina:
2546 2482 2790 2536 materia:
2820 2493 2928 2549 cst,
2972 2482 3388 2541 tribulationum
3432 2498 3488 2543 ct

1887 2572 2230 2627 miseriarum
2275 2584 2535 2628 exuratur
2579 2574 2704 2647 [ΑΙ.
2738 2578 3108 2650 excoquatur]
3140 2578 3430 2636 ardoribus
3470 2596 3482 2634 :

1887 2664 2168 2734 Argentum
2210 2667 2350 2719 enim
2394 2662 2606 2719 Domini
2646 2667 2767 2738 igne
2806 2671 3178 2738 esminatum,
3211 2674 3483 2742 probatum

1887 2766 2059 2823 terra,
2093 2767 2375 2830 purgatum
2395 2757 2696 2830 septnplum
2724 2759 2902 2831 (Psal.
2926 2774 3002 2827 xl,
3027 2761 3107 2833 7).

1961 2848 2144 2920 (Ven.
2166 2848 2222 2913 8,
2252 2849 2335 2920 9.)
2370 2849 2578 2923 Sagitta
2610 2852 2894 2907 vulnerans
2923 2853 3105 2925 lingua
3134 2869 3314 2911 eorum
3342 2896 3358 2923 ,
3384 2856 3484 2910 do-

1889 2941 1999 2995 lum
2027 2941 2201 2995 locuta
2229 2950 2304 2996 est
2328 2957 2348 2997 .'
2378 2942 2434 2995 in
2458 2956 2549 2996 ore
2581 2958 2678 2997 suo
2707 2958 2885 3013 pacem
2915 2957 3035 3000 cum
3073 2947 3245 3001 amico
3286 2962 3380 3001 suo
3405 2947 3488 3003 lo-

1888 3033 2087 3103 quitur,
2116 3042 2166 3086 et
2193 3034 2396 3087 occulte
2420 3035 2565 3104 ponit
2588 3036 2634 3088 ei
2664 3035 2906 3090 insidias.
2930 3034 3205 3106 Numquid
3228 3052 3388 3108 super
3411 3039 3494 3095 Itis

174 3129 456 3188 mendacii.
475 3137 524 3183 et
545 3144 649 3182 non
672 3128 899 3181 veritatis
923 3142 941 3181 :
965 3125 1248 3196 confortati
1268 3134 1385 3179 sunt
1405 3126 1461 3179 in
1485 3137 1644 3188 terra,
1665 3112 1788 3194 quia
1828 3200 1856 3203 ψ
1891 3142 1993 3180 non
2013 3126 2257 3194 visitabo,
2287 3127 2416 3181 dicit
2439 3127 2694 3183 Dominus
2716 3145 2735 3183 :
2758 3139 2854 3183 aut
2879 3131 2931 3183 in
2955 3139 3104 3203 gente
3126 3130 3490 3203 hujuscemodi

158 3222 247 3278 -de
287 3224 428 3277 malo
449 3223 506 3277 in
533 3221 730 3276 malum
758 3230 784 3258 ⁸
810 3221 1006 3291 egressi
1041 3228 1182 3284 sunt,
1223 3226 1275 3273 et
1304 3234 1382 3273 me
1408 3234 1513 3272 non
1538 3233 1790 3288 cognove—
1814 3200 1859 3263 C
1894 3232 1997 3273 non
2014 3219 2299 3273 ulciscatur
2326 3220 2508 3274 animo
2532 3222 2685 3275 mea?
2707 3222 2901 3277 Omnis
2924 3200 3220 3280 hareticus
3250 3228 3340 3295 qui
3363 3240 3489 3283 cor-

176 3324 329 3382 runt,
362 3316 489 3369 dicit
541 3314 818 3369 Dominus.
865 3313 942 3367 De
973 3312 1118 3368 malo
1152 3312 1219 3366 ad
1269 3311 1470 3366 malum
1506 3318 1790 3365 transeunt

177 3417 529 3482 peccatores,
558 3406 778 3479 quando
810 3407 1018 3461 idolum
1048 3413 1258 3461 mutant
1284 3405 1452 3473 idolo,
1487 3415 1541 3459 et
1570 3404 1637 3459 de
1667 3418 1793 3472 pec-

174 3504 319 3558 catis
347 3501 415 3556 ad
448 3511 667 3570 peccata
701 3499 1118 3567 transcendunt,
1152 3499 1236 3553 vel
1279 3508 1431 3553 certe
1456 3498 1526 3552 de
1554 3495 1793 3550 obsidio-

179 3598 272 3654 nis
316 3597 462 3652 malo
494 3604 781 3652 transeunt
827 3594 895 3649 sd
940 3593 1337 3664 captivitatem.
1368 3591 1438 3646 Et
1480 3591 1551 3645 de
1577 3589 1792 3645 Sanctis

175 3690 408 3763 quidem
440 3689 640 3744 dicitur
662 3705 680 3742 :
710 3685 871 3741 Ibunt
898 3687 962 3740 de
1002 3687 1192 3740 virtute
1234 3685 1292 3738 in
1334 3684 1572 3737 virtutem
1597 3679 1790 3754 (Psnl.

177 3797 409 3848 Lxxxtn,
431 3780 466 3833 8
484 3779 527 3850 ).
553 3780 631 3834 De
659 3778 1033 3848 peccatoribus
1055 3792 1190 3833 vero
1215 3793 1229 3831 :
1259 3774 1336 3829 De
1357 3774 1495 3828 male
1520 3774 1575 3827 in
1598 3773 1796 3826 malum

187 3874 387 3946 egressi
429 3882 573 3927 sunt.
624 3872 909 3940 Causaque
961 3869 1207 3924 omnium
1258 3866 1629 3932 miseriarum,
1669 3863 1793 3933 quia

178 3984 294 4025 non
321 3973 704 4037 cognoverunt
746 3964 1058 4028 Dominum,
1096 3970 1384 4031 cmtusque
1431 3959 1503 4014 sit
1532 3958 1794 4028 praevari-

180 4061 452 4125 cantium,
483 4070 539 4115 et
569 4058 897 4113 armantiunt
930 4056 1171 4124 linguam
1200 4068 1353 4109 suam
1387 4053 1558 4108 instar
1584 4044 1797 4107 extenti

179 4168 348 4208 arcus
363 4152 417 4206 in
436 4149 831 4220 blasphemiam
855 4164 871 4213 ;
896 4147 1293 4216 conl‘ortatique
1316 4152 1445 4200 sunt
1461 4145 1513 4198 in
1539 4154 1704 4211 terra,
1739 4157 1798 4203 ιιι

181 4255 507 4301 mercantur
521 4241 712 4297 audire
730 4259 742 4295 :
760 4239 1009 4303 Terraes,
1026 4240 1138 4294 etin
1163 4249 1353 4293 terram
1372 4236 1468 4291 ibis
1492 4234 1653 4308 (Gen.
1675 4232 1796 4306 ιιι).

1889 3309 1957 3364 da
2007 3311 2257 3365 vulnerat
2302 3310 2641 3367 audientium
2672 3324 2725 3368 et
2756 3314 3122 3370 nescientium
3164 3316 3434 3388 scriptum
3482 3334 3497 3372 :

1895 3401 2050 3455 Omni
2068 3402 2304 3456 custodia
2323 3417 2470 3457 serva
2496 3419 2586 3458 cor
2623 3413 2771 3459 tuum
2816 3404 3007 3477 (Prov.
3039 3420 3114 3475 tv,
3158 3406 3278 3479 95),
3324 3409 3493 3480 sagit-

1889 3502 2000 3548 tam
2027 3494 2275 3564 possidet
2299 3496 2709 3561 vulnerantem,
2728 3509 2782 3553 et
2809 3496 2864 3553 in
2892 3499 3021 3554 dolo
3045 3501 3490 3570 loqttltur.Cttm-

1893 3601 1999 3656 que
2036 3601 2137 3642 ore
2175 3602 2277 3642 suo
2317 3601 2507 3658 pacem
2553 3588 2807 3656 proximo
2852 3592 3237 3660 repromittat,
3268 3593 3492 3649 occulte

1896 3679 2070 3735 tendit
2100 3681 2349 3735 insidias.
2381 3682 2549 3753 906
2575 3683 2941 3752 Sequentibus
2971 3695 3157 3740 autem
3179 3686 3490 3754 versiculis,

1897 3772 1949 3826 in
1981 3771 2180 3841 quibus
2202 3772 2336 3828 dicit
2363 3791 2377 3828 :
2402 3773 2672 3844 Numquid
2693 3786 2852 3845 super
2872 3774 2955 3831 his
2980 3792 3083 3832 non
3102 3777 3344 3841 visitabo,
3370 3779 3501 3835 dicit

1899 3861 2157 3918 Dominus
2185 3879 2206 3919 :
2241 3873 2335 3919 aut
2380 3866 2439 3920 in
2481 3874 2631 3939 gente
2677 3867 3037 3934 huiuscemodi
3078 3885 3179 3925 non
3221 3872 3499 3928 ulciscetur

1897 3958 2075 4010 anima
2102 3973 2214 4012 inea
2233 3957 2259 4012 Ρ
2278 3959 2473 4015 crebro
2493 3958 2549 4015 in
2578 3960 2682 4016 hoc
2710 3963 2980 4033 Propheta
3004 3964 3267 4029 abutitur,
3294 3977 3349 4020 ut
3370 3980 3496 4022 cum

1897 4050 2110 4119 singula
2162 4052 2435 4107 malorum
2492 4068 2718 4122 operum
2767 4056 3126 4123 enumerarit,
3183 4056 3382 4113 inierat
3433 4072 3496 4118 se

1893 4142 2041 4212 justo
2068 4142 2248 4198 facere
2274 4143 2423 4214 quod
2452 4143 2577 4199 iacit
2605 4144 2721 4217 [ΑΙ.
2754 4144 2972 4219 iaciat].

1974 4234 2153 4305 (Vers.
2184 4236 2299 4307 ιθ.)
2328 4237 2501 4306 Super
2534 4248 2735 4293 montes
2764 4255 3031 4295 assumant
3058 4241 3201 4315 (sive
3226 4241 3500 4313 assumite)

257 4335 620 4410 θρεψεως.
649 4336 684 4391 ι
706 4340 888 4406 seqq.)
920 4333 1289 4405 Unusquisque
1314 4332 1679 4401 seaproazimo
1703 4344 1799 4384 suo
1901 4330 2080 4399 ﬂetum
2109 4340 2159 4383 et
2186 4330 2492 4397 laureatum,
2527 4341 2577 4386 et
2617 4347 2774 4401 super
2808 4336 3043 4407 speciosa
3084 4336 3227 4408 (sive
3264 4335 3495 4407 semitas)

185 4431 447 4486 custodiat
480 4446 494 4484 :
529 4438 579 4483 et
597 4428 651 4482 in
678 4428 820 4482 omni
864 4427 1028 4497 fratre
1058 4442 1156 4480 suo
1184 4441 1288 4480 non
1315 4423 1498 4478 Itabeat
1525 4422 1797 4492 fiduciam,
1903 4425 2089 4479 deserti
2119 4426 2386 4494 planctum
2414 4440 2433 4479 :
2459 4426 2708 4495 quoniam
2733 4426 2947 4482 incensa
2985 4435 3108 4482 sunt
3136 4429 3277 4500 (sive
3300 4428 3503 4499 defece-

185 4523 314 4595 quia
335 4522 502 4576 omnis
524 4521 691 4591 frater
706 4518 1137 4590 supplantatione
1158 4513 1551 4587 supplantsbit[
1572 4514 1655 4567 ΑΙ.
1672 4528 1799 4582 sup-
1832 4594 1839 4595 7
1902 4517 2048 4583 runt)
2072 4530 2133 4568 eo
2154 4514 2296 4584 quod
2323 4529 2428 4568 non
2456 4516 2526 4568 sit
2554 4516 2630 4569 vir
2657 4516 2803 4589 (sive
2845 4519 3022 4589 homo)
3054 4520 3429 4590 pertransiens,
3453 4527 3506 4573 et

189 4594 394 4688 plantat
431 4623 480 4669 st
517 4613 710 4667 incedit
735 4610 781 4683 ],
814 4621 861 4665 et
891 4611 1062 4665 omnis
1095 4610 1295 4664 amicus
1327 4604 1692 4680 fraudulenter
1710 4606 1790 4659 in-
1822 4594 1876 4655 D
1902 4621 2004 4659 non
2049 4605 2331 4660 audierunt
2352 4620 2525 4660 vocem
2562 4610 2877 4678 possidentis
2921 4610 3062 4681 (sive
3100 4612 3445 4681 substantia),
3468 4628 3504 4666 a

190 4706 377 4770 cedet;
405 4714 452 4759 et
479 4706 556 4759 vir
578 4708 801 4775 fratrem
829 4719 982 4758 suum
1010 4701 1289 4768 deridt'bit,
1328 4708 1377 4757 et
1402 4699 1666 4755 veritatem
1693 4712 1797 4751 non
1897 4697 2107 4751 volucre
2133 4695 2250 4751 caeli
2279 4713 2440 4766 usque
2475 4698 2546 4752 ad
2574 4712 2763 4770 pecora
2812 4701 3169 4772 migrauerunt
3207 4714 3253 4756 et
3277 4711 3505 4756 recesse-

191 4799 487 4869 loquentnr.
525 4796 822 4851 Docuerunt
860 4796 998 4849 enim
1028 4795 1260 4864 linguam
1302 4810 1449 4848 suam
1479 4793 1620 4863 loqui
1651 4808 1801 4847 men-
1899 4798 2041 4844 runt.
2094 4789 2532 4859 Superveniente
2583 4792 2888 4864 Babylonio
2926 4795 3196 4860 exercitu,
3228 4802 3286 4850 et
3307 4802 3506 4850 cuneta

193 4892 412 4947 dacium
432 4892 577 4964 (sive
606 4890 789 4945 didicit
822 4889 960 4943 enim
996 4888 1179 4960 lingua
1206 4902 1382 4941 eorum
1408 4887 1555 4955 loqui
1584 4886 1798 4939 utenda-
1900 4895 2155 4939 vastante
2177 4921 2193 4950 ,
2240 4883 2483 4940 solitudo
2534 4886 2833 4956 provincia!
2891 4887 3255 4959 prophetam"
3279 4930 3293 4954 ,
3352 4886 3502 4959 quod

193 4985 381 5053 cium),
431 4991 487 5037 ut
524 4983 701 5052 inique
742 4990 987 5051 agerent,
1038 4980 1398 5034 laboraverunt
1443 4978 1582 5041 (sive
1624 4978 1800 5042 inique
1904 4977 2154 5048 planctus
2186 4977 2240 5031 in
2271 4975 2583 5045 montibus,
2612 4977 2778 5035 ﬂetus
2809 4980 2883 5036 sit
2908 4981 2966 5036 in
2994 4982 3223 5037 deserto
3250 5021 3266 5049 ,
3293 4981 3414 5038 sive
3461 4983 3515 5038 in

194 5083 502 5148 egerunt,et
529 5091 627 5129 non
653 5074 1042 5128 intermiserunt
1079 5080 1131 5124 ut
1176 5069 1631 5141 converterentur).
1675 5067 1796 5124 Ha-
1904 5071 2119 5125 semitis
2147 5070 2483 5137 solitudinis,
2526 5072 2674 5142 quod
2711 5074 2968 5129 universa
3008 5074 3316 5131 defecerint
3340 5086 3508 5149 atque

195 5169 381 5224 bitatio
424 5178 515 5223 tua
549 5169 603 5221 in
646 5166 815 5223 medio
845 5166 978 5231 doli,
1010 5166 1061 5219 in
1091 5164 1215 5219 dolo
1251 5163 1394 5234 (sive
1438 5180 1599 5217 usura
1641 5179 1799 5233 super
1905 5175 2165 5218 succensa
2184 5163 2320 5229 sint,
2342 5172 2400 5219 et
2420 5163 2604 5219 nullus
2620 5166 2694 5220 sit
2721 5164 2816 5237 q'tti
2846 5180 2944 5237 per
2972 5176 3177 5225 terram
3196 5169 3508 5241 gradiatur,

197 5276 438 5327 usuram,
470 5268 523 5313 et
550 5256 703 5313 dolus
742 5259 801 5312 in
830 5254 1000 5327 dolo);
1026 5264 1304 5312 renuerunt
1330 5253 1471 5326 (sive
1510 5252 1809 5325 noluerunt)
1909 5256 2068 5311 casis
2105 5255 2384 5319 omnibus,
2430 5254 2675 5325 nihilque
2700 5262 3050 5328 remanserit,
3105 5260 3247 5330 quod
3296 5262 3511 5332 spirare
3544 5272 3549 5277 '

195 5353 332 5409 scire
358 5369 457 5416 me,
493 5351 621 5407 dicit
665 5349 941 5404 Dominus.
990 5349 1109 5404 Hoc
1162 5349 1284 5403 loco
1324 5346 1586 5403 utendum
1624 5354 1710 5401 est
1755 5346 1809 5401 in
1915 5347 2088 5416 possit
2111 5348 2396 5404 etvivere.
2428 5348 2589 5404 Unde
2618 5361 2718 5419 pro
2740 5351 3059 5423 possidente,
3090 5344 3234 5407 LXX
3272 5358 3518 5406 transtu—

198 5452 453 5515 tetnpore
500 5443 909 5514 persecutionis
964 5453 1021 5498 et
1065 5441 1330 5511 angustia:
1365 5482 1382 5507 ,
1439 5439 1662 5507 quando
1719 5446 1815 5494 aut
1913 5437 2096 5492 lerunt
2115 5438 3077 5509 substantim,qu:oilelirslcedicitur
3095 5440 3510 5529 uscnn(rt:pn):

199 5552 348 5605 rara,
374 5545 470 5590 aut
502 5533 650 5589 nulla
688 5534 827 5588 ﬁdes
851 5542 937 5588 est
968 5533 1222 5603 :quando
1250 5547 1351 5587 nec
1377 5531 1532 5585 fratri
1561 5546 1663 5585 nec
1686 5547 1809 5601 pro-
1915 5541 1969 5586 et
1990 5530 2296 5586 substantia
2325 5531 2411 5587 hic
2435 5548 2541 5587 non
2570 5549 2664 5603 pro
2692 5535 2855 5599 οὐσία,
2875 5533 2976 5588 hoc
3000 5542 3107 5597 est,
3131 5531 3525 5605 essentiaiacci-

200 5628 350 5684 ximo
384 5624 738 5683 credendum
766 5634 883 5692 est,
922 5632 979 5679 et
1007 5623 1215 5680 inimici
1244 5621 1489 5677 hominis
1520 5619 1812 5678 domestici
1914 5622 2085 5694 pitur,
2109 5621 2205 5679 sed
2236 5635 2337 5694 pro
2356 5623 2560 5695 opibus,
2586 5632 2753 5695 atque
2776 5624 2996 5681 divitiis.
3020 5622 3295 5694 Quodque
3318 5620 3516 5681 infert:

276 5824 302 5853 ι
345 5814 519 5870 Antea
548 5820 668 5869 erat
694 5810 936 5883 ingressi,
971 5827 1101 5869 mss.
1136 5819 1193 5869 et
1223 5822 1384 5867 sacro
1412 5816 1560 5864 textu
1587 5806 2113 5866 contradicentibus.
