3972 6342
565 247 676 307 745

1817 241 1878 300 s.
1922 240 2196 299 unseen
2234 217 2624 297 ntanouv'nt
3762 244 3852 303 in

561 365 609 418 Α
636 363 843 418 volucre
872 361 985 416 caeli
1015 377 1174 432 usque
1199 361 1267 415 ad
1296 375 1450 432 pecus
1479 367 1797 416 recesserunt
1819 367 1866 413 et
1895 359 2168 440 abierunt,_
2183 364 2237 425 Α
2263 371 2395 426 pore
2427 356 2763 427 prophetari,
2797 358 3014 429 quando
3058 361 3202 433 capti
3241 368 3371 418 sunt
3397 376 3430 416 a
3458 359 3739 416 Chaldatis
3767 377 3780 411 :
3807 371 3850 414 et

563 453 669 510 hoc
697 453 936 509 ostendit
958 452 1100 520 quod
1131 468 1276 523 sa'pe
1304 452 1563 516 diximus,
1612 453 1745 506 iram
1777 451 1873 505 Dei
1905 451 2158 505 universa

561 552 789 611 sentire.
813 557 869 603 et
892 564 999 603 non
1021 548 1198 603 solum
1232 563 1363 604 aves
1393 547 1561 612 aeris,
1584 546 1680 603 sed
1711 555 1768 602 et
1799 546 1975 616 pisces
2003 559 2159 614 aquae

561 641 817 698 deﬁcere.
861 641 1019 697 Juxta
1055 640 1418 712 tropologiam
1451 640 1617 696 ﬂetus
1659 641 1958 694 assumitur
1998 651 2160 707 super

559 745 797 803 montes,
824 745 878 790 et
908 736 1228 791 lamentatio
1255 749 1423 805 super
1454 731 1701 804 speciosa
1731 731 1958 796 deserti,
1988 745 2160 800 quan-

557 827 629 884 do
660 826 936 898 principes
958 837 1188 898 peccant
1233 826 1519 894 Ecclesiae,
1551 835 1578 862 α
1608 833 1665 880 et
1710 824 1847 879 nihil
1880 823 1933 877 in
1974 837 2036 876 ca
2077 823 2159 876 in-

559 921 778 975 venitur
801 919 1126 974 substantiae
1151 919 1268 985 Dei,
1302 932 1402 974 nec
1429 917 1649 972 auditur
1681 929 1786 970 vox
1818 911 2159 986 DominilEc-

555 1011 779 1068 clesiam
798 1011 1150 1082 possidentis,
1175 1026 1270 1078 per
1300 1020 1522 1066 sanctos
1536 1020 1592 1066 et
1612 1009 1946 1080 apostolicos
1977 1008 2156 1072 viros;

556 1114 612 1162 et
640 1122 674 1159 a
701 1103 905 1159 volucre
953 1104 1067 1159 caeli
1095 1119 1257 1174 usque
1302 1105 1372 1158 ad
1406 1118 1614 1175 pecora,
1657 1102 1726 1158 ab
1755 1101 1839 1156 his
1876 1100 2154 1167 videlicet,

556 1197 648 1268 qui
673 1205 901 1266 possunt
931 1198 984 1253 in
1015 1196 1249 1252 sublime
1279 1196 1603 1264 ascendere,
1638 1210 1812 1265 usque
1842 1193 1911 1249 ad
1942 1194 2156 1250 irratio-

555 1289 710 1345 nales
731 1299 788 1344 et
815 1289 1184 1357 simpliciores
1214 1304 1465 1358 quosque
1494 1289 1586 1358 qui
1627 1297 1981 1345 recesserunt
2025 1287 2040 1359 [
2065 1287 2151 1342 Al.

555 1382 886 1439 recesserint
912 1381 930 1454 ]
959 1397 990 1437 a
1021 1382 1387 1438 conciliabula
1420 1381 1540 1437 Dei.

627 1471 811 1544 (Vers.
854 1473 964 1540 11.)
1005 1471 1072 1527 Ει
1127 1473 1259 1528 dabo
1305 1471 1596 1527 Jerusalem
1647 1473 1701 1526 in
1748 1487 1956 1526 acervos
1985 1487 2156 1528 arente

556 1564 698 1635 (sive
739 1564 794 1618 in
821 1565 1351 1636 transmigrationem)
1377 1575 1424 1618 et
1454 1565 1506 1618 in
1533 1564 1728 1618 cubilia
1768 1563 2073 1629 draconum,
2107 1573 2153 1618 et

553 1656 782 1711 civitates
807 1655 966 1710 Inda:
1004 1656 1139 1710 dabo
1178 1659 1233 1710 in
1262 1657 1672 1722 desolationem;
1701 1672 1760 1711 eo
1789 1656 1926 1727 quod
1957 1673 2060 1710 non
2085 1657 2152 1711 sit

555 1750 840 1807 habitator.
879 1749 1016 1806 Cum
1050 1751 1410 1806 ecclesiastici
1441 1751 1545 1805 viri
1585 1760 1642 1806 et
1670 1749 1926 1806 doctores
1952 1750 2153 1820 quique
2184 1760 2230 1820 Β

551 1841 880 1907 defecerint,
915 1851 1043 1896 tunc
1072 1841 1234 1896 datur
1263 1842 1567 1898 Jerusalem
1617 1840 1670 1896 in
1718 1842 2155 1912 transmigratio-

549 1948 701 2000 nem,
730 1931 847 1988 sive
871 1932 924 1988 in
950 1947 1178 1988 acervos
1208 1947 1414 1998 arente,
1445 1942 1504 1986 ut
1534 1931 1826 1987 haereticus
1859 1934 1910 1986 in
1939 1947 2002 1988 ea
2033 1947 2153 1987 ser-

552 2038 644 2080 mo
676 2023 988 2094 prtevaleat,
1014 2032 1067 2078 et
1096 2023 1372 2080 elliciatur
1393 2023 1573 2079 cubile
1603 2023 1924 2090 draconum,
1947 2034 2002 2078 et
2023 2023 2156 2079 civi-

552 2123 694 2171 tates
725 2114 870 2170 illius
911 2113 1225 2185 redigantur
1264 2116 1316 2168 in
1363 2113 1736 2182 solitudinem,
1769 2130 1870 2169 nec
1893 2115 1962 2169 sit
1993 2117 2048 2168 in
2089 2129 2153 2170 ea

552 2207 725 2264 divini
775 2209 1046 2264 sermonis
1076 2205 1366 2272 habitatio,
1415 2215 1471 2262 et
1502 2205 1594 2262 ille
1622 2207 1714 2277 qui
1757 2206 1891 2261 dicit
1929 2222 1942 2260 :
1989 2203 2158 2260 Inha-

553 2298 725 2353 bitabo
783 2307 832 2353 et
875 2296 1206 2352 inambulabo
1252 2297 1307 2351 in
1361 2298 1474 2365 eis,
1534 2306 1580 2351 et
1638 2313 1726 2353 ero
1775 2295 1920 2352 Deus
1977 2314 2156 2353 eorum

553 2389 746 2461 (Leuit.
773 2405 920 2454 xxvr,
955 2390 1071 2461 12).

623 2483 808 2556 (Vers.
845 2483 913 2539 12
942 2483 1124 2555 seqq.)
1171 2483 1301 2551 Quis
1330 2489 1406 2538 est
1428 2484 1506 2538 vir
1542 2484 1748 2556 sapiens
1769 2486 1860 2556 qui
1901 2484 2156 2556 intelligat

553 2573 669 2638 hoc,
699 2583 747 2628 et
779 2576 848 2626 ad
872 2589 1023 2640 quem
1065 2574 1185 2627 verb
1207 2590 1276 2627 tm
1325 2575 1430 2629 oris
1463 2573 1670 2628 Domini
1703 2576 1795 2642 ﬁat
1818 2617 1834 2641 ,
1867 2585 1922 2629 ut
1951 2593 2158 2632 annun-

553 2665 643 2720 tiet
681 2665 824 2720 istud
852 2680 872 2719 :
899 2681 1059 2729 quare
1086 2665 1238 2736 periit
1269 2676 1428 2730 terra,
1460 2674 1508 2718 et
1535 2674 1716 2719 exusta
1753 2676 1827 2720 est
1871 2667 2020 2737 quasi
2060 2668 2155 2721 de-

555 2767 774 2823 sertum,
821 2771 880 2810 eo
917 2756 1056 2825 quod
1103 2771 1203 2808 non
1249 2757 1316 2809 sit
1360 2756 1447 2826 qui
1495 2758 2040 2830 pertranseat?907
2089 2756 2156 2813 Et

553 2847 686 2903 dixit
709 2845 967 2902 Dominus
998 2863 1018 2901 .'
1054 2846 1188 2915 Quia
1217 2845 1600 2919 dereliquerunt
1631 2847 1794 2920 legem
1816 2867 1982 2904 meam
2000 2867 2155 2921 quam

559 2942 679 2997 dedi
721 2943 815 3003 eis,
848 2952 896 2996 et
923 2957 1028 2997 non
1057 2942 1332 2997 audierunt
1363 2958 1536 2997 vocem
1562 2959 1746 3012 meam,
1779 2953 1950 2998 etnon
1975 2949 2158 3000 ambu-

557 3034 792 3089 laverunt
817 3035 873 3088 in
899 3050 980 3102 ea,
1022 3045 1072 3090 et
1115 3035 1350 3089 abierunt
1379 3046 1492 3106 post
1520 3038 1826 3108 pravitatem
1854 3038 2026 3092 cordis
2052 3039 2154 3104 sui,

2263 447 2484 517 proprie
2520 447 2590 503 de
2635 447 2738 504 hoc
2787 458 3053 519 tempore,
3118 453 3340 521 quando
3369 452 3608 522 dispersi
3640 459 3766 505 sunt
3807 450 3850 504 in

2260 540 2539 611 gentibus,
2583 557 2720 612 quas
2743 558 2851 598 non
2883 556 3150 600 noverant
3182 546 3305 617 ipsi,
3338 557 3396 602 et
3418 556 3606 617 patres
3645 560 3848 599 eorum:

2262 643 2317 692 ct
2349 636 2400 690 in
2430 645 2545 691 toto
2573 638 2705 692 orbe
2730 637 2920 704 divisi,
2947 638 3226 712 cibatique
3255 649 3382 697 sunt
3416 640 3725 706 absinthio,
3755 641 3852 695 sive

2262 729 2680 785 necessitatibus
2731 737 2788 787 et
2838 733 3130 802 angustiis.
3179 733 3247 788 Et
3298 743 3632 803 acceperunt
3683 743 3851 802 potum

2261 835 2455 890 aquam
2485 821 2654 891 tellis,
2689 822 2834 893 quod
2872 833 2966 878 aut
2995 824 3264 879 malorum
3292 824 3567 894 significat
3595 826 3851 896 magnituo

2260 911 2468 975 dinem,
2492 924 2546 969 et
2571 914 2964 983 sempiternum
2987 915 3320 984 captivitatis
3339 917 3528 987 jugum
3559 932 3574 970 :
3598 927 3698 971 aut
3717 927 3850 971 certe

2261 1018 2360 1074 per
2397 1004 2753 1073 ignorantiam
2799 1005 2933 1076 legis
2969 1006 3060 1062 Dei
3092 1051 3105 1075 ,
3157 1021 3257 1078 pro
3294 1006 3516 1064 Christo
3559 1007 3851 1064 Antichris-

2260 1103 2374 1149 tum
2417 1094 2721 1166 suscepturi
2764 1105 2910 1151 sunt.
2958 1097 3185 1152 Mittitur
3230 1109 3410 1154 autem
3463 1099 3688 1170 gladius
3746 1110 3852 1170 post

2261 1201 2378 1250 eos,
2407 1195 2466 1242 ut
2499 1204 2669 1259 usque
2699 1189 2766 1244 ad
2801 1191 3082 1246 interitum
3113 1202 3535 1249 consumantur.
3580 1193 3683 1250 Vel
3718 1203 3853 1250 certe

2259 1278 2464 1350 gladius
2493 1280 2584 1350 qui
2616 1295 2709 1337 eos
2737 1282 2984 1349 dividat,
3018 1293 3073 1338 et
3112 1300 3220 1339 non
3267 1287 3503 1354 patiatur
3555 1286 3609 1341 in
3659 1288 3851 1342 malum

2260 1370 2465 1428 habere
2500 1386 2832 1430 consensum
2855 1416 2869 1440 ,
2905 1385 2964 1429 ut
2993 1375 3313 1446 dispereant
3358 1379 3410 1433 in
3451 1393 3520 1434 eo
3555 1379 3705 1450 quod
3739 1381 3855 1434 mali

2258 1471 2406 1518 sunt.

2327 1555 2507 1628 (Vers.
2564 1557 2652 1623 l7,
2687 1557 2774 1612 18.
2805 1556 2826 1630 )
2858 1557 2983 1614 Ηαξο
3023 1561 3152 1616 dicit
3197 1559 3456 1618 Dominus
3485 1566 3810 1619 exercituum
3839 1580 3856 1620 .'

2256 1647 2674 1714 contemplamini
2697 1650 2840 1717 (sive
2862 1649 3164 1723 intelligite)
3181 1663 3229 1707 et
3253 1665 3430 1709 vocate
3450 1656 3852 1725 lamentatrices,

2257 1746 2304 1792 et
2343 1736 2472 1809 [AL
2515 1737 2613 1811 ut]
2659 1741 2870 1795 veniant
2914 1758 2933 1796 :
2964 1753 3012 1796 et
3035 1743 3104 1797 ad
3131 1761 3216 1798 eas
3245 1761 3362 1817 qua:
3407 1748 3677 1817 sapientes
3720 1763 3852 1816 sum,

2258 1831 2464 1899 mittite,
2494 1841 2542 1886 et
2569 1842 2846 1904 properent
2874 1835 3012 1906 (sive
3037 1836 3361 1907 loquantur),
3396 1839 3669 1908 festinent,
3701 1851 3749 1894 et
3777 1859 3854 1894 as-

2255 1935 2458 1978 sumant
2479 1941 2634 1990 super
2657 1943 2750 1980 nos
2779 1925 2925 1998 (sive
2952 1944 3104 2000 super
3130 1929 3238 2003 vos)
3267 1930 3555 1986 [amentum
3588 1950 3608 1986 :
3633 1943 3682 1988 et
3701 1935 3856 1988 dedu-

2255 2025 2374 2070 cant
2395 2016 2562 2088 908
2598 2019 2738 2071 oculi
2769 2020 2937 2074 nostri
2969 2021 3108 2090 (sive
3137 2023 3312 2094 vestri)
3354 2025 3643 2096 lacrgmas,
3673 2037 3723 2082 et
3749 2029 3854 2099 pal-

2258 2110 2427 2181 pebra!
2455 2120 2644 2166 nostra:
2692 2113 2838 2184 (sive
2879 2114 3083 2185 vestra!)
3113 2117 3347 2186 deﬂuant
3389 2122 3541 2190 aquis
3572 2136 3592 2174 :
3619 2123 3853 2190 quoniam

2255 2220 2356 2259 vox
2389 2206 2771 2262 lamentationis
2810 2209 2994 2262 audita
3037 2220 3114 2265 est
3143 2212 3209 2264 de
3252 2211 3385 2267 Sion
3411 2216 3557 2286 (sive
3583 2216 3640 2269 in
3679 2215 3853 2288 Sion).

2256 2297 2487 2368 Pr0pter
2510 2297 2748 2354 futuram
2770 2300 3145 2369 captivitatem
3179 2311 3236 2358 et
3259 2304 3612 2360 eversionem
3639 2308 3858 2364 Jerusa~

2257 2391 2386 2456 lem,
2414 2391 2821 2449 lamentatrices
2853 2396 3040 2450 vocari
3061 2396 3236 2466 jubet,
3255 2413 3378 2468 qua:
3399 2399 3581 2454 solent
3607 2402 3659 2456 in
3683 2401 3850 2464 luctu,

2257 2497 2392 2538 voce
2446 2483 2613 2538 llebili
2661 2494 2716 2540 et
2764 2486 2997 2543 lacertos
3046 2489 3298 2544 manibus
3343 2490 3745 2562 verberantes,
3790 2496 3854 2550 ad

2257 2576 2529 2647 lacrytnas
2561 2579 2822 2649 populum
2857 2595 3179 2650 provocare.
3225 2583 3321 2638 llic
3346 2586 3495 2639 enim
3535 2602 3659 2642 mos
3685 2603 3854 2658 usque

2259 2671 2422 2726 hodie
2455 2683 2736 2742 permanet
2781 2674 2834 2728 in
2863 2673 3049 2731 Iudaea
3070 2717 3085 2743 ,
3118 2687 3178 2733 ut
3222 2678 3484 2734 mulieres
3515 2685 3723 2751 sparsis
3746 2687 3853 2737 cri-

2259 2765 2418 2821 nibus
2458 2769 2787 2838 nudatisque
2816 2772 3153 2842 pectoribus,
3193 2787 3328 2828 voce
3355 2774 3635 2830 modulata
3666 2793 3854 2834 omnes

2257 2855 2324 2910 ad
2369 2857 2552 2912 ﬂetum
2596 2861 2892 2917 concitent.
2927 2861 2999 2918 Se
3033 2873 3211 2918 autem
3248 2862 3425 2935 jungit
3463 2865 3610 2922 Deus
3636 2882 3853 2938 compa-

2258 2946 2445 3004 ticntis
2472 2948 2696 3016 aﬂ‘ectu,
2724 2951 2839 3006 sive
2867 2950 3141 3021 Propheta
3175 2969 3191 3013 ;
3223 2964 3280 3008 ut
3309 2954 3572 3027 quidquid
3622 2961 3848 3028 papulas

2257 3043 2511 3109 sustinet,
2554 3043 2730 3112 ipsum
2759 3048 3030 3102 sustinere
3074 3055 3130 3101 et
3170 3055 3377 3104 sentire
3401 3064 3461 3106 se
3486 3050 3660 3107 dicat.
3697 3052 3847 3121 Quod

553 3133 601 3178 et
630 3134 747 3193 post
775 3121 1008 3192 Baulim,
1039 3141 1165 3196 quos
1191 3125 1485 3182 didicerunt
1510 3144 1543 3181 a
1568 3127 1798 3198 patribus
1817 3131 1947 3185 suis.
1977 3128 2152 3186 lnter-
2179 3136 2223 3198 C
2255 3144 2435 3189 autem
2476 3135 2641 3191 infert
2672 3153 2685 3190 :
2723 3137 2861 3205 Quia
2893 3153 2993 3191 vox
3037 3137 3425 3195 lamentationis
3472 3144 3659 3198 audita
3687 3153 3764 3199 est
3788 3145 3851 3199 dc

556 3228 715 3288 rogat
763 3217 1061 3288 Propheta,
1103 3219 1150 3274 si
1183 3235 1344 3290 quem
1388 3223 1718 3290 sapientium
1753 3224 1805 3277 in
1852 3222 2149 3279 Jerusalem

553 3310 736 3366 valeat
762 3310 1026 3379 reperire,
1051 3319 1315 3366 eteorum
1347 3313 1412 3367 ad
1445 3328 1581 3382 quos
1616 3313 1708 3367 (lat
1737 3329 1919 3370 sermo
1945 3315 2066 3380 Dei,
2098 3326 2152 3370 et

553 3401 648 3475 qui
680 3403 889 3472 possint
920 3403 1244 3459 annuntiare
1280 3404 1493 3460 Domini
1523 3406 1858 3461 voluntatem
1887 3448 1901 3471 ,
1939 3417 1993 3463 et
2025 3421 2153 3462 cau-

551 3509 641 3551 sas
669 3496 902 3552 reddere
943 3512 1043 3551 cur
1089 3497 1278 3552 Judtea
1313 3498 1534 3552 redacta
1557 3500 1628 3553 sit
1671 3499 1724 3553 in
1772 3500 2148 3566 solitudinem,

554 3594 612 3642 et
651 3587 906 3642 omnibus
953 3587 1280 3655 interiectis,
1327 3590 1509 3644 nullus
1559 3594 1883 3648 remanserit
1922 3593 2015 3663 qui
2057 3609 2153 3663 per

552 3690 675 3733 eam
718 3686 980 3732 transeat.
1031 3678 1098 3731 Et
1125 3679 1333 3734 inducit
1365 3681 1652 3736 Dominum
1685 3683 2105 3753 respondentem
2131 3726 2147 3754 ,

549 3761 854 3842 causasque
905 3770 1225 3827 reddentem
1275 3788 1290 3825 :
1345 3774 1474 3842 quia
1515 3773 1914 3846 dereliquerint
1954 3776 2149 3849 Legem

551 3862 672 3933 ejus
716 3878 878 3934 quam
908 3862 1139 3919 dederat
1178 3864 1282 3932 eis,
1332 3880 1430 3921 nec
1462 3867 1737 3923 audierint
1786 3883 1978 3926 vocem
2007 3871 2148 3942 ejus,

552 3973 656 4015 nec
695 3957 928 4014 fecerint
975 3973 1098 4030 qua:
1129 3971 1402 4031 praecepta
1445 3961 1594 4027 sint;
1626 3962 1720 4017 sed
1762 3962 1998 4019 abierint
2031 3974 2152 4035 post

553 4051 878 4122 pravitatem
909 4050 1095 4107 cordis
1118 4051 1223 4106 sui.
1250 4049 1395 4122 Ergo
1417 4067 1524 4107 non
1556 4050 1610 4108 in
1639 4063 1828 4110 nostra
1850 4057 2149 4126 voluntate,

550 4144 646 4202 sed
685 4147 736 4200 iu
788 4143 1019 4200 Domino
1046 4145 1415 4202 conﬁtendum
1461 4157 1569 4203 est.
1603 4147 1835 4203 Pravum
1867 4149 2014 4205 enim
2055 4167 2151 4207 cor

546 4234 606 4290 in
633 4235 884 4291 omnibus
901 4233 1081 4307 (Infra
1109 4252 1244 4302 xvn,
1269 4235 1345 4307 9).
1385 4235 1560 4300 Et,De
1587 4239 1744 4294 corde
1763 4250 1940 4294 nostro
1959 4252 2150 4296 exeunt

549 4329 787 4401 pessima:
833 4327 1178 4406 cogitationes
1215 4328 1439 4398 (Matth.
1472 4345 1547 4384 xv
1571 4374 1584 4398 ,
1622 4329 1738 4402 19).
1774 4331 1842 4385 Et
1869 4342 1987 4403 post
2014 4332 2152 4388 Βαα-

544 4421 661 4490 lim,
690 4423 893 4493 inquit,
922 4422 1177 4488 abierunt,
1212 4438 1345 4494 quos
1384 4423 1681 4478 didicerunt
1703 4441 1734 4478 a
1760 4425 1998 4496 patribus
2018 4428 2146 4482 suis.

2256 3223 2408 3292 Sion,
2436 3229 2619 3280 statim
2650 3229 2898 3297 sequitur
2929 3245 3050 3300 qua:
3080 3230 3184 3286 iata
3212 3234 3283 3287 sit
3325 3247 3449 3288 vox.

2323 3317 2507 3391 (Vers.
2545 3320 2660 3392 19.)
2693 3321 2965 3390 Quomodo
2995 3325 3181 3378 vastati
3209 3343 3421 3393 sumus,
3456 3338 3507 3383 et
3537 3333 3742 3402 confusi
3769 3348 3846 3387 rc-

2253 3408 2551 3465 hemeuter?
2573 3412 2710 3476 Quia
2731 3414 3102 3486 dereliquimus
3127 3424 3317 3472 terram
3332 3457 3349 3486 ,
3377 3422 3626 3490 quoniam
3655 3422 3846 3492 dejecta

2251 3511 2371 3557 sunt
2397 3502 2535 3573 (sive
2558 3505 2865 3578 abjecimus)
2893 3507 3229 3564 tabernacula
3251 3505 3451 3566 nostra.
3478 3513 3598 3569 Vox
3638 3517 3736 3570 ista
3765 3526 3844 3574 est

2253 3596 2668 3652 lamentantium
2695 3598 2829 3656 Sion
2858 3617 2870 3653 :
2901 3603 3161 3671 quomodo
3186 3607 3372 3658 vastati
3391 3622 3596 3675 sumus,
3641 3617 3686 3662 et
3725 3627 3845 3663 con-

2252 3689 2357 3760 fusi
2391 3691 2708 3746 vehementer
2727 3695 2752 3746 Ζ)
2777 3691 3086 3766 Statimque
3129 3696 3230 3752 sibi
3264 3698 3367 3769 ipsi
3397 3702 3727 3772 reSjiondent
3751 3748 3764 3772 ,
3791 3714 3845 3760 et

2253 3797 2450 3839 causas
2501 3801 2614 3841 sua:
2655 3790 2981 3843 vastationis
3020 3801 3304 3860 exponunt
3351 3793 3599 3852 dicentes
3647 3815 3660 3850 :
3711 3796 3842 3865 Quia

2253 3877 2616 3948 dereliquimus
2655 3889 2870 3950 terram,
2900 3894 3090 3938 nostro
3118 3885 3251 3941 vitio
3291 3897 3455 3958 atque
3484 3901 3705 3962 peccato
3737 3909 3751 3945 :
3789 3903 3841 3948 et

2252 3969 2464 4040 deiecta
2493 3982 2621 4027 sunt
2647 3974 3001 4031 tabernacula
3033 3988 3249 4047 nostra,
3290 3995 3414 4052 qua:
3441 3985 3599 4053 quasi
3623 3995 3838 4055 praeter-

2253 4073 2443 4120 euntes
2469 4065 2742 4135 quondam
2787 4067 3154 4137 possidebant.
3181 4069 3376 4126 Dicant
3403 4073 3506 4131 hoc
3543 4089 3598 4132 et
3634 4076 3687 4132 in
3725 4093 3840 4147 per-

2251 4158 2531 4213 secutione
2570 4160 2840 4229 quondam
2871 4161 3212 4219 credentium
3241 4166 3413 4221 turbae
3446 4185 3461 4221 :
3492 4171 3738 4238 quoniam
3765 4171 3839 4225 id-

2251 4251 2398 4306 circo
2412 4260 2636 4306 vastata:
2664 4263 2790 4308 sunt
2820 4264 2984 4326 atque
3013 4257 3276 4325 conlusre,
3299 4262 3428 4331 quia
3451 4261 3836 4335 dereliqncrint

2254 4350 2457 4399 terram
2481 4343 2722 4410 Domini,
2747 4353 2804 4401 et
2831 4346 3178 4404 deseruerint
3206 4351 3564 4410 tabernacula
3585 4372 3702 4412 sua.

2323 4434 2506 4506 (Vers.
2531 4435 2623 4499 20,
2650 4435 2771 4507 21.)
2813 4436 3002 4493 Audite
3037 4456 3183 4514 ergo,
3217 4445 3478 4512 mulieres,
3509 4447 3712 4502 verbum
3730 4446 3835 4502 Do-

543 4513 672 4570 Baal
695 4513 1272 4570 idolumStdoninrutn
1295 4523 1401 4581 est,
1416 4525 1472 4571 et
1493 4526 1574 4572 est
1599 4518 2140 4590 numerisingularis,
2173 4530 2227 4591 1)
2252 4527 2401 4593 mini,
2429 4536 2477 4582 et
2504 4537 2738 4582 assumat
2767 4531 2912 4585 auris
2957 4541 3124 4588 vestra
3161 4551 3451 4592 sermonem
3485 4545 3592 4595 oris
3633 4544 3761 4613 ejus,
3793 4553 3835 4594 et

541 4605 748 4663 Baalim
782 4622 913 4664 vero
931 4606 1155 4677 pluralis
1178 4607 1412 4664 numeri.
1432 4605 1578 4677 Ergo
1606 4624 1706 4664 nec
1735 4621 2021 4678 parentum
2046 4625 2148 4666 nec

541 4698 809 4767 majorum
835 4697 962 4772 [AL
1007 4697 1276 4754 malorum
1299 4697 1316 4770 ]
1342 4714 1500 4755 error
1538 4701 1854 4770 sequendus
1877 4712 1962 4758 est
1995 4719 2009 4758 :
2050 4702 2147 4760 sed

539 4791 842 4847 auctoritas
868 4789 1298 4862 Scripturarum.
1330 4797 1388 4845 et
1420 4791 1514 4847 Dei
1547 4790 1795 4847 docentis
1831 4794 2145 4862 imperium.

614 4879 795 4951 (Vers.
826 4880 917 4944 15,
948 4880 1065 4952 16.)
1106 4879 1314 4935 Idcirco
1338 4883 1447 4936 lucc
1477 4881 1604 4935 dicit
1646 4880 1908 4940 Dominus
1943 4889 2148 4942 exerci-

545 4979 694 5028 tuum
725 4972 861 5028 Deus
892 4971 1065 5030 Israel
1097 4990 1116 5029 :
1144 4973 1280 5030 Ecce
1321 4991 1414 5048 ego
1459 4975 1638 5030 cibabo
1668 4975 1696 5015 ιι
1743 4995 1850 5049 eos,
1897 4981 2149 5053 papulum

540 5065 701 5120 istum
729 5064 991 5120 absinthio
1037 5066 1180 5137 (sive
1229 5069 1534 5140 angustiis).
1576 5076 1624 5123 et
1669 5078 1847 5142 potum
1903 5071 2036 5128 dabo
2075 5075 2149 5129 eis

539 5175 730 5229 aquam
761 5158 904 5230 fellis
925 5198 942 5226 ,
975 5167 1022 5213 et
1050 5159 1347 5234 dispergant
1372 5177 1457 5216 eos
1499 5161 1554 5215 in
1598 5163 1866 5234 gentibus,
1893 5180 2021 5234 quas
2046 5182 2149 5220 non

541 5261 792 5308 noverunt
820 5250 924 5321 ipsi
948 5259 995 5304 et
1019 5260 1193 5324 patres
1215 5269 1394 5306 eorum
1427 5268 1446 5307 :
1469 5262 1517 5307 et
1545 5255 1746 5308 mittam
1774 5263 1891 5328 post
1915 5271 2006 5312 cos
2034 5258 2148 5328 gla-

537 5343 705 5412 dium,
747 5342 912 5398 donec
938 5355 1328 5399 consumantur.
1378 5345 1566 5401 Potest
1613 5355 1665 5402 et
1706 5346 1776 5404 de
1802 5347 1984 5405 vicino
2012 5359 2149 5406 tem-

615 5529 861 5597 ‘Verba,
881 5539 929 5585 et
959 5530 1094 5586 nihil
1125 5531 1180 5602 in
1203 5531 1547 5602 earinvenitur
1569 5532 1895 5602 substantia,
1920 5533 1975 5590 in
2009 5534 2150 5590 duo-

545 5597 651 5656 bus
675 5615 708 5657 e
732 5602 942 5657 nostris
969 5616 1105 5659 mss.
1134 5601 1538 5658 desiderantur.

614 5689 643 5730 δ
679 5691 818 5750 Tres
849 5709 983 5750 mss.
1020 5693 1246 5766 ipsaque
1271 5693 1704 5767 Hieronymiana
1730 5697 1910 5754 versio
1937 5737 1952 5765 ,
1993 5705 2157 5768 prout

2252 4618 2430 4673 docete
2449 4620 2586 4689 ﬁlias
2604 4633 2797 4677 vestras
2818 4621 3127 4691 lamentum,
3143 4636 3192 4682 et
3210 4644 3533 4700 unaquaeque
3560 4636 3832 4705 proximam

2249 4726 2397 4765 suam
2419 4710 2704 4781 planctum.
2735 4713 2873 4782 Quia
2895 4718 3124 4772 ascendit
3155 4736 3291 4776 mors
3330 4739 3418 4794 per
3445 4726 3694 4795 fenestras
3724 4744 3830 4782 nos-

2251 4813 2359 4858 tras
2381 4845 2396 4869 ,
2443 4803 2679 4876 ingressa
2723 4815 2800 4862 est
2838 4809 3020 4865 domos
3051 4809 3178 4883 [AL
3213 4812 3438 4888 domus]
3468 4827 3665 4874 nostras
3697 4821 3831 4874 :dis-

2253 4895 2467 4966 perdere
2494 4897 2741 4968 parvulos
2766 4899 2829 4954 de
2855 4902 3004 4973 foris,
3027 4903 3246 4974 juvenes
3266 4906 3332 4961 de
3359 4907 3548 4979 plateis
3601 4912 3654 4966 In
3681 4925 3826 4981 supe-

2251 4987 2386 5042 riori
2411 4990 2651 5058 capitulo
2681 4991 2895 5048 dixerat
2921 5011 2934 5047 :
2961 5006 3138 5050 vocate
3159 4995 3543 5057 lamentatrices
3555 5004 3606 5058 et
3623 5005 3824 5069 veniant,

2251 5087 2298 5134 et
2321 5078 2389 5133 ad
2435 5095 2522 5135 eas
2560 5097 2676 5148 qua:
2718 5084 2976 5153 sapientes
3015 5095 3156 5156 sunt,
3188 5090 3412 5158 mittite,
3443 5100 3493 5148 ct
3523 5100 3825 5164 properent:

2253 5187 2397 5228 nunc
2441 5174 2597 5245 quasi
2640 5179 3003 5246 praesentibus
3045 5181 3286 5252 loquitur
3309 5225 3325 5250 ,
3356 5190 3410 5241 In
3437 5187 3824 5244 condemnatio-

2251 5279 2378 5321 nem
2409 5267 2754 5323 sacerdotum
2807 5278 2971 5340 atque
3017 5272 3303 5331 doctorum
3344 5286 3404 5333 et
3441 5280 3680 5336 virorum
3722 5294 3821 5335 om-

2254 5357 2400 5413 nium
2431 5376 2446 5412 :
2474 5369 2536 5414 ut
2568 5359 2678 5416 illis
2709 5362 3059 5420 cessantibus
3085 5381 3113 5420 a
3139 5367 3390 5426 doctrina
3420 5413 3438 5439 ,
3481 5372 3600 5430 ista
3623 5371 3817 5428 audiant

2257 5547 2342 5594 est
2375 5553 2408 5595 a
2438 5539 2692 5598 Martian.
2733 5543 2878 5601 edita
2903 5587 2918 5613 ,
2961 5546 3304 5620 interjectum
3356 5568 3555 5613 nomen
3606 5572 3686 5611 eos
3722 5567 3808 5611 non

2261 5642 2585 5702 agnoscunt,
2617 5635 2760 5705 quod
2783 5645 2870 5694 est
2893 5647 3076 5696 tamen
3107 5640 3159 5697 in
3187 5642 3419 5703 Hebraeo
3444 5631 3662 5709 :35va
