3972 6390
248 336 360 391 785

775 342 1426 401 COMMENTARIORL‘M
1471 345 1537 400 IN
1578 343 1927 402 JI‘IBEMIAM
1975 345 2395 404 l’ROPl-IETAM
2439 346 2568 404 LIB.
2612 350 2675 406 ll.
2719 349 2874 406 CAP.
2922 354 2990 408 Χ.

3456 363 3562 418 746

247 454 484 512 verbum
516 458 774 522 Domini,
817 469 871 514 et
911 470 1190 515 assumant
1234 475 1522 516 sermones
1563 462 1674 517 oris
1703 461 1842 532 ejus,
1874 467 1924 529 Α
1953 469 2008 516 et
2050 461 2104 517 in
2138 461 2223 517 his
2253 463 2504 518 voluntas
2537 464 2683 519 illitts
2714 476 2821 521 est.
2868 465 2972 523 Ubi
3016 479 3145 524 sunt
3171 485 3306 541 ergo
3334 474 3428 546 qui
3473 476 3566 532 di-

250 548 598 624 doceantqne
623 554 762 608 ﬁlias
788 562 844 607 et
865 551 1147 622 proximas
1172 569 1300 609 suas
1326 555 1602 625 planctum
1635 572 1857 611 causas-

250 657 361 714 que
412 645 772 714 lacrymarnm
804 662 819 700 :
851 646 992 714 Quia
1021 649 1253 702 ascendit
1295 666 1432 704 mors
1471 666 1560 721 per
1600 653 1854 721 fenestras

252 747 459 791 nostras
481 752 501 792 :
528 737 762 808 ingressa
781 747 855 793 est
878 740 1060 795 domos
1090 752 1320 798 nostras.
1338 743 1493 811 Quod
1523 759 1851 814 quamquam

249 833 307 881 et
345 827 708 894 spiritualiter
750 831 924 899 possit
967 833 1221 905 intelligi,
1251 849 1318 890 eo
1347 834 1494 902 quod
1536 850 1634 904 per
1663 851 1855 890 omnes

247 934 444 976 sensus
471 921 539 977 ad
581 924 779 979 anima:
827 925 1103 982 ittteritum
1148 943 1296 983 mors
1327 929 1564 984 introeat
1603 939 1856 999 peccato-

249 1029 405 1080 rum;
456 1023 639 1072 tamen
681 1026 737 1071 et
781 1017 853 1074 de
902 1019 1329 1090 Babyloniorum
1371 1018 1581 1090 impetu
1627 1021 1855 1093 intelligi

252 1115 434 1176 potest
465 1126 479 1162 :
510 1111 657 1180 quod
699 1121 848 1166 tanta
889 1112 958 1167 sit
984 1112 1246 1168 fortitudo
1295 1123 1351 1168 et
1395 1113 1663 1168 velocitas
1714 1129 1856 1184 prae-

247 1205 441 1274 liandi,
473 1216 532 1260 ut
565 1221 674 1262 non
706 1216 1030 1278 exspectent
1063 1209 1230 1281 909
1253 1223 1504 1265 reserare
1553 1208 1733 1273 fores;
1763 1207 1855 1263 sed

250 1307 308 1356 et
335 1316 435 1372 per
465 1301 740 1356 fenestras
768 1310 822 1357 et
849 1308 992 1356 tecta
1020 1302 1421 1365 conscendant,
1454 1310 1513 1355 ut
1541 1301 1738 1357 domos
1765 1318 1857 1356 va-

251 1403 401 1450 stent
451 1392 780 1450 Jerusalem.
828 1394 1067 1450 Pereunt
1109 1403 1294 1451 autem
1340 1395 1553 1464 parvuli
1597 1395 1690 1463 qui
1727 1394 1857 1449 loris

251 1495 421 1552 sunt,
451 1495 508 1541 et
545 1485 904 1557 egrediuntur
933 1486 1003 1542 de
1032 1486 1378 1552 Jerusalem;
1409 1495 1464 1542 et
1486 1486 1755 1556 juvenes,
1788 1486 1856 1540 ad

249 1595 394 1652 quos
419 1579 608 1635 scribit
637 1588 694 1635 et
718 1580 1000 1645 Joannes,
1042 1581 1133 1652 qui
1183 1595 1290 1635 non
1338 1579 1721 1651 ingrediuntur
1763 1595 1862 1650 per

251 1682 462 1728 arctam
490 1681 544 1728 et
576 1682 863 1743 angustam
895 1674 1060 1739 viam,
1086 1689 1205 1744 quae
1235 1673 1390 1728 ducit
1416 1673 1483 1728 ad
1512 1675 1716 1738 vitam;
1759 1671 1858 1728 sed

248 1764 536 1820 ambulant
562 1779 660 1833 per
680 1765 911 1834 plateas,
937 1763 1006 1819 de
1029 1765 1230 1835 quibus
1253 1768 1516 1834 scriptum
1541 1775 1658 1820 est:
1689 1763 1858 1832 Quam

1958 562 2089 609 cunt
2119 553 2394 610 hominem
2447 557 2670 626 proprio
2702 559 2816 628 regi
2853 569 2874 597 ε
2911 574 3070 630 posse
3117 562 3366 631 arbitrio,
3400 578 3455 623 et
3483 570 3566 624 sic

1957 648 2138 704 datam
2170 650 2327 706 liberi
2349 651 2561 707 arbitrii
2595 661 2943 722 potestatem,
2979 666 3037 708 ιιι
3067 655 3163 711 Dei
3189 658 3564 718 misericordia

1960 743 2188 798 tollatur
2215 755 2377 814 atque
2402 745 2652 814 justitia?
2679 745 2836 802 Unde
2859 757 2914 801 et
2935 749 3253 818 Apostolus,
3278 766 3567 810 assumens

1960 833 2066 890 hoc
2114 837 2510 901 testimonium,
2543 842 2696 908 ponit
2727 841 3041 910 exemplum
3075 859 3086 894 :
3136 842 3239 908 Qui
3283 845 3562 918 gloriatur,

1961 931 2015 984 in
2044 929 2273 985 Domino
2302 933 2554 1005 glorietur
2585 932 2652 1005 (ll
2679 934 2801 990 Cor.
2830 952 2887 1000 x,
2914 935 3024 1007 l7).

2035 1023 2219 1095 (Vers.
2248 1023 2341 1087 εδ,
2373 1023 2494 1094 26.)
2525 1023 2663 1078 Ecce
2701 1026 2814 1079 dies
2859 1027 3096 1094 veniunt,
3127 1028 3256 1082 dicit
3284 1028 3563 1101 Dominus,

1961 1125 2005 1168 et
2036 1116 2257 1170 visitabo
2277 1133 2431 1188 super
2457 1134 2657 1170 omnem
2687 1120 2775 1188 qui
2801 1121 3160 1174 circumcisum
3183 1121 3335 1178 habet
3361 1143 3569 1197 praepu-

1963 1209 2113 1276 tium,
2138 1226 2290 1281 super
2311 1207 2626 1282 Egyptum,
2655 1220 2702 1264 et
2740 1227 2896 1289 super
2934 1210 3150 1278 ludam,
3226 1224 3271 1267 et
3318 1233 3471 1288 super
3495 1217 3570 1272 Ε-

1913 1332 1916 1336 λ
1962 1304 2104 1370 dom,
2136 1313 2182 1357 et
2228 1321 2380 1376 super
2409 1305 2548 1372 ﬁlios
2574 1305 2813 1370 Ammon,
2845 1313 2890 1357 et
2922 1321 3076 1376 super
3124 1305 3299 1371 Moab,
3327 1318 3375 1362 et
3418 1326 3570 1382 super

1913 1415 1918 1418 '
1961 1414 2136 1452 omnes
2156 1399 2244 1467 qui
2265 1399 2458 1452 attonsi
2483 1408 2602 1452 sunt
2623 1399 2676 1450 in
2699 1415 2920 1464 comam,
2949 1399 3244 1455 habitantes
3266 1402 3320 1457 in
3341 1404 3564 1469 deserto,

1960 1491 2084 1558 quia
2105 1507 2282 1544 omnes
2303 1501 2474 1561 gentes
2499 1490 2686 1544 habent
2717 1493 3046 1563 prteputium.
3083 1493 3266 1548 Omnis
3287 1505 3453 1550 autem
3477 1497 3570 1551 do-

1964 1598 2075 1635 mus
2099 1579 2268 1636 Israel
2299 1583 2652 1637 incircumcisi
2671 1591 2791 1637 sunt
2829 1584 3001 1639 corde.
3029 1585 3073 1639 Μ
3085 1586 3317 1642 nltarttm
3341 1603 3408 1642 ex
3439 1605 3574 1660 qua-

1961 1670 2084 1726 dam
2119 1682 2275 1754 parte
2305 1675 2570 1743 gentium,
2604 1683 2659 1729 et
2707 1675 2946 1730 maxime
2969 1692 3093 1744 qua:
3122 1678 3326 1734 Judtctn
3371 1679 3576 1737 Palaes-

1964 1763 2197 1834 tinteque
2225 1765 2475 1821 conﬁnes
2499 1776 2648 1832 sunt,
2679 1781 2850 1837 usque
2881 1767 3043 1822 hodie
3069 1770 3252 1839 populi
3282 1771 3573 1827 circumci-

251 1857 365 1911 lata
387 1866 432 1910 et
456 1856 688 1924 spatiosa
701 1855 783 1909 via
797 1871 912 1922 qua:
928 1856 1074 1909 ducit
1097 1855 1858 1926 admortem(Matth.vn,1'5).
1893 1852 1939 1910 Β
1968 1851 2193 1922 duntur,
2219 1867 2273 1910 et.
2294 1857 2567 1926 pra'cipue
2590 1856 2860 1929 Egyptii,
2877 1857 3192 1926 etltlumari,
3219 1864 3568 1930 Ammonitm,

330 1949 515 2024 (Vers.
547 1949 667 2019 22.)
697 1948 930 2017 Loquere
960 1949 1070 2002 haec
1091 1990 1106 2012 ,
1153 1949 1278 2002 dicit
1306 1947 1595 2014 Dominus,
1626 1958 1676 2004 et
1717 1947 1866 2003 cadet

250 2043 608 2098 morticinium
652 2041 880 2096 hominis
908 2041 1046 2114 (sive
1075 2042 1334 2096 cadavera
1378 2041 1672 2113 hominum)
1714 2044 1865 2113 quasi

251 2147 451 2192 stercus
477 2151 634 2206 super
655 2133 842 2206 faciem
864 2134 1093 2205 regionis
1126 2135 1269 2204 (sive
1306 2135 1500 2206 campi)
1532 2144 1580 2187 et
1609 2135 1757 2203 quasi
1789 2138 1866 2205 {e-

255 2246 384 2284 num
427 2239 542 2300 post
593 2239 794 2298 tergum
838 2229 1102 2290 metentis,
1149 2235 1195 2280 et
1247 2242 1349 2281 non
1407 2234 1481 2280 est
1509 2225 1598 2296 qui
1627 2224 1862 2298 colligat.

251 2324 498 2381 Verbum
547 2323 908 2387 Hebraicum,
959 2319 1104 2392 quod
1153 2321 1329 2376 tribus
1361 2320 1558 2375 litteris
1606 2320 1867 2376 scribitur

256 2432 496 2482 DALB‘I’B,
529 2431 700 2478 nam,
735 2430 836 2470 ass
864 2413 1112 2486 (vocales
1142 2412 1287 2468 enim
1333 2414 1386 2468 in
1415 2412 1600 2468 medio
1627 2427 1736 2467 non
1767 2410 1864 2466 lia-

255 2509 399 2580 bet),
425 2524 526 2579 pro
541 2507 936 2578 consequentia
971 2515 1029 2562 et
1059 2506 1293 2576 legentis
1321 2505 1551 2560 arbitrio
1580 2504 1624 2558 si
1657 2503 1867 2575 legatur

257 2619 435 2660 causa
464 2602 638 2675 (πει-ι).
667 2617 954 2657 sermonem
984 2600 1289 2672 signiﬁcat;
1315 2599 1362 2652 si
1395 2614 1588 2662 nassa,
1615 2607 1866 2663 mortem;

255 2698 308 2753 si
359 2708 385 2735 ⁸
431 2713 637 2764 nausa,
673 2696 899 2767 loquere.
946 2694 1106 2751 Unde
1154 2702 1213 2750 et
1259 2691 1405 2749 LXX
1454 2701 1512 2748 et
1558 2689 1867 2746 Tlteodotio

250 2790 562 2862 junxerunt
618 2789 748 2846 illud
796 2788 1077 2859 praeterito
1122 2786 1401 2857 capitulo,
1456 2795 1515 2840 ut
1565 2783 1861 2840 dicerent:

256 2881 288 2922 ι’
312 2879 879 2954 Disperdentparvulos
899 2879 1130 2950 deforis,
1153 2881 1367 2950 juvenes
1392 2875 1455 2930 de
1471 2875 1656 2947 plateis
1679 2883 1861 2928 morte.

255 2975 458 3046 Aquila
491 2989 624 3030 vero
654 2986 710 3029 et
732 2972 1100 3046 Symmachus
1127 2969 1528 3028 lransmlerunt
1546 2969 1787 3032 λάλησον,
1813 2965 1863 3020 id

255 3079 366 3134 est,
396 3070 597 3142 loquere
632 3085 651 3124 :
683 3077 738 3123 ut
769 3069 1003 3136 imperet
1033 3066 1178 3121 Deus
1205 3064 1496 3134 Propheta:
1541 3061 1691 3132 loqui
1741 3075 1864 3131 qua:

255 3171 564 3232 sequuntur
611 3177 624 3213 :
658 3158 788 3214 IIth
818 3159 945 3212 dicit
973 3157 1230 3212 Dominus
1250 3196 1265 3221 ,
1295 3163 1355 3210 et
1385 3153 1616 3224 reliqua.
1667 3150 1737 3206 Et
1780 3158 1865 3206 est

1965 1955 2020 2000 et
2045 1946 2317 2014 Moabitae,
2350 1957 2408 2004 et
2434 1950 2615 2003 omnis
2648 1951 2800 2020 regio
2831 1949 3282 2018 Sarracenorum,
3313 1969 3437 2023 qua:
3478 1955 3575 2012 ha-

1967 2039 2103 2094 bitat
2131 2039 2184 2092 in
2220 2040 2542 2106 solitudine,
2573 2050 2625 2097 et
2657 2041 2726 2096 de
2751 2043 2954 2112 quibus
2981 2042 3181 2099 dicitur
3212 2063 3224 2098 :
3261 2045 3432 2118 Super
3455 2063 3569 2101 om-

1967 2148 2055 2185 nes
2095 2133 2184 2203 qui
2213 2134 2406 2186 attonsi
2434 2140 2553 2187 sunt
2595 2134 2651 2187 in
2693 2150 2898 2188 contam
2924 2134 3218 2191 habitantes
3257 2139 3311 2192 in
3347 2139 3569 2195 deserto.

1967 2223 2083 2277 Non
2131 2222 2294 2294 igitur
2323 2222 2544 2294 gloriari
2577 2223 2738 2279 debet
2766 2224 2937 2291 Juda,
2981 2227 3072 2295 qui
3108 2230 3306 2283 mixtus
3337 2241 3422 2285 est
3449 2246 3571 2286 cum

1966 2314 2217 2383 gentibus
2250 2316 2660 2384 suprascriptis,
2692 2331 2759 2370 eo
2799 2316 2942 2385 quod
2973 2319 3301 2388 praeputium
3333 2336 3439 2376 non
3471 2322 3569 2376 Ita-

1969 2410 2113 2475 beat,
2149 2409 2244 2465 sed
2274 2425 2343 2465 ex
2372 2409 2516 2480 Lege
2549 2409 2644 2465 Dei
2681 2410 3041 2466 circumcisus
3090 2413 3183 2479 sit,
3239 2430 3362 2469 cum
3399 2426 3452 2471 et
3483 2417 3577 2471 alii

1968 2499 2086 2556 haec
2113 2499 2316 2555 faciant
2341 2499 2434 2570 qui
2459 2499 2623 2572 Legis
2653 2501 2906 2556 mandata
2933 2516 3040 2557 non
3075 2513 3320 2574 servant,
3344 2517 3400 2562 et
3425 2507 3578 2578 igno-

1969 2601 2095 2647 rant
2141 2593 2306 2648 Deum
2353 2592 2544 2648 Israel.
2576 2590 2688 2648 Nec
2716 2593 2942 2662 prodest
2969 2595 3340 2665 circumcisio,
3371 2615 3493 2667 quae
3524 2600 3576 2656 in

1968 2685 2184 2756 signum
2217 2685 2342 2740 data
2371 2696 2477 2753 est,
2511 2686 2614 2740 nisi
2647 2687 2899 2742 mandata
2925 2690 3138 2745 Domini
3163 2693 3573 2763 compleantur;

1969 2779 2110 2833 sicut
2133 2788 2189 2834 et
2212 2794 2409 2846 comm,
2431 2795 2554 2850 quin
2574 2790 2797 2851 gentem
2824 2783 3156 2852 signiﬁcant,
3183 2802 3290 2840 non
3324 2786 3350 2824 ἀ
3382 2789 3578 2844 robora

1968 2887 2258 2943 corporum
2289 2885 2348 2928 et
2371 2874 2748 2929 fortitudinem
2782 2886 3169 2946 pugnatorum.
3204 2880 3469 2952 Quodque
3492 2899 3579 2938 sc-

1967 2966 2160 3037 quitnr
2185 2986 2196 3021 :
2229 2967 2418 3020 Omnes
2438 2976 2615 3037 gentes
2638 2967 2826 3021 habent
2849 2971 3159 3041 prmputium
3185 2987 3204 3026 :
3227 2974 3392 3028 omnis
3410 2985 3580 3028 autem

1969 3058 2156 3113 domus
2185 3057 2352 3113 Israel
2372 3060 2722 3114 incircumcisi
2746 3069 2868 3114 sunt
2892 3063 3067 3130 corde,
3095 3065 3239 3120 hunc
3267 3065 3432 3121 habet
3453 3083 3578 3122 sen-

1967 3167 2124 3208 sum:
2153 3151 2290 3207 Cum
2323 3163 2522 3221 prreter
2538 3153 2851 3224 Egyptios,
2887 3154 3177 3226 Idumaeos,
3208 3161 3572 3225 Autmonitas.

253 3269 456 3311 sensus
493 3272 506 3308 :
551 3253 688 3309 Cum
705 3251 1019 3308 ascenderit
1036 3265 1183 3307 mors
1210 3265 1310 3320 per
1336 3248 1605 3305 fenestras
1622 3253 1859 3310 nostras,
1889 3232 1936 3295 C
1966 3253 2022 3300 et
2065 3244 2356 3311 Moabitas,
2388 3243 2690 3300 lsmaelitas
2720 3245 2774 3299 in
2803 3246 3100 3305 solitudine
3138 3265 3570 3323 contmorantes,

253 3358 317 3406 et
347 3349 594 3419 ingressa
625 3344 789 3402 luerit
830 3344 1024 3400 domos
1052 3341 1354 3400 Jerusalem
1377 3381 1392 3408 ,
1428 3348 1486 3397 et
1513 3339 1751 3410 parvuli,
1775 3337 1864 3407 ju-

254 3454 540 3512 venesque
585 3437 654 3494 de
696 3436 830 3492 foris
881 3435 1148 3507 perierint
1191 3434 1244 3488 itt
1296 3432 1492 3502 plateis
1531 3449 1544 3486 :
1583 3442 1712 3486 tunc
1759 3429 1865 3485 erit

253 3531 629 3591 morticiuium
658 3545 872 3595 eorum,
891 3529 1008 3584 sive
1025 3527 1293 3583 cadavera
1323 3522 1860 3594 m01'tuorum,quasi

253 3626 668 3700 sterquilinium
699 3639 864 3694 super
889 3621 1090 3678 faciem
1139 3630 1335 3685 terra},
1368 3625 1426 3673 et
1451 3617 1608 3688 quasi
1638 3615 1860 3686 stipula,

253 3737 383 3793 qua:
416 3729 540 3790 post
563 3727 774 3789 tergum
807 3714 1129 3772 metentium
1158 3713 1473 3779 dimittitur,
1495 3719 1549 3766 et
1572 3719 1632 3765 ιιι
1653 3709 1862 3765 inutilis

255 3828 372 3871 non
404 3811 699 3883 colligitur.
733 3809 837 3865 Per
865 3824 988 3880 qua:
1035 3808 1328 3862 ostendere
1379 3805 1517 3870 vult,
1551 3811 1755 3858 tantam
1803 3803 1860 3857 in

253 3907 564 3964 Jerusalem
593 3916 648 3962 et
672 3905 818 3960 circa
847 3902 1036 3958 urbem
1066 3898 1270 3956 caedem
1300 3897 1561 3965 futuram,
1592 3906 1650 3952 ut
1682 3896 1860 3951 nullus

255 4003 447 4073 sitqui
473 3998 700 4071 sepeliat
726 4007 1072 4054 corruentes.

332 4095 514 4169 (Vers.
543 4093 638 4160 23,
669 4091 787 4162 24.)
819 4090 948 4146 Hice
977 4089 1103 4144 dicit
1129 4086 1386 4143 Dominus
1416 4102 1433 4141 :
1463 4085 1588 4141 Non
1612 4085 1861 4158 glorietur

256 4192 466 4265 sapiens
495 4190 550 4244 in
580 4187 840 4261 sapientia
858 4203 976 4253 sua,
1007 4195 1056 4240 et
1085 4200 1188 4238 non
1216 4181 1469 4253 glorietur
1495 4179 1648 4250 fortis
1678 4182 1730 4233 in
1751 4179 1860 4248 for-

256 4285 482 4341 titudine
510 4299 627 4351 sua,
647 4289 696 4337 et
726 4296 829 4335 non
851 4278 1100 4351 glorietur
1123 4275 1266 4329 dives
1297 4274 1349 4328 in
1379 4272 1578 4327 divitiis
1599 4272 1728 4325 suis.
1754 4270 1861 4326 Sed

258 4381 314 4434 in
360 4378 458 4433 hoc
499 4375 768 4451 glorietur,
801 4375 889 4446 qui
919 4371 1176 4446 gloriatur
1203 4369 1334 4424 scire
1364 4366 1507 4440 (sive
1555 4365 1859 4436 intelligere)

256 4481 304 4527 ct
334 4487 482 4526 nosse
510 4486 590 4524 me
617 4485 634 4522 :
662 4468 784 4537 quia
810 4481 902 4538 ego
927 4480 1042 4519 sum
1064 4461 1340 4528 Dominus,
1374 4461 1464 4531 qui
1493 4458 1631 4528 facio
1655 4457 1858 4512 miseri-

255 4565 516 4627 cordiam,
543 4573 590 4618 et
611 4561 894 4636 judicium,
924 4567 971 4612 et
1007 4558 1267 4629 justitiam
1303 4555 1357 4608 in
1385 4561 1541 4606 terra.
1569 4551 1701 4606 Hinc
1723 4551 1858 4604 enim

1966 3353 2202 3410 quorum
2234 3340 2557 3409 plerumque
2585 3354 2712 3409 pars
2740 3340 3060 3397 circumcisa
3097 3353 3199 3414 est,
3232 3360 3424 3404 omnes
3454 3349 3574 3406 alia:

1965 3431 2218 3486 nationes
2247 3431 2302 3486 itt
2333 3440 2450 3486 toto
2475 3431 2610 3487 orbe
2647 3432 3048 3491 incircumcisae
3075 3437 3184 3493 sint
3215 3455 3409 3507 carne;
3452 3460 3572 3498 om~

1966 3523 2051 3579 nis
2077 3523 2272 3580 domus
2301 3525 2463 3581 Israel
2491 3525 2875 3584 iucircumcisa
2905 3539 2989 3584 est
3015 3509 3206 3598 corde,
3235 3550 3342 3589 non
3372 3551 3570 3594 carne:

1963 3632 2086 3688 quia
2119 3616 2530 3673 incircumcisio
2576 3618 2726 3675 ducit
2751 3619 2818 3675 ad
2851 3629 3111 3678 mortem.
3148 3625 3237 3680 llla
3268 3629 3410 3683 enim
3451 3645 3574 3686 car-

1963 3709 2072 3776 nis,
2108 3707 2224 3766 lnec
2251 3710 2476 3779 spiritus
2507 3719 2610 3766 est.

2034 3799 2190 3874 (Cap.
2224 3801 2366 3859 X.——
2389 3801 2544 3858 Vers.
2581 3802 2660 3875 1.)
2700 3805 2889 3860 Audite
2917 3806 3150 3874 verbum,
3193 3812 3332 3881 quod
3374 3813 3573 3870 locutus

1962 3905 2036 3951 est
2067 3893 2325 3950 Dominus
2355 3913 2508 3966 super
2537 3912 2645 3963 vos,
2692 3897 2878 3950 domus
2909 3896 3096 3953 Israel.
3131 3898 3258 3955 Herc
3303 3903 3427 3959 dicit
3451 3903 3566 3961 Do-

1964 3989 2137 4043 minus
2173 4005 2191 4042 :
2220 3987 2386 4043 Juxta
2415 3989 2522 4042 vias
2553 3989 2786 4060 gentium
2813 3989 2973 4044 nolite
2996 3990 3214 4060 discere,
3258 4004 3305 4048 et
3340 4012 3374 4048 a
3410 3998 3575 4068 signis

1962 4079 2074 4134 ιαὶιὶ
2101 4081 2262 4135 nolite
2291 4087 2542 4146 metuere,
2569 4095 2685 4151 qua:
2713 4081 2892 4134 timent
2918 4090 3089 4152 gentes
3123 4099 3141 4136 :
3167 4085 3288 4154 quia
3315 4083 3449 4156 leges
3479 4107 3572 4158 po-

1942 4173 2203 4244 pulorum
2235 4187 2380 4226 vana:
2425 4179 2566 4226 sunt.
2610 4170 2844 4241 Proprie
2885 4171 3148 4228 adversus
3179 4191 3274 4231 eos
3305 4177 3571 4247 loquitur,

1961 4267 2051 4337 qui
2080 4274 2415 4323 venerantur
2436 4265 2698 4334 caelestia,
2727 4274 2784 4320 et
2810 4280 2934 4337 quas
2961 4265 3014 4320 in
3042 4267 3196 4338 signa
3229 4280 3349 4325 sunt
3393 4273 3570 4343 posita

1961 4374 2250 4427 annorum,
2296 4369 2623 4429 temporum,
2676 4359 2974 4424 mensium,
3011 4371 3065 4417 et
3094 4361 3340 4434 dierum,
3373 4367 3442 4422 ab
3488 4368 3573 4422 liis

1962 4453 2235 4506 aestimant
2267 4452 2384 4522 regi
2416 4451 2712 4506 humanum
2740 4466 2950 4520 genus,
2990 4462 3046 4507 et
3066 4468 3132 4509 ex
3158 4456 3339 4512 causis
3369 4459 3570 4515 coeles-

1961 4545 2095 4598 tium
2131 4553 2350 4599 terrena
2393 4543 2692 4598 moderari.
2725 4543 2888 4615 91],
2931 4544 3196 4616 Quodque
3236 4549 3310 4603 ait
3339 4569 3352 4603 :
3383 4551 3569 4623 Leges,

257 4658 463 4729 placent
494 4617 633 4708 mihi
646 4653 790 4726 (sive
815 4651 940 4724 quia
977 4617 1027 4703 in
1057 4649 1170 4704 istis
1199 4655 1270 4702 est
1301 4645 1541 4700 voluntas
1569 4641 1704 4712 mea)
1734 4641 1859 4695 dicit
1885 4617 1936 4676 Ῑ)
1963 4635 2078 4692 sive
2108 4635 2358 4707 legitima,
2393 4633 2711 4706 populorum
2737 4650 2885 4688 vana:
2906 4633 3016 4706 [ΑΙ.
3048 4639 3201 4708 vana]
3251 4651 3391 4709 siml,
3453 4617 3572 4698 ont—

258 4746 536 4803 Dominus.
569 4745 760 4801 Omnis
805 4742 1084 4798 hominum
1125 4738 1378 4796 aufertur
1401 4736 1694 4807 superbia,
1728 4733 1854 4788 dum

259 4839 556 4908 sapientia,
591 4835 856 4892 fortitudo
879 4843 936 4890 et
960 4848 1096 4904 opes
1122 4846 1309 4887 eorum
1336 4837 1660 4900 reputantur
1683 4827 1738 4881 in
1773 4824 1854 4880 ni-

257 4935 453 4996 ltilum,
480 4942 536 4989 et
559 4933 658 4987 ista
687 4940 773 4988 est
799 4930 913 4986 sola
941 4926 1218 5000 gloriatio,
1252 4934 1308 4980 ut
1335 4925 1477 4980 sciat
1504 4932 1561 4980 et
1588 4921 1862 4991 intelligat

261 5026 409 5100 quod
440 5026 558 5096 ipse
587 5025 659 5079 sit
707 5023 970 5079 Dominus
994 5062 1008 5088 ,
1046 5020 1135 5091 qui
1169 5018 1300 5074 facit
1331 5015 1762 5072 misericordiam
1809 5022 1865 5069 et

254 5116 523 5188 judicium
573 5123 629 5168 et
670 5113 940 5183 justitiam
987 5123 1155 5180 super
1205 5117 1454 5163 terram:
1486 5106 1634 5177 quod
1674 5105 1854 5160 omnia

262 5211 364 5267 Dei
395 5208 738 5284 providentia
767 5218 821 5263 et
846 5205 1060 5275 justitia
1091 5203 1467 5275 gubernentur
1491 5217 1504 5254 :
1530 5209 1588 5256 et
1611 5217 1735 5270 quae
1763 5215 1859 5255 no-

258 5307 346 5364 bis
375 5306 635 5363 videntur
677 5319 784 5360 non
833 5301 1036 5357 habere
1087 5300 1356 5355 rationem
1384 5337 1398 5361 ,
1440 5295 1666 5366 justitiaz
1697 5294 1859 5363 plena

260 5401 372 5458 sint
389 5411 554 5472 atque
576 5396 826 5456 rationis.
849 5394 1016 5468 910
1034 5393 1161 5448 llaec
1184 5391 1328 5448 enim
1350 5389 1464 5445 sola
1485 5387 1701 5458 placent
1723 5385 1856 5453 Deo,

336 5573 360 5601 ³
385 5561 609 5618 Rectius
639 5572 762 5614 cum
795 5554 996 5626 duplici
1028 5569 1058 5607 ιι
1081 5567 1184 5607 ms.
1217 5551 1508 5619 Sangerm.
1533 5541 1674 5615 apud
1695 5542 1868 5598 Mont-

264 5638 772 5761 ‘a‘l’cllilsgff.acutrt
788 5699 967 5754 Vatic.
991 5690 1510 5764 ms.,',Disperdere_nt
1532 5705 1552 5754 ;
1574 5699 1747 5764 penes
1764 5683 1871 5739 Ra-

266 5754 856 5845 banu'nirdisperdere.
887 5754 1264 5838 Saepius'vero
1297 5754 1586 5816 manifesta
1625 5754 1876 5812 codicum

267 5848 473 5907 menda
499 5845 928 5902 dissimulamus.

594 5941 872 6003 ΡΑτιιοι..
921 5933 1160 5996 XXIV.

1958 4744 2082 4784 nem
2109 4729 2401 4783 humanam
2435 4727 2760 4796 sapientiam
2799 4727 3006 4783 lntilent
3039 4745 3164 4786 esse
3186 4731 3563 4806 demonstrat,

1957 4833 2015 4878 et
2044 4821 2243 4876 nullam
2272 4821 2325 4875 in
2356 4835 2417 4876 se
2447 4819 2651 4875 habere
2678 4819 2988 4876 utilitatem.

2035 4915 2216 4988 (Vers.
2249 4911 2397 4982 5-5.)
2431 4913 2567 4978 Quia
2598 4910 2797 4983 lignum
2827 4913 2890 4967 de
2933 4915 3072 4969 saltu
3122 4919 3386 4988 prtecidit,
3437 4938 3570 4995 Opus

1962 5024 2216 5062 manuum
2241 5005 2462 5075 artiﬁcis
2503 5005 2560 5058 in
2586 5006 2728 5059 ascia
2771 5022 2790 5060 :
2823 5016 3040 5078 argento
3081 5017 3127 5061 et
3155 5025 3283 5064 auro
3312 5011 3573 5071 decoravit

1963 5103 2131 5170 illud,
2182 5099 2342 5154 clavis
2370 5108 2418 5151 et
2468 5098 2670 5152 malleis
2700 5100 2975 5174 compegit,
3008 5109 3064 5156 ut
3109 5119 3212 5156 non
3259 5105 3574 5164 dissolvatur

1965 5195 2105 5266 (sive
2125 5209 2228 5248 non
2256 5191 2566 5261 moveatur).
2591 5189 2660 5245 In
2688 5191 3086 5249 similitudinem
3113 5196 3300 5267 palntce
3321 5198 3576 5267 fabricam

1965 5296 2106 5356 sunt,
2151 5295 2198 5340 et
2241 5303 2345 5340 non
2375 5284 2650 5356 loquentur
2679 5301 2698 5340 .'
2725 5294 2934 5355 portata
2956 5287 3206 5343 tollentur
3234 5288 3346 5361 [AL
3378 5294 3577 5349 tollun-

1970 5382 2097 5454 tur],
2127 5382 2253 5452 quia
2280 5379 2512 5435 incedere
2537 5396 2643 5435 non
2679 5379 2878 5435 valent.
2904 5380 3083 5437 Nolite
3121 5399 3241 5455 ergo
3277 5385 3455 5439 timere
3495 5403 3574 5453 ea,

2048 5547 2070 5611 ξ
2099 5536 2320 5611 Absque
2341 5533 2512 5611 verbo
2532 5550 2681 5604 posse
2709 5542 2821 5589 tres
2835 5547 2983 5611 loss.
3005 5533 3340 5611 et_Raba_nus
3369 5539 3585 5611 legunt.

2048 5605 2074 5646 ἀ
2119 5604 2394 5661 Victorius
2430 5604 2678 5659 roborant
2716 5620 2784 5661 ex
2835 5604 3107 5659 Brixiauis
3147 5604 3452 5666 codicibus:
3492 5615 3586 5673 Sic

1979 5678 2144 5751 paulo
2174 5689 2540 5751 postgquorum
2562 5675 2805 5751 pleraque
2822 5690 2968 5751 pars,
2997 5678 3202 5732 rectius
3227 5692 3327 5747 pro
3353 5683 3585 5751 plerum.

1982 5745 2079 5822 que
2109 5745 2449 5804 ex’Mediceo
2476 5745 2584 5800 uno
2616 5763 2717 5801 ms.
2753 5745 2902 5814 legit.

3052 5914 3131 5977 21s
