3972 6320
386 289 487 345 751

1664 267 1726 322 S.
1772 260 2044 322 EUSEBII
2087 260 2338 319 HIERON
2350 259 2463 316 YMl

3575 248 3680 305 752

361 401 506 474 quod
545 418 575 458 a
607 401 751 457 LXX
777 397 1020 454 additum
1049 436 1063 458 ,
1097 405 1205 446 non
1239 395 1343 443 stat
1374 387 1526 456 juxta
1559 384 1867 441 historiam.
1915 384 1972 438 In
2001 392 2054 450 Α
2079 390 2271 453 gentes,
2320 394 2435 448 qua:
2465 393 2568 432 non
2599 382 2943 448 cognoverunt
2982 384 3028 428 te
3054 418 3067 438 ,
3109 382 3156 426 et
3201 385 3356 444 super
3393 368 3683 440 provincias

361 499 520 568 longa
559 496 703 552 enim
733 491 1021 546 obsidione
1070 483 1344 558 quomodo
1395 495 1526 537 oves
1557 490 1612 536 et
1644 493 1840 550 pecora
1876 492 1975 531 an-

365 589 500 643 ferri
535 595 784 656 poterant
811 583 880 638 de
905 579 1208 638 Jerusalem
1234 618 1248 642 ,
1278 591 1399 647 qua:
1429 575 1592 630 etiam
1627 573 1672 626 si
1724 571 1974 637 fuissent,

367 682 546 736 fames
584 675 1046 748 consumpserat?
1099 674 1166 727 Et
1210 687 1349 738 non,
1394 670 1603 739 inquit,
1657 666 1974 730 subsistunt,

367 775 485 831 sive
531 791 633 828 non
673 782 816 828 sunt.
865 769 1055 838 Neque
1090 767 1237 824 enim
1271 762 1518 818 translati
1562 770 1688 815 sunt
1732 759 1782 812 in
1813 756 1976 812 Chal-

372 869 547 924 datam
579 884 592 919 :
625 866 718 922 sed
749 880 945 936 magna
979 878 1103 932 pars
1126 875 1313 915 eorum
1341 856 1622 912 interfecta
1655 854 1979 926 penitusque

369 962 549 1018 deleta
577 967 678 1015 est.
711 956 837 1012 Non
855 967 930 1012 est
959 957 1044 1027 qui
1075 952 1315 1008 extendat
1346 948 1484 1003 ultra
1512 947 1786 1001 tentorium
1814 941 1981 1016 916

371 1071 543 1110 meum
575 1070 594 1108 :
628 1069 735 1108 non
765 1060 849 1107 est
875 1050 968 1120 qui
996 1064 1081 1104 me
1115 1049 1413 1110 ittstauret,
1443 1053 1499 1098 et
1527 1054 1803 1096 murorum
1831 1050 1980 1090 tneo-

367 1162 490 1202 rum
517 1145 687 1216 jaciat
708 1143 1084 1207 fundamenta,
1106 1139 1196 1211 qui
1225 1138 1291 1192 ad
1308 1137 1485 1192 solum
1517 1150 1689 1206 usque
1719 1128 1978 1203 prostrati

412 1249 530 1294 unt.

453 1255 530 1294 nt.

378 1255 626 1405 su(Vers.
658 1330 778 1400 2l.)
833 1328 969 1394 Quia
1013 1325 1172 1381 stulte
1197 1335 1410 1398 egerunt
1441 1329 1693 1390 pastores,
1726 1326 1774 1371 et
1799 1314 1978 1371 Domi-

367 1439 495 1479 num
521 1438 624 1477 non
655 1421 969 1492 qutesierunt
997 1439 1017 1473 .·
1057 1425 1330 1488 propterea
1360 1431 1461 1467 non
1488 1412 1894 1474 intellexerunt,
1931 1416 1978 1460 et

373 1516 538 1571 omnis
573 1531 698 1587 grex
740 1528 918 1568 eorum
959 1511 1225 1580 dispersus
1273 1516 1368 1561 est.
1421 1505 1523 1559 Per
1565 1501 1976 1558 translationem

370 1622 680 1681 pastorum,
709 1618 873 1678 atque
902 1605 1112 1672 ovium,
1169 1601 1470 1673 principum
1505 1597 1662 1667 culpa
1689 1604 1744 1650 et
1767 1595 1980 1665 disper-

370 1709 456 1765 sio
501 1706 683 1778 populi
733 1701 1082 1759 describitur.
1135 1698 1271 1764 Qnia
1328 1696 1471 1750 enim
1506 1690 1781 1763 principes
1814 1688 1978 1742 stulte

2087 474 2223 546 (sive
2253 471 2633 544 generationes)
2654 483 2771 540 qua
2799 483 2984 521 nomen
3006 476 3150 518 tuum
3175 481 3276 518 non
3293 465 3678 526 invocaverunt,

2079 568 2201 637 quia
2228 565 2255 604 ι)
2283 565 2652 620 devoraverunt
2693 561 2878 627 Iacob,
2910 570 2958 613 et
2991 561 3160 614 locum
3208 561 3322 630 ejus
3354 572 3686 627 consumpse-

2079 671 2222 727 runt,
2258 670 2302 714 et
2325 660 2480 713 decus
2510 661 2623 730 ejus
2651 657 2756 729 (vel
2789 653 3003 727 pascua)
3045 653 3425 725 dissipaverunt
3450 650 3590 722 (sive
3615 648 3684 702 ad

2079 753 2414 806 solitudinem
2440 751 2790 820 redegerunt).
2842 746 2997 801 Hunc
3043 745 3222 799 locum
3265 752 3319 800 et
3369 743 3421 796 in
3474 741 3685 811 psalmo

2081 847 2309 917 legimus
2339 845 2617 911 :Domine,
2645 859 2708 896 ne
2728 844 2782 896 in
2819 845 2993 912 furore
3020 849 3111 892 tuo
3132 853 3324 911 arguas
3366 851 3445 888 me
3474 853 3492 890 :
3527 849 3685 905 neque

2080 943 2134 996 in
2163 943 2242 996 ira
2274 951 2363 994 tua
2393 938 2646 1008 corripias
2678 954 2756 991 mc
2787 939 2804 1004 (
2830 933 2977 990 Psal.
3013 949 3064 988 vr
3084 974 3100 999 ,
3137 933 3162 986 1
3191 948 3206 997 ;
3239 945 3446 993 xxxvu,
3473 930 3500 984 1
3526 928 3568 998 ).
3622 927 3684 982 Et

2079 1047 2163 1092 est
2185 1050 2409 1091 sensus:
2436 1033 2708 1088 Meremnr
2732 1029 2952 1102 quidem
2975 1029 3156 1082 omnia
3187 1041 3308 1098 qua:
3325 1026 3680 1088 sustinemus,

2081 1139 2136 1185 et
2169 1127 2338 1183 multo
2387 1141 2663 1182 meremur
2711 1124 2914 1194 majora
2958 1137 3117 1192 quam
3151 1120 3404 1191 patimur.
3459 1117 3686 1172 Verum-

2085 1229 2262 1275 tamen
2298 1219 2403 1273 hoc
2423 1218 2678 1282 obsecro,
2713 1224 2770 1270 nt
2799 1215 2950 1285 quasi
2983 1222 3135 1283 pater
3157 1227 3244 1266 tne
3271 1210 3684 1279 corripias,uon

2081 1313 2238 1383 quasi
2268 1311 2618 1366 adversarius
2652 1327 2666 1364 :
2712 1319 2771 1362 ιιι
2811 1323 2898 1362 me
2930 1308 3187 1362 emendes
3210 1303 3365 1374 quasi
3397 1303 3564 1357 lilium
3589 1344 3605 1367 ,
3634 1310 3690 1356 et

2083 1421 2188 1461 non
2215 1405 2408 1476 punias
2439 1403 2594 1475 quasi
2621 1401 2897 1456 inimicum
2917 1398 3104 1472 (flebr.
3122 1398 3260 1467 xu);
3285 1397 3521 1467 castigas
3539 1393 3683 1450 enim

2081 1512 2299 1553 omnem
2332 1498 2497 1551 tilium
2529 1510 2693 1566 quem
2718 1494 2941 1563 recipis,
2970 1503 3024 1547 et
3065 1508 3161 1562 per
3190 1505 3406 1545 omnem
3439 1488 3683 1544 dolorem

2081 1607 2144 1648 ac
2171 1590 2444 1662 ﬂagellum
2477 1588 2736 1645 emendas
2763 1586 3090 1642 Jerusalem.
3123 1585 3322 1640 HOSleS
3351 1593 3567 1650 autem,
3596 1583 3686 1653 qui

2084 1701 2192 1741 non
2225 1693 2497 1740 noverunt
2524 1693 2576 1740 te
2604 1728 2618 1750 ,
2667 1693 2719 1738 et
2753 1681 3050 1752 provincia:
3099 1681 3211 1735 sive
3245 1680 3498 1748 regiones
3519 1721 3534 1742 ,
3566 1695 3688 1748 qua:

370 1811 627 1873 egerunt,
676 1813 777 1854 nec
807 1798 1145 1868 qumsierunt
1181 1792 1468 1848 Dominum
1497 1831 1513 1856 ,
1543 1803 1702 1860 quem
1731 1794 1848 1841 toto
1877 1785 1976 1840 de-
2012 1786 2058 1845 Β
2085 1793 2192 1832 non
2226 1778 2617 1833 invocaverunt
2665 1791 2862 1830 nomen
2909 1785 3058 1830 tuum
3080 1817 3095 1840 ,
3157 1788 3495 1844 nequaquam
3535 1780 3685 1873 t-t‘tum

369 1897 609 1952 buerant
636 1891 802 1948 corde
832 1888 1148 1961 perquirere
1178 1904 1190 1941 :
1225 1887 1428 1940 idcirco
1453 1891 1508 1939 et
1539 1881 1678 1936 mala
1707 1876 1980 1934 venientia

373 2000 484 2041 non
515 1984 807 2043 viderunt,
861 1980 974 2035 sive
1008 1993 1114 2034 non
1148 1976 1539 2032 intellexerunt
1566 1971 1874 2034 Dominum,
1929 1977 1986 2024 et

378 2077 559 2133 omnis
575 2073 864 2129 multitudo
887 2071 1192 2126 Jerusalem
1215 2067 1318 2122 huc
1345 2067 1582 2135 illucque
1608 2062 1853 2132 dispersa
1875 2069 1980 2115 cst.

449 2167 634 2240 (Vers.
665 2164 785 2234 22.)
822 2161 935 2217 Vox
963 2160 1268 2224 auditionis,
1303 2174 1416 2212 ecce
1445 2156 1600 2218 venit,
1635 2164 1680 2208 et
1710 2152 1985 2207 commotio

372 2275 565 2329 magna
596 2257 660 2312 de
691 2266 827 2311 terra
857 2254 1126 2326 Aquilonis
1155 2269 1173 2306 :
1202 2261 1256 2304 ut
1303 2260 1463 2322 ponat
1492 2249 1720 2302 civitates
1751 2243 1892 2300 Iuda
1929 2247 1984 2297 in

371 2350 738 2413 solitudinem,
787 2358 834 2402 et
873 2345 1227 2401 habitaculum
1274 2344 1563 2395 draconum
1605 2339 1763 2412 (sive
1819 2336 1985 2390 cubile

371 2445 780 2514 struthionusn).
836 2443 904 2498 Et
951 2451 1009 2495 ut
1052 2437 1416 2510 Symmachus
1453 2437 1847 2504 interpretatus
1875 2438 1981 2496 est,

376 2538 669 2591 sirenarum
697 2553 715 2590 :
747 2550 846 2606 pro
865 2550 976 2605 quo
1007 2534 1058 2587 in
1095 2530 1364 2586 llebraico
1396 2543 1633 2582 "MSS!!!
1675 2525 1858 2598 (cun)
1889 2539 1985 2594 po-

374 2631 543 2686 situm
565 2638 671 2685 est.
716 2627 894 2682 Verba
915 2623 1206 2694 Propheta:
1243 2639 1257 2676 :
1309 2621 1458 2689 Ecce,
1489 2619 1686 2688 inquit,
1709 2622 1909 2672 sonitus
1939 2627 1988 2671 et

381 2723 624 2796 fremitus
649 2720 928 2790 Babylonii
963 2718 1233 2771 venientis
1255 2714 1495 2777 auditur,
1519 2727 1818 2783 magnaque
1838 2726 1987 2766 com-

378 2817 576 2878 motio,
606 2815 727 2870 sive
763 2820 1109 2866 terrmmntus
1147 2808 1215 2862 de
1255 2817 1396 2862 terra
1429 2804 1714 2875 Aquilonis
1741 2821 1752 2856 :
1784 2814 1840 2857 nt
1869 2818 1986 2856 om-

381 2922 482 2963 nes
507 2905 670 2960 nrbes
695 2901 924 2970 Judmae,
964 2898 1357 2955 habitatoribus
1381 2896 1682 2952 interfectis
1709 2937 1725 2962 ,
1779 2895 1988 2967 redigat

377 3001 436 3055 in
467 2997 842 3061 solitudinem,
866 3004 922 3050 et
945 2993 1102 3049 faciat
1134 3007 1231 3063 pro
1259 2991 1570 3046 hominibus
1598 2989 1868 3044 dracones
1892 2989 1985 3041 ha-

380 3091 582 3157 bitare,
604 3100 660 3146 et
686 3096 878 3144 cuncta
902 3085 1200 3143 animantia
1232 3091 1521 3147 venenata,
1565 3082 1678 3137 sive
1720 3080 1983 3136 struthio-

2086 1871 2288 1926 debent
2316 1871 2520 1926 sentire
2542 1867 2808 1938 judicium
2833 1909 2848 1934 ,
2891 1867 2987 1922 sed
3031 1865 3458 1935 indignationem
3491 1864 3511 1937 (
3539 1862 3686 1918 Psal.

2087 1964 2348 2035 Lxxxvu).
2375 1962 2665 2018 Tradidisti
2695 1961 2841 2017 enim
2871 1976 2990 2029 nos,
3023 1970 3082 2016 ut
3119 1960 3560 2016 emendaremur.
3606 1959 3684 2015 Illi

2088 2067 2268 2112 autem
2299 2063 2732 2126 aggravaverunt
2759 2054 2947 2124 jugum
2977 2069 3136 2108 suum
3167 2073 3177 2106 :
3215 2055 3329 2109 seni
3361 2069 3469 2108 non
3497 2067 3690 2124 peper-

2085 2157 2299 2215 cerunt,
2331 2157 2387 2204 et
2414 2149 2668 2219 parvulos
2693 2147 3009 2203 afﬂixerunt
3043 2166 3056 2202 :
3089 2147 3448 2203 comederunt
3475 2163 3596 2215 nos,
3637 2157 3690 2204 et

2086 2243 2303 2314 penitus
2320 2241 2720 2297 devoraverunt
2745 2249 2800 2296 et
2831 2243 2883 2296 in
2916 2249 3122 2296 tantam
3151 2240 3500 2296 solitudinem
3532 2239 3687 2296 rede-

2086 2345 2280 2408 gerunt
2321 2335 2650 2402 Jerusalem,
2689 2345 2746 2390 ut
2771 2345 2827 2392 et
2874 2335 3211 2406 publicarunt
3259 2346 3309 2390 et
3359 2336 3686 2406 privatarum

2088 2430 2285 2486 mdium
2319 2431 2497 2485 omnia
2544 2430 2875 2500 dissiparent
2904 2470 2920 2496 ,
2960 2438 3015 2486 et
3041 2431 3298 2501 populum
3326 2439 3477 2485 tuum
3519 2433 3684 2486 inter-

2088 2523 2335 2581 ﬁcerent.

2161 2619 2316 2692 (Cap.
2351 2619 2443 2674 XI.
2469 2649 2539 2658 -—
2568 2619 2716 2674 Vers.
2759 2619 2898 2688 1-5.)
2945 2618 3169 2672 Verbum
3198 2620 3336 2690 quod
3390 2623 3590 2691 factum
3616 2628 3692 2674 est

2087 2715 2156 2767 ad
2197 2712 2480 2767 Ieremiam
2520 2730 2552 2766 a
2583 2709 2809 2766 Domino
2850 2712 3023 2766 dicens
3055 2729 3072 2766 :
3104 2711 3298 2766 Audite
3350 2713 3502 2766 verba
3555 2715 3690 2782 pacti

2087 2808 2230 2879 (sive
2282 2806 2572 2860 testamenti
2598 2806 2618 2877 )
2652 2806 2835 2877 hujus,
2867 2815 2914 2858 et
2946 2805 3221 2874 loquimini
3242 2805 3312 2859 ad
3343 2807 3477 2860 viros
3524 2806 3688 2870 Iuda,

2085 2915 2132 2959 et
2159 2903 2472 2958 habitatores
2507 2901 2824 2966 Ierusalem,
2855 2913 2902 2957 et
2931 2901 3073 2956 dices
3103 2902 3172 2954 ad
3216 2917 3303 2956 eos
3329 2918 3349 2955 :
3372 2900 3503 2956 Htec
3556 2902 3684 2956 dicit

2088 2997 2342 3051 Dominus
2375 2994 2514 3050 Deus
2535 2995 2724 3050 Israel.
2755 2993 2872 3048 Non
2913 2993 3132 3064 quidem
3157 3001 3243 3048 est
3270 2993 3502 3062 positum
3533 2993 3588 3048 in
3625 2994 3680 3049 ti-

2085 3089 2220 3152 tnlo,
2255 3089 2356 3144 sub
2386 3104 2492 3158 quo
2523 3097 2790 3156 tempore,
2823 3085 2907 3141 vel
2961 3087 3063 3140 sub
3111 3100 3221 3156 quo
3253 3101 3402 3155 rege,
3436 3093 3492 3140 et
3520 3094 3690 3156 quoto

382 3201 498 3250 nes,
526 3181 671 3255 quod
703 3192 756 3238 et
777 3181 954 3252 ipsum
984 3178 1206 3242 animal,
1245 3177 1560 3232 solitudinis
1592 3174 1854 3230 familiare
1874 3182 1978 3237 est,
2008 3171 2052 3234 C
2087 3195 2231 3235 anno
2258 3181 2394 3251 ejus,
2430 3179 2547 3234 lizrc
2580 3179 2861 3249 prophetia
2891 3179 3027 3234 facta
3047 3179 3156 3232 sit:
3187 3178 3281 3232 sed
3315 3177 3688 3248 intelligimus,

378 3289 436 3334 et
469 3279 520 3334 in
546 3278 782 3333 desertis
804 3275 1046 3330 nascitur
1071 3289 1134 3328 ac
1167 3272 1424 3326 nutritur.
1444 3273 1548 3325 Aut
1576 3279 1729 3324 certe
1751 3267 1986 3333 sirenas,

382 3381 631 3430 monstra
669 3369 917 3441 quzedam
943 3377 997 3423 et
1043 3367 1350 3422 dzemonunt
1384 3365 1766 3436 phantasmata
1794 3377 1990 3431 possu-

386 3479 508 3520 mus
552 3463 883 3532 intelligere.
938 3461 1061 3514 llzec
1103 3458 1284 3514 omnia
1323 3473 1448 3528 qua:
1497 3464 1554 3512 et
1601 3456 1910 3526 praeteritus
1939 3463 1995 3509 et

380 3573 629 3628 praesens
655 3571 838 3612 sermo
860 3554 1169 3623 descripsit,
1199 3553 1266 3606 ad
1301 3548 1700 3622 persecutionis
1733 3547 1994 3603 Ecclesia:

376 3650 686 3706 referamus
709 3656 981 3714 tempora,
1014 3643 1236 3715 quando
1259 3643 1605 3698 tabernacula
1638 3640 1852 3695 Domini
1874 3640 1996 3694 sub-

383 3752 699 3807 vertuntur,
739 3751 796 3797 et
829 3740 1008 3795 omnis
1051 3737 1316 3792 habitatio
1359 3736 1618 3792 Ecclesia:
1648 3734 1910 3804 redigitur
1941 3734 1993 3788 in

382 3835 755 3894 solitudinem.
791 3835 856 3888 lit
888 3842 945 3886 ut
986 3833 1090 3886 ista
1136 3833 1393 3884 universa
1427 3829 1668 3894 veniant,
1711 3830 1869 3898 culpa
1902 3842 1996 3898 pa-

383 3939 597 3986 storum
619 3936 722 3995 est,
753 3925 843 3997 qui
867 3924 1034 3979 stulte
1060 3933 1307 3994 egerunt,
1337 3931 1393 3978 et
1416 3924 1697 3978 Dominum
1721 3938 1826 3976 non
1851 3937 1998 3991 qua:-

380 4022 616 4085 sierunt,
647 4033 750 4074 nec
788 4017 1178 4073 intellexerunt
1203 4031 1351 4084 eum,
1383 4026 1437 4071 et
1481 4015 1684 4071 idcirco
1715 4030 1845 4085 grex
1871 4028 1993 4069 om-

380 4115 469 4171 nis
497 4114 780 4182 dispersus
811 4119 917 4166 est.

450 4205 634 4276 (Vers.
658 4205 779 4274 23.)
817 4205 938 4261 Scio
967 4246 982 4269 ,
1015 4201 1237 4258 Domine
1266 4245 1279 4269 ,
1308 4204 1431 4274 quia
1464 4219 1565 4258 non
1595 4214 1666 4258 es!
1722 4203 1850 4276 [AL
1888 4203 1992 4275 sit]

378 4299 602 4355 hominis
632 4298 713 4350 via
753 4296 867 4367 ejus
896 4312 915 4349 :
943 4311 1036 4349 nec
1063 4297 1161 4349 viri
1191 4307 1267 4350 est
1295 4337 1308 4361 ,
1343 4305 1398 4349 ut
1439 4295 1665 4350 ambulet
1711 4304 1757 4349 et
1805 4296 1996 4366 dirigat

376 4407 583 4465 gressus
600 4407 743 4445 suos.
769 4389 1104 4445 Erubescant
1126 4389 1247 4444 novi
1271 4389 1680 4458 praedicatores,
1701 4389 1790 4460 qui
1815 4390 1989 4456 aiunt,

383 4493 410 4520 ο
449 4499 891 4553 unumquemque
927 4497 1028 4538 suo
1049 4481 1282 4538 arbitrio
1310 4482 1425 4552 regi
1457 4501 1470 4536 :
1505 4497 1628 4537 cum
1657 4491 1713 4538 et
1752 4483 1840 4538 hic
1866 4483 1998 4538 Pro-

2089 3275 2175 3330 vel
2201 3274 2366 3344 priori
2398 3273 2702 3345 prophetia:
2733 3283 2787 3328 et
2813 3271 3042 3340 tempori
3091 3270 3212 3326 haec
3241 3287 3364 3326 esse
3390 3273 3690 3342 jungcuda,

2091 3367 2180 3423 vel
2201 3378 2353 3422 certe
2380 3377 2505 3437 pnst
2536 3365 2757 3434 aliquod
2794 3363 3056 3435 temporis
3099 3361 3447 3418 intervallum
3497 3365 3696 3435 prioris

2091 3459 2396 3530 praphetia:
2427 3460 2570 3516 hunc
2600 3460 2810 3514 Domini
2841 3459 2907 3515 ad
2938 3460 3266 3533 Pr0pbetam
3313 3461 3519 3517 factum
3569 3475 3694 3517 esse

2095 3567 2434 3608 sermonem.
2486 3553 2795 3610 Notandum
2825 3565 2910 3610 est
2933 3566 3141 3623 autem,
3185 3555 3330 3626 quod
3357 3554 3582 3610 verbum
3604 3569 3695 3610 az-

2095 3663 2226 3702 nt'rn
2275 3646 2492 3719 (nun),
2541 3647 2735 3717 Aquila
2789 3657 2844 3702 ct
2904 3647 3268 3718 Symmachus
3316 3661 3536 3715 semper
3603 3663 3694 3715 pa-

2095 3751 2254 3810 ctum,
2287 3741 2426 3796 LXX
2471 3753 2524 3796 et
2573 3741 2879 3796 Theodotin
2935 3751 3298 3797 testamentum
3358 3739 3691 3805 interpretati

2095 3845 2242 3890 sunt.
2277 3834 2504 3902 PrOprie
2531 3847 2710 3891 autem
2745 3850 2888 3890 nunc
2908 3835 2976 3889 ad
3004 3834 3310 3890 Jerusalem
3340 3841 3397 3888 et
3441 3832 3509 3888 ad
3551 3833 3694 3886 viros

2098 3928 2276 3983 tribus
2303 3927 2460 3983 Judm
2489 3944 2672 3984 sermo
2701 3927 2976 3998 dirigitur.

2169 4020 2350 4092 (Vers.
2387 4020 2468 4091 4.)
2511 4019 2824 4076 Maledictus
2848 4023 2924 4075 vir
2949 4023 3038 4092 qui
3061 4037 3160 4075 non
3187 4021 3411 4075 audierit
3427 4019 3584 4075 verba
3603 4037 3698 4089 pa-

2097 4114 2165 4168 cti
2187 4113 2367 4183 hujus,
2399 4113 2542 4183 quod
2581 4114 2805 4181 prtecepi
2831 4114 3064 4183 patribus
3090 4115 3269 4168 vestris
3297 4133 3308 4169 :
3355 4115 3541 4179 indie,
3595 4129 3697 4185 qua

2098 4207 2255 4262 eduxi
2283 4223 2369 4261 eos
2399 4209 2463 4260 de
2489 4214 2626 4260 terra
2658 4206 2902 4278 gypti,
2925 4207 2988 4261 de
3015 4210 3228 4277 fornace
3248 4210 3439 4277 ferrea.
3474 4207 3649 4260 dicens
3677 4221 3697 4259 :

2100 4298 2288 4353 Audite
2319 4314 2487 4351 vocem
2513 4314 2699 4366 meam,
2734 4308 2782 4354 et
2806 4299 2963 4370 facite
2990 4299 3164 4352 omnia
3191 4315 3307 4370 qua:
3332 4297 3585 4366 prcecipio
3609 4315 3694 4353 vo-

2099 4392 2200 4456 bis,
2231 4403 2278 4446 et
2303 4393 2451 4446 eritis
2477 4393 2608 4446 mihi
2649 4393 2703 4445 in
2733 4393 3004 4464 populum,
3033 4402 3082 4446 et
3107 4408 3204 4464 ego
3223 4408 3310 4447 ero
3333 4392 3472 4446 vobis
3499 4392 3551 4446 in
3584 4389 3693 4446 Do-

2101 4486 2295 4540 minum
2322 4485 2433 4558 [AL
2480 4484 2688 4556 Deum].
2723 4484 2838 4540 Non
2869 4495 3092 4556 propter
3123 4488 3342 4557 generis
3391 4484 3690 4552 privilegia,

380 4577 546 4647 pheta
573 4578 715 4634 dicat
749 4597 762 4632 :
798 4576 919 4632 Non
945 4586 1019 4631 est
1050 4577 1274 4630 hominis
1304 4577 1385 4630 via
1424 4577 1538 4646 ejus
1569 4576 1589 4647 (
1617 4574 1762 4630 Psal.
1799 4593 1988 4645 xxxvi,
2019 4561 2074 4621 Ῑ)
2098 4595 2205 4633 non
2228 4587 2448 4648 propter
2487 4579 2925 4634 circutncisionis
2948 4579 3200 4648 injuriam
3224 4579 3411 4651 918.
3439 4588 3496 4632 et
3527 4579 3694 4632 otium

385 4669 503 4740 25).
550 4669 616 4725 Ει
652 4669 818 4725 David
870 4669 922 4723 in
955 4669 1127 4740 lyrico
1173 4677 1333 4724 canat
1376 4670 1620 4724 carmine
1655 4687 1668 4723 :
1701 4673 1742 4722 Α
1771 4669 1993 4725 Domino

384 4777 594 4833 gressus
631 4762 852 4816 hominis
890 4761 1182 4835 dirigentur
1201 4802 1216 4827 ,
1265 4772 1315 4816 et
1346 4762 1479 4815 viam
1507 4765 1622 4834 ejus
1651 4761 1782 4815 volet
1814 4763 1988 4816 nimis.

386 4852 514 4908 Sive
545 4853 632 4908 hic
657 4868 850 4909 sensus
881 4865 963 4908 cst
1001 4872 1012 4906 :
1055 4853 1201 4924 quod
1231 4870 1259 4906 a
1297 4853 1608 4925 Babyloniis
1637 4855 1992 4921 sustinemus,

379 4959 493 4999 non
521 4952 608 4998 est
635 4958 823 4999 eorum
853 4942 1206 5012 fortitudinis,
1234 4944 1329 5000 sed
1363 4946 1534 5000 nostri
1567 4947 1748 5001 meriti
1774 4986 1789 5012 ,
1825 4954 1879 5001 et
1911 4947 1990 5000 ine

385 5036 716 5108 dignatiOnis
748 5047 872 5090 tum.

458 5128 641 5202 (Vers.
675 5128 767 5195 24,
801 5127 922 5198 25.)
968 5128 1183 5197 Corripe
1211 5147 1290 5185 me
1314 5173 1330 5198 ,
1374 5133 1612 5203 Domine,
1648 5143 1995 5188 uerumtamen

386 5226 444 5280 in
460 5225 687 5299 judicio,
721 5234 766 5278 et
802 5239 905 5277 non
942 5225 992 5277 in
1034 5225 1210 5290 furore
1235 5236 1366 5292 tuo;
1408 5244 1471 5282 ne
1509 5233 1644 5298 forte
1666 5229 1736 5282 ad
1773 5229 1991 5284 nihilum

385 5316 549 5387 917
590 5317 796 5388 redigas
818 5332 916 5371 me.
943 5313 1175 5382 E/funde
1211 5317 1623 5389 indignationem
1666 5330 1807 5376 tuam
1837 5338 1994 5392 super

458 5503 484 5531 α
532 5495 732 5565 Dogma
774 5495 876 5577 hoc
916 5507 1030 5577 erat
1067 5495 1519 5577 Pelagianorum,
1558 5498 1712 5577 cujus
1748 5515 1991 5570 sensum,

385 5580 713 5636 quamquam
735 5568 869 5622 satis
891 5582 956 5621 ex
981 5568 1086 5623 hoc
1105 5568 1226 5623 loco
1253 5569 1570 5637 percipitur,
1597 5568 1780 5626 malim
1811 5568 1991 5628 tamen

386 5643 450 5716 ut
475 5649 688 5701 repetas
709 5638 1085 5716 ex_:\ugttstitt:
1119 5639 1216 5716 li_b.
1246 5640 1314 5694 de
1337 5638 1517 5696 Gestis
1547 5641 1772 5713 Pelagii,
1805 5644 1993 5712 ipSove

388 5705 720 5787 llierqnytno
753 5707 848 5787 lib:
873 5705 940 5787 _i_u
957 5708 1196 5787 Dialogi.

460 5773 485 5810 lt
527 5773 748 5828 Rectius
776 5775 843 5827 ad
873 5773 1201 5833 Hebraicum
1231 5781 1508 5850 exemplar
1542 5782 1795 5838 ltabanus
1840 5785 1988 5856 legit,

2095 4670 2330 4735 sabbati,
2359 4668 2453 4724 sed
2493 4677 2716 4738 propter
2759 4669 3133 4725 obedientiam
3154 4714 3168 4737 ,
3197 4681 3253 4726 et
3289 4671 3429 4724 Deus
3458 4669 3698 4725 efficitur

2097 4763 2279 4833 populi
2323 4761 2510 4827 Israel,
2545 4771 2602 4816 et
2631 4761 2798 4816 Israel
2827 4763 3059 4832 populus
3083 4763 3224 4832 ejus.
3260 4763 3325 4818 Et
3345 4761 3435 4818 hic
3475 4763 3694 4833 quidem

2095 4857 2250 4925 quasi
2273 4855 2338 4911 ad
2366 4871 2556 4912 servos
2580 4855 2839 4926 loquitur,
2876 4867 2932 4910 ut
2968 4855 3223 4926 placeant
3251 4855 3379 4910 Deo.
3411 4855 3466 4910 ln
3517 4855 3692 4912 Evan-

2095 4948 2239 5018 gelio
2267 4963 2399 5004 vero
2429 4947 2685 5002 Dominus
2710 4947 2775 5000 ad
2802 4945 3102 5017 discipulos
3134 4964 3147 5000 :
3184 4946 3312 5014 Vos,
3347 4947 3541 5017 inquit,
3568 4946 3695 5002 anti-

2096 5043 2144 5096 ci
2171 5044 2271 5097 mei
2295 5041 2436 5102 estis,
2469 5041 2512 5094 si
2540 5041 2764 5110 feceritis
2809 5055 2927 5110 quce
2955 5055 3050 5110 ego
3075 5039 3320 5111 praecipio
3361 5041 3526 5094 vobis.
3576 5038 3695 5093 Iam

2097 5150 2199 5187 non
2221 5133 2390 5185 dicam
2411 5148 2498 5186 vos
2521 5149 2713 5198 servos,
2745 5133 2865 5203 quia
2878 5149 3052 5187 servus
3074 5133 3237 5188 nescit
3257 5132 3384 5203 quid
3401 5133 3571 5202 faciat
3593 5130 3695 5186 Do-

2097 5227 2266 5279 minus
2297 5228 2428 5299 ejus.
2483 5223 2582 5278 Vos
2609 5235 2783 5278 autent
2809 5225 2922 5280 dixi
2948 5226 3169 5289 amicos,
3201 5225 3324 5294 quia
3353 5239 3531 5277 omnia
3559 5239 3696 5292 qua:-

2094 5337 2309 5391 cumque
2362 5320 2538 5373 audivi
2567 5337 2600 5373 a
2631 5318 2786 5374 Patre
2841 5336 2974 5385 meo,
3007 5328 3131 5373 nota
3176 5319 3278 5388 feci
3321 5317 3504 5385 vobis(
3534 5316 3690 5372 Ioan.

2104 5501 2228 5572 quia
2254 5501 2583 5556 comederunt
2621 5499 2808 5567 Iacob,
2836 5510 2884 5554 et
2910 5500 3284 5557 devoraverunt
3329 5517 3470 5570 eum,
3506 5510 3556 5557 et
3577 5516 3694 5572 con-

2101 5582 2430 5640 sumpserunt
2455 5574 2645 5638 locum,
2680 5582 2728 5626 et
2749 5573 2903 5626 decus
2930 5576 3064 5643 ejus,
3088 5583 3194 5628 etc.
3220 5573 3388 5628 Nobis
3420 5591 3584 5627 tuttuu
3632 5571 3693 5626 li-

2101 5646 2214 5699 cuit
2241 5659 2508 5714 reponere
2548 5659 2614 5700 ex
2647 5659 2806 5710 tnss.,
2831 5655 3284 5715 consumpserunt,
3326 5659 3428 5713 pro
3447 5659 3556 5715 quo
3581 5649 3692 5700 erat

2099 5727 2261 5773 antea
2292 5724 2728 5783 contempserunt.
