3972 6372
348 348 455 408 755

889 348 1547 409 COMMENTARIORUM
1586 349 1652 405 ΙΝ
1689 348 2043 407 JEREMIAM
2084 347 2503 404 l’ROPHETAM
2538 346 2674 405 LIB.
2720 347 2785 405 ll.
2827 348 2984 407 CAP.
3026 351 3120 407 XI.
3164 350 3188 387 Ἷ

3552 349 3659 410 764

354 485 446 536 sv,
472 470 542 527 ιι
563 480 610 525 et
633 470 745 541 t5).
779 468 1021 538 Cumque
1060 467 1219 522 amici
1272 467 1377 523 mei
1402 468 1620 538 iuerint,
1652 467 1723 523 de
1753 468 1945 523 amicis
1971 471 2019 529 Α
2049 481 2156 537 que
2205 465 2477 537 sequitur,
2508 474 2557 520 et
2588 482 2692 520 non
2723 470 2978 538 fecerunt,
3004 466 3073 520 ab
3096 467 3180 523 eis
3202 469 3443 538 positum
3474 480 3579 536 est,
3609 479 3673 528 et

355 569 640 618 transeunt
667 563 717 617 in
748 560 888 615 lilios
919 579 931 614 :
966 560 1227 629 Quotquot
1267 561 1408 614 enim
1455 570 1757 631 receperunt
1807 576 1941 627 eum,

350 652 495 707 dedit
523 653 595 707 eis
623 660 921 723 potestatem
944 651 1082 719 ﬁlios
1105 650 1202 706 Dei
1231 652 1348 721 ﬁeri
1373 650 1558 722 (Joan.
1582 668 1624 719 l,
1643 652 1756 723 12).
1791 651 1948 709 Unde

347 746 540 801 amicis
561 755 616 801 et
647 744 767 799 [iliis
794 745 1037 818 prmcipit
1064 763 1077 799 :
1111 745 1290 801 Estote
1306 747 1521 819 perfecti
1548 748 1683 803 sicut
1708 759 1757 802 et
1786 745 1949 817 Pater

346 846 510 892 vester
537 840 791 907 perfectus
818 849 892 893 est
911 836 1128 911 (.llatth.
1154 854 1210 902 v,
1241 838 1333 911 48)
1357 855 1375 903 ;
1405 839 1818 895 similitudinem
1844 841 1948 895 im-

348 944 571 1000 perans,
604 946 710 985 non
741 933 1133 1002 aequalitatem.
1167 931 1328 987 Etibi
1360 932 1671 989 obcdientia
1725 934 1948 990 manda-

349 1034 528 1079 torum
557 1033 663 1087 est,
688 1023 776 1079 hic
815 1024 1118 1080 similitudo
1150 1024 1265 1080 Dei.
1297 1024 1564 1097 Quodque
1590 1026 1666 1080 ait
1699 1042 1714 1081 ;
1747 1024 1814 1081 In
1836 1027 1943 1093 die,

348 1132 450 1186 qua
470 1117 629 1172 eduxi
655 1132 744 1171 eos
773 1108 838 1171 de
866 1126 1006 1172 terra
1037 1115 1276 1189 /Egypti,
1308 1116 1373 1171 de
1399 1118 1610 1186 fornace
1637 1121 1826 1189 ferrea,
1854 1118 1949 1173 dat

350 1212 507 1268 nobis
540 1211 979 1283 intelligentiam,
1003 1211 1147 1283 quod
1171 1212 1424 1268 caminus
1450 1222 1507 1269 et
1526 1212 1717 1268 l‘ornax
1741 1213 1940 1280 ferrea,

348 1316 512 1379 atque
539 1322 802 1363 succensi
844 1306 1209 1362 tribulationis
1231 1316 1285 1362 et
1311 1321 1485 1375 pana:
1531 1305 1804 1378 signiﬁcet
1829 1322 1944 1362 ma-

346 1400 705 1473 gnitudinem,
726 1415 835 1456 non
855 1398 1087 1470 aliquem
1112 1399 1292 1455 locum
1319 1414 1514 1470 poema,
1551 1398 1683 1456 ferri
1716 1401 1943 1456 materia

349 1506 734 1565 praeparatum.

419 1588 602 1660 (Vers.
635 1589 718 1659 5.)
762 1588 830 1644 Ut
850 1589 1483 1660 suscitemjuramentum,
1505 1588 1645 1661 quod
1656 1589 1836 1661 juravi
1850 1606 1947 1661 pa-

346 1680 511 1735 tribus
536 1682 736 1745 vestris,
760 1681 1003 1734 daturum
1036 1697 1115 1736 me
1146 1680 1221 1735 eis
1252 1690 1445 1735 terram
1470 1680 1719 1750 ﬂuentem
1747 1680 1880 1735 lacte
1898 1690 1945 1735 et

346 1774 516 1837 melle,
547 1774 679 1828 sicut
709 1782 783 1828 est
812 1772 922 1827 dies
967 1773 1100 1828 hac.
1148 1773 1334 1828 Patres
1384 1772 1641 1828 videntur
1666 1773 1942 1843 accipere,

2053 575 2179 615 cum
2210 560 2512 631 superioris
2555 559 2777 630 capituli
2803 558 2910 614 line
2936 561 3228 627 sociatum,
3283 563 3337 617 in
3376 578 3485 634 quo
3516 564 3656 620 scri-

2050 663 2200 725 ptum
2231 663 2319 710 est
2350 672 2361 708 :
2390 655 2567 708 audite
2595 653 2745 709 verba
2764 654 2901 724 pacti
2931 653 3110 728 hujus,
3145 664 3193 709 et
3225 656 3381 726 facite
3417 658 3554 724 illa;
3599 666 3654 713 et

2048 761 2151 799 non
2184 749 2436 817 fecerunt.
2469 745 2608 815 Quid
2634 746 2706 800 sit
2732 752 2911 801 autem
2937 745 3007 800 de
3027 759 3187 802 mane
3215 761 3566 819 consurgere,
3598 757 3662 804 et

2050 838 2147 894 Dei
2180 839 2345 895 verba
2378 855 2476 910 per
2497 839 2798 909 Prophetas
2818 840 2899 895 cis
2929 839 3242 911 frequenter
3283 840 3559 911 ingerere,
3590 848 3649 897 et

2048 932 2284 987 educere
2306 948 2403 987 eos
2425 932 2494 988 de
2515 931 2779 1004 Egypto,
2808 941 2865 987 et
2889 933 3089 1000 saepius
3142 931 3441 988 admonere
3484 942 3540 986 et
3562 931 3654 987 di-

2047 1041 2210 1083 cere:
2236 1028 2416 1084 audite
2443 1046 2633 1084 vocem
2665 1044 2879 1095 meam;
2913 1037 2970 1085 et
2991 1029 3118 1084 illos
3139 1029 3339 1085 abiisse
3372 1038 3494 1099 post
3531 1042 3660 1100 pra-

2048 1118 2268 1174 vitatem
2284 1119 2469 1176 cordis
2492 1122 2598 1189 sui,
2654 1131 2711 1176 et
2732 1131 2917 1191 postea
2944 1123 3027 1176 eis
3042 1121 3280 1178 reddere
3301 1136 3423 1193 qua;
3440 1137 3658 1178 meren-

2049 1223 2136 1267 tur
2164 1223 2185 1251 ο
2218 1220 2275 1267 et
2293 1212 2567 1285 accipere,
2598 1223 2727 1267 ante
2752 1211 2865 1283 jam
2895 1212 3153 1268 diximus.

2119 1301 2302 1373 (Vers.
2326 1303 2384 1370 9,
2404 1304 2534 1373 .10.)
2577 1303 2644 1358 Et
2672 1304 2805 1358 dixit
2829 1303 3084 1358 Dominus
3110 1304 3180 1357 ad
3203 1320 3314 1359 me:
3333 1303 3551 1359 Inventa
3579 1314 3656 1360 est

2045 1398 2340 1461 coniuratio
2362 1398 2419 1452 in
2436 1398 2562 1453 viris
2586 1396 2754 1466 Juda,
2788 1409 2837 1452 et
2862 1398 2917 1451 in
2939 1396 3311 1452 habitatoribus
3353 1395 3651 1452 Jerusalem

2043 1492 2236 1546 reversi
2266 1501 2384 1545 sunt
2412 1491 2481 1546 ad
2508 1492 2807 1563 iniquitates
2835 1501 3040 1559 patrum
3070 1507 3285 1546 suorum
3313 1491 3533 1561 priores,
3564 1493 3657 1556 qui

2050 1585 2337 1640 noluerunt
2362 1586 2547 1639 audire
2592 1585 2748 1640 verba
2780 1601 2912 1639 mea.
2939 1583 3010 1638 Et
3041 1584 3097 1638 lii
3123 1601 3245 1656 ergo
3271 1584 3510 1640 abierunt
3540 1592 3659 1655 post

2048 1676 2168 1731 deos
2196 1678 2417 1745 alienos,
2446 1687 2504 1730 ut
2524 1678 2772 1732 servirent
2794 1678 2887 1731 eis.
2916 1675 3133 1731 Irritum
3184 1681 3419 1747 fecerunt
3472 1676 3659 1731 domus

2048 1767 2241 1834 Israel,
2264 1777 2312 1823 et
2341 1770 2526 1824 domus
2549 1767 2695 1823 Juda
2721 1779 2930 1839 pactum
2956 1785 3151 1836 meum,
3178 1768 3320 1840 quod
3342 1770 3518 1841 pepigi
3537 1785 3660 1824 cum

344 1867 564 1938 quando
589 1867 863 1938 accipiunt
893 1865 1098 1931 tilii;et
1124 1865 1360 1921 Abrahm
1387 1866 1681 1936 promissio
1707 1867 1948 1937 comple-
1980 1855 2027 1916 B
2055 1860 2288 1929 patribus
2327 1876 2525 1915 eorum.
2565 1859 2670 1915 Pro
2721 1860 3104 1933 conjuratione,
3151 1876 3311 1931 quam
3364 1873 3466 1915 nos
3500 1860 3662 1930 juxta

346 1968 436 2015 tur
466 1960 521 2015 in
547 1961 801 2031 posteris.
844 1960 1068 2015 Terram
1093 1967 1276 2015 autem
1299 1959 1440 2015 lacte
1467 1968 1521 2016 et
1547 1961 1708 2015 melle
1722 1975 1943 2016 manan-

345 2062 478 2120 tem,
508 2051 866 2124 hyperbolice
892 2051 1158 2108 debemus
1202 2052 1458 2123 accipere
1488 2067 1589 2123 pro
1618 2068 1801 2108 rerum
1832 2068 1949 2108 om-

344 2147 492 2202 nium
516 2145 872 2213 abundantia,
904 2155 962 2201 ut
988 2155 1072 2202 est
1099 2144 1233 2201 illud
1261 2144 1440 2217 (Virg.
1471 2142 1657 2216 Eclog.
1690 2145 1808 2218 Ill):

438 2257 585 2310 Mella
608 2258 766 2310 ﬂuant
786 2257 906 2321 illis,
932 2256 1064 2309 ferat
1086 2262 1141 2307 et
1159 2256 1315 2307 rubus
1337 2269 1488 2320 asper
1512 2268 1779 2308 amomum.

346 2364 411 2420 Et
442 2365 639 2421 iterum
668 2383 681 2418 :

437 2477 500 2528 Et
518 2479 699 2542 passim
719 2478 841 2527 rivis
860 2476 1115 2528 currentia
1139 2476 1252 2526 vina
1273 2474 1536 2537 repressit.

343 2582 450 2637 Aut
465 2591 616 2638 certe
645 2580 999 2653 tropologice,
1044 2591 1243 2636 terram
1300 2580 1441 2635 lacte
1460 2588 1515 2636 et
1539 2580 1698 2635 melle
1718 2592 1945 2634 manan-

344 2685 474 2741 tem,
489 2673 696 2731 Christi
714 2673 1008 2731 Ecclesium
1024 2674 1346 2738 sentiamus,
1362 2673 1418 2727 in
1440 2687 1541 2743 qua
1560 2672 1767 2742 parvuli
1782 2681 1947 2743 atque

341 2769 606 2825 lactentes
644 2768 942 2824 educamur
964 2783 1064 2839 per
1089 2767 1277 2835 tidem,
1314 2776 1373 2823 ut
1401 2767 1675 2838 possimus
1707 2765 1943 2822 solidum

340 2862 522 2917 cibum
552 2875 773 2931 cupere.

416 2953 487 3007 Et
513 2953 759 3023 respondi
782 2962 830 3007 et
859 2952 971 3007 dixi
998 2969 1017 3007 :
1046 2951 1230 3018 Amen,
1279 2950 1524 3006 Domine.
1570 2950 1675 3005 Pro
1702 2964 1813 3021 quo
1847 2950 1946 3005 Se-

341 3046 646 3119 ptuaginta,
683 3043 831 3112 Fiat,
854 3043 1080 3099 Domine
1107 3046 1236 3115 (hoc
1262 3044 1409 3099 enim
1453 3060 1603 3097 amen
1643 3044 1943 3114 signiﬁcat)

342 3141 761 3196 transtulerunt.
791 3140 1011 3193 Dixerat
1047 3138 1330 3206 Dominus,
1357 3136 1537 3208 juravi
1579 3135 1821 3206 patribus
1852 3149 1945 3190 ve-

2053 1952 2442 2025 Symmachum
2485 1952 2831 2023 interpretati
2880 1967 3087 2022 sumus,
3122 1953 3314 2025 Aquila
3346 1962 3400 2009 et
3426 1952 3572 2009 LXX
3602 1963 3661 2010 et

2052 2044 2359 2100 Theodotio
2400 2044 2686 2117 συνδῑσμὸν
2723 2045 3138 2115 transmlerunt,
3172 2060 3335 2115 quam
3367 2060 3468 2100 nos
3497 2044 3655 2100 colli-

2051 2139 2312 2208 gationem
2343 2151 2633 2207 possumus
2656 2136 2864 2192 dicere.
2891 2135 3046 2193 Unde
3074 2145 3132 2192 et
3176 2136 3417 2204 Athalia,
3444 2151 3571 2192 cum
3604 2138 3664 2194 in

2052 2225 2281 2299 Templo
2311 2228 2413 2284 sibi
2444 2228 2621 2299 parari
2669 2227 2897 2283 insidias
2938 2228 3416 2298 deprehendisset,
3458 2227 3657 2285 eodem

2050 2319 2221 2375 verbo
2253 2319 2429 2376 locuta
2462 2329 2545 2375 est
2570 2336 2584 2373 :
2609 2318 2940 2393 Conjuratio,
2974 2320 3271 2392 conjnratio
3295 2319 3386 2392 (IV
3412 2317 3543 2391 Reg.
3576 2335 3659 2388 χι,

2053 2410 2164 2481 14).
2189 2409 2418 2481 Proprie
2465 2420 2646 2466 autem
2695 2410 2799 2467 hoc
2852 2411 3018 2467 verbo
3068 2411 3351 2481 Scriptura
3382 2410 3658 2479 abutitur,

2049 2503 2271 2573 quando
2302 2518 2410 2559 non
2439 2503 2619 2559 subito
2640 2503 2974 2574 fortuitoque
3004 2511 3252 2574 peccato,
3308 2501 3405 2559 sed
3449 2505 3661 2574 paratis

2052 2594 2267 2648 insidiis
2294 2605 2348 2649 et
2370 2594 2772 2665 conjuratione,
2804 2594 3047 2650 tenditur
3072 2593 3138 2649 ad
3161 2594 3447 2660 delictum,
3478 2606 3533 2650 et
3564 2610 3662 2666 pa-

2050 2687 2092 2741 ri
2128 2696 2309 2743 mente
2335 2701 2555 2758 unoque
2581 2686 2763 2743 studio
2793 2688 2846 2742 id
2888 2695 3078 2757 agunt,
3129 2697 3191 2741 ut
3240 2685 3336 2742 Dei
3388 2687 3653 2746 mandata

2049 2789 2429 2836 contemnant.
2458 2779 2706 2852 Dicitque
2734 2791 2790 2836 et
2827 2790 3011 2851 patres
3040 2790 3096 2836 et
3121 2779 3265 2835 ﬁlios
3314 2795 3423 2835 una
3470 2789 3664 2837 mente

2052 2874 2276 2944 parique
2324 2874 2617 2939 sententia,
2664 2873 2911 2945 neglecto
2961 2872 3091 2940 Deo,
3148 2872 3292 2928 idola
3338 2882 3655 2941 veneratos,

2051 2973 2157 3019 tam
2204 2964 2372 3020 Israel
2423 2965 2701 3031 videlicet,
2751 2980 2915 3035 quam
2947 2966 3170 3020 domum
3195 2964 3359 3033 Juda,
3391 2964 3496 3021 hoc
3549 2974 3660 3035 est,

2051 3068 2157 3113 tam
2185 3058 2378 3115 decem
2409 3060 2607 3128 trihns,
2656 3074 2821 3129 quam
2876 3059 3037 3125 duas,
3090 3073 3321 3130 quarum
3369 3060 3665 3129 imperium

2047 3160 2165 3207 erat
2188 3154 2238 3207 in
2266 3152 2591 3220 Jerusalem,
2624 3160 2684 3206 ut
2706 3151 3006 3222 quorumin
3032 3161 3347 3223 contemptu
3369 3152 3463 3208 Dei
3488 3168 3660 3209 unum

342 3234 475 3287 είτίε
521 3232 774 3287 ἀθίηνωη
830 3245 917 3286 me
940 3231 1019 3285 eis
1044 3241 1245 3285 ler'a'"
1277 3229 1417 3285 laete
1443 3238 1499 3284 εί
1519 3228 1681 3284 mene
1712 3243 1940 3319 "mm"
1967 3242 2014 3306 C
2046 3247 2283 3303 studium
2314 3246 2435 3313 fuit,
2485 3261 2585 3317 par
2614 3246 2688 3301 sit
2717 3247 2769 3301 in
2802 3246 3121 3301 sustinenda
3172 3246 3493 3317 captivitate
3535 3261 3666 3319 sup-

342 3339 474 3395 tem,
503 3326 647 3381 sicut
668 3326 834 3381 rebus
851 3324 984 3395 ipsis
1009 3323 1169 3379 hodie
1193 3325 1584 3393 comprobatur
1607 3319 1809 3392 (Exod.
1836 3318 1937 3392 ut).

345 3421 617 3493 Propheta
666 3421 899 3492 diligens
954 3420 1212 3490 populum
1271 3433 1452 3486 suum,
1488 3427 1719 3486 occupat
1748 3429 1943 3471 vocem

344 3517 584 3585 Domini,
607 3525 662 3571 et
682 3517 977 3585 cupitvera
1004 3528 1147 3579 esse,
1193 3513 1320 3568 etin
1355 3522 1673 3582 perpetuum
1729 3524 1944 3580 perma-

344 3624 478 3664 nere
507 3615 670 3678 qua:ﬂ
692 3608 817 3662 data
850 3616 996 3662 sunt.
1029 3604 1186 3661 Unde
1217 3605 1295 3659 ait
1323 3622 1334 3657 :
1365 3603 1524 3671 Vere,
1561 3603 1810 3667 Domine,
1838 3603 1941 3656 im-

344 3700 503 3772 plesti
531 3700 675 3773 quod
705 3700 982 3771 pollicitus
1007 3714 1103 3764 es;
1131 3699 1247 3753 sive
1279 3700 1393 3763 liat,
1428 3696 1680 3769 Domine,
1715 3695 1818 3751 hoc
1857 3704 1944 3751 est

341 3810 561 3865 semper
587 3802 806 3849 maneat
829 3794 970 3865 quod
1001 3792 1224 3848 dedisti.

417 3888 601 3963 (Vers.
632 3887 713 3960 6.)
754 3887 825 3942 Et
848 3889 982 3942 dixit
1006 3885 1263 3940 Dominus
1291 3884 1361 3938 ad
1390 3901 1486 3951 me,
1518 3885 1802 3955 vociferare
1833 3882 1944 3953 (vel

343 3988 476 4062 lege)
508 3989 682 4042 omnia
702 3986 851 4042 verba
877 3984 990 4040 lucc
1008 3985 1060 4038 in
1084 3982 1379 4038 civitatibus
1405 3981 1438 4036 J
1446 3984 1571 4049 uda,
1621 3989 1668 4034 et
1695 3980 1824 4050 {oris
1850 3977 1941 4033 Je—

339 4080 591 4145 rusalem,
618 4078 791 4133 dicens
810 4093 829 4132 :
855 4077 1045 4131 Audite
1072 4075 1222 4129 verba
1231 4074 1389 4147 ,pacti
1424 4072 1591 4146 919
1618 4075 1774 4146 hujus
1793 4080 1842 4125 et
1865 4070 1947 4141 [a-

340 4176 440 4228 cite
470 4172 583 4227 illa.
609 4171 1084 4227 ClementissimUs
1110 4170 1249 4224 Deus
1276 4167 1589 4238 frequenter
1609 4166 1779 4221 futura
1802 4180 1945 4232 prte-

339 4264 496 4331 dicit,
530 4274 586 4318 ut
612 4263 849 4317 tamdem
872 4261 1043 4316 durus
1064 4260 1128 4314 ad
1144 4259 1477 4314 credendum
1501 4258 1714 4311 animus
1735 4256 1947 4311 mollia-

341 4366 452 4411 tur.
480 4353 726 4410 l‘racdicit
755 4362 935 4409 autem
982 4362 1091 4408 tam
1134 4352 1187 4405 in
1229 4350 1363 4404 urbe
1413 4347 1741 4416 Jerusalem,
1784 4361 1946 4417 quam

339 4452 477 4505 toris
506 4449 560 4505 in
590 4464 742 4520 agro,
767 4456 828 4503 ut
858 4460 1088 4521 quorum
1120 4456 1416 4499 commune
1474 4439 1776 4496 discrimen
1837 4450 1945 4509 εει,

342 4544 539 4601 eadem
575 4539 855 4613 pmnitndo
879 4540 968 4594 sit.

2044 3338 2291 3410 plicium.

2113 3431 2280 3503 920
2317 3429 2502 3502 (Vers.
2534 3431 2620 3499 ll,
2649 3429 2767 3503 12.)
2808 3429 3159 3498 Quamobrem
3212 3434 3321 3488 Ittec
3370 3433 3497 3488 dicit
3544 3433 3658 3489 Do-

2045 3524 2217 3578 minus
2240 3539 2260 3579 :
2287 3522 2424 3578 Ecce
2450 3541 2546 3595 ego
2565 3520 2595 3561 ἆ
2625 3523 2820 3578 induco
2869 3540 3026 3596 super
3064 3541 3150 3580 eos
3190 3527 3353 3592 mala,
3379 3527 3444 3581 de
3468 3526 3660 3599 quibus

2046 3618 2191 3671 exire
2213 3632 2319 3670 non
2347 3624 2612 3686 poterunt,
2644 3624 2691 3669 et
2718 3615 3015 3670 clamabunt
3035 3615 3105 3670 ad
3126 3632 3228 3685 me,
3280 3628 3331 3672 et
3369 3633 3472 3673 non
3499 3634 3664 3673 exau-

2046 3709 2189 3763 diam
2210 3725 2316 3765 eos.
2350 3707 2420 3763 Et
2442 3708 2587 3762 ibunt
2611 3709 2845 3763 civitates
2886 3707 3034 3763 Juda
3054 3717 3101 3762 et
3131 3710 3449 3766 habitatores
3492 3708 3656 3767 Jeru-

2046 3801 2230 3868 salem,
2276 3811 2323 3855 et
2375 3801 2671 3855 clamabunt
2703 3799 2773 3854 ad
2818 3801 2966 3865 deos,
3015 3799 3200 3870 quibus
3230 3802 3430 3870 libant;
3479 3811 3665 3859 etnon

2047 3891 2319 3946 salvabunt
2349 3908 2433 3947 eos
2453 3893 2509 3946 in
2536 3900 2767 3963 tempore
2785 3892 3093 3964 afﬂictionis
3118 3907 3322 3948 eorum.
3344 3893 3467 3950 Non
3496 3909 3667 3951 exau-

2047 3984 2294 4040 ditDeus
2336 3985 2388 4039 in
2431 3993 2677 4054 tempore
2719 3984 3067 4041 necessitatis
3097 3993 3152 4038 et
3195 3985 3460 4054 angustiae
3495 3985 3669 4055 :quia

2047 4086 2102 4132 et
2131 4077 2206 4131 illi
2224 4076 2414 4132 audire
2439 4092 2628 4133 vocem
2658 4077 2871 4133 Domini
2903 4077 3219 4132 noluerunt.
3251 4076 3405 4146 Quod
3436 4086 3493 4133 et
3517 4077 3653 4133 Saul

2048 4185 2241 4242 passus
2271 4178 2377 4226 est.
2399 4170 2534 4224 Cum
2563 4171 2710 4225 enim
2757 4168 3088 4224 Philistbiim
3128 4170 3344 4240 agmina
3394 4167 3652 4225 reformi-

2048 4264 2208 4329 dans,
2232 4267 2454 4322 verbum
2479 4266 2695 4322 Domini
2720 4281 2826 4320 non
2857 4265 3147 4321 meruisset
3190 4265 3462 4333 accipere,
3509 4278 3644 4319 eon-

2048 4372 2243 4413 versus
2286 4365 2373 4413 est
2414 4359 2482 4411 ad
2515 4357 2922 4432 Pythonissam,
2957 4366 3016 4411 ut
3059 4357 3129 4411 ab
3174 4357 3335 4412 idolis
3391 4356 3655 4425 disceret,

2050 4448 2197 4519 quod
2226 4449 2484 4505 instantia
2511 4451 2778 4506 orationis
2808 4466 2873 4507 ac
2901 4448 3126 4507 ﬂetuum
3157 4466 3187 4505 a
3209 4449 3443 4506 Domino
3470 4449 3663 4507 debuit

2051 4552 2383 4613 extorquere
2407 4543 2451 4612 (l
2475 4543 2602 4616 Reg.
2630 4545 2767 4612 xxi).
2801 4552 2824 4580 °
2854 4543 2959 4598 Per
2982 4557 3105 4613 quae
3161 4542 3446 4611 discimus,
3492 4541 3663 4597 etiam

417 4637 605 4710 (Vers.
633 4638 688 4705 7,
717 4633 799 4707 8.)
842 4633 978 4702 Quia
1006 4640 1300 4686 contestans
1328 4637 1647 4684 contestatns
1693 4643 1805 4681 sum
1854 4644 1950 4697 pa-
1974 4625 2028 4686 1)
2056 4634 2101 4691 si
2131 4633 2397 4689 Dominus
2424 4649 2533 4688 non
2564 4633 2888 4703 exaudierit,
2922 4647 3263 4704 nequaquam
3290 4647 3413 4689 esse
3438 4647 3660 4689 cessan-

342 4740 447 4784 tres
498 4740 690 4783 vestros
742 4727 795 4780 in
845 4726 963 4792 die,
987 4740 1092 4794 qua
1120 4723 1276 4776 eduxi
1315 4738 1400 4776 eos
1422 4721 1485 4774 de
1513 4729 1654 4775 terra
1698 4717 1947 4792 .Egypti,

342 4839 506 4895 usque
530 4821 598 4877 ad
630 4822 771 4874 diem
801 4819 956 4873 hanc.
983 4814 1140 4871 Mane
1169 4831 1484 4886 consurgens
1505 4813 1690 4887 [Vulg.
1710 4813 1948 4887 surgens]

342 4922 659 4971 contestatus
681 4930 814 4977 sum,
849 4920 897 4965 et
925 4910 1078 4965 dixi:
1107 4908 1299 4963 Audite
1325 4924 1497 4964 vocem
1541 4924 1706 4962 meam
1729 4924 1749 4974 ;
1770 4916 1818 4962 et
1845 4924 1949 4962 non

343 5012 641 5076 audierant,
668 5023 758 5061 nec
788 5004 1165 5061 inclinaverunt
1188 5019 1366 5057 aurem
1392 5019 1565 5063 suam.
1589 5002 1681 5056 sed
1705 5001 1950 5056 abierunt

344 5104 694 5174 unusquisque
711 5102 763 5154 in
794 5098 1050 5168 pravitate
1080 5096 1253 5149 cordis
1279 5095 1362 5149 sui
1393 5095 1540 5159 mali,
1575 5106 1624 5148 et
1645 5095 1831 5148 induxi
1856 5110 1948 5148 su-

346 5218 436 5272 per
451 5216 537 5253 eos
566 5197 740 5251 omnia
766 5192 918 5248 verba
949 5191 1087 5262 pacti
1113 5190 1292 5263 hujus,
1342 5188 1482 5259 quod
1514 5188 1739 5259 prwcepi
1767 5197 1825 5241 ut
1856 5188 1941 5258 fa.

347 5287 582 5345 cerent.b
604 5288 896 5357 ﬂuensque
920 5285 971 5339 in
996 5283 1352 5355 Septuaginta
1376 5296 1482 5336 non
1506 5280 1762 5347 habetur,
1789 5287 1938 5352 quod

419 5458 444 5486 ε
484 5445 605 5500 Duo
638 5458 795 5506 mss...
824 5458 940 5512 qute
959 5444 1100 5498 dicta
1129 5454 1271 5498 sunt.

417 5517 446 5557 δ
485 5518 564 5571 Ad
589 5516 748 5571 [idem
778 5514 938 5569 trium
970 5529 1104 5571 mss.
1144 5524 1202 5568 et
1225 5513 1433 5570 llabani
1466 5514 1774 5570 amovimus
1825 5516 1951 5571 hinc

348 5588 537 5657 verba,
562 5599 608 5640 et
633 5603 737 5657 non
768 5590 1024 5655 fecerunt,
1076 5586 1483 5657 quteccgntinua
1516 5584 1660 5640 serie
1697 5586 1750 5640 in
1789 5597 1949 5642 antea

346 5656 529 5715 editis
551 5656 927 5711 subdebantur
974 5665 1164 5712 contra
1191 5656 1251 5712 S.
1277 5656 1530 5711 Doctoris
1562 5669 1821 5723 tuentem,
1856 5660 1951 5727 qui

349 5745 415 5784 ea
437 5729 593 5798 patilo
619 5739 739 5799 post
769 5742 870 5781 suo
897 5729 1015 5799 loco
1043 5728 1260 5795 recitat,
1281 5736 1339 5780 ut
1370 5742 1497 5799 qnte
1518 5728 1674 5799 sinta
1698 5726 1843 5783 LXX
1871 5726 1953 5784 in-

347 5798 1095 5873 terpretibusprxterntissa,
1122 5815 1232 5873 uno
1260 5799 1457 5855 obtutu
1486 5798 1776 5870 intelligas.

334 5913 347 5927 .
428 5868 452 5912 ε
476 5870 787 5941 Legendum
815 5877 925 5937 est,
948 5868 1123 5941 inquit
1149 5868 1378 5930 Vietor..
1395 5886 1510 5942 gate
1534 5868 1795 5925 merentur
1813 5872 1953 5924 acri-

2056 4727 2205 4794 dum,
2262 4742 2364 4782 nec
2406 4725 2830 4798 confugiendum
2862 4726 2931 4781 ad
2963 4727 3274 4792 daemones,
3303 4725 3393 4796 qui
3422 4725 3671 4783 cultores

2057 4836 2187 4878 suos
2210 4821 2469 4893 adjuvare
2499 4837 2605 4877 non
2634 4831 2859 4890 possunt
2886 4837 2902 4886 ;
2932 4819 3028 4876 sed
3058 4819 3125 4875 ad
3157 4818 3376 4874 Domini
3402 4819 3668 4875 auxilium

2056 4916 2146 4986 qui
2176 4915 2287 4970 cito
2309 4915 2481 4969 iratus
2501 4913 2755 4983 ﬂectitur,
2787 4922 2843 4968 et
2870 4921 3045 4968 mutat
3066 4911 3479 4981 sententiam,si
3506 4921 3561 4967 ct
3581 4910 3665 4981 hi,

2057 5008 2257 5079 quibus
2306 5007 2475 5063 iratus
2524 5006 2707 5076 luerit,
2764 5012 3193 5061 commutentur.
3249 5003 3445 5059 Totum
3470 5014 3656 5059 autem

2056 5100 2199 5175 quod
2252 5114 2394 5155 nunc
2447 5098 2664 5164 dicitur,
2706 5098 2773 5154 ad
2805 5099 3008 5153 tribum
3038 5095 3174 5153 Juda
3204 5096 3467 5167 pertinet,
3495 5103 3552 5151 et
3573 5110 3661 5149 ur-

2052 5195 2175 5250 bem
2203 5194 2536 5259 Jerusalem,
2561 5194 2761 5264 quibus
2792 5194 2963 5249 instat
2988 5191 3301 5263 captivitas.

2118 5286 2302 5359 (Vers.
2348 5284 2464 5359 l5.)
2516 5285 2820 5341 Secundum
2877 5286 3015 5341 enim
3067 5299 3343 5339 numerum
3394 5280 3664 5336 civitatum

2058 5459 2181 5516 pere
2202 5445 2417 5516 (absque
2438 5454 2487 5500 et
2514 5446 2731 5516 copula.

2130 5511 2157 5552 ά
2197 5508 2477 5570 Duo-mss.
2509 5508 2736 5586 ipsaque
2768 5514 2993 5586 Hieron.
3038 5512 3220 5586 versio
3248 5511 3515 5586 inducam.
3557 5508 3664 5566 He-

2056 5585 2240 5642 braice
2263 5598 2443 5641 autem
2467 5581 2550 5642 est
2574 5581 2749 5650 nun,
2779 5584 3046 5640 etGrtece
3093 5584 3290 5657 iniqu:
3337 5581 3506 5657 Paulo
3534 5591 3663 5651 post

2053 5667 2193 5721 erat,
2251 5658 2527 5711 exaudiam
2553 5673 2662 5722 vos,
2694 5672 2790 5724 pro
2833 5671 2939 5720 eos,
2994 5658 3143 5726 quod
3174 5650 3243 5709 ex
3269 5650 3463 5707 iisdem
3521 5650 3657 5707 mss.

2052 5742 2318 5795 sacroque
2343 5738 2494 5783 textu
2535 5729 2898 5782 restituimus.

2131 5807 2155 5836 θ
2196 5794 2254 5853 In
2284 5799 2488 5869 aliquot
2509 5814 2668 5866 mss.,
2698 5797 3002 5867 plerumque
3023 5794 3290 5850 discimus.
