3972 6318
377 318 485 387 755
1644 306 1701 366 S.
1744 294 2015 365 EUSEBli
2056 292 2439 358 HlERUNYiIl
3032 298 3035 301 ’
3572 292 3674 353 756

375 457 584 502 tuarum
604 456 749 502 erant
771 442 845 498 dii
874 443 948 495 tui
968 428 1134 504 Juda,
1162 445 1207 492 et
1247 428 1531 491 secundum
1568 440 1837 488 numerum
1861 428 1970 483 via-
1997 430 2052 496 Α
2076 412 2440 479 meminerunt
2469 416 2645 479 'viduat
2678 418 2823 478 illius
2857 420 2907 476 in
2939 414 3269 492 Evangelia,
3293 428 3414 492 qua:
3443 410 3499 474 in
3519 427 3679 490 gazo-

376 557 493 594 rum
522 530 810 593 Jerusalem
839 533 1059 605 posuisti
1076 530 1185 604 [AL
1209 526 1477 602 posuistis]
1502 542 1623 581 aras
1652 514 1972 593 confusionis
2073 510 2381 605 phylacium
2409 517 2516 572 dno
2543 522 2649 573 aera
2683 506 2970 585 mittendo,
2998 510 3247 572 omnium
3282 508 3514 569 divitum
3547 504 3680 568 vicit

372 641 397 669 ιι
429 632 500 684 ad
527 630 792 684 libandum
816 625 1048 681 Baalim.
1083 622 1353 694 Legamus
1377 614 1582 692 Regum
1611 625 1666 675 et
1688 608 1971 685 Paralipo-

376 738 577 777 menon
614 718 784 776 liliros
808 712 896 791 (IV
934 717 1060 790 Reg.
1088 732 1198 783 xxi,
1230 706 1271 769 11
1304 704 1489 767 Paral.
1512 708 1727 779 tuin),
1756 716 1809 763 et
1827 698 1977 762 inve—

375 814 595 869 niemns
619 812 814 867 ludam
846 821 900 865 et
930 800 1234 865 Jerusalem
1276 806 1445 861 multo
1492 818 1650 875 quam
1685 794 1855 855 lsrael
1885 814 1978 869 pe-

370 909 491 981 jora
527 909 742 976 fecisse,
771 916 824 960 ιιι
854 915 988 976 quot
1008 894 1277 959 habebant
1301 902 1483 963 nrbes,
1522 909 1600 953 tot
1628 892 1889 981 baberent
1924 901 1979 948 et

377 993 647 1057 idolotuni
704 998 917 1069 species
948 1018 959 1052 :
985 1007 1037 1052 et
1069 1007 1200 1067 quot
1227 1003 1386 1050 erant
1416 993 1468 1046 in
1516 990 1649 1045 urbe
1677 977 1977 1069 Jerusalem

375 1096 570 1166 platea:
603 1105 657 1148 et
685 1068 891 1148 viarum
917 1091 1115 1160 capita,
1141 1087 1220 1141 tot
1260 1076 1525 1140 baberent
1550 1098 1674 1137 aras
1707 1081 1760 1134 in
1791 1068 1980 1134 conlu-

375 1190 586 1243 sionem
604 1201 784 1251 suam,
808 1187 861 1240 in
878 1183 1075 1256 quibus
1091 1172 1254 1237 idolis
1276 1177 1478 1235 Baalim
1505 1170 1757 1233 victimas
1787 1168 1983 1230 immu-

376 1282 577 1336 larent.

445 1372 630 1444 (Vers.
664 1360 780 1441 Η.)
810 1358 886 1423 Tu
910 1384 1031 1441 ergo
1058 1359 1167 1422 noli
1201 1382 1349 1420 orare
1389 1379 1483 1436 pro
1512 1361 1709 1437 populo
1760 1354 1878 1426 hoc,
1934 1367 1984 1414 et

380 1482 445 1519 ne
487 1481 723 1519 assumas
773 1480 867 1535 pro
909 1460 979 1517 eis
1024 1457 1228 1516 laudem
1282 1467 1327 1511 et
1373 1456 1660 1511 orationem
1695 1444 1858 1525 :quia
1882 1468 1985 1507 non

381 1550 657 1612 exaudiam
712 1555 763 1610 in
812 1536 1044 1623 tempore.
1083 1546 1327 1607 clamoris
1354 1566 1528 1604 eorum
1548 1544 1618 1602 ad
1648 1563 1747 1612 me,
1778 1547 1829 1600 in
1861 1553 1989 1599 tent-

384 1667 508 1719 pore
529 1650 837 1720 afflictionis
861 1662 1062 1701 eorum.
1093 1636 1411 1715 Praecipitnr
1450 1636 1724 1709 Ieremia},
1760 1655 1829 1695 ne
1859 1628 1989 1694 velit

2075 601 2303 669 donaria
2329 602 2521 684 (Marc.
2554 614 2672 682 an).

2151 696 2333 779 (Ver‘s.
2373 696 2483 778 17.)
2516 694 2582 758 Et
2615 696 2868 759 Dominus
2897 696 3241 765 exercituum,
3276 700 3369 773 oui
3424 692 3684 771 plantavit

2078 807 2146 864 te,
2197 788 2397 854 locutus
2450 806 2524 852 est
2574 810 2729 870 super
2761 805 2809 851 te
2856 795 3089 861 malum,
3150 811 3241 864 pro
3297 788 3450 848 matis
3500 782 3686 846 domis

2081 888 2251 947 Israel
2278 902 2321 946 et
2349 891 2531 946 domus
2554 888 2718 954 Iuda,
2744 908 2860 960 qua:
2884 891 3115 962 fecerunt
3146 880 3249 943 sibi
3282 886 3349 943 ad
3376 880 3687 943 irritandam

2082 998 2183 1051 ine,
2218 980 2435 1041 libantes
2463 972 2690 1041 Baulim.
2724 976 3208 1055 Olivamrinquit,
3241 974 3512 1050 .uberet'n,
3565 968 3687 1051 pul-

2083 1078 2301 1145 cbram,
2327 1068 2669 1135 fructiferam
2703 1070 2925 1135 vocarit
2950 1076 3002 1133 te
3036 1068 3301 1132 Dominus
3334 1082 3458 1130 tuus
3481 1117 3498 1141 ,
3524 1081 3690 1145 atque

2085 1166 2375 1246 plantavit.
2412 1168 2519 1229 Sed
2545 1172 2670 1244 quia
2704 1166 2772 1227 ad
2800 1182 2997 1226 vocem
3022 1160 3261 1240 loquelzr;
3290 1210 3305 1235 ,
3337 1162 3564 1239 grandis
3594 1156 3691 1221 Dei

2086 1257 2141 1322 in
2173 1274 2223 1322 te
2251 1256 2469 1321 ﬂamma
2496 1264 2809 1330 descendit,
2836 1270 2890 1319 et
2909 1254 3256 1334 consumpsit
3288 1270 3481 1317 omnes
3508 1268 3694 1315 ramos

2089 1362 2230 1423 luos,
2264 1364 2556 1431 propterea
2586 1352 2677 1429 qui
2704 1366 2757 1414 te
2787 1356 3161 1429 plautavet‘al,
3189 1362 3332 1410 nunc
3357 1343 3578 1409 loeutus
3607 1360 3695 1408 est

2088 1469 2257 1523 super
2283 1465 2333 1507 te
2363 1452 2564 1506 malum
2595 1469 2607 1505 :
2644 1467 2751 1505 non
2781 1451 3076 1521 iniquitate
3118 1438 3432 1514 sententia“,
3465 1454 3569 1502 nec
3600 1454 3694 1499 su-

2090 1537 2202 1601 bila
2230 1546 2499 1616 pravitate
2529 1538 2839 1608 Sermonis;
2873 1530 2973 1598 sed
2998 1549 3095 1611 'pl‘n
3126 1532 3285 1596 malls
3307 1548 3429 1610 qua:
3450 1530 3695 1594 iecerunt

2093 1634 2198 1695 sibi
2222 1628 2417 1694 domus
2446 1630 2614 1693 lsrael
2640 1638 2696 1693 et
2723 1632 2923 1691 domus
2966 1624 3103 1690 luds
3132 1676 3147 1700 ,
3180 1634 3237 1689 et
3277 1624 3526 1687 studiose
3571 1636 3699 1699 ege-

385 1718 484 1813 pro
667 1734 953 1795 Dominum
1013 1734 1321 1807 deprecari,
1354 1733 1408 1789 in
1433 1750 1571 1805 quos
1594 1728 1705 1804 jam
1740 1744 1825 1786 est
1856 1747 1993 1785 con-
2022 1810 2031 1813 Α
2094 1739 2222 1787 runt
2254 1720 2491 1786 libantes
2522 1718 2758 1796 Baalim,
2787 1734 2845 1783 ut
2868 1744 2956 1783 mc
3004 1727 3071 1782 ad
3122 1720 3469 1782 iracundiam
3496 1726 3699 1794 provo-

385 1810 655 1887 summatzt
691 1832 960 1887 sententia
992 1848 1005 1883 :
1034 1846 1100 1884 ne
1122 1829 1371 1883 videatur
1396 1818 1574 1881 oratio
1597 1825 1715 1896 ejus
1742 1816 1979 1890 inlirma,
2012 1810 2059 1880 Β
2087 1828 2296 1880 carent.
2326 1816 2575 1895 Cumque
2606 1820 2778 1893 possit
2807 1814 2952 1876 Deus
2976 1816 3161 1875 facete
3195 1826 3317 1889 quas
3342 1810 3484 1882 Vult,
3516 1812 3699 1870 reddit

388 1938 441 1981 ot
468 1920 702 1997 propriis
724 1918 1021 1980 sceleribus
1050 1939 1157 1979 nOn
1176 1916 1444 1976 exaudiri.
1472 1912 1614 1990 Noli,
1643 1914 1841 1991 inquit,
1870 1934 1991 1974 ora-

388 2034 447 2073 re
472 2034 568 2089 pro
582 2017 679 2083 eis,
700 2033 800 2071 nec
824 2008 1038 2070 laudem
1062 2029 1366 2078 assumere,
1392 2024 1443 2067 ut
1463 2006 1779 2083 replicando
1794 2000 1993 2066 veteris

390 2110 634 2165 historia:
659 2102 1028 2173 clementiam,
1054 2123 1157 2178 qua
1190 2106 1271 2163 eis
1302 2120 1525 2176 semper
1549 2105 1807 2160 misertus
1845 2112 1988 2170 sum,

393 2215 447 2260 et
481 2194 774 2271 laudando,
801 2218 975 2257 meam
1011 2200 1203 2257 nitaris
1238 2210 1450 2254 minare
1481 2192 1833 2254 sententiam.
1867 2184 1987 2251 Etsi

392 2297 538 2350 enim
568 2297 669 2351 hoc
702 2288 923 2357 feceris,
955 2311 1063 2349 non
1090 2284 1374 2349 exaudiam
1415 2306 1532 2360 eos,
1568 2292 1658 2363 qui
1691 2305 1778 2345 me
1805 2304 1998 2344 neces-

391 2390 573 2446 sitatis
606 2399 849 2457 tempore
879 2401 1073 2457 rogare
1101 2395 1387 2456 coguntur.
1411 2374 1487 2441 Ex
1516 2378 1713 2455 quibus
1734 2370 1997 2438 discimus

392 2480 597 2535 fl‘lhll‘ﬂ
623 2481 859 2551 aliquem
890 2494 1083 2551 rogare
1114 2494 1214 2549 pro
1244 2468 1375 2547 alio,
1429 2493 1552 2534 cum
1588 2466 1677 2531 ille
1727 2492 1833 2530 non
1884 2489 1997 2529 me-

396 2583 581 2627 reatur
606 2574 877 2644 accipere,
909 2588 1007 2642 pro
1035 2586 1144 2642 quo
1176 2581 1396 2642 rogatur
1426 2571 1588 2625 Dens.

469 2667 772 2738 (\'ers.15,
806 2665 921 2738 l6.)
963 2656 1103 2730 Quid
1132 2675 1230 2729 est,
1290 2664 1430 2734 quod
1484 2656 1700 2716 dilectus
1754 2678 1894 2716 meus
1944 2662 1999 2716 in

401 2758 555 2811 domo
584 2748 747 2830 921
778 2772 891 2810 mea
914 2757 1035 2825 fecit
1060 2755 1254 2809 scelera
1276 2756 1437 2809 multa
1462 2757 1484 2808 ?
1508 2742 1780 2824 Numquid
1820 2770 2001 2809 carnes

398 2862 591 2903 sunclte
617 2853 857 2918 auferent
888 2864 918 2900 a
945 2856 993 2901 te
1022 2847 1251 2900 malitias
1273 2855 1411 2905 tuas.
1441 2836 1494 2900 in
1545 2845 1732 2917 quibus
1770 2844 2001 2917 gloriola

398 2959 450 2995 es
471 2944 496 2996 Ρ
525 2941 727 2995 Olivam
758 2941 984 3004 uberem,
1016 2930 1306 3010 pulchrum,
1341 2940 1686 3011 fructiferam,
1718 2940 2003 3010 speciosam

400 3034 595 3087 vocavit
623 3031 882 3087 Dominus
906 3048 1087 3086 nomen
1119 3041 1261 3084 tuum
1289 3049 1306 3086 :
1336 3031 1404 3084 ad
1423 3047 1593 3086 vocem
1613 3028 1828 3102 loquelw
1848 3047 2006 3103 gran-

402 3129 484 3183 dis
531 3129 723 3183 exarsit
770 3128 905 3200 ignis
939 3128 988 3180 in
1021 3143 1101 3193 ea,
1128 3134 1176 3180 et
1204 3125 1468 3180 combusta
1495 3133 1613 3180 sunt
1642 3129 1833 3196 fruteta
1866 3127 1999 3197 ejus.

2095 1934 2291 1975 cauSas
2326 1934 2391 1972 ne
2420 1916 2607 1973 facere
2631 1908 2887 1970 videatur
2919 1906 3151 1985 injuste,
3192 1904 3360 1985 922
3387 1897 3699 1965 secundum

2096 2004 2253 2081 illud,
2286 2011 2430 2083 quod
2456 2011 2720 2081 scriptum
2748 2012 2869 2065 est:
2906 1996 2975 2064 Ut
2997 1996 3307 2081 jttslif'iceris
3360 1996 3413 2058 in
3446 1994 3701 2059 sermoni-

2100 2106 2191 2159 bus
2225 2105 2346 2171 tuis,
2380 2104 2425 2158 et
2452 2106 2625 2158 vincas
2655 2116 2772 2157 cum
2791 2098 3054 2177 judicaris
3088 2099 3205 2172 (Ps.
3237 2116 3288 2163 ι..
3321 2094 3401 2170 6).

2172 2199 2354 2273 (Verg.
2395 2190 2459 2255 is
2483 2196 2665 2269 seqq.)
2697 2190 2776 2253 Tu
2807 2204 3012 2263 autem,
3066 2184 3301 2259 Domine,
3335 2189 3698 2247 damnaui

2100 2292 2248 2358 mihi,
2273 2303 2322 2347 et
2348 2292 2563 2363 cognovi
2602 2308 2620 2346 :
2651 2301 2705 2345 tu
2736 2290 3011 2345 ostendisti
3042 2287 3171 2343 milii
3200 2288 3376 2342 studia
3418 2298 3623 2353 eorum,
3650 2295 3697 2341 rt

2101 2403 2196 2460 ego
2223 2385 2374 2457 quasi
2402 2394 2570 2457 agnus
2592 2391 2921 2447 mansuetus,
2942 2382 3029 2453 qui
3055 2390 3295 2453 portatur
3322 2379 3391 2433 ad
3424 2380 3697 2445 victimam,

2102 2492 2150 2535 et
2182 2497 2283 2534 non
2309 2479 2524 2550 cognovi
2550 2478 2673 2550 quia
2717 2493 2874 2546 super
2928 2492 3008 2531 nte
3058 2475 3410 2547 cogitaverunt
3463 2472 3700 2527 consilia.

2105 2572 2377 2627 Mittamus
2398 2572 2597 2643 lignum
2622 2572 2674 2625 in
2698 2586 2886 2641 partem
2914 2572 3048 2643 ejus,
3089 2577 3137 2625 et
3160 2578 3489 2622 conteramus
3516 2565 3697 2640 [Vulg.

2105 2666 2405 2738 erudamusj
2416 2683 2530 2720 eum
2553 2666 2616 2720 de
2647 2675 2782 2719 terra
2800 2665 3097 2726 viventium,
3127 2673 3173 2719 et
3197 2680 3258 2716 ne
3283 2671 3598 2717 memorstur
3614 2676 3704 2714 uo-

2108 2778 2221 2815 men
2251 2765 2365 2829 ejus
2395 2757 2637 2832 amplius.
2664 2756 2744 2812 Tu
2776 2766 2971 2822 autem,
2999 2756 3215 2810 Domine
3245 2754 3482 2822 sabaotlt,
3509 2754 3593 2824 qui
3612 2756 3703 2825 ju-

2106 2855 2250 2909 dicas
2270 2858 2439 2927 juste,
2471 2865 2516 2908 ct
2562 2853 2747 2923 probas
2797 2869 2946 2907 renes
2971 2862 3017 2905 et
3048 2868 3138 2905 cor
3166 2868 3184 2905 :
3216 2850 3415 2905 videam
3457 2848 3704 2903 ultionem

2108 2958 2251 3004 tuam
2275 2966 2337 3003 eo;
2361 2950 2432 3002 eis
2456 2964 2474 3002 :
2496 2948 2590 3003 tibi
2615 2947 2748 3001 enim
2774 2947 2992 3001 revelari
3014 2961 3227 3007 causam
3251 2942 3704 2999 ineant.0mttium

2111 3040 2485 3097 Eccleslarum
2516 3042 2620 3094 iste
2646 3051 2732 3096 est
2752 3055 3084 3103 consensus,
3129 3048 3187 3092 ut
3215 3037 3322 3093 sub
3356 3052 3591 3108 persona
3617 3034 3710 3092 Je-

2111 3133 2322 3197 retniat,
2354 3149 2385 3188 ο
2409 3131 2631 3188 Christo
2660 3132 2779 3186 Ita'c
2799 3130 2914 3186 dici
2938 3131 3268 3201 intelligant,
3291 3128 3442 3200 quod
3464 3130 3513 3183 ci
3546 3127 3707 3184 Pater

405 3218 670 3276 Dilectum
700 3231 753 3275 ct
786 3210 1216 3274 amautis~itnum
1244 3230 1400 3272 vocat
1428 3217 1683 3287 populum
1710 3208 1871 3279 .lnda,
1907 3217 1998 3286 qui
2028 3206 2072 3276 Ε
2109 3225 2540 3289 ηιθηειιιεινει-ῑι,
2588 3223 2868 3294 quomodo
2917 3238 3042 3277 eum
3103 3231 3357 3292 Oporteat
3410 3220 3603 3291 loqui,
3651 3227 3707 3277 at

405 3318 458 3368 in
490 3316 722 3385 Tetnplo
749 3316 868 3384 ejus
898 3315 1096 3382 pttsllil,
1123 3322 1177 3368 et
1200 3322 1488 3369 veneratus
1518 3320 1603 3367 est
1644 3312 1810 3380 idola,
1855 3320 1909 3367 et
1952 3304 2002 3365 in

402 3426 468 3461 eo
498 3426 558 3463 se
590 3419 739 3478 putat
767 3410 900 3463 iram
945 3400 1038 3463 Dei
1075 3407 1326 3478 placare,
1367 3404 1409 3461 si
1441 3408 1638 3460 multas
1671 3398 1882 3459 Itosliits‘
1905 3397 2006 3459 im-

406 3502 592 3568 molet,
624 3514 673 3556 et
701 3501 971 3570 gloriatur
1000 3501 1049 3553 in
1070 3491 1462 3554 Sacriﬁciorntn
1493 3498 1868 3563 multitudine,
1883 3511 2006 3567 qua:

406 3593 641 3648 malitias
674 3601 1022 3661 peccatorum
1055 3594 1268 3645 auferre
1299 3607 1406 3645 non
1432 3600 1678 3660 possunt.
1709 3590 2007 3659 Comparat

402 3697 583 3737 autem
620 3676 943 3746 Jerusalem,
968 3671 1082 3735 sive
1115 3697 1334 3736 omnem
1379 3681 1631 3750 pojmlmn
1662 3670 2001 3747 Judzeorum,

360 3852 363 3855 ν
406 3777 564 3830 oliva:
607 3776 877 3846 pulcbrm,
909 3783 1071 3844 atque
1103 3774 1420 3836 l'ructil‘erm,
1472 3790 1593 3843 qua!
1641 3776 1879 3829 exaltata
1911 3789 2007 3842 per

406 3871 742 3940 superbiam,
773 3884 1113 3939 nequaquam
1138 3870 1246 3938 egit
1274 3869 1569 3935 humiliter,
1601 3882 1703 3923 nec
1734 3856 2006 3922 intellexit

405 3964 722 4018 Creatorem
752 3976 807 4017 et
829 3962 1230 4016 dominatorem
1274 3975 1432 4015 suum
1457 3975 1472 4026 ;
1505 3961 1598 4015 sed
1626 3959 1770 4015 elata
1797 3975 1893 4030 per
1916 3974 2008 4014 su-

406 4058 672 4127 perbiam,
705 4054 754 4112 ei
789 4057 971 4113 locuta
999 4055 1305 4127 granditer,
1349 4053 1568 4109 Domini
1626 4055 1747 4124 igne
1774 4069 2006 4110 succen-

406 4162 465 4201 sn
493 4158 615 4214 est;
642 4150 715 4201 ita
743 4158 795 4202 ut
828 4150 1285 4203 comburerentur
1315 4158 1369 4202 et
1417 4147 1794 4216 redigerentur
1823 4146 1889 4200 ad
1925 4136 2008 4200 ni-

409 4240 578 4294 bilum
607 4240 765 4306 rami,
796 4241 909 4295 sive
941 4242 1141 4295 truteta
1166 4230 1306 4310 ejus,
1341 4228 1392 4295 id
1419 4247 1523 4307 est,
1555 4230 1731 4294 omnis
1775 4238 2009 4309 pOpulus

404 4330 842 4386 adversariorum
865 4322 1046 4401 gladio
1074 4330 1369 4387 deleretur.
1400 4330 1497 4385 llic
1526 4344 1723 4387 sensus
1750 4320 1875 4385 etin
1899 4320 2007 4386 alio

405 4427 527 4479 loco
555 4435 637 4479 est
663 4422 817 4496 (Cap.
845 4423 932 4496 ιι),
984 4418 1075 4478 ubi
1106 4423 1310 4479 dicitur
1332 4421 1398 4478 ad
1425 4414 1733 4479 Jerusalem
1770 4440 1782 4478 :
1816 4410 1929 4497 Ego
1959 4432 2008 4478 te

404 4516 637 4586 plantavi
667 4517 863 4571 vineam
882 4514 911 4553 δ
942 4517 1272 4589 frugiferam,
1318 4526 1519 4570 omnem
1546 4532 1717 4571 veram
1742 4532 1760 4571 :
1789 4532 2004 4587 quomo-

2109 3316 2409 3372 ostendrrit
2436 3316 2514 3372 illi
2537 3317 2716 3371 studia
2736 3315 3075 3384 Judaeorum,
3098 3326 3151 3369 et
3180 3315 3321 3386 ipse,
3344 3315 3503 3385 quasi
3533 3329 3707 3384 agitus

2109 3410 2304 3466 ductus
2326 3410 2393 3465 ad
2426 3410 2729 3473 victimam,
2765 3427 2870 3463 non
2902 3408 3187 3482 aperuerit
3210 3425 3271 3462 ns
3302 3424 3488 3472 suum,
3514 3416 3574 3462 et
3602 3423 3710 3464 non

2108 3505 2449 3573 cognoverit,
2480 3502 2807 3558 subauditur
2833 3513 3118 3572 peccatum
3144 3517 3160 3566 ;
3187 3502 3341 3571 juxta
3372 3501 3513 3556 illud
3561 3500 3709 3571 quod

2108 3594 2177 3649 ab
2197 3593 2456 3663 apostolo
2480 3593 2686 3647 dicitur
2715 3611 2727 3647 :
2756 3593 2856 3659 Qui
2879 3609 2995 3646 cum
3026 3610 3126 3646 non
3153 3593 3471 3664 cognovisset
3527 3608 3709 3662 pecca-

2108 3693 2240 3750 tum,
2275 3701 2369 3755 pro
2411 3685 2555 3739 nobis
2603 3694 2868 3757 peccatutn
2916 3688 3086 3755 factus
3133 3695 3205 3739 est
3259 3700 3279 3739 :
3323 3692 3379 3741 et
3420 3676 3708 3739 dixerint:

2111 3775 2385 3831 Mittamus
2407 3776 2607 3850 lignum
2633 3778 2687 3830 in
2711 3793 2897 3849 panem
2922 3780 3062 3850 ejus,
3094 3790 3313 3831 crucem
3354 3776 3616 3831 videlicet
3654 3777 3707 3831 in

2108 3885 2313 3940 corpus
2335 3869 2673 3925 Salvatoris.
2706 3869 2831 3939 Ipse
2860 3877 2947 3925 est
2973 3869 3120 3924 enim
3160 3869 3249 3938 qui
3283 3860 3359 3923 ait
3392 3888 3403 3922 :
3436 3865 3552 3941 Ego
3597 3884 3711 3922 sum

2108 3966 2280 4036 panis,
2312 3966 2397 4036 qui
2426 3962 2489 4017 de
2513 3962 2643 4017 ctelo
2671 3960 2947 4017 descendi:
2973 3971 3027 4017 et
3056 3961 3398 4027 eradicentus,
3428 3961 3550 4016 sive
3580 3972 3708 4013 can-

2109 4067 2331 4113 teramus
2360 4073 2476 4112 eum
2501 4050 2563 4111 de
2590 4066 2727 4111 terra
2763 4044 3037 4109 dicentium
3063 4051 3244 4127 (Joan.
3281 4070 3332 4109 Vl
3362 4094 3378 4121 ,
3423 4046 3544 4124 31}.
3598 4040 3709 4109 lloc

2109 4152 2256 4207 enim
2282 4151 2467 4207 scelus
2495 4150 2681 4205 animo
2711 4150 3121 4218 cogitaverunt,
3149 4157 3209 4202 ut
3242 4162 3443 4203 nomen
3473 4136 3595 4214 ejus
3617 4146 3713 4201 de-

2107 4245 2284 4300 lerent
2312 4245 2366 4300 in
2393 4252 2736 4315 perpetuum.
2771 4242 2880 4299 Sed
2904 4257 2934 4297 e
2953 4242 3237 4297 contrario
3257 4242 3411 4311 juxta
3437 4239 3708 4310 assumpti

2108 4337 2362 4407 corporis
2389 4346 2800 4395 sacramentum
2833 4335 3077 4406 loquitur
3121 4333 3265 4388 Illius
3291 4334 3357 4389 ad
3381 4334 3624 4399 Patrem,
3652 4339 3709 4388 et

2109 4430 2733 4502 imprecatnrjndicimn
2765 4429 2909 4499 ejus,
2945 4428 3073 4483 dum
3109 4427 3295 4484 laudat
3316 4428 3589 4500 justitiam
3614 4467 3629 4493 ,
3652 4435 3707 4483 et

2109 4521 2481 4591 inSpectorem
2510 4521 2663 4577 renis
2696 4528 2751 4577 et
2776 4519 2961 4575 cordis
2986 4521 3199 4575 invocat
3230 4519 3401 4576 Deum
3429 4562 3443 4585 ,
3476 4529 3536 4574 nt
3590 4520 3706 4591 ipse

406 4611 471 4663 do
494 4627 737 4665 conversa
758 4627 809 4665 es
832 4610 885 4665 in
912 4611 1315 4665 amaritudinem
1349 4612 1467 4666 vitis
1513 4611 1732 4666 aliena?
1776 4598 2005 4679 Quando
2031 4605 2083 4668 Β
2111 4613 2300 4668 reddat
2333 4628 2364 4683 p
2389 4613 2532 4681 ipnlo
2559 4611 2705 4683 quod
2733 4619 3016 4676 meretur,
3046 4622 3100 4664 et
3147 4604 3280 4667 dicit
3316 4629 3329 4665 :
3361 4610 3582 4666 Videam
3625 4612 3709 4666 ul-

406 4694 764 4758 destruuntur
797 4704 1051 4758 macerim
1082 4694 1248 4771 illius,
1277 4711 1335 4758 et
1363 4713 1539 4758 vastat
1585 4718 1705 4758 eam
1758 4719 1892 4773 aper
1934 4692 2004 4758 de

400 4796 559 4863 sitm,
590 4804 646 4851 et
661 4813 854 4853 omnes
884 4795 1078 4851 bestia:
1102 4786 1367 4851 devorant
1404 4795 1610 4852 fructus
1633 4786 1821 4864 illius(
1850 4786 2000 4851 Psal.

402 4886 643 4958 Lxxvm),
676 4889 923 4944 dicamus
950 4890 1092 4944 istud
1126 4888 1420 4959 capitulum
1453 4880 1786 4959 principibus
1819 4880 2009 4945 Eccle-

401 4981 606 5035 siarnm
642 4998 653 5034 :
691 4982 829 5046 Quid
880 4989 953 5035 est
1006 4984 1145 5053 quod
1192 4983 1413 5037 dilectus
1464 4999 1602 5037 meus
1626 4982 1679 5036 in
1702 4981 1857 5037 domo
1890 5000 2002 5037 mea

403 5075 523 5145 fecit
549 5072 746 5127 scelera
805 5075 1009 5128 multa?
1062 5066 1159 5129 Vel
1212 5083 1361 5131 certe
1407 5074 1689 5143 divitibus,
1739 5076 1831 5147 qui
1877 5073 2001 5132 cﬂm

400 5163 579 5219 aliena
604 5164 890 5235 diripiant,
923 5164 1106 5220 etnon
1140 5154 1391 5221 auferant
1415 5168 1651 5222 malitias
1670 5156 1854 5224 cordis
1888 5168 1999 5235 sui,

401 5267 589 5326 putant
618 5274 677 5313 se
703 5246 795 5312 Dei
823 5248 1173 5313 clementiam
1222 5262 1423 5315 mereri
1453 5279 1463 5315 :
1503 5251 1775 5331 Numquid
1822 5268 2002 5316 carnes

398 5361 594 5407 sanctae
637 5353 872 5421 auferent
894 5371 927 5407 a
957 5364 1005 5408 te
1032 5353 1263 5408 malitias
1295 5363 1434 5421 tuus,
1467 5356 1522 5409 in
1544 5355 1733 5425 quibus
1768 5356 2001 5425 gloriola

394 5445 490 5498 est
522 5448 591 5499 At
616 5452 761 5501 nam
789 5446 1005 5517 putatae
1032 5446 1337 5503 recitantur
1362 5446 1707 5503 ott‘erentinm
1735 5442 1957 5505 nomina
1980 5495 1995 5520 ,

398 5544 452 5590 et
485 5534 792 5609 redemptio
826 5542 1187 5610 pacatorum
1241 5526 1484 5595 mntat‘ttr
1512 5532 1569 5596 in
1614 5534 1831 5597 laudem
1859 5560 1869 5595 :
1897 5552 1999 5599 nec

470 5715 777 5805 iiii-etii“?!
799 5719 1071 5776 Hebralco
1108 5722 1445 5805 Vulgataque
1486 5723 1727 5780 editione
1782 5722 1993 5782 addidit

393 5801 408 5843 1
429 5799 615 5843 ursum
640 5802 781 5869 aras.

2107 4705 2297 4760 tionem
2327 4714 2465 4759 tuum
2491 4720 2557 4758 ea:
2584 4703 2681 4770 eis,
2708 4718 2902 4759 eorum
2931 4686 3220 4770 videlicet,
3254 4704 3344 4774 qni
3392 4705 3445 4758 in
3494 4702 3705 4760 scelere

2111 4804 2484 4866 perseverant,
2519 4804 2575 4851 et
2599 4811 2706 4850 non
2731 4811 2946 4863 eorum,
2980 4796 3077 4867 qui
3107 4805 3398 4853 vertuntur
3428 4796 3535 4869 [ΑΙ.
3571 4811 3705 4853 con-

2109 4888 2423 4962 vertuntur]
2451 4888 2518 4945 ad
2549 4890 2950 4959 paenitentiam.
2981 4889 3056 4945 De
3086 4888 3203 4946 illis
3251 4890 3331 4946 ait
3381 4892 3433 4945 in
3494 4906 3702 4946 cruce:

2111 4982 2292 5051 Pater,
2318 4982 2527 5057 ignosce
2556 4981 2686 5048 illis,
2718 4981 2855 5053 quod
2881 4983 3019 5036 enim
3048 4982 3249 5054 faciunt
3291 4984 3522 5037 nesciunt
3550 4980 3703 5054 (an.

2109 5094 2284 5143 mn,
2338 5077 2474 5147 55).
2529 5076 2868 5148 Revelatque
2924 5076 3069 5131 Patri
3133 5086 3187 5130 et
3242 5074 3422 5146 aperit
3486 5090 3704 5131 causam

2105 5185 2263 5226 suam
2300 5187 2315 5226 ι
2346 5171 2471 5242 quia
2506 5170 2660 5225 nullo
2702 5184 2802 5224 suo
2831 5169 3028 5224 merito
3055 5208 3069 5232 ,
3114 5169 3210 5223 sed
3252 5156 3467 5225 scelere
3521 5156 3707 5240 populi

2103 5265 2406 5321 cruciﬁxus
2432 5275 2543 5331 est,
2568 5263 2755 5319 dicens
2780 5280 2793 5315 :
2829 5261 2957 5316 Ecce
2983 5262 3119 5316 venit
3149 5252 3388 5333 princeps
3413 5261 3598 5316 mundi
3615 5258 3706 5316 lut-

2094 5362 2208 5431 jus,
2239 5369 2287 5415 et
2312 5361 2506 5415 invenit
2535 5360 2588 5413 in
2613 5374 2694 5412 me
2734 5357 2866 5412 nihil
2907 5354 3089 5430 (Jun.
3124 5373 3241 5423 ων,
3270 5358 3387 5427 30)-
3430 5356 3609 5413 Jtstlzei
3650 5363 3705 5412 et

2102 5451 2275 5507 nostri
2296 5450 2641 5522 judatzsntes
2671 5448 2793 5505 huic
2820 5452 2888 5504 es
2920 5456 3153 5520 persona
3176 5442 3437 5505 Ieremia
3474 5447 3582 5505 dici
3623 5449 3703 5505 in-

2100 5545 2357 5617 telligunt
2387 5564 2397 5600 :
2427 5545 2518 5615 qui
2548 5548 2773 5615 prepter
2801 5538 3125 5599 vaticinium
3162 5534 3498 5609 l‘utumrnm,
3530 5540 3588 5599 et
3616 5534 3700 5600 in-

2169 5723 2197 5763 b
2237 5724 2418 5782 Vatia.
2444 5727 2651 5781 vineam
2671 5723 2909 5788 electam,
2942 5731 2999 5778 et
3050 5734 3179 5777 nam
3198 5720 3436 5779 mttere.
3481 5734 3699 5791 quoque

2102 5807 2203 5854 ms.
2219 5804 2401 5869 ,onine
2428 5809 2601 5851 sum
2637 5806 2812 5853 verant
2828 5795 3105 5867 :‘denique
3130 5793 3339 5855 aliena.
3372 5806 3479 5875 pro
3504 5793 3695 5857 alieno.
