3972 6378
404 274 510 329 ’159
1697 269 1754 322 S.
1798 266 2073 324 EUSEBII
2113 263 2493 320 lllEliONYMl
3603 263 3738 320 760

399 386 615 441 renibus
643 403 839 441 eorum.
864 385 1068 440 Contra
1101 399 1296 439 omnes
1325 383 1548 454 quidem
1575 384 1760 455 inique
1780 391 2007 451 agentes
2037 392 2083 448 Α
2113 384 2267 437 modo
2298 383 2611 446 contendere
2636 385 2832 455 poteris
2857 401 2972 438 cum
2997 388 3142 456 equis
3169 391 3194 441 ἲ
3225 385 3285 441 Si
3323 387 3376 440 in
3404 397 3547 439 terra
3573 384 3745 455 pacis

404 481 507 537 ista
537 478 838 549 disputatio
864 488 972 542 eSt,
1005 487 1062 532 ct
1103 478 1490 550 septuagesimi
1535 478 1760 533 secundi
1812 477 2006 546 psalmi
2111 481 2308 545 conlisa
2327 496 2400 546 es,
2430 477 2560 551 quid
2584 479 2743 548 facies
2771 480 2825 532 in
2852 479 3098 549 superbia
3137 481 3276 552 (sive
3321 481 3560 554 fremitu)
3594 479 3753 536 Jor—

408 572 646 626 breviter
666 569 936 624 sententia
962 570 1470 640 comprehenditur,
1505 570 1556 625 in
1602 587 1703 640 qua
1731 568 2008 639 Propheta
2110 570 2262 623 danis
2287 569 2311 622 .9
2339 568 2419 638 Si,
2452 569 2650 640 inquit,
2683 581 2738 626 te
2765 571 2959 626 crebra
2995 573 3298 628 vicinarum
3321 575 3568 644 gentium
3586 588 3745 644 cap-

407 665 481 720 ait
517 682 530 719 :
561 664 732 731 Quam
785 663 950 718 bonus
994 663 1138 719 Deus
1188 663 1398 731 Israel,
1435 663 1516 719 his
1559 665 1654 736 qui
1697 672 1837 718 recto
1888 673 2008 718 sunt
2113 664 2298 718 tivitas
2327 664 2595 732 fatigavit,
2629 664 2986 720 bloabitarum
3011 673 3068 720 et
3097 666 3558 733 Ammonitarum,
3595 665 3749 721 Phi-

406 758 602 812 corde!
633 755 740 810 Mei
783 768 952 812 autem
993 775 1122 830 pene
1151 764 1283 812 moti
1322 769 1444 812 sunt
1470 758 1647 827 pedes,
1692 773 1820 827 pene
1859 755 2011 824 e/fusi
2113 754 2342 810 listbiim
2395 765 2452 810 et
2501 755 2863 810 ldnmteorum
2903 774 2915 808 :
2975 756 3104 826 quid
3163 756 3334 812 facies
3382 756 3452 811 ad
3503 757 3747 827 longam

408 861 527 903 sunt
555 867 758 921 gressus
790 851 888 903 mei
920 867 937 904 :
964 852 1088 922 quia
1114 851 1276 904 zelnvi
1307 859 1332 886 α
1364 851 1415 904 in
1443 851 1798 920 peccatoribus
1825 865 2011 920 pacem
2113 847 2510 917 captivitatem,
2538 845 2564 882 ά
2588 863 2710 918 qua:
2732 857 2784 902 te
2805 847 3116 903 Chalda-am
3142 865 3314 919 usque
3334 848 3566 904 ductura
3593 859 3687 903 εει
3714 847 3749 901 τ

408 953 737 1014 peccatorum
763 942 962 1002 videns.
993 951 1100 998 etc.
1135 941 1311 1014 (Psal.
1339 957 1505 1006 LXXII,
1541 942 1591 1007 l,
1624 940 1704 1013 εὶ).
1740 941 1850 997 Sed
1886 957 2012 1011 pro-

405 1039 522 1105 prie
545 1046 732 1091 eontra
759 1037 1052 1092 haereticos
1073 1038 1294 1102 dicitur,
1319 1038 1411 1106 qui
1437 1051 1561 1090 cum
1588 1034 1698 1090 sint
1722 1035 1897 1106 impii.
1927 1036 2010 1089 via

407 1121 598 1186 eorum
634 1139 1030 1200 prosperantur;
1075 1139 1446 1201 generantque
1495 1129 1635 1183 ﬁlios
1665 1144 1760 1183 eos
1788 1143 1928 1199 quos
1956 1128 2010 1182 in

408 1221 606 1276 haeresi
652 1221 1035 1291 deceperunt:
1084 1231 1140 1276 et
1185 1220 1661 1291 prtnvaricantur,
1721 1229 1775 1274 et
1832 1219 2014 1290 inique

405 1326 591 1385 agunt,
628 1314 698 1367 itt
733 1324 789 1367 ut
819 1312 1119 1368 Ecclesium
1147 1313 1405 1382 spolieut,
1431 1322 1484 1366 et
1507 1311 1637 1366 dum
1670 1313 1721 1366 in
1753 1312 2014 1381 pravitate

408 1408 697 1461 sententiae
729 1415 1118 1474 perseverant,
1148 1406 1360 1476 jactant
1390 1418 1449 1459 se
1480 1419 1507 1458 a
1549 1405 1657 1459 Deo
1683 1419 1805 1460 esse
1861 1405 2014 1475 plan-

415 1513 574 1565 tatos,
606 1512 660 1556 et
687 1501 928 1555 radicem
963 1503 1199 1568 misisse,
1231 1515 1530 1572 generasse
1581 1502 1726 1556 ﬁlios
1775 1513 1831 1556 et
1876 1513 2015 1557 attu-

413 1594 543 1649 lisse
568 1593 800 1648 fructum
831 1612 840 1622 ·
873 1595 968 1663 qui
999 1610 1121 1648 cum
1151 1591 1357 1648 Christi
1389 1607 1586 1648 nomen
1618 1592 1821 1662 saepius
1850 1593 2014 1662 repli-

411 1703 559 1758 ceut,
595 1692 958 1745 habitatorem
990 1706 1152 1744 suum
1204 1705 1310 1744 non
1365 1688 1566 1744 habent
1617 1689 1824 1752 Deum.
1863 1689 2015 1758 juxta

2116 939 2182 994 Et
2213 949 2496 1010 cuniparat
2521 939 2734 1010 pedites
2762 938 3058 1010 equitibus,
3083 944 3208 1012 quia
3267 957 3456 996 revera
3484 951 3542 997 et
3564 941 3748 1011 juxta

2118 1032 2398 1087 historiam
2431 1035 2611 1088 omnis
2641 1033 2841 1098 Persis,
2868 1045 2923 1090 et
2949 1035 3200 1090 universa
3235 1033 3516 1099 Chaldrea.
3545 1046 3603 1090 et
3634 1049 3752 1089 re-

2115 1127 2333 1196 gionqu
2352 1127 2564 1181 illarum
2587 1127 2863 1182 exercitus
2885 1128 3084 1198 gaudet
3105 1129 3373 1198 equitatu.
3390 1127 3516 1183 Istae
3539 1137 3750 1183 autem

2116 1226 2329 1289 gentes,
2359 1233 2495 1289 quas
2525 1233 2688 1287 supra
2718 1221 3054 1286 memoravi,
3088 1229 3314 1292 propter
3344 1219 3749 1276 difﬁcultatem

2119 1313 2387 1379 locorum,
2423 1329 2531 1368 non
2560 1322 2669 1369 tam
2700 1330 2895 1385 pugnae
2923 1326 3066 1386 apta:
3097 1326 3264 1382 sunt,
3296 1331 3458 1387 quam
3501 1315 3706 1371 latroci
3731 1347 3750 1356 -

2121 1407 2228 1461 nio.
2273 1409 2576 1479 Servatque
2607 1408 2981 1478 metaphoram
2999 1418 3054 1463 et
3072 1408 3206 1463 dicit
3236 1425 3249 1462 :
3282 1408 3338 1464 Sl
3371 1423 3496 1464 cum
3531 1407 3749 1478 pediti-

2121 1500 2220 1555 bus
2241 1515 2473 1555 currens
2501 1500 2822 1556 lassitudine
2843 1499 3112 1567 defecisti,
3141 1501 3269 1572 quid
3297 1500 3471 1556 facies
3499 1501 3546 1554 si
3571 1500 3746 1570 equis

2119 1607 2338 1649 cursum
2389 1604 2540 1650 tuum
2585 1595 2828 1650 volueris
2889 1596 3225 1666 cozequare?
3277 1595 3347 1650 Et
3395 1596 3444 1650 si
3488 1597 3541 1651 in
3576 1605 3744 1649 terra

2123 1697 2212 1742 tua
2258 1687 2494 1758 aliquam
2545 1688 2780 1744 habuisti
2813 1688 3092 1756 liduciam,
3124 1689 3254 1760 quid
3278 1698 3462 1744 actura
3487 1702 3570 1755 es,
3603 1703 3748 1743 cum

414 1785 550 1838 illud
587 1784 737 1838 Isaia:
770 1801 781 1838 :
813 1782 1051 1853 Populus
1097 1783 1181 1836 hic
1214 1783 1366 1837 labiis
1396 1799 1473 1838 me
1501 1781 1722 1836 honorat
1752 1799 1769 1835 :
1800 1797 1888 1835 ror
1916 1798 2011 1835 au-
2048 1777 2094 1837 Β
2118 1779 2412 1836 Jordanem
2464 1783 2749 1838 transieris
2770 1824 2787 1851 ,
2818 1794 2872 1839 et
2905 1784 3052 1839 illius
3077 1785 3325 1855 gurgites
3370 1785 3744 1839 sustinueris.

413 1888 516 1932 tem
545 1881 657 1950 ejus
683 1875 793 1949 [λι.
820 1874 1021 1947 eorum]
1044 1877 1195 1948 longe
1225 1886 1298 1930 est
1329 1893 1359 1928 a
1402 1893 1479 1930 me
1521 1874 1679 1947 (lsai.
1715 1890 1804 1928 tux
1833 1914 1848 1940 ,
1904 1872 2012 1944 13).

489 1969 674 2043 (Vers.
706 1969 788 2041 5.)
824 1969 891 2024 Et
921 1979 999 2036 tu,
1032 1969 1284 2034 Domine,
1314 1970 1451 2022 nosti
1481 1985 1556 2021 me
1588 1984 1606 2022 :
1635 1968 1809 2021 vidisti
1841 1982 1939 2031 me,
1972 1975 2018 2019 et

418 2062 651 2134 probasti
682 2080 774 2117 cor
801 2079 965 2117 meum
1007 2072 1194 2116 tecum.
1230 2059 1257 2099 ι)
1289 2059 1559 2134 Congrega
1588 2077 1675 2115 eos
1703 2061 1855 2129 quasi
1903 2077 2021 2132 gre—

420 2171 535 2225 gem
570 2153 640 2208 ad
681 2155 964 2218 victimam,
1008 2165 1056 2207 et
1105 2153 1376 2220 sancti/ica
1406 2169 1494 2207 eos
1524 2153 1578 2206 in
1604 2152 1687 2205 die
1721 2151 2016 2206 occisionis.

420 2246 662 2312 Nullum,
695 2247 893 2318 inquit,
926 2247 1244 2302 scandalum
1276 2257 1361 2303 est
1389 2246 1533 2316 quod
1561 2246 1735 2317 impii,
1765 2246 1884 2301 sive
1907 2261 2023 2300 utn-

421 2355 518 2396 nes
553 2339 795 2394 hzcretici
829 2355 926 2410 pro
959 2349 1206 2411 tempore
1238 2339 1476 2395 ﬂoreant
1508 2358 1518 2392 :
1557 2337 1658 2405 Tu,
1693 2338 1873 2402 enim,
1915 2334 2023 2389 Do-

421 2434 579 2498 mine,
624 2436 757 2488 nosti
790 2450 890 2497 me,
918 2443 965 2487 et
995 2433 1170 2487 vidisti
1208 2449 1310 2498 me,
1347 2442 1394 2486 et
1431 2433 1664 2504 probasti
1715 2447 1803 2485 cor
1854 2446 2022 2483 nteant

423 2538 607 2582 tecum.
636 2528 808 2594 Quem
843 2528 914 2582 ita
948 2529 1101 2584 novit
1127 2529 1288 2584 Pater
1317 2528 1460 2583 Deus
1495 2526 1774 2597 quomodo
1822 2524 2023 2579 Filium

421 2618 820 2674 suum?Nemo
845 2620 997 2674 enim
1029 2620 1310 2690 cognoscit
1334 2618 1536 2672 Filium
1566 2618 1670 2670 nisi
1712 2616 1876 2671 Pater
1908 2633 1921 2669 :
1969 2624 2024 2670 et

420 2727 584 2767 nemo
615 2714 900 2782 cognoscit
925 2711 1163 2776 Patrem,
1213 2711 1316 2764 nisi
1368 2709 1564 2772 Filius,
1592 2717 1647 2763 et
1676 2708 1762 2762 cui
1793 2707 2027 2762 voluerit

421 2802 596 2858 Filius
625 2803 869 2858 revelare
897 2801 1115 2871 (Matth.
1147 2815 1224 2865 XI,
1277 2801 1384 2869 l7).
1413 2800 1588 2863 Licet,
1629 2800 1826 2870 inquit,
1860 2799 2026 2869 profic

420 2897 593 2958 ciant.
625 2897 754 2950 licet
785 2894 926 2949 [ilius
956 2903 1240 2965 generent.
1269 2901 1325 2947 et
1356 2891 1555 2948 faciant
1584 2891 1819 2947 fructum
1852 2891 2026 2948 barre-

423 2988 538 3057 tici,
564 2999 620 3044 et
645 3003 816 3059 prope
856 2987 934 3041 sis
982 2997 1038 3042 tu
1092 2987 1179 3041 ori
1229 3001 1442 3052 eorum,
1472 2994 1526 3041 et
1555 2987 1717 3056 longe
1747 3001 1776 3039 a
1808 2985 2028 3041 renibus

426 3098 640 3147 eorum,
674 3082 725 3137 id
755 3091 857 3148 est,
907 3081 1290 3136 conscientia:
1335 3090 1519 3136 tamen
1571 3097 1675 3134 non
1727 3095 1890 3149 parva
1943 3090 2030 3136 est

2196 1873 2379 1945 (Vers.
2413 1874 2494 1947 6.)
2524 1875 2686 1948 927
2712 1874 2853 1929 Nam
2877 1888 2926 1930 et
2954 1877 3142 1947 fratres
3175 1879 3251 1931 tui
3279 1887 3329 1932 et
3350 1877 3540 1931 domus
3566 1879 3747 1949 patris

2123 1967 2198 2018 tui
2226 1967 2379 2020 etiam
2425 1968 2526 2036 ipsi
2553 1979 2915 2040 pugnaverunt
2943 1969 3218 2024 adversum
3271 1979 3338 2037 te,
3385 1980 3434 2024 et
3475 1970 3748 2025 clamave-

2122 2070 2243 2114 runt
2269 2071 2382 2130 post
2411 2070 2459 2114 te
2491 2060 2643 2128 plena
2671 2077 2790 2116 uoce
2819 2081 2837 2116 :
2863 2080 2925 2116 ne
2953 2065 3133 2117 credas
3157 2064 3230 2118 eis
3256 2081 3376 2118 cum
3420 2063 3584 2118 locuti
3619 2065 3749 2135 fue-

2123 2153 2226 2205 rint
2253 2151 2344 2205 ιιὺί
2372 2153 2526 2207 bona.
2559 2153 2616 2208 In
2649 2164 2885 2221 tantum,
2917 2156 3123 2227 inquit,
3156 2157 3502 2227 gravissimis
3527 2157 3748 2213 Iorda-

2127 2244 2210 2298 nis
2235 2245 2502 2314 operieris
2531 2244 2809 2312 ﬂuctibus,
2840 2249 3161 2318 etequitum
3192 2259 3244 2303 te
3273 2247 3382 2320 [ΑΙ.
3413 2264 3539 2305 cum
3579 2250 3743 2320 equi-

2128 2337 2267 2409 tatu}
2309 2337 2378 2392 de
2421 2339 2584 2410 longe
2628 2341 2964 2396 venientium
3006 2341 3296 2397 multitudo
3345 2344 3623 2409 vastabit,
3677 2355 3745 2399 ut

2129 2430 2330 2485 fratres
2357 2446 2575 2501 quoque
2607 2433 2682 2486 tui
2709 2432 2956 2498 Idumaei,
2989 2444 3044 2489 et
3075 2436 3269 2490 domus
3297 2438 3470 2505 patris
3497 2437 3573 2490 tui
3598 2477 3613 2501 ,
3636 2439 3736 2506 qui

2129 2521 2198 2576 de
2229 2521 2329 2576 Lot
2361 2524 2531 2593 stirpe
2564 2525 2676 2579 nati
2706 2535 2854 2586 sunt.
2883 2525 3039 2580 Moab
3061 2537 3116 2582 et
3146 2527 3406 2594 Ammon,
3431 2528 3597 2583 etiam
3627 2528 3736 2598 ipsi

2131 2625 2379 2683 tempore
2400 2617 2752 2670 necessitatis
2780 2625 2834 2672 et
2863 2618 3130 2686 angustia:
3152 2619 3419 2674 dimicent
3441 2630 3631 2674 contra
3654 2628 3738 2686 te,

2131 2717 2183 2761 et
2214 2707 2475 2763 insultent
2504 2707 2599 2763 tibi
2633 2707 2845 2778 (lienes.
2877 2711 3014 2781 xu).
3045 2710 3202 2766 Unde
3225 2727 3356 2766 cave
3383 2727 3452 2768 ne
3482 2713 3621 2766 velis
3648 2711 3740 2767 eis

2131 2799 2380 2865 credere,
2413 2812 2468 2856 et
2498 2816 2650 2872 spem
2678 2803 2883 2859 habere
2904 2805 3428 2875 consanguinitatis.
3452 2820 3552 2876 per
3570 2821 3739 2876 quam

2133 2892 2325 2961 majori
2354 2893 2408 2946 in
2435 2901 2489 2948 te
2512 2909 2674 2963 quam
2706 2895 2892 2950 hostes
2914 2895 3043 2949 odio
3064 2896 3387 2951 desmviant.
3416 2896 3609 2952 Potest
3629 2895 3738 2952 hoc

2131 2993 2274 3042 etde
2295 2986 2584 3043 Salvatore
2612 2989 2814 3058 accipi,
2848 2991 2991 3060 quod
3037 2989 3236 3044 fratres
3266 2990 3386 3060 ejus
3412 3032 3426 3054 .
3456 2999 3513 3044 et
3540 2990 3738 3044 domus

2134 3080 2303 3150 patris
2334 3080 2452 3150 ejus
2483 3081 2848 3151 pugnaverint
2872 3092 3060 3137 contra
3094 3098 3219 3136 eum
3239 3124 3253 3147 ,
3283 3091 3339 3137 ct
3367 3083 3741 3138 clamaverint

421 3175 754 3240 consolatio,
784 3174 927 3245 quod
957 3175 1113 3245 quasi
1161 3189 1360 3244 pecora
1410 3174 1732 3245 saginantur
1761 3174 1827 3228 ad
1871 3174 2028 3229 vieti-
2056 3163 2101 3226 C
2135 3173 2292 3243 plena
2321 3187 2454 3228 voce
2485 3173 2735 3230 dicentes
2763 3191 2776 3229 :
2812 3175 3098 3245 Cruciﬁge,
3141 3177 3386 3249 cruri/iga
3434 3191 3551 3229 eum
3576 3191 3596 3230 :
3632 3191 3739 3229 non

427 3283 591 3323 mam.
623 3267 906 3339 Cougrega
929 3283 1025 3323 ens
1047 3267 1100 3321 in
1131 3269 1320 3322 urbem
1349 3266 1680 3332 Jerusalem,
1711 3267 1826 3321 sive
1851 3268 1907 3321 in
1929 3282 2028 3322 sua

424 3362 784 3417 conciliabula
813 3379 827 3416 :
862 3371 921 3416 ut
945 3361 1111 3434 926
1137 3362 1295 3432 quasi
1350 3361 1590 3415 victimae
1637 3359 1919 3416 caedantur
1974 3361 2028 3416 in

427 3467 681 3520 mortem,
714 3466 770 3510 et
797 3467 926 3509 tunc
964 3453 1421 3519 sanctificentur,
1470 3468 1593 3508 cum
1646 3451 2031 3507 Ecclesiastico

425 3545 627 3602 fuerint
655 3562 920 3602 mucrone
939 3545 1172 3616 jugulati
1204 3562 1217 3598 :
1250 3543 1561 3600 interfectio
1578 3543 1725 3599 enim
1747 3543 2032 3599 haeretico-

427 3655 572 3703 rum,
599 3640 749 3693 salus
777 3654 970 3693 eorum
1001 3647 1087 3692 est
1111 3639 1201 3707 qui
1234 3637 1450 3705 decepti
1482 3636 1716 3691 fuerant.

503 3729 685 3802 (Vcrs.
714 3728 798 3798 4.)
837 3729 1112 3799 Usquequo
1139 3727 1332 3798 lugebit
1357 3739 1518 3793 terra,
1570 3737 1616 3780 et
1659 3727 1818 3781 herba
1865 3729 2033 3782 omnis

429 3823 654 3894 regionis
679 3822 960 3876 siccabitur
980 3832 1189 3892 prapter
1213 3821 1468 3874 malitiam
1489 3819 1837 3874 habitantium
1859 3822 1913 3874 in
1940 3823 2035 3875 ea?

431 3915 806 3978 Consumptum
835 3925 910 3969 est
936 3913 1135 3968 animal
1160 3922 1209 3968 et
1237 3914 1466 3978 volucre,
1489 3915 1738 3984 quoniam
1761 3914 2037 3968 dixerunt:

433 4007 556 4064 Non
581 4008 767 4064 videbit
801 4008 1082 4063 novissima
1107 4015 1286 4060 nostra
1320 4006 1460 4077 (sive
1502 4005 1623 4060 Non
1666 4006 1854 4060 videbit
1893 4005 2036 4061 Deus

430 4101 539 4156 vias
566 4099 819 4171 nostras).
857 4098 1130 4170 Quidquid
1158 4100 1210 4153 in
1241 4098 1444 4152 mundo
1475 4098 1559 4153 vel
1586 4099 1855 4153 bonorum
1881 4099 2034 4154 acci-

433 4197 534 4261 dit,
561 4195 647 4249 vel
671 4194 965 4260 malorum,
990 4209 1095 4247 non
1122 4193 1329 4262 absque
1354 4191 1701 4263 providentia
1727 4204 1783 4245 ct
1815 4190 2035 4247 fortuito

432 4302 562 4344 casu
592 4287 817 4349 accidit,
846 4285 942 4340 sed
968 4284 1176 4354 judicio
1203 4285 1319 4339 Dei.
1351 4284 1516 4338 Terra
1543 4299 1687 4338 nunc
1709 4283 1911 4338 sterilis
1930 4294 2035 4351 est,

435 4380 602 4435 herba
626 4379 886 4437 siccatur.
923 4377 1016 4432 Vis
1047 4392 1210 4432 nosse
1241 4377 1553 4432 rationem?
1586 4376 1805 4432 Malitia:
1824 4375 2039 4430 habita-

433 4483 610 4528 torum
643 4471 761 4541 ejus
791 4469 896 4525 hoc
924 4469 1170 4524 faciunt:
1219 4472 1289 4524 ita
1334 4479 1391 4524 ut
1429 4470 1685 4524 animalia
1726 4483 1892 4538 super
1931 4477 2041 4524 ter-

2135 3266 2382 3321 habenms
2408 3284 2579 3339 regem
2611 3268 2712 3321 nisi
2739 3267 2993 3324 Caesarem
3015 3267 3199 3342 (Joan.
3227 3285 3340 3335 XIX,
3369 3269 3479 3341 l5).

2209 3357 2393 3428 (Vers.
2430 3359 2484 3425 '7,
2513 3359 2595 3431 8.)
2628 3359 2836 3431 Reliqui
2865 3361 3077 3414 domum
3107 3378 3296 3428 meant,
3347 3363 3525 3416 dimisi
3572 3363 3740 3418 luere-

2137 3452 2349 3504 ditatcm
2366 3466 2531 3504 meam
2557 3468 2573 3504 :
2596 3451 2715 3504 dedi
2743 3453 2985 3506 dilectam
3001 3454 3231 3506 animum
3249 3471 3417 3508 meam
3442 3455 3496 3508 in
3527 3471 3736 3508 manum

2137 3544 2468 3596 inimicorum
2496 3545 2629 3614 ejus.
2657 3540 2827 3600 Facta
2850 3555 2920 3600 est
2950 3547 3077 3599 mihi
3112 3546 3389 3600 hwreditas
3439 3564 3552 3601 mea
3591 3549 3740 3619 quasi

2141 3633 2220 3686 leo
2250 3635 2301 3687 in
2327 3632 2457 3687 silva
2488 3650 2507 3687 :
2535 3634 2678 3688 dedit
2707 3644 2890 3690 contra
2921 3653 3000 3690 me
3021 3652 3219 3702 vocem,
3263 3638 3379 3692 ideo
3421 3637 3566 3693 odiri
3601 3655 3739 3694 eam.

2139 3727 2243 3793 Qui
2274 3727 2327 3780 in
2364 3727 2659 3796 Evangelia
2690 3727 2904 3782 locutus
2935 3739 3019 3784 est
3051 3748 3064 3783 :
3095 3729 3331 3803 Surgite,
3356 3731 3599 3784 abeamus
3621 3731 3740 3784 hinc

2144 3821 2328 3893 (Joan.
2363 3837 2474 3887 xw,
2511 3823 2626 3892 'bl).
2663 3821 2730 3876 Et
2763 3821 2996 3878 iterum:
3030 3822 3374 3895 Relinquetur
3394 3826 3536 3879 vobis
3559 3825 3741 3877 domus

2143 3924 2308 3967 vestra
2332 3912 2534 3967 deserta
2561 3911 2715 3984 (Luc.
2745 3929 2861 3980 xm,
2897 3913 3010 3984 55),
3045 3914 3130 3970 hic
3160 3914 3271 3985 [ΑΙ.
3303 3914 3456 3988 hinc]
3485 3915 3651 3970 etiam
3689 3915 3740 3969 in

2141 4006 2418 4076 Propheta
2446 4006 2639 4063 eadem
2671 4010 3078 4072 comminatur;
3109 4020 3164 4064 et
3191 4008 3338 4079 quod
3371 4008 3616 4064 facturus
3636 4019 3740 4073 est,

2143 4099 2340 4155 iecisse
2371 4115 2432 4155 se
2463 4100 2618 4154 dicit.
2653 4101 2955 4156 llaareditas
2985 4103 3129 4157 enim
3167 4101 3405 4167 Domini,
3437 4101 3640 4164 Israel.
3693 4111 3744 4155 et

2143 4191 2417 4248 funiculus
2449 4193 2790 4248 haereditatis
2819 4195 2961 4263 ejus.
2997 4194 3153 4263 Quod
3205 4203 3390 4250 autem
3434 4198 3554 4250 ait:
3608 4192 3743 4249 Dedi

2143 4283 2386 4338 dilectam
2426 4285 2657 4338 animam
2687 4302 2852 4338 meum
2894 4286 2948 4339 in
2986 4303 3201 4340 manum
3234 4286 3564 4340 inimicorum
3606 4289 3742 4358 ejus.

2142 4375 2278 4431 illud
2308 4389 2412 4442 est,
2448 4375 2765 4431 Potestatem
2791 4376 2956 4431 habeo
2981 4379 3207 4449 ponendi
3228 4380 3459 4432 animam
3487 4394 3673 4443 meum,
3700 4386 3747 4430 et

2146 4481 2452 4541 potestatem
2471 4471 2635 4526 habeo
2655 4473 2953 4525 resumendi
2975 4471 3122 4526 illam
3145 4470 3328 4544 (Joan.
3359 4489 3413 4538 χ,
3440 4472 3554 4542 18).
3579 4470 3743 4526 Facta

433 4579 570 4632 ram,
595 4573 660 4648 et
674 4564 918 4620 volatilia
946 4563 1076 4619 cteli
1104 4574 1518 4629 consumantur,
1551 4563 1676 4634 quia
1702 4563 1755 4617 in
1785 4577 1915 4616 usus
1939 4563 2038 4616 bo-
2064 4554 2116 4612 D
2143 4574 2230 4621 est
2260 4574 2443 4620 autem
2477 4563 2772 4618 barreditas
2797 4566 3072 4633 quondam
3105 4564 3323 4619 Domini
3373 4563 3614 4634 populus
3652 4565 3748 4619 Ju-

433 4658 639 4712 minum
699 4657 816 4712 lucc
866 4666 1050 4712 creata
1103 4667 1230 4712 sunt
1285 4657 1465 4712 omnia
1509 4675 1522 4711 :
1580 4656 1671 4726 qui
1729 4656 1779 4708 in
1833 4663 2034 4709 tantam

431 4765 830 4806 consurrexere
861 4749 1278 4822 blasphemiam,
1309 4759 1368 4804 ut
1397 4749 1647 4805 dicerent
1677 4749 1848 4802 Deum
1877 4748 2036 4818 igno-

430 4859 555 4900 rare
575 4845 690 4900 vias
713 4860 863 4912 suas,
893 4854 950 4900 et
977 4845 1193 4900 nescire
1212 4842 1342 4912 quid
1367 4841 1744 4911 unusquisque
1773 4855 2036 4910 passurus

432 4937 522 4990 sit.
552 4936 710 5003 Quod
762 4950 944 4991 autem
977 4937 1151 5004 dicit,
1182 4950 1447 5006 usquequo
1473 4973 1490 5000 ,
1537 4933 1670 4987 illud
1720 4933 2033 5004 signiﬁcat,

433 5041 758 5096 permanere
780 5027 918 5081 iram
952 5027 1066 5095 Dei,
1105 5038 1127 5066 ο
1159 5029 1287 5097 quia
1310 5027 1530 5081 animus
1554 5027 1895 5096 peccantium
1923 5040 2030 5081 non

433 5118 757 5174 flectebatur
787 5118 856 5173 ad
891 5119 1293 5188 paenitentiam.

502 5207 690 5279 (Vers.
715 5207 796 5280 5.)
831 5209 892 5265 Si
931 5225 1048 5264 cum
1069 5210 1326 5280 peditibus
1368 5226 1583 5265 currens
1605 5210 1881 5276 laborasti,
1906 5224 2034 5278 quo-

501 5402 527 5429 ⁸
555 5397 850 5471 Victorius
870 5413 1028 5471 super
1066 5399 1278 5467 iniquos
1310 5412 1410 5468 pro
1449 5399 1503 5450 in
1544 5399 1907 5469 peccatoribus
1956 5413 2025 5454 ex

430 5471 624 5525 Graeco
648 5478 704 5524 et
732 5468 996 5524 Medicam
1028 5484 1131 5524 ms.

499 5538 528 5578 δ
554 5540 644 5613 _Sic
685 5543 744 5613 in_
770 5555 902 5594 mss.
950 5541 1194 5605 Rabano,
1231 5539 1456 5613 ipsaque
1481 5548 1566 5613 est
1599 5540 2027 5613 Hieronymiana

428 5609 701 5664 versione.
719 5610 898 5666 Antea
916 5623 1035 5666 erat
1057 5609 1385 5683 congregabo
1411 5629 1428 5666 :
1451 5622 1504 5667 et
1529 5612 1581 5666 in
1609 5609 1879 5668 Hebraico
1899 5628 2033 5682 quo-

426 5694 538 5750 que
569 5688 654 5761 est
679 5685 868 5761 opm.

505 5762 526 5787 α
561 5746 874 5806 Antea'erat
901 5746 1059 5819 quae:
1088 5760 1281 5823 estque
1327 5753 1380 5808 in
1423 5753 1546 5808 aliis
1588 5753 1741 5810 libris
1783 5763 2029 5817 mutetur,

2143 4660 2385 4718 dicorum
2415 4670 2606 4713 contra
2639 4673 2765 4712 eum
2799 4661 2956 4730 quasi
2983 4660 3066 4714 leo
3090 4660 3144 4714 in
3173 4659 3309 4714 silva
3335 4673 3349 4713 :
3374 4659 3602 4728 quando
3634 4658 3746 4728 pari

2141 4750 2409 4805 adversus
2447 4750 2596 4803 illum
2626 4750 2678 4804 in
2712 4752 2970 4822 passione
2999 4765 3132 4806 voce
3172 4751 3453 4806 clamavit.
3508 4750 3575 4806 Et
3622 4750 3744 4818 quia

2142 4842 2294 4898 dedit
2321 4852 2513 4897 contra
2547 4857 2672 4896 eum
2707 4857 2896 4897 vocem
2948 4858 3101 4898 suam
3130 4862 3143 4898 :
3190 4843 3316 4898 ideo
3346 4858 3466 4898 eam
3497 4842 3626 4897 odio
3653 4847 3745 4896 ha-

2143 4936 2277 5001 buit,
2311 4945 2367 4990 et
2391 4935 2613 5004 abjecit,
2645 4944 2703 4990 et
2727 4951 2850 5004 qua:
2872 4937 3146 5005 quondam
3196 4935 3296 4990 fuit
3332 4934 3537 4991 dilecta
3584 4944 3745 5006 atque

2143 5027 2488 5092 charissima,
2519 5043 2663 5082 nunc
2690 5027 3002 5098 appellatur
3029 5029 3244 5083 odiosa.

2215 5118 2400 5188 (Vers.
2442 5118 2524 5191 9.)
2578 5118 2849 5185 Numquid
2895 5121 3004 5173 avis
3055 5120 3281 5174 discolor
3309 5119 3590 5172 hcereditas
3636 5134 3746 5172 mea

2144 5210 2310 5266 mihi?
2336 5212 2584 5283 numquid
2607 5211 2717 5266 avis
2739 5211 2899 5265 tincta
2926 5228 3017 5282 per
3039 5213 3239 5265 totum?
3263 5220 3286 5247 ε
3313 5215 3500 5276 venite,
3533 5225 3745 5281 congre-

2133 5413 2233 5470 pro
2259 5397 2592 5479 ﬂectebatur.
3003 5470 3006 5471 ν

2203 5468 2232 5507 (ι
2266 5467 2437 5524 Vane.
2470 5480 2524 5524 et
2547 5467 2782 5524 CiSterc.
2803 5509 2818 5533 ,
2852 5485 2953 5536 qua
2978 5467 3283 5522 Chaldteam
3308 5483 3472 5537 usque
3501 5469 3741 5521 ducenda

2134 5552 2236 5696 cf“;
2263 5611 2342 5666 Ex
2377 5612 2606 5696 Hebraeo
2634 5594 2767 5696 τνθῖ
2791 5621 2846 5666 et
2879 5609 3112 5682 Vulgata
3143 5609 3276 5667 edit.
3307 5609 3530 5680 supplet
3557 5607 3740 5666 Victo.

2137 5693 2251 5740 rtus
2279 5694 2460 5738 contra
2491 5699 2603 5738 eam
2634 5693 2816 5737 venite.

3507 6233 3917 6276 ____.ﬂlﬂ
