3972 6372
89 379 197 437 tibi

604 384 1259 443 COMMENTARIORUM
1301 384 1368 442 ΙΝ
1406 383 1759 444 JEREMHM
1820 387 2243 446 PROPHETAM
2286 387 2421 445 LIB.
2463 385 2555 444 Ill.
2592 385 2749 444 CAP.
2790 384 2909 443 XII.

3311 387 3417 444 762

84 497 305 567 gamitti
349 516 524 555 omnes
568 501 742 556 bestia:
788 510 940 555 terrm
970 519 989 555 :
1028 511 1301 574 properate
1337 503 1405 555 ad
1445 502 1697 558 devoran-
1725 510 1776 570 Α
1807 516 1952 563 terra
1979 508 2052 564 sit
2078 505 2343 579 dissipata
2394 516 2449 563 et
2496 505 2715 562 redacta
2761 506 2817 561 in
2868 504 3247 573 solitudinem,
3295 508 3422 579 quia

83 590 246 650 dum.
299 592 492 650 LXX:
541 594 815 665 Numquid
866 594 1118 668 spelunca
1174 595 1378 669 Ityan
1425 596 1706 652 hatreditas

84 700 212 739 mea
256 686 428 740 mihi?
463 704 529 740 an
567 686 819 755 spelunca
850 689 905 742 in
945 688 1165 743 circuitu
1200 689 1314 759 ejus
1353 706 1507 762 super
1550 690 1709 744 eant?

42 802 47 809 -
94 774 337 848 Pergite,
361 788 671 852 congregate
700 796 878 835 omnes
917 782 1105 836 bestias
1136 784 1250 853 agri
1282 799 1300 835 :
1337 791 1382 838 et
1424 783 1627 836 veniant
1657 792 1706 837 et

86 871 372 926 comedunt
400 888 536 926 eam.
568 872 741 929 Avem
772 873 1136 941 discolorem,
1170 884 1195 912 α
1226 875 1565 948 tinctamque
1611 892 1706 946 per

88 970 275 1018 totum
304 963 456 1033 juxta
482 964 722 1021 litteram
757 980 952 1037 pavum
979 977 1159 1022 vocat.
1191 966 1446 1033 Tantam,
1489 968 1703 1036 inquit,

89 1054 292 1112 habuit
325 1056 791 1126 pulchritudinem
824 1059 1014 1126 Israel,
1048 1070 1103 1116 et
1132 1062 1295 1116 tantis
1340 1061 1443 1117 fuit
1479 1062 1705 1118 .lcrusa-

88 1148 206 1203 lem
238 1148 503 1205 distincta
533 1151 857 1213 virtutibus.
888 1161 946 1207 ut
975 1152 1113 1207 nihil
1143 1162 1294 1209 esset
1334 1155 1503 1227 928
1533 1154 1706 1210 bono-

86 1255 243 1309 rum,
273 1243 418 1311 quod
461 1260 570 1299 non
613 1254 938 1302 cerneretur
967 1245 1020 1301 in
1052 1262 1139 1303 ea.
1171 1246 1310 1313 Quia
1358 1250 1524 1319 igitur
1569 1247 1701 1303 mihi

87 1333 238 1391 facta
271 1346 357 1391 est
385 1336 679 1395 hmreditas
725 1339 1001 1410 quondam
1036 1356 1187 1407 mea,
1220 1340 1273 1395 id
1303 1350 1413 1408 est,
1467 1341 1704 1413 populus

82 1425 263 1483 Israel
292 1427 451 1499 quasi
480 1429 571 1485 leo
595 1431 647 1486 in
680 1431 838 1498 silva,
872 1440 927 1485 et
950 1430 1104 1487 dedit
1149 1441 1344 1488 contra
1386 1448 1473 1489 me
1512 1448 1700 1489 vocem

80 1534 286 1590 suam,
320 1532 375 1578 et
406 1538 525 1578 eam
577 1525 730 1579 omni
756 1524 884 1579 odio
923 1523 1233 1581 detestatus
1279 1541 1401 1581 sum
1439 1544 1453 1580 :
1498 1525 1703 1582 idcirco

86 1614 283 1671 venite
314 1627 369 1670 et
396 1617 811 1687 cougregamini
861 1625 1057 1672 contra
1096 1633 1217 1673 eam
1268 1632 1465 1674 omnes
1512 1618 1704 1675 hestire

86 1716 281 1773 terrre,
307 1707 654 1765 diversarum
701 1711 945 1783 gentium
992 1712 1284 1767 multitudo
1309 1754 1325 1777 ,
1359 1722 1416 1768 et
1442 1712 1702 1770 devorate

85 1811 215 1855 eam
246 1814 371 1870 qua:
396 1814 555 1856 suum
590 1801 879 1857 Dominum
905 1817 1012 1857 non
1035 1804 1315 1875 cognovit.
1345 1804 1441 1861 Sin
1473 1816 1655 1861 autem
1681 1848 1697 1873 ,

1810 600 1992 655 nullus
2019 599 2095 655 sit
2120 599 2212 669 qui
2244 598 2412 655 corde
2433 598 2724 669 recogitet,
2756 611 2857 652 nec
2880 596 2988 652 ulla
3013 610 3118 669 pax
3150 596 3419 656 universae

1806 693 1980 747 carui.
2019 702 2040 730 ε
2066 690 2253 763 Neque
2280 691 2425 748 enim
2455 706 2645 762 pacem
2678 689 2774 745 Dei
2799 699 2979 759 potest
3008 690 3279 761 recipere.
3312 690 3417 747 Sac

1807 784 2007 855 pientia
2055 785 2200 839 enim
2233 786 2404 838 carnis
2428 784 2596 856 929
2622 782 2837 836 inimica
2862 793 2940 837 est
2966 780 3119 849 Deo;
3156 793 3205 838 et
3230 783 3325 855 qui
3364 782 3421 838 in

1806 893 1964 931 carne
1989 883 2133 942 sunt,
2173 873 2288 930 Deo
2336 877 2541 948 placere
2589 892 2695 929 non
2746 884 2984 945 possunt.
3048 873 3222 932 Porro
3258 875 3415 947 juxta

1806 969 2168 1035 Hebraicum,
2222 968 2344 1024 ideo
2392 967 2578 1024 Judtea
2622 967 2801 1024 omnis
2828 975 2915 1022 est
2954 966 3200 1023 desolata
3227 1010 3242 1033 ,
3288 968 3416 1038 quia

1805 1063 1986 1120 nullus
2016 1074 2122 1128 est,
2155 1061 2248 1134 qui
2277 1064 2445 1117 corde
2473 1061 2741 1132 recogitet
2773 1060 2966 1126 Deum,
2998 1075 3099 1117 nec
3132 1060 3409 1129 residuus,

1804 1158 1895 1230 qui
1930 1157 2102 1229 possit
2121 1154 2375 1212 evadere.
2410 1156 2515 1211 Per
2544 1170 2741 1211 omnes
2762 1154 2909 1209 enim
2934 1155 3055 1210 vias
3100 1153 3419 1210 solitudinis

1806 1259 2073 1307 venerunt
2094 1257 2424 1313 vastatores,
2449 1247 2501 1304 id
2525 1256 2630 1313 est,
2658 1246 2873 1302 hostilis
2897 1247 3195 1313 exercitus,
3221 1256 3275 1302 ct
3296 1246 3411 1318 gla-

1805 1342 1926 1400 dius
1955 1342 2167 1398 Domiui
2199 1340 2485 1397 devoravit
2530 1355 2560 1395 a
2596 1340 2834 1395 termino
2880 1353 3055 1409 ustlue
3099 1337 3166 1392 ad
3223 1339 3415 1394 termi-

1806 1452 1967 1503 num;
1993 1450 2094 1492 nec
2119 1434 2340 1506 requies
2361 1434 2476 1488 ulla
2498 1433 2601 1489 luit
2623 1432 2693 1489 de
2715 1432 2850 1487 urbe
2872 1430 3229 1503 fugientibus.
3256 1428 3414 1487 Unde

1803 1529 2007 1586 dicitur
2035 1547 2046 1582 :
2083 1526 2209 1586 Non
2237 1536 2312 1581 est
2343 1542 2449 1597 pax
2475 1527 2726 1581 universa:
2751 1525 2919 1580 carni.

1877 1620 2057 1693 (Vers.
2090 1618 2205 1691 15.)
2245 1619 2641 1676 Seminaverunt
2673 1621 2922 1685 triticum,
2948 1628 2999 1673 et
3038 1619 3219 1689 spinas
3259 1633 3392 1673 mes-

1803 1724 2016 1769 suerunt
2053 1712 2443 1769 :htereditatem
2466 1722 2797 1785 acceperunt,
2838 1722 2886 1767 et
2917 1727 3022 1766 non
3054 1712 3128 1767 eis
3150 1712 3409 1783 proderit.

1803 1806 1948 1863 LXX
1973 1824 1986 1861 :
2022 1807 2327 1864 Seminastis
2368 1807 2616 1871 triticum,
2651 1815 2699 1860 et
2721 1806 2901 1876 spinas
2923 1805 3210 1861 messuistis
3234 1822 3254 1861 :
3280 1805 3407 1860 cieri

86 1900 153 1946 ut
182 1892 544 1965 Septuaginta
567 1906 623 1952 et
648 1897 745 1952 alii
782 1897 1114 1968 interpretes
1147 1901 1582 1967 transtulerunt,
1626 1901 1705 1956 le-
1734 1898 1778 1959 Β
1806 1917 1982 1956 eorum
2006 1916 2107 1955 non
2135 1899 2418 1973 proderunt
2451 1899 2545 1954 eis.
2587 1898 2834 1965 Meliora,
2872 1898 3073 1969 inquit,
3122 1907 3414 1969 exspecut-

82 1994 253 2060 gatur
276 2004 291 2043 :
326 1986 598 2058 Numquid
618 1989 868 2060 spelunca
897 1990 1098 2064 ltytena'
1114 1991 1393 2048 Ittereditas
1415 2010 1527 2048 mea
1550 1992 1698 2062 mihi,

88 2078 398 2135 referamus
434 2083 499 2137 ad
531 2083 936 2139 immunditiam
982 2094 1269 2140 nocturnae
1298 2085 1489 2141 bestiae
1513 2128 1528 2151 ,
1580 2101 1701 2157 quae

90 2172 227 2227 vivit
254 2171 621 2231 cadaveribus
652 2187 998 2232 mortuorum
1018 2219 1034 2246 ,
1068 2186 1125 2233 et
1150 2177 1220 2233 de
1261 2178 1531 2248 sepulcris
1563 2179 1704 2235 solet

88 2264 341 2322 cﬂ'odere
389 2281 645 2340 corpora,
676 2269 920 2342 nihilque
948 2281 1033 2326 est
1064 2270 1432 2327 itnmunditize
1458 2288 1562 2343 qua
1589 2288 1700 2328 non

88 2369 375 2415 vescatur.
404 2360 555 2418 Talis
577 2373 665 2419 est
691 2363 859 2420 Israel
885 2363 1173 2421 oll'eudeus
1197 2366 1485 2421 Dominum
1518 2380 1699 2435 suum,

90 2464 150 2509 et
178 2454 426 2512 omnium
451 2458 751 2514 bestiarum
784 2459 1062 2515 morsibus
1097 2460 1352 2516 traditus.

166 2545 359 2620 (Vers.
394 2548 511 2621 10.)
543 2549 787 2607 Pastores
815 2552 965 2608 multi
985 2552 1355 2608 demolitisunt
1378 2553 1514 2625 (sive
1531 2556 1703 2609 disru-

92 2637 311 2712 perunt)
343 2638 453 2712 [AL
488 2643 856 2718 corruperunt]
892 2646 1092 2700 vineam
1129 2662 1325 2715 meam,
1370 2646 1704 2703 conculcave-

94 2743 217 2790 runt
246 2734 386 2804 (sive
415 2735 749 2810 polluerunt)
780 2749 981 2809 partem
1027 2755 1192 2794 meant
1219 2756 1237 2793 :
1280 2741 1534 2796 dederunt
1579 2758 1700 2814 por-

95 2829 289 2882 tionem
336 2846 501 2884 meam
546 2830 940 2886 desiderabilem
987 2833 1038 2885 itt
1091 2833 1348 2886 desertum
1405 2831 1703 2887 solitudinis

100 2924 241 2994 (sive
264 2923 500 2995 inviam).
529 2922 826 2980 Posuerunt
854 2942 966 2980 eam
987 2925 1129 2997 (sive
1157 2928 1327 2997 posita
1349 2929 1445 2995 est)
1472 2929 1525 2981 in
1548 2925 1705 2981 dissi-

96 3015 360 3087 pationem
382 3012 433 3069 ιι.
467 3014 708 3072 Audiant
737 3016 855 3072 haec
881 3016 974 3087 qui
1013 3017 1289 3087 principes
1337 3017 1529 3071 volunt
1582 3032 1704 3073 esse

100 3108 457 3178 populorum,
498 3108 644 3180 quod
692 3125 801 3165 non
854 3109 1033 3165 solum
1077 3124 1177 3179 pro
1226 3124 1307 3176 se,
1356 3108 1450 3163 sed
1501 3118 1555 3163 et
1607 3124 1704 3179 pro

97 3204 413 3260 commissis
440 3203 545 3259 sibi
578 3204 837 3275 gregibus
866 3204 1140 3261 reddituri
1178 3215 1309 3258 sunt
1350 3204 1615 3259 rationem
1650 3204 1702 3258 in

1804 2002 2021 2057 verunt,
2056 2002 2113 2048 et
2143 2002 2412 2048 venerunt
2444 1992 2721 2062 pessima:
2770 1991 3067 2061 sperabant
3116 2003 3408 2061 prospera,

1804 2094 1860 2141 et
1888 2084 2118 2141 adversa
2150 2084 2394 2155 perpessi
2424 2093 2553 2139 sunt
2586 2103 2596 2138 :
2630 2092 2959 2154 acceperunt
2995 2098 3024 2137 a
3055 2082 3292 2138 Domino
3323 2098 3413 2138 re-

1806 2193 1927 2233 rum
1970 2177 2211 2232 omnium
2251 2176 2667 2244 abundantiam,
2701 2190 2823 2246 quae
2866 2175 2946 2229 eis
2993 2190 3103 2230 non
3135 2175 3406 2246 proderit.

1804 2272 1962 2328 Juxta
1990 2271 2345 2343 Septuaginta
2388 2286 2545 2334 vero,
2572 2285 2765 2325 omnes
2807 2269 3053 2324 lttcretici
3083 2268 3239 2339 quasi
3268 2267 3413 2324 triti-

1802 2379 1926 2419 cum
1956 2362 2253 2429 seminant,
2280 2371 2333 2418 et
2357 2363 2548 2430 spinas
2572 2368 2805 2427 metunt,
2840 2368 3193 2431 exspectante
3225 2358 3408 2414 Domi-

1805 2473 1899 2525 no,
1920 2467 1981 2514 ut
2002 2457 2249 2513 iacerent
2281 2456 2541 2519 fructum,
2569 2463 2626 2511 et
2654 2471 2764 2510 non
2804 2453 3057 2509 fecerunt
3093 2453 3367 2523 judicium
3394 2493 3409 2519 ,

1803 2553 1901 2610 sed
1929 2555 2246 2608 clamorem.
2292 2551 2502 2607 Dicitur
2534 2559 2717 2605 autem
2758 2548 2859 2603 hoc
2887 2558 2940 2603 et
2985 2544 3416 2615 Ecclesiasticis,

1804 2647 1900 2720 qui
1928 2646 2090 2702 verba
2120 2645 2357 2707 Domini,
2382 2654 2437 2699 ct
2466 2643 2771 2699 doctrinam
2807 2639 2928 2711 ejus
2955 2638 3096 2694 mala
3123 2651 3415 2694 conversa-

1806 2742 1954 2798 tione
1979 2738 2323 2810 disperdunt.
2375 2738 2448 2792 De
2497 2735 2695 2806 quibus
2741 2733 2977 2788 infertur
3010 2752 3021 2787 :
3059 2730 3195 2786 Cleri
3223 2746 3397 2786 eorum

1805 2851 1907 2890 non
1929 2832 2216 2906 proderunt
2246 2832 2338 2885 eis.
2362 2828 2503 2898 Quid
2525 2827 2670 2883 enim
2703 2841 2800 2880 eos
2821 2825 3013 2894 juvare
3058 2823 3262 2895 poterit
3294 2824 3412 2895 epi-

1807 2929 1958 2999 scopi
1997 2940 2196 2982 nomen
2226 2922 2641 2995 etpresbyteri,
2671 2919 2758 2976 vel
2790 2919 3035 2989 reliquus
3064 2916 3201 2973 ordo
3230 2915 3416 2971 Eccle-

1808 3019 2083 3086 siastieus,
2116 3033 2238 3073 cum
2276 3014 2447 3086 magis
2475 3019 2772 3085 graventur
2797 3009 3154 3080 dignitatibus
3191 3006 3329 3072 suis,
3356 3015 3413 3062 et

1809 3119 2061 3184 potentes
2086 3118 2337 3180 potenter
2369 3114 2637 3161 tormenta
2668 3102 2980 3175 paliaulttr;
3009 3109 3068 3156 et
3095 3099 3313 3171 quando
3339 3098 3421 3154 eis

1810 3206 1931 3277 plus
1975 3201 2243 3259 creditum
2273 3198 2461 3264 fuerit,
2497 3206 2649 3253 tanto
2682 3196 2803 3266 plus
2859 3193 3174 3262 requiratur
3219 3191 3289 3247 ab
3338 3190 3420 3246 eis

99 3299 191 3355 die
213 3300 427 3370 judicii.
460 3301 691 3372 Propter
715 3302 837 3358 illos
863 3303 1011 3359 enim
1053 3318 1177 3374 pars
1227 3302 1441 3357 Domini
1484 3302 1706 3358 concul-
1732 3291 1777 3353 C
1811 3300 1969 3375 (Sap.
1994 3296 2092 3368 vr).

100 3404 280 3459 catur,
307 3403 474 3465 atque
500 3395 782 3466 polluitur,
817 3403 875 3450 ut
905 3395 993 3450 ubi
1022 3394 1297 3466 quondam
1350 3404 1470 3451 erat
1516 3395 1704 3467 hospi-

102 3488 261 3553 tium,
290 3486 360 3541 ibi
386 3489 457 3542 sit
477 3487 851 3543 habitaculum
893 3488 1216 3542 bestiarum.
1265 3486 1371 3542 Alii
1423 3500 1557 3542 vero
1599 3503 1709 3543 non

103 3581 433 3651 prmpositos
462 3581 642 3653 plebis
667 3591 723 3636 et
755 3580 1106 3646 Sacerdotes,
1134 3579 1230 3635 sed
1261 3579 1499 3636 hostium
1547 3581 1711 3636 intel—

99 3671 276 3743 ligunt
305 3674 603 3745 principes,
634 3674 727 3746 qui
754 3672 1083 3736 Jerusalem,
1118 3673 1170 3727 id
1201 3683 1305 3738 est,
1345 3673 1560 3729 vineam
1596 3673 1707 3729 Do-

99 3765 235 3822 mini
269 3766 630 3838 dissiparunt.

172 3859 357 3930 (Vers.
387 3861 476 3927 Η,
512 3860 627 3933 19...)
652 3861 911 3933 Luxitque
935 3878 1095 3930 super
1120 3878 1198 3917 me
1223 3879 1240 3916 :
1270 3863 1592 3917 desolatione
1618 3864 1711 3917 de-

98 3952 272 4008 solata
300 3963 375 4009 est
408 3955 577 4008 omnis
604 3963 764 4019 terra,
805 3954 933 4021 quia
964 3952 1143 4007 nullus
1195 3963 1270 4008 est
1318 3955 1409 4025 qui
1458 3955 1711 4028 recOgitet

98 4049 278 4104 corde.
306 4047 481 4121 Super
514 4065 692 4104 omnes
723 4049 835 4103 rios
879 4049 1069 4103 deserti
1109 4058 1357 4103 venerunt
1400 4058 1707 4115 vastatores,

98 4142 225 4211 quia
246 4140 452 4213 gladius
484 4138 705 4196 Domini
727 4141 993 4196 devoravit
1020 4142 1085 4195 ab
1118 4151 1346 4196 extremo
1374 4152 1522 4197 terra:
1548 4158 1712 4213 usque

98 4232 169 4286 ad
192 4244 480 4288 extremum
512 4237 626 4306 ejus
651 4250 670 4289 :
693 4250 793 4288 non
821 4244 897 4289 est
919 4249 1024 4302 pax
1045 4233 1303 4287 universa:
1326 4232 1490 4287 carui.
1523 4232 1668 4288 LXX
1697 4251 1709 4287 :

104 4325 393 4399 Propterea
414 4326 761 4400 dissipatione
801 4328 1059 4399 dissipata
1085 4337 1159 4381 est
1186 4337 1347 4393 terra,
1390 4335 1448 4381 et
1476 4327 1709 4398 reliqua.

102 4419 218 4474 lloc
244 4418 389 4489 quod
436 4419 722 4490 posuimus
749 4463 762 4485 ,
808 4418 1049 4489 latuitque
1079 4436 1237 4487 super
1264 4435 1366 4487 me,
1396 4417 1557 4488 juxta
1605 4418 1712 4475 lle-

102 4513 352 4567 braicum
398 4512 567 4582 priori
616 4512 891 4568 versiculo
916 4512 1229 4582 copulatur,
1278 4520 1336 4566 ut
1366 4511 1437 4566 sit
1465 4525 1664 4566 sensus
1694 4529 1708 4565 :

108 4604 404 4660 Posuerunt
429 4620 540 4658 eam
562 4605 616 4657 in
640 4604 1058 4677 dissipationem,
1080 4603 1183 4659 hoc
1206 4614 1312 4671 est,
1334 4602 1711 4659 haereditatem

1883 3391 2065 3464 (Vers.
2103 3388 2191 3457 ll,
2217 3387 2332 3457 15.)
2376 3382 2781 3455 Confundemini
2825 3397 2855 3434 a
2903 3379 3160 3450 fructibus
3205 3377 3347 3447 (sive
3387 3392 3419 3430 a

1807 3485 2115 3557 gloriatione
2138 3479 2327 3553 vestra(
2366 3487 2579 3551 propter
2616 3477 2749 3530 iram
2791 3474 2988 3545 luroris
3025 3469 3239 3525 Domini
3267 3469 3413 3541 (sive

1810 3581 1873 3634 ab
1898 3577 2180 3649 opprobrio
2218 3577 2272 3630 in
2305 3581 2581 3646 conspectu
2613 3567 2876 3638 Domini).
2915 3566 3046 3621 lla’c
3069 3564 3195 3618 dicit
3237 3561 3422 3616 Domi-

1810 3690 1906 3727 nus
1931 3671 2207 3726 adversum
2234 3683 2412 3723 omnes
2441 3665 2639 3719 vicinos
2682 3677 2823 3716 meos
2867 3659 3142 3733 pessimos,
3170 3656 3261 3725 qui
3294 3664 3420 3709 tan-

1809 3773 1935 3839 gunt
1963 3762 2313 3819 hmeditatettt
2344 3774 2497 3829 quant
2523 3753 2767 3810 distribui
2812 3751 3009 3824 papulo
3051 3764 3163 3839 meo
3195 3745 3413 3839 Israel

1815 3856 1950 3913 Ecce
1969 3873 2063 3928 ego
2085 3855 2296 3909 evellam
2322 3869 2408 3907 eos
2429 3850 2494 3905 de
2514 3860 2649 3904 term
2680 3864 2776 3901 sua
2798 3855 2843 3898 et
2873 3846 3086 3898 domum
3106 3838 3141 3894 J
3146 3841 3253 3894 uda
3274 3838 3384 3893 evel
3391 3867 3413 3878 -

1809 3954 1913 4008 lttm
1942 3951 2080 4020 (sive
2109 3946 2338 4021 ejiciam)
2370 3945 2434 3999 de
2474 3943 2645 3998 medio
2675 3955 2875 3996 eorum.
2915 3936 2981 3991 Et
3022 3951 3139 3990 cum
3170 3932 3412 3989 evulsero

1813 4061 1922 4110 eos,
1951 4052 2219 4098 convertar
2251 4039 2393 4109 (sive
2419 4032 2671 4104 revertar)
2719 4040 2765 4085 et
2788 4028 3067 4084 miserebor
3105 4041 3284 4078 eorum
3306 4064 3323 4089 ,
3374 4034 3424 4078 et

1817 4137 2060 4191 reducant
2089 4149 2174 4186 eos
2213 4130 2352 4201 (sive
2388 4127 2622 4182 habitare
2664 4120 2877 4195 faciam)
2901 4120 3068 4173 virum
3099 4116 3152 4170 in
3198 4114 3425 4169 Incredi-

1816 4241 1917 4285 tate
1937 4245 2055 4292 sua,
2087 4238 2135 4281 et
2166 4226 2329 4280 virum
2352 4223 2405 4276 in
2425 4231 2561 4276 terra
2583 4235 2699 4272 sua.
2738 4214 2945 4270 Dicitur
2972 4210 3039 4265 ad
3074 4223 3191 4271 eos,
3222 4207 3424 4279 quibus

1813 4322 1945 4377 t-leri
1974 4321 2057 4376 sui
2087 4327 2144 4374 et
2166 4313 2588 4372 Ecclesiastieus
2607 4309 2745 4364 ordo
2770 4321 2880 4361 nun
2912 4302 3183 4375 proderit,
3216 4310 3275 4355 ut
3294 4315 3428 4356 con-

1816 4413 2110 4469 fundantur
2133 4427 2161 4464 a
2190 4406 2524 4479 gloriatione
2552 4417 2651 4458 sua
2691 4412 2744 4455 et
2790 4398 2862 4452 ab
2901 4394 3202 4467 opprobrio
3232 4408 3420 4447 coram

1817 4504 2070 4561 Domino.
2121 4499 2386 4570 Quodque
2433 4498 2645 4552 inlert:
2705 4492 2979 4548 adversum
3018 4503 3194 4542 omnes
3235 4486 3431 4542 vicinos

1818 4617 1955 4655 meos
1984 4597 2254 4672 pessimos,
2283 4593 2437 4663 juxta
2488 4591 2751 4652 litteram,
2791 4585 2954 4641 vieini
2999 4583 3185 4638 Terrae
3221 4588 3432 4672 sancta:

105 4712 283 4751 meam
315 4715 333 4752 :
364 4696 628 4767 Luxitque
666 4671 826 4770 super
854 4714 956 4761 me,
989 4671 1111 4752 meo
1160 4696 1370 4751 auxilio
1417 4697 1709 4753 deSIituta.
1744 4677 1790 4735 ί)
1818 4692 2037 4749 lduuuci
2068 4698 2217 4758 sunt,
2256 4683 2613 4748 Philisthiim,
2645 4680 2830 4745 Moab,
2869 4689 2926 4733 et
2956 4675 3193 4770 Ammon
3220 4689 3235 4727 :
3266 4671 3430 4770 luxata

100 4786 265 4846 Justa
295 4788 438 4845 LXX
467 4805 597 4845 vero
629 4791 870 4862 loquitur
899 4790 1063 4856 Deus,
1097 4789 1245 4861 quod
1278 4801 1506 4862 pr0pter
1534 4789 1712 4846 .illum

176 4960 202 4987 ι
230 4948 533 5006 Obtincbat
559 4958 722 5003 antea
747 4958 1053 5018 tectumque,
1084 4946 1229 5018 quod
1256 4962 1390 5003 mss.
1413 4949 1701 5017 castigant.

174 5019 203 5060 δ
235 5022 455 5077 Addunt
477 5020 585 5076 duo
612 5034 743 5074 mss.
764 5017 999 5089 Cisterc.
1034 5029 1090 5075 et
1123 5017 1295 5072 Vatic.
1321 5020 1709 5089 subsequentis

106 5094 363 5148 versiculi
394 5092 717 5162 pericopen,
748 5088 1009 5158 Luxitque
1028 5105 1186 5156 super
1210 5104 1323 5153 me,
1363 5091 1480 5162 sive
1508 5088 1660 5161 periit
1693 5108 1705 5142 :

104 5180 272 5229 quam
303 5161 525 5233 quidem
546 5161 602 5217 et
632 5165 812 5230 priora
840 5162 1105 5215 subnexa:
1145 5161 1515 5230 expositionis
1542 5163 1709 5214 verba

106 5238 372 5291 videntur
393 5234 682 5305 attingere.

180 5318 202 5346 ο
238 5306 376 5361 Tota
402 5321 523 5376 quae
539 5300 677 5360 hinc
703 5303 1054 5376 subsequitur
1073 5302 1142 5357 ad
1167 5301 1329 5376 linem
1359 5317 1529 5376 usque
1553 5300 1715 5376 hujus

103 5378 394 5445 sectionis,
422 5373 714 5432 duodecim
748 5375 862 5431 fere
890 5373 1181 5435 versuum,
1213 5375 1407 5427 lacinia
1436 5374 1627 5428 deerat
1659 5373 1713 5427 in

107 5452 378 5505 hactenus
402 5447 635 5517 vulgatis
664 5446 861 5517 libris.)
891 5445 1024 5514 Quae
1076 5460 1274 5515 uetnpe
1320 5445 1584 5517 solemnis
1610 5453 1720 5517 est

103 5521 363 5577 codicum
390 5515 822 5588 exsériptoribus
851 5516 1225 5582 hallucinatio,
1260 5516 1494 5588 cumbis
1521 5515 1713 5588 eadem

102 5599 404 5647 recurrunt
436 5585 620 5651 verba,
655 5596 714 5644 ut
744 5587 966 5643 fallente
987 5588 1167 5651 oculo,
1214 5602 1334 5652 qure
1387 5585 1713 5639 intermedia

106 5673 233 5717 sunt
262 5661 681 5731 praetermittam
702 5701 719 5726 ,
755 5665 858 5715 hoc
887 5672 1110 5731 quoque
1136 5658 1366 5731 contigit
1414 5656 1577 5731 loco,
1624 5656 1716 5725 qui

106 5728 297 5789 statuit
323 5731 395 5787 ab
415 5730 635 5799 iisdem,
663 5730 720 5787 in
745 5745 867 5801 qua:
884 5729 1088 5785 desiuit
1110 5728 1312 5801 verbis,
1337 5728 1714 5801 pecuniaeut:

110 5804 299 5866 carui,
352 5798 664 5873 inchoatur.
716 5798 992 5873 Lacunam
1048 5798 1305 5873 supplent
1341 5799 1710 5873 antiquissimi

109 5874 260 5941 libri,
295 5884 502 5946 praeter
527 5868 948 5931 Cistercienscm
970 5911 986 5935 ,
1013 5870 1069 5927 et
1099 5867 1422 5925 Vaticanum
1452 5867 1491 5933 ,ἡ
1513 5867 1712 5939 quibus

1820 4784 2175 4857 tropologiam
2209 4795 2365 4845 vero,
2394 4790 2588 4833 omnes
2631 4771 2905 4836 haretici,
2938 4769 3031 4839 qui
3063 4767 3166 4821 sub
3207 4764 3432 4820 nomine

1816 4945 2164 5001 Contineuter
2202 4940 2445 5005 utimur,
2488 4938 2599 5012 duo
2647 4936 2838 4992 itidem
2885 4929 3429 5012 Vaticani__nttrne_ris

1817 4999 2013 5071 debet
2042 5014 2149 5070 524
2182 4999 2496 5084 praenotaii,
2528 5009 2736 5084 aliiquo
2761 5003 3009 5084 nonnulli
3044 5004 3096 5058 itt
3123 5000 3244 5057 aliis
3268 4999 3432 5084 Italia:

1822 5072 2206 5150 bibliothecis:
2256 5100 2396 5155 quos
2425 5072 2493 5136 ad
2527 5072 2671 5155 hunc
2717 5077 2880 5155 modo
2928 5072 3427 5155 lticuttt_Con5ttltti-

1821 5174 1962 5213 mus.
1993 5145 2482 5229 Legit_pr;ieterea
2509 5153 2732 5207 totidem
2788 5150 2950 5229 plane
2991 5145 3186 5229 verbis.
3222 5147 3276 5199 in
3327 5159 3430 5198 suo

1818 5221 2126 5298 exemplari
2158 5221 2445 5299 Rabanus,
2472 5226 2697 5299 ipsaque
2746 5221 3038 5299 verborum
3077 5221 3253 5299 series
3292 5230 3427 5298 con:

1821 5287 2113 5371 textusque
2154 5287 2741 5371 orationismt'anilesto
2765 5292 3001 5371 produnt
3032 5305 3064 5343 c
3107 5287 3425 5371 ille-ronymi

1819 5359 2039 5427 calamo.
2080 5367 2533 5441 proﬁcisci.Sed
2582 5359 2781 5437 pra-ter
2812 5359 3218 5441 laciniatnloci
3264 5372 3423 5441 quam

1819 5430 2139 5498 Sull'ecimt'ts
2171 5456 2270 5495 nos
2311 5439 2446 5495 satis
2478 5430 2713 5508 longam,
2759 5432 2946 5489 subdit
2976 5430 3254 5510 Victorius
3287 5440 3424 5479 con-

1822 5514 1970 5568 tiuna
2010 5512 2158 5566 serie
2178 5510 2302 5582 haec
2330 5525 2551 5581 quoque
2598 5510 2807 5582 verba:
2855 5516 3019 5582 neque
3062 5513 3198 5552 enmt
3247 5511 3427 5580 pacem

1823 5584 1919 5639 Dei
1945 5592 2128 5655 potest
2157 5581 2294 5635 Caro
2339 5573 2586 5655 recipere.
2639 5573 3071 5655 Sapientia_enim
3111 5573 3298 5655 furnis
3325 5573 3429 5655 ini-

1821 5641 1961 5710 mtcti
1988 5666 2063 5711 est
2089 5650 2225 5719 Deo,
2245 5661 2294 5707 et
2315 5655 2402 5719 qui
2433 5641 2486 5705 in
2515 5665 2673 5704 carne
2714 5641 2833 5722 sunt
2857 5687 2871 5711 ,
2910 5641 3034 5722 Deo.
3068 5641 3283 5721 placere.
3320 5653 3424 5692 non

1816 5737 2077 5799 possunt;
2108 5739 2231 5793 qua:
2256 5724 2477 5794 quidem
2524 5724 2576 5777 iu
2622 5720 2775 5775 nullo
2803 5730 2835 5771 e
2863 5720 3070 5769 nostris
3103 5725 3236 5766 mss.
3273 5720 3429 5765 inve-

1819 5797 2017 5854 nimus.
