  <div class='ocr_page' id='page_1' title='image "/cluster/home/n/w/nwhite01/storage/ocr_20150623/24/uva.x000826571/389.png"; bbox 0 0 3972 6350; ppageno 0'>
   <div class='ocr_carea' id='block_1_1' title="bbox 635 338 742 398">
    <p class='ocr_par' dir='ltr' id='par_1_1' title="bbox 635 338 742 398">
     <span class='ocr_line' id='line_1_1' title="bbox 635 338 742 398; baseline 0.009 -2"><span class='ocrx_word' id='word_1_1' title='bbox 635 338 742 398; x_wconf 74' lang='grc'><strong>765</strong></span> 
     </span>
    </p>
   </div>
   <div class='ocr_carea' id='block_1_2' title="bbox 1887 320 3899 393">
    <p class='ocr_par' dir='ltr' id='par_1_2' title="bbox 1887 320 3899 393">
     <span class='ocr_line' id='line_1_2' title="bbox 1887 320 3899 393; baseline 0 -6"><span class='ocrx_word' id='word_1_2' title='bbox 1887 331 1944 387; x_wconf 83' lang='grc'><strong>5.</strong></span> <span class='ocrx_word' id='word_1_3' title='bbox 1990 326 2259 388; x_wconf 82' lang='lat' dir='ltr'><strong>EUSEBII</strong></span> <span class='ocrx_word' id='word_1_4' title='bbox 2300 325 2685 393; x_wconf 74' lang='lat' dir='ltr'><strong>lIlERONYMI</strong></span> <span class='ocrx_word' id='word_1_5' title='bbox 3838 320 3899 377; x_wconf 66' lang='grc' dir='ltr'><strong>7θῖ</strong></span> 
     </span>
    </p>
   </div>
   <div class='ocr_carea' id='block_1_3' title="bbox 625 438 2241 523">
    <p class='ocr_par' dir='ltr' id='par_1_3' title="bbox 625 442 2236 519">
     <span class='ocr_line' id='line_1_3' title="bbox 625 442 2236 519; baseline -0.007 -8"><span class='ocrx_word' id='word_1_6' title='bbox 625 452 827 511; x_wconf 71' lang='lat' dir='ltr'><strong>Christi</strong></span> <span class='ocrx_word' id='word_1_7' title='bbox 857 452 1174 515; x_wconf 80' lang='lat' dir='ltr'><strong>censentur,</strong></span> <span class='ocrx_word' id='word_1_8' title='bbox 1219 457 1275 503; x_wconf 87' lang='lat' dir='ltr'><strong>et</strong></span> <span class='ocrx_word' id='word_1_9' title='bbox 1305 442 1466 503; x_wconf 87' lang='lat' dir='ltr'><strong>vicini</strong></span> <span class='ocrx_word' id='word_1_10' title='bbox 1504 446 1672 519; x_wconf 78' lang='lat' dir='ltr'><strong>magis</strong></span> <span class='ocrx_word' id='word_1_11' title='bbox 1703 455 1852 511; x_wconf 87' lang='lat' dir='ltr'><strong>sunt,</strong></span> <span class='ocrx_word' id='word_1_12' title='bbox 1890 456 2052 516; x_wconf 86' lang='lat' dir='ltr'><strong>quam</strong></span> <span class='ocrx_word' id='word_1_13' title='bbox 2085 442 2236 501; x_wconf 84' lang='lat' dir='ltr'><strong>habi-</strong></span> 
     </span>
    </p>
   </div>
   <div class='ocr_carea' id='block_1_4' title="bbox 2343 438 3904 523">
    <p class='ocr_par' dir='ltr' id='par_1_4' title="bbox 2350 440 3904 523">
     <span class='ocr_line' id='line_1_4' title="bbox 2350 440 3904 523; baseline -0.005 -21"><span class='ocrx_word' id='word_1_14' title='bbox 2350 448 2507 517; x_wconf 87' lang='lat' dir='ltr'><strong>puius</strong></span> <span class='ocrx_word' id='word_1_15' title='bbox 2536 446 2703 507; x_wconf 71' lang='lat' dir='ltr'><strong>I~rael</strong></span> <span class='ocrx_word' id='word_1_16' title='bbox 2724 456 2830 520; x_wconf 88' lang='lat' dir='ltr'><strong>est,</strong></span> <span class='ocrx_word' id='word_1_17' title='bbox 2866 444 2959 523; x_wconf 87' lang='lat' dir='ltr'><strong>qtti</strong></span> <span class='ocrx_word' id='word_1_18' title='bbox 2983 440 3036 506; x_wconf 90' lang='lat' dir='ltr'><strong>in</strong></span> <span class='ocrx_word' id='word_1_19' title='bbox 3068 449 3161 506; x_wconf 92' lang='lat' dir='ltr'><strong>lini</strong></span> <span class='ocrx_word' id='word_1_20' title='bbox 3188 444 3622 505; x_wconf 73' lang='lat' dir='ltr'><strong>similitudinem</strong></span> <span class='ocrx_word' id='word_1_21' title='bbox 3646 448 3904 509; x_wconf 69' lang='lat' dir='ltr'><strong>assumptus</strong></span> 
     </span>
    </p>
   </div>
   <div class='ocr_carea' id='block_1_5' title="bbox 629 534 2238 612">
    <p class='ocr_par' dir='ltr' id='par_1_5' title="bbox 629 534 2238 612">
     <span class='ocr_line' id='line_1_5' title="bbox 629 534 2238 612; baseline -0.004 -13"><span class='ocrx_word' id='word_1_22' title='bbox 629 554 838 600; x_wconf 87' lang='lat' dir='ltr'><strong>tatorcs</strong></span> <span class='ocrx_word' id='word_1_23' title='bbox 865 542 1054 598; x_wconf 70' lang='lat' dir='ltr'><strong>Terra:</strong></span> <span class='ocrx_word' id='word_1_24' title='bbox 1076 550 1302 607; x_wconf 80' lang='lat' dir='ltr'><strong>sanctae,</strong></span> <span class='ocrx_word' id='word_1_25' title='bbox 1334 538 1427 612; x_wconf 85' lang='lat' dir='ltr'><strong>qui</strong></span> <span class='ocrx_word' id='word_1_26' title='bbox 1452 550 1677 609; x_wconf 84' lang='lat' dir='ltr'><strong>tangunt</strong></span> <span class='ocrx_word' id='word_1_27' title='bbox 1712 534 2088 595; x_wconf 70' lang='lat' dir='ltr'><strong>hmreditatem</strong></span> <span class='ocrx_word' id='word_1_28' title='bbox 2120 534 2238 606; x_wconf 91' lang='lat' dir='ltr'><strong>Del,</strong></span> 
     </span>
    </p>
   </div>
   <div class='ocr_carea' id='block_1_6' title="bbox 620 631 2242 704">
    <p class='ocr_par' dir='ltr' id='par_1_6' title="bbox 620 631 2242 704">
     <span class='ocr_line' id='line_1_6' title="bbox 620 631 2242 704; baseline -0.006 -11"><span class='ocrx_word' id='word_1_29' title='bbox 620 641 677 693; x_wconf 87' lang='lat' dir='ltr'><strong>et</strong></span> <span class='ocrx_word' id='word_1_30' title='bbox 701 636 996 692; x_wconf 84' lang='lat' dir='ltr'><strong>devastant</strong></span> <span class='ocrx_word' id='word_1_31' title='bbox 1026 646 1146 691; x_wconf 87' lang='lat' dir='ltr'><strong>eam</strong></span> <span class='ocrx_word' id='word_1_32' title='bbox 1176 651 1188 688; x_wconf 90' lang='lat'><strong>:</strong></span> <span class='ocrx_word' id='word_1_33' title='bbox 1240 633 1550 704; x_wconf 86' lang='lat' dir='ltr'><strong>diciturqne</strong></span> <span class='ocrx_word' id='word_1_34' title='bbox 1577 632 1646 688; x_wconf 88' lang='lat' dir='ltr'><strong>de</strong></span> <span class='ocrx_word' id='word_1_35' title='bbox 1677 632 1761 689; x_wconf 88' lang='lat' dir='ltr'><strong>eis</strong></span> <span class='ocrx_word' id='word_1_36' title='bbox 1802 631 1946 703; x_wconf 91' lang='lat' dir='ltr'><strong>quod</strong></span> <span class='ocrx_word' id='word_1_37' title='bbox 1990 632 2242 687; x_wconf 80' lang='lat' dir='ltr'><strong>auferan-</strong></span> 
     </span>
    </p>
   </div>
   <div class='ocr_carea' id='block_1_7' title="bbox 624 722 2241 793">
    <p class='ocr_par' dir='ltr' id='par_1_7' title="bbox 624 722 2241 793">
     <span class='ocr_line' id='line_1_7' title="bbox 624 722 2241 793; baseline -0.001 -10"><span class='ocrx_word' id='word_1_38' title='bbox 624 735 717 784; x_wconf 90' lang='lat' dir='ltr'><strong>tur</strong></span> <span class='ocrx_word' id='word_1_39' title='bbox 748 729 815 784; x_wconf 89' lang='lat' dir='ltr'><strong>de</strong></span> <span class='ocrx_word' id='word_1_40' title='bbox 848 728 1030 785; x_wconf 86' lang='lat' dir='ltr'><strong>medio</strong></span> <span class='ocrx_word' id='word_1_41' title='bbox 1068 736 1264 793; x_wconf 63' lang='lat' dir='ltr'><strong>terrae;</strong></span> <span class='ocrx_word' id='word_1_42' title='bbox 1295 732 1347 782; x_wconf 88' lang='lat' dir='ltr'><strong>et</strong></span> <span class='ocrx_word' id='word_1_43' title='bbox 1375 727 1571 782; x_wconf 79' lang='lat' dir='ltr'><strong>domus</strong></span> <span class='ocrx_word' id='word_1_44' title='bbox 1602 724 1745 782; x_wconf 86' lang='lat' dir='ltr'><strong>Juda</strong></span> <span class='ocrx_word' id='word_1_45' title='bbox 1780 722 2002 781; x_wconf 87' lang='lat' dir='ltr'><strong>tollatur</strong></span> <span class='ocrx_word' id='word_1_46' title='bbox 2030 724 2098 781; x_wconf 91' lang='lat' dir='ltr'><strong>de</strong></span> <span class='ocrx_word' id='word_1_47' title='bbox 2127 739 2241 781; x_wconf 60' lang='lat' dir='ltr'><strong>meo</strong></span> 
     </span>
    </p>
   </div>
   <div class='ocr_carea' id='block_1_8' title="bbox 625 815 2237 895">
    <p class='ocr_par' dir='ltr' id='par_1_8' title="bbox 625 815 2237 895">
     <span class='ocr_line' id='line_1_8' title="bbox 625 815 2237 895; baseline -0.004 -16"><span class='ocrx_word' id='word_1_48' title='bbox 625 820 717 879; x_wconf 89' lang='lat' dir='ltr'><strong>dio</strong></span> <span class='ocrx_word' id='word_1_49' title='bbox 739 840 955 878; x_wconf 87' lang='lat' dir='ltr'><strong>eorutn.</strong></span> <span class='ocrx_word' id='word_1_50' title='bbox 985 822 1087 889; x_wconf 85' lang='lat' dir='ltr'><strong>Qu&#39;i</strong></span> <span class='ocrx_word' id='word_1_51' title='bbox 1116 815 1284 895; x_wconf 78' lang='lat'><strong>930</strong></span> <span class='ocrx_word' id='word_1_52' title='bbox 1319 837 1442 877; x_wconf 92' lang='lat' dir='ltr'><strong>cum</strong></span> <span class='ocrx_word' id='word_1_53' title='bbox 1473 821 1646 877; x_wconf 81' lang='lat' dir='ltr'><strong>evuisi</strong></span> <span class='ocrx_word' id='word_1_54' title='bbox 1689 816 1915 882; x_wconf 77' lang='lat' dir='ltr'><strong>fuerint.</strong></span> <span class='ocrx_word' id='word_1_55' title='bbox 1945 828 2002 876; x_wconf 87' lang='lat' dir='ltr'><strong>et</strong></span> <span class='ocrx_word' id='word_1_56' title='bbox 2027 820 2093 875; x_wconf 90' lang='lat' dir='ltr'><strong>de</strong></span> <span class='ocrx_word' id='word_1_57' title='bbox 2125 817 2237 874; x_wconf 78' lang='lat' dir='ltr'><strong>bae-</strong></span> 
     </span>
    </p>
   </div>
   <div class='ocr_carea' id='block_1_9' title="bbox 627 909 2239 985">
    <p class='ocr_par' dir='ltr' id='par_1_9' title="bbox 627 909 2239 985">
     <span class='ocr_line' id='line_1_9' title="bbox 627 909 2239 985; baseline -0.003 -14"><span class='ocrx_word' id='word_1_58' title='bbox 627 916 927 973; x_wconf 88' lang='lat' dir='ltr'><strong>reticorum</strong></span> <span class='ocrx_word' id='word_1_59' title='bbox 961 915 1211 970; x_wconf 73' lang='lat' dir='ltr'><strong>faucibus</strong></span> <span class='ocrx_word' id='word_1_60' title='bbox 1257 910 1517 981; x_wconf 89' lang='lat' dir='ltr'><strong>liberati,</strong></span> <span class='ocrx_word' id='word_1_61' title='bbox 1561 920 1970 985; x_wconf 74' lang='lat' dir='ltr'><strong>consequentur</strong></span> <span class='ocrx_word' id='word_1_62' title='bbox 2020 909 2239 969; x_wconf 84' lang='lat' dir='ltr'><strong>miseri-</strong></span> 
     </span>
    </p>
   </div>
   <div class='ocr_carea' id='block_1_10' title="bbox 624 998 2238 1075">
    <p class='ocr_par' dir='ltr' id='par_1_10' title="bbox 624 998 2238 1075">
     <span class='ocr_line' id='line_1_10' title="bbox 624 998 2238 1075; baseline -0.003 -11"><span class='ocrx_word' id='word_1_63' title='bbox 624 1004 873 1064; x_wconf 88' lang='lat' dir='ltr'><strong>cordiam</strong></span> <span class='ocrx_word' id='word_1_64' title='bbox 927 1006 1054 1075; x_wconf 87' lang='lat' dir='ltr'><strong>Dei,</strong></span> <span class='ocrx_word' id='word_1_65' title='bbox 1105 1012 1161 1062; x_wconf 89' lang='lat' dir='ltr'><strong>et</strong></span> <span class='ocrx_word' id='word_1_66' title='bbox 1208 1007 1537 1062; x_wconf 90' lang='lat' dir='ltr'><strong>reducentur</strong></span> <span class='ocrx_word' id='word_1_67' title='bbox 1580 1004 1636 1060; x_wconf 89' lang='lat' dir='ltr'><strong>in</strong></span> <span class='ocrx_word' id='word_1_68' title='bbox 1685 998 2060 1061; x_wconf 80' lang='lat' dir='ltr'><strong>haereditatt-m</strong></span> <span class='ocrx_word' id='word_1_69' title='bbox 2104 1002 2238 1060; x_wconf 88' lang='lat' dir='ltr'><strong>etin</strong></span> 
     </span>
    </p>
   </div>
   <div class='ocr_carea' id='block_1_11' title="bbox 629 1111 1042 1157">
    <p class='ocr_par' dir='ltr' id='par_1_11' title="bbox 629 1111 1042 1157">
     <span class='ocr_line' id='line_1_11' title="bbox 629 1111 1042 1157; baseline -0.01 0"><span class='ocrx_word' id='word_1_70' title='bbox 629 1111 836 1157; x_wconf 86' lang='lat' dir='ltr'><strong>terram</strong></span> <span class='ocrx_word' id='word_1_71' title='bbox 861 1115 1042 1155; x_wconf 80' lang='lat' dir='ltr'><strong>suam.</strong></span> 
     </span>
    </p>
   </div>
   <div class='ocr_carea' id='block_1_12' title="bbox 700 1186 2239 1269">
    <p class='ocr_par' dir='ltr' id='par_1_12' title="bbox 700 1186 2239 1269">
     <span class='ocr_line' id='line_1_12' title="bbox 700 1186 2239 1269; baseline -0.005 -20"><span class='ocrx_word' id='word_1_72' title='bbox 700 1192 882 1269; x_wconf 78' lang='lat' dir='ltr'><strong>(Vers.</strong></span> <span class='ocrx_word' id='word_1_73' title='bbox 922 1190 1007 1259; x_wconf 89' lang='lat' dir='ltr'><strong>l6,</strong></span> <span class='ocrx_word' id='word_1_74' title='bbox 1050 1190 1158 1263; x_wconf 80' lang='lat' dir='ltr'><strong>l7.)</strong></span> <span class='ocrx_word' id='word_1_75' title='bbox 1182 1186 1249 1246; x_wconf 79' lang='lat' dir='ltr'><strong>Et</strong></span> <span class='ocrx_word' id='word_1_76' title='bbox 1281 1190 1460 1258; x_wconf 85' lang='lat' dir='ltr'><strong>erit,si</strong></span> <span class='ocrx_word' id='word_1_77' title='bbox 1484 1191 1681 1246; x_wconf 85' lang='lat' dir='ltr'><strong>eruditi</strong></span> <span class='ocrx_word' id='word_1_78' title='bbox 1702 1188 1983 1245; x_wconf 87' lang='lat' dir='ltr'><strong>didicerint</strong></span> <span class='ocrx_word' id='word_1_79' title='bbox 2010 1186 2118 1243; x_wconf 78' lang='lat' dir='ltr'><strong>vias</strong></span> <span class='ocrx_word' id='word_1_80' title='bbox 2146 1203 2239 1260; x_wconf 83' lang='lat' dir='ltr'><strong>po-</strong></span> 
     </span>
    </p>
   </div>
   <div class='ocr_carea' id='block_1_13' title="bbox 626 1281 2239 1363">
    <p class='ocr_par' dir='ltr' id='par_1_13' title="bbox 626 1281 2239 1363">
     <span class='ocr_line' id='line_1_13' title="bbox 626 1281 2239 1363; baseline -0.005 -20"><span class='ocrx_word' id='word_1_81' title='bbox 626 1289 738 1363; x_wconf 88' lang='lat' dir='ltr'><strong>puli</strong></span> <span class='ocrx_word' id='word_1_82' title='bbox 764 1290 861 1342; x_wconf 89' lang='lat' dir='ltr'><strong>mei</strong></span> <span class='ocrx_word' id='word_1_83' title='bbox 871 1327 887 1354; x_wconf 90' lang='lat'><strong>,</strong></span> <span class='ocrx_word' id='word_1_84' title='bbox 908 1298 961 1340; x_wconf 90' lang='lat' dir='ltr'><strong>ut</strong></span> <span class='ocrx_word' id='word_1_85' title='bbox 971 1290 1153 1361; x_wconf 87' lang='lat' dir='ltr'><strong>jurent</strong></span> <span class='ocrx_word' id='word_1_86' title='bbox 1183 1289 1237 1341; x_wconf 88' lang='lat' dir='ltr'><strong>in</strong></span> <span class='ocrx_word' id='word_1_87' title='bbox 1264 1287 1469 1341; x_wconf 82' lang='lat' dir='ltr'><strong>nomine</strong></span> <span class='ocrx_word' id='word_1_88' title='bbox 1491 1301 1625 1351; x_wconf 88' lang='lat' dir='ltr'><strong>meo,</strong></span> <span class='ocrx_word' id='word_1_89' title='bbox 1648 1282 1770 1339; x_wconf 79' lang='lat' dir='ltr'><strong>vivit</strong></span> <span class='ocrx_word' id='word_1_90' title='bbox 1794 1281 2051 1338; x_wconf 85' lang='lat' dir='ltr'><strong>Dominus</strong></span> <span class='ocrx_word' id='word_1_91' title='bbox 2071 1282 2239 1337; x_wconf 82' lang='lat' dir='ltr'><strong>:sicttl</strong></span> 
     </span>
    </p>
   </div>
   <div class='ocr_carea' id='block_1_14' title="bbox 629 1372 2237 1454">
    <p class='ocr_par' dir='ltr' id='par_1_14' title="bbox 629 1372 2237 1454">
     <span class='ocr_line' id='line_1_14' title="bbox 629 1372 2237 1454; baseline -0.004 -19"><span class='ocrx_word' id='word_1_92' title='bbox 629 1383 925 1437; x_wconf 86' lang='lat' dir='ltr'><strong>docuerunt</strong></span> <span class='ocrx_word' id='word_1_93' title='bbox 955 1383 1207 1452; x_wconf 83' lang='lat' dir='ltr'><strong>populum</strong></span> <span class='ocrx_word' id='word_1_94' title='bbox 1232 1395 1402 1434; x_wconf 87' lang='lat' dir='ltr'><strong>meum</strong></span> <span class='ocrx_word' id='word_1_95' title='bbox 1426 1382 1615 1454; x_wconf 86' lang='lat' dir='ltr'><strong>jurare</strong></span> <span class='ocrx_word' id='word_1_96' title='bbox 1635 1380 1690 1433; x_wconf 90' lang='lat' dir='ltr'><strong>in</strong></span> <span class='ocrx_word' id='word_1_97' title='bbox 1714 1372 1872 1443; x_wconf 85' lang='lat' dir='ltr'><strong>Baal,</strong></span> <span class='ocrx_word' id='word_1_98' title='bbox 1892 1375 2237 1446; x_wconf 79' lang='lat' dir='ltr'><strong>tediﬁcabun-</strong></span> 
     </span>
    </p>
   </div>
   <div class='ocr_carea' id='block_1_15' title="bbox 628 1470 2236 1547">
    <p class='ocr_par' dir='ltr' id='par_1_15' title="bbox 628 1470 2236 1547">
     <span class='ocr_line' id='line_1_15' title="bbox 628 1470 2236 1547; baseline -0.004 -16"><span class='ocrx_word' id='word_1_99' title='bbox 628 1488 714 1532; x_wconf 88' lang='lat' dir='ltr'><strong>tur</strong></span> <span class='ocrx_word' id='word_1_100' title='bbox 746 1477 800 1531; x_wconf 90' lang='lat' dir='ltr'><strong>in</strong></span> <span class='ocrx_word' id='word_1_101' title='bbox 824 1476 995 1529; x_wconf 88' lang='lat' dir='ltr'><strong>medio</strong></span> <span class='ocrx_word' id='word_1_102' title='bbox 1023 1472 1204 1547; x_wconf 81' lang='lat' dir='ltr'><strong>populi</strong></span> <span class='ocrx_word' id='word_1_103' title='bbox 1237 1475 1357 1529; x_wconf 88' lang='lat' dir='ltr'><strong>mei.</strong></span> <span class='ocrx_word' id='word_1_104' title='bbox 1395 1470 1550 1541; x_wconf 83' lang='lat' dir='ltr'><strong>Quod</strong></span> <span class='ocrx_word' id='word_1_105' title='bbox 1574 1470 1619 1528; x_wconf 88' lang='lat' dir='ltr'><strong>si</strong></span> <span class='ocrx_word' id='word_1_106' title='bbox 1648 1489 1751 1527; x_wconf 89' lang='lat' dir='ltr'><strong>non</strong></span> <span class='ocrx_word' id='word_1_107' title='bbox 1784 1470 2069 1535; x_wconf 82' lang='lat' dir='ltr'><strong>audierint,</strong></span> <span class='ocrx_word' id='word_1_108' title='bbox 2099 1471 2236 1526; x_wconf 81' lang='lat' dir='ltr'><strong>evel-</strong></span> 
     </span>
    </p>
   </div>
   <div class='ocr_carea' id='block_1_16' title="bbox 631 1558 2238 1641">
    <p class='ocr_par' dir='ltr' id='par_1_16' title="bbox 631 1558 2238 1641">
     <span class='ocr_line' id='line_1_16' title="bbox 631 1558 2238 1641; baseline -0.004 -19"><span class='ocrx_word' id='word_1_109' title='bbox 631 1569 740 1624; x_wconf 89' lang='lat' dir='ltr'><strong>lam</strong></span> <span class='ocrx_word' id='word_1_110' title='bbox 766 1574 970 1641; x_wconf 84' lang='lat' dir='ltr'><strong>gentem</strong></span> <span class='ocrx_word' id='word_1_111' title='bbox 1011 1568 1159 1623; x_wconf 83' lang='lat' dir='ltr'><strong>illam</strong></span> <span class='ocrx_word' id='word_1_112' title='bbox 1187 1567 1454 1622; x_wconf 85' lang='lat' dir='ltr'><strong>evulsione</strong></span> <span class='ocrx_word' id='word_1_113' title='bbox 1475 1570 1521 1621; x_wconf 83' lang='lat' dir='ltr'><strong>et</strong></span> <span class='ocrx_word' id='word_1_114' title='bbox 1551 1562 1863 1640; x_wconf 71' lang='lat' dir='ltr'><strong>perditione,</strong></span> <span class='ocrx_word' id='word_1_115' title='bbox 1896 1562 2022 1618; x_wconf 85' lang='lat' dir='ltr'><strong>dicit</strong></span> <span class='ocrx_word' id='word_1_116' title='bbox 2054 1558 2238 1617; x_wconf 89' lang='lat' dir='ltr'><strong>Domi-</strong></span> 
     </span>
    </p>
   </div>
   <div class='ocr_carea' id='block_1_17' title="bbox 631 1652 2240 1719">
    <p class='ocr_par' dir='ltr' id='par_1_17' title="bbox 631 1652 2240 1719">
     <span class='ocr_line' id='line_1_17' title="bbox 631 1652 2240 1719; baseline -0.004 -2"><span class='ocrx_word' id='word_1_117' title='bbox 631 1679 753 1717; x_wconf 88' lang='lat' dir='ltr'><strong>nus.</strong></span> <span class='ocrx_word' id='word_1_118' title='bbox 788 1659 844 1718; x_wconf 91' lang='lat' dir='ltr'><strong>Si</strong></span> <span class='ocrx_word' id='word_1_119' title='bbox 879 1660 1127 1716; x_wconf 86' lang='lat' dir='ltr'><strong>translati</strong></span> <span class='ocrx_word' id='word_1_120' title='bbox 1159 1661 1227 1715; x_wconf 91' lang='lat' dir='ltr'><strong>de</strong></span> <span class='ocrx_word' id='word_1_121' title='bbox 1275 1654 1470 1716; x_wconf 66' lang='lat' dir='ltr'><strong>hrresi</strong></span> <span class='ocrx_word' id='word_1_122' title='bbox 1502 1656 1555 1715; x_wconf 93' lang='lat' dir='ltr'><strong>in</strong></span> <span class='ocrx_word' id='word_1_123' title='bbox 1587 1659 1915 1719; x_wconf 75' lang='lat' dir='ltr'><strong>Ecclesium.</strong></span> <span class='ocrx_word' id='word_1_124' title='bbox 1944 1652 2240 1712; x_wconf 90' lang='lat' dir='ltr'><strong>didicerint</strong></span> 
     </span>
    </p>
   </div>
   <div class='ocr_carea' id='block_1_18' title="bbox 630 1746 2239 1825">
    <p class='ocr_par' dir='ltr' id='par_1_18' title="bbox 630 1746 2239 1825">
     <span class='ocr_line' id='line_1_18' title="bbox 630 1746 2239 1825; baseline -0.004 -16"><span class='ocrx_word' id='word_1_125' title='bbox 630 1750 748 1809; x_wconf 83' lang='lat' dir='ltr'><strong>vias</strong></span> <span class='ocrx_word' id='word_1_126' title='bbox 777 1752 961 1825; x_wconf 79' lang='lat' dir='ltr'><strong>pepuli</strong></span> <span class='ocrx_word' id='word_1_127' title='bbox 992 1748 1113 1819; x_wconf 86' lang='lat' dir='ltr'><strong>Dei,</strong></span> <span class='ocrx_word' id='word_1_128' title='bbox 1149 1755 1206 1808; x_wconf 87' lang='lat' dir='ltr'><strong>et</strong></span> <span class='ocrx_word' id='word_1_129' title='bbox 1232 1752 1543 1822; x_wconf 75' lang='lat' dir='ltr'><strong>iuraverint</strong></span> <span class='ocrx_word' id='word_1_130' title='bbox 1568 1750 1621 1807; x_wconf 90' lang='lat' dir='ltr'><strong>in</strong></span> <span class='ocrx_word' id='word_1_131' title='bbox 1654 1749 1875 1806; x_wconf 84' lang='lat' dir='ltr'><strong>nomine</strong></span> <span class='ocrx_word' id='word_1_132' title='bbox 1908 1746 2148 1811; x_wconf 87' lang='lat' dir='ltr'><strong>Domini,</strong></span> <span class='ocrx_word' id='word_1_133' title='bbox 2184 1750 2239 1802; x_wconf 87' lang='lat' dir='ltr'><strong>et</strong></span> 
     </span>
    </p>
   </div>
   <div class='ocr_carea' id='block_1_19' title="bbox 2346 534 3904 611">
    <p class='ocr_par' dir='ltr' id='par_1_19' title="bbox 2346 534 3904 611">
     <span class='ocr_line' id='line_1_19' title="bbox 2346 534 3904 611; baseline -0.005 -14"><span class='ocrx_word' id='word_1_134' title='bbox 2346 534 2414 599; x_wconf 85' lang='lat' dir='ltr'><strong>de</strong></span> <span class='ocrx_word' id='word_1_135' title='bbox 2459 552 2625 611; x_wconf 90' lang='lat' dir='ltr'><strong>terra,</strong></span> <span class='ocrx_word' id='word_1_136' title='bbox 2658 554 2711 602; x_wconf 91' lang='lat' dir='ltr'><strong>et</strong></span> <span class='ocrx_word' id='word_1_137' title='bbox 2741 542 2950 611; x_wconf 88' lang='lat' dir='ltr'><strong>illotus,</strong></span> <span class='ocrx_word' id='word_1_138' title='bbox 3003 559 3101 601; x_wconf 90' lang='lat' dir='ltr'><strong>nec</strong></span> <span class='ocrx_word' id='word_1_139' title='bbox 3145 540 3560 599; x_wconf 85' lang='lat' dir='ltr'><strong>mollitudinem</strong></span> <span class='ocrx_word' id='word_1_140' title='bbox 3610 534 3904 597; x_wconf 65' lang='lat' dir='ltr'><strong>habuimus</strong></span> 
     </span>
    </p>
   </div>
   <div class='ocr_carea' id='block_1_20' title="bbox 2343 626 3905 708">
    <p class='ocr_par' dir='ltr' id='par_1_20' title="bbox 2343 626 3905 708">
     <span class='ocr_line' id='line_1_20' title="bbox 2343 626 3905 708; baseline -0.008 -16"><span class='ocrx_word' id='word_1_141' title='bbox 2343 637 2658 705; x_wconf 79' lang='lat' dir='ltr'><strong>candorem,</strong></span> <span class='ocrx_word' id='word_1_142' title='bbox 2691 644 2741 695; x_wconf 91' lang='lat' dir='ltr'><strong>et</strong></span> <span class='ocrx_word' id='word_1_143' title='bbox 2769 648 2945 694; x_wconf 86' lang='lat' dir='ltr'><strong>tamen</strong></span> <span class='ocrx_word' id='word_1_144' title='bbox 2974 653 3070 708; x_wconf 88' lang='lat' dir='ltr'><strong>per</strong></span> <span class='ocrx_word' id='word_1_145' title='bbox 3111 630 3255 692; x_wconf 83' lang='lat' dir='ltr'><strong>illius</strong></span> <span class='ocrx_word' id='word_1_146' title='bbox 3287 629 3741 689; x_wconf 86' lang='lat' dir='ltr'><strong>misericordiam</strong></span> <span class='ocrx_word' id='word_1_147' title='bbox 3765 626 3905 682; x_wconf 70' lang='lat' dir='ltr'><strong>adha-</strong></span> 
     </span>
    </p>
   </div>
   <div class='ocr_carea' id='block_1_21' title="bbox 2342 714 3907 802">
    <p class='ocr_par' dir='ltr' id='par_1_21' title="bbox 2342 714 3907 802">
     <span class='ocr_line' id='line_1_21' title="bbox 2342 714 3907 802; baseline -0.01 -17"><span class='ocrx_word' id='word_1_148' title='bbox 2342 726 2413 785; x_wconf 88' lang='lat' dir='ltr'><strong>sit</strong></span> <span class='ocrx_word' id='word_1_149' title='bbox 2446 730 2574 785; x_wconf 83' lang='lat' dir='ltr'><strong>Deo.</strong></span> <span class='ocrx_word' id='word_1_150' title='bbox 2601 728 2845 797; x_wconf 81' lang='lat' dir='ltr'><strong>Cumque</strong></span> <span class='ocrx_word' id='word_1_151' title='bbox 2870 741 3165 802; x_wconf 75' lang='lat' dir='ltr'><strong>peccasset,</strong></span> <span class='ocrx_word' id='word_1_152' title='bbox 3190 720 3462 782; x_wconf 82' lang='lat' dir='ltr'><strong>ratiOuale</strong></span> <span class='ocrx_word' id='word_1_153' title='bbox 3494 720 3713 794; x_wconf 82' lang='lat' dir='ltr'><strong>quippe</strong></span> <span class='ocrx_word' id='word_1_154' title='bbox 3742 730 3817 774; x_wconf 75' lang='grc' dir='ltr'><strong>εει</strong></span> <span class='ocrx_word' id='word_1_155' title='bbox 3840 714 3907 771; x_wconf 79' lang='lat' dir='ltr'><strong>lut-</strong></span> 
     </span>
    </p>
   </div>
   <div class='ocr_carea' id='block_1_22' title="bbox 2338 815 3908 892">
    <p class='ocr_par' dir='ltr' id='par_1_22' title="bbox 2338 815 3908 892">
     <span class='ocr_line' id='line_1_22' title="bbox 2338 815 3908 892; baseline -0.008 -16"><span class='ocrx_word' id='word_1_156' title='bbox 2338 820 2643 892; x_wconf 87' lang='lat' dir='ltr'><strong>juscemodi</strong></span> <span class='ocrx_word' id='word_1_157' title='bbox 2680 822 2849 877; x_wconf 90' lang='lat' dir='ltr'><strong>linum</strong></span> <span class='ocrx_word' id='word_1_158' title='bbox 2882 831 3049 889; x_wconf 81' lang='lat' dir='ltr'><strong>atque</strong></span> <span class='ocrx_word' id='word_1_159' title='bbox 3095 818 3358 885; x_wconf 84' lang='lat' dir='ltr'><strong>lumbare,</strong></span> <span class='ocrx_word' id='word_1_160' title='bbox 3393 815 3616 872; x_wconf 87' lang='lat' dir='ltr'><strong>ductus</strong></span> <span class='ocrx_word' id='word_1_161' title='bbox 3668 816 3750 867; x_wconf 79' lang='lat' dir='ltr'><strong>est</strong></span> <span class='ocrx_word' id='word_1_162' title='bbox 3796 820 3908 865; x_wconf 81' lang='lat' dir='ltr'><strong>trans</strong></span> 
     </span>
    </p>
   </div>
   <div class='ocr_carea' id='block_1_23' title="bbox 2345 905 3907 985">
    <p class='ocr_par' dir='ltr' id='par_1_23' title="bbox 2345 905 3907 985">
     <span class='ocr_line' id='line_1_23' title="bbox 2345 905 3907 985; baseline -0.008 -16"><span class='ocrx_word' id='word_1_163' title='bbox 2345 914 2707 984; x_wconf 75' lang='lat' dir='ltr'><strong>Euphratem,</strong></span> <span class='ocrx_word' id='word_1_164' title='bbox 2732 914 2781 970; x_wconf 89' lang='lat' dir='ltr'><strong>id</strong></span> <span class='ocrx_word' id='word_1_165' title='bbox 2812 924 2917 982; x_wconf 86' lang='lat' dir='ltr'><strong>est,</strong></span> <span class='ocrx_word' id='word_1_166' title='bbox 2955 914 3008 969; x_wconf 91' lang='lat' dir='ltr'><strong>itt</strong></span> <span class='ocrx_word' id='word_1_167' title='bbox 3046 910 3320 985; x_wconf 83' lang='lat' dir='ltr'><strong>Assyrios,</strong></span> <span class='ocrx_word' id='word_1_168' title='bbox 3362 917 3417 967; x_wconf 90' lang='lat' dir='ltr'><strong>et</strong></span> <span class='ocrx_word' id='word_1_169' title='bbox 3446 906 3531 965; x_wconf 92' lang='lat' dir='ltr'><strong>ihi</strong></span> <span class='ocrx_word' id='word_1_170' title='bbox 3574 905 3907 969; x_wconf 74' lang='lat' dir='ltr'><strong>absconditus,</strong></span> 
     </span>
    </p>
   </div>
   <div class='ocr_carea' id='block_1_24' title="bbox 2344 1002 3905 1081">
    <p class='ocr_par' dir='ltr' id='par_1_24' title="bbox 2344 1002 3905 1081">
     <span class='ocr_line' id='line_1_24' title="bbox 2344 1002 3905 1081; baseline -0.006 -19"><span class='ocrx_word' id='word_1_171' title='bbox 2344 1003 2445 1064; x_wconf 87' lang='lat' dir='ltr'><strong>hoc</strong></span> <span class='ocrx_word' id='word_1_172' title='bbox 2495 1019 2601 1079; x_wconf 73' lang='grc' dir='ltr'><strong>ρει,</strong></span> <span class='ocrx_word' id='word_1_173' title='bbox 2653 1005 2999 1065; x_wconf 88' lang='lat' dir='ltr'><strong>multitudine</strong></span> <span class='ocrx_word' id='word_1_174' title='bbox 3045 1002 3153 1081; x_wconf 73' lang='lat' dir='ltr'><strong>(At.</strong></span> <span class='ocrx_word' id='word_1_175' title='bbox 3191 1002 3603 1079; x_wconf 75' lang='lat' dir='ltr'><strong>magnitudine]</strong></span> <span class='ocrx_word' id='word_1_176' title='bbox 3642 1014 3905 1072; x_wconf 80' lang='lat' dir='ltr'><strong>magnarum</strong></span> 
     </span>
    </p>
   </div>
   <div class='ocr_carea' id='block_1_25' title="bbox 2342 1090 3941 1175">
    <p class='ocr_par' dir='ltr' id='par_1_25' title="bbox 2342 1090 3941 1175">
     <span class='ocr_line' id='line_1_25' title="bbox 2342 1090 3941 1175; baseline -0.009 -16"><span class='ocrx_word' id='word_1_177' title='bbox 2342 1112 2390 1159; x_wconf 91' lang='lat' dir='ltr'><strong>et</strong></span> <span class='ocrx_word' id='word_1_178' title='bbox 2424 1101 2903 1160; x_wconf 69' lang='lat' dir='ltr'><strong>innumerabilium</strong></span> <span class='ocrx_word' id='word_1_179' title='bbox 2929 1102 3168 1175; x_wconf 81' lang='lat' dir='ltr'><strong>gentium</strong></span> <span class='ocrx_word' id='word_1_180' title='bbox 3196 1092 3621 1172; x_wconf 82' lang='lat' dir='ltr'><strong>quodammodo</strong></span> <span class='ocrx_word' id='word_1_181' title='bbox 3642 1090 3906 1161; x_wconf 66' lang='lat' dir='ltr'><strong>absorptus,</strong></span> 
     </span>
    </p>
   </div>
   <div class='ocr_carea' id='block_1_26' title="bbox 2343 1192 3902 1269">
    <p class='ocr_par' dir='ltr' id='par_1_26' title="bbox 2343 1192 3902 1269">
     <span class='ocr_line' id='line_1_26' title="bbox 2343 1192 3902 1269; baseline -0.008 -16"><span class='ocrx_word' id='word_1_182' title='bbox 2343 1202 2397 1253; x_wconf 89' lang='lat' dir='ltr'><strong>et</strong></span> <span class='ocrx_word' id='word_1_183' title='bbox 2449 1194 2607 1254; x_wconf 88' lang='lat' dir='ltr'><strong>nihili</strong></span> <span class='ocrx_word' id='word_1_184' title='bbox 2648 1207 2955 1269; x_wconf 88' lang='lat' dir='ltr'><strong>reputatus.</strong></span> <span class='ocrx_word' id='word_1_185' title='bbox 3009 1194 3141 1253; x_wconf 84' lang='lat' dir='ltr'><strong>Post</strong></span> <span class='ocrx_word' id='word_1_186' title='bbox 3193 1192 3420 1251; x_wconf 89' lang='lat' dir='ltr'><strong>multum</strong></span> <span class='ocrx_word' id='word_1_187' title='bbox 3472 1199 3673 1247; x_wconf 86' lang='lat' dir='ltr'><strong>autem</strong></span> <span class='ocrx_word' id='word_1_188' title='bbox 3720 1196 3902 1258; x_wconf 72' lang='lat' dir='ltr'><strong>tempus,</strong></span> 
     </span>
    </p>
   </div>
   <div class='ocr_carea' id='block_1_27' title="bbox 2343 1276 3906 1363">
    <p class='ocr_par' dir='ltr' id='par_1_27' title="bbox 2343 1276 3906 1363">
     <span class='ocr_line' id='line_1_27' title="bbox 2343 1276 3906 1363; baseline -0.01 -16"><span class='ocrx_word' id='word_1_189' title='bbox 2343 1288 2460 1360; x_wconf 70' lang='lat' dir='ltr'><strong>ipse</strong></span> <span class='ocrx_word' id='word_1_190' title='bbox 2504 1288 2772 1363; x_wconf 85' lang='lat' dir='ltr'><strong>Propheta</strong></span> <span class='ocrx_word' id='word_1_191' title='bbox 2823 1291 2876 1345; x_wconf 82' lang='lat' dir='ltr'><strong>in</strong></span> <span class='ocrx_word' id='word_1_192' title='bbox 2920 1301 3103 1361; x_wconf 87' lang='lat' dir='ltr'><strong>typum</strong></span> <span class='ocrx_word' id='word_1_193' title='bbox 3159 1284 3249 1343; x_wconf 87' lang='lat' dir='ltr'><strong>Dei</strong></span> <span class='ocrx_word' id='word_1_194' title='bbox 3304 1284 3507 1341; x_wconf 81' lang='lat' dir='ltr'><strong>liberat</strong></span> <span class='ocrx_word' id='word_1_195' title='bbox 3563 1282 3821 1354; x_wconf 88' lang='lat' dir='ltr'><strong>populum</strong></span> <span class='ocrx_word' id='word_1_196' title='bbox 3861 1276 3906 1331; x_wconf 78' lang='lat' dir='ltr'><strong>de</strong></span> 
     </span>
    </p>
   </div>
   <div class='ocr_carea' id='block_1_28' title="bbox 2342 1366 3906 1452">
    <p class='ocr_par' dir='ltr' id='par_1_28' title="bbox 2342 1366 3906 1452">
     <span class='ocr_line' id='line_1_28' title="bbox 2342 1366 3906 1452; baseline -0.009 -15"><span class='ocrx_word' id='word_1_197' title='bbox 2342 1382 2675 1452; x_wconf 83' lang='lat' dir='ltr'><strong>captivitate.</strong></span> <span class='ocrx_word' id='word_1_198' title='bbox 2721 1379 2825 1449; x_wconf 90' lang='lat' dir='ltr'><strong>Qui</strong></span> <span class='ocrx_word' id='word_1_199' title='bbox 2874 1380 3228 1435; x_wconf 79' lang='lat' dir='ltr'><strong>nihilominus</strong></span> <span class='ocrx_word' id='word_1_200' title='bbox 3273 1387 3328 1434; x_wconf 90' lang='lat' dir='ltr'><strong>et</strong></span> <span class='ocrx_word' id='word_1_201' title='bbox 3360 1385 3486 1447; x_wconf 89' lang='lat' dir='ltr'><strong>post</strong></span> <span class='ocrx_word' id='word_1_202' title='bbox 3537 1371 3797 1436; x_wconf 84' lang='lat' dir='ltr'><strong>reditum,</strong></span> <span class='ocrx_word' id='word_1_203' title='bbox 3841 1366 3906 1423; x_wconf 82' lang='lat' dir='ltr'><strong>Dei</strong></span> 
     </span>
    </p>
   </div>
   <div class='ocr_carea' id='block_1_29' title="bbox 2344 1460 3909 1547">
    <p class='ocr_par' dir='ltr' id='par_1_29' title="bbox 2344 1460 3909 1547">
     <span class='ocr_line' id='line_1_29' title="bbox 2344 1460 3909 1547; baseline -0.01 -17"><span class='ocrx_word' id='word_1_204' title='bbox 2344 1486 2610 1547; x_wconf 61' lang='lat' dir='ltr'><strong>praecepta</strong></span> <span class='ocrx_word' id='word_1_205' title='bbox 2659 1491 2765 1530; x_wconf 92' lang='lat' dir='ltr'><strong>non</strong></span> <span class='ocrx_word' id='word_1_206' title='bbox 2799 1470 2954 1542; x_wconf 78' lang='lat' dir='ltr'><strong>fecit;</strong></span> <span class='ocrx_word' id='word_1_207' title='bbox 3003 1472 3097 1530; x_wconf 85' lang='lat' dir='ltr'><strong>sed</strong></span> <span class='ocrx_word' id='word_1_208' title='bbox 3144 1482 3367 1528; x_wconf 89' lang='lat' dir='ltr'><strong>secutus</strong></span> <span class='ocrx_word' id='word_1_209' title='bbox 3408 1466 3556 1525; x_wconf 68' lang='lat' dir='ltr'><strong>deos</strong></span> <span class='ocrx_word' id='word_1_210' title='bbox 3612 1464 3831 1529; x_wconf 82' lang='lat' dir='ltr'><strong>alienos,</strong></span> <span class='ocrx_word' id='word_1_211' title='bbox 3862 1460 3909 1515; x_wconf 73' lang='lat' dir='ltr'><strong>ad</strong></span> 
     </span>
    </p>
   </div>
   <div class='ocr_carea' id='block_1_30' title="bbox 2341 1558 3910 1625">
    <p class='ocr_par' dir='ltr' id='par_1_30' title="bbox 2341 1558 3910 1625">
     <span class='ocr_line' id='line_1_30' title="bbox 2341 1558 3910 1625; baseline -0.01 0"><span class='ocrx_word' id='word_1_212' title='bbox 2341 1576 2642 1625; x_wconf 83' lang='lat' dir='ltr'><strong>extremum</strong></span> <span class='ocrx_word' id='word_1_213' title='bbox 2671 1568 2834 1623; x_wconf 80' lang='lat' dir='ltr'><strong>etiam</strong></span> <span class='ocrx_word' id='word_1_214' title='bbox 2880 1568 2932 1622; x_wconf 92' lang='lat' dir='ltr'><strong>in</strong></span> <span class='ocrx_word' id='word_1_215' title='bbox 2987 1562 3077 1623; x_wconf 88' lang='lat' dir='ltr'><strong>Dei</strong></span> <span class='ocrx_word' id='word_1_216' title='bbox 3108 1560 3310 1620; x_wconf 81' lang='lat' dir='ltr'><strong>Filium</strong></span> <span class='ocrx_word' id='word_1_217' title='bbox 3352 1558 3509 1618; x_wconf 89' lang='lat' dir='ltr'><strong>misit</strong></span> <span class='ocrx_word' id='word_1_218' title='bbox 3541 1570 3764 1622; x_wconf 87' lang='lat' dir='ltr'><strong>manus,</strong></span> <span class='ocrx_word' id='word_1_219' title='bbox 3792 1566 3834 1611; x_wconf 88' lang='lat' dir='ltr'><strong>et</strong></span> <span class='ocrx_word' id='word_1_220' title='bbox 3858 1568 3910 1610; x_wconf 54' lang='lat' dir='ltr'><strong>tce</strong></span> 
     </span>
    </p>
   </div>
   <div class='ocr_carea' id='block_1_31' title="bbox 2344 1653 3909 1733">
    <p class='ocr_par' dir='ltr' id='par_1_31' title="bbox 2344 1653 3909 1733">
     <span class='ocr_line' id='line_1_31' title="bbox 2344 1653 3909 1733; baseline -0.01 -15"><span class='ocrx_word' id='word_1_221' title='bbox 2344 1672 2494 1719; x_wconf 90' lang='lat' dir='ltr'><strong>terna</strong></span> <span class='ocrx_word' id='word_1_222' title='bbox 2530 1663 2837 1733; x_wconf 81' lang='lat' dir='ltr'><strong>perditione</strong></span> <span class='ocrx_word' id='word_1_223' title='bbox 2863 1656 3163 1718; x_wconf 87' lang='lat' dir='ltr'><strong>contabuit.</strong></span> <span class='ocrx_word' id='word_1_224' title='bbox 3196 1660 3390 1716; x_wconf 86' lang='lat' dir='ltr'><strong>Omnis</strong></span> <span class='ocrx_word' id='word_1_225' title='bbox 3420 1669 3655 1729; x_wconf 85' lang='lat' dir='ltr'><strong>quoque</strong></span> <span class='ocrx_word' id='word_1_226' title='bbox 3687 1653 3765 1708; x_wconf 80' lang='lat' dir='ltr'><strong>vir</strong></span> <span class='ocrx_word' id='word_1_227' title='bbox 3788 1663 3909 1706; x_wconf 81' lang='lat' dir='ltr'><strong>sanc-</strong></span> 
     </span>
    </p>
   </div>
   <div class='ocr_carea' id='block_1_32' title="bbox 2344 1740 3912 1825">
    <p class='ocr_par' dir='ltr' id='par_1_32' title="bbox 2344 1740 3912 1825">
     <span class='ocr_line' id='line_1_32' title="bbox 2344 1740 3912 1825; baseline -0.009 -14"><span class='ocrx_word' id='word_1_228' title='bbox 2344 1762 2428 1811; x_wconf 92' lang='lat' dir='ltr'><strong>tus</strong></span> <span class='ocrx_word' id='word_1_229' title='bbox 2459 1756 2704 1812; x_wconf 85' lang='lat' dir='ltr'><strong>lumbare</strong></span> <span class='ocrx_word' id='word_1_230' title='bbox 2738 1756 2828 1812; x_wconf 89' lang='lat' dir='ltr'><strong>Dei</strong></span> <span class='ocrx_word' id='word_1_231' title='bbox 2857 1759 2962 1818; x_wconf 83' lang='lat' dir='ltr'><strong>est,</strong></span> <span class='ocrx_word' id='word_1_232' title='bbox 3006 1753 3098 1825; x_wconf 93' lang='lat' dir='ltr'><strong>qui</strong></span> <span class='ocrx_word' id='word_1_233' title='bbox 3139 1760 3459 1823; x_wconf 84' lang='lat' dir='ltr'><strong>assumptus</strong></span> <span class='ocrx_word' id='word_1_234' title='bbox 3501 1746 3581 1805; x_wconf 86' lang='lat' dir='ltr'><strong>de</strong></span> <span class='ocrx_word' id='word_1_235' title='bbox 3632 1756 3771 1803; x_wconf 80' lang='lat' dir='ltr'><strong>terra</strong></span> <span class='ocrx_word' id='word_1_236' title='bbox 3796 1740 3912 1800; x_wconf 86' lang='lat' dir='ltr'><strong>etde</strong></span> 
     </span>
    </p>
   </div>
   <div class='ocr_carea' id='block_1_33' title="bbox 632 1836 2241 1918">
    <p class='ocr_par' dir='ltr' id='par_1_33' title="bbox 632 1836 2228 1915">
     <span class='ocr_line' id='line_1_33' title="bbox 632 1836 2228 1915; baseline -0.006 -14"><span class='ocrx_word' id='word_1_237' title='bbox 632 1862 738 1901; x_wconf 90' lang='lat' dir='ltr'><strong>non</strong></span> <span class='ocrx_word' id='word_1_238' title='bbox 766 1846 818 1900; x_wconf 90' lang='lat' dir='ltr'><strong>iu</strong></span> <span class='ocrx_word' id='word_1_239' title='bbox 844 1848 1063 1900; x_wconf 85' lang='lat' dir='ltr'><strong>nomine</strong></span> <span class='ocrx_word' id='word_1_240' title='bbox 1084 1836 1384 1913; x_wconf 86' lang='lat' dir='ltr'><strong>idolorum,</strong></span> <span class='ocrx_word' id='word_1_241' title='bbox 1400 1859 1521 1915; x_wconf 67' lang='lat' dir='ltr'><strong>quae</strong></span> <span class='ocrx_word' id='word_1_242' title='bbox 1540 1840 1611 1899; x_wconf 90' lang='lat' dir='ltr'><strong>de</strong></span> <span class='ocrx_word' id='word_1_243' title='bbox 1624 1856 1724 1897; x_wconf 90' lang='lat' dir='ltr'><strong>suo</strong></span> <span class='ocrx_word' id='word_1_244' title='bbox 1745 1840 1914 1897; x_wconf 89' lang='lat' dir='ltr'><strong>corde</strong></span> <span class='ocrx_word' id='word_1_245' title='bbox 1928 1838 2228 1906; x_wconf 73' lang='lat' dir='ltr'><strong>(tinxerunt,</strong></span> 
     </span>
    </p>
   </div>
   <div class='ocr_carea' id='block_1_34' title="bbox 2343 1836 3911 1918">
    <p class='ocr_par' dir='ltr' id='par_1_34' title="bbox 2343 1839 3911 1918">
     <span class='ocr_line' id='line_1_34' title="bbox 2343 1839 3911 1918; baseline -0.009 -13"><span class='ocrx_word' id='word_1_246' title='bbox 2343 1858 2503 1907; x_wconf 61' lang='lat' dir='ltr'><strong>terra:</strong></span> <span class='ocrx_word' id='word_1_247' title='bbox 2543 1849 2571 1888; x_wconf 69' lang='grc' dir='ltr'>δ</span> <span class='ocrx_word' id='word_1_248' title='bbox 2605 1850 2766 1918; x_wconf 91' lang='lat' dir='ltr'><strong>limo,</strong></span> <span class='ocrx_word' id='word_1_249' title='bbox 2802 1849 2898 1905; x_wconf 87' lang='lat' dir='ltr'><strong>Dei</strong></span> <span class='ocrx_word' id='word_1_250' title='bbox 2930 1848 3210 1906; x_wconf 89' lang='lat' dir='ltr'><strong>consortio</strong></span> <span class='ocrx_word' id='word_1_251' title='bbox 3240 1847 3564 1916; x_wconf 87' lang='lat' dir='ltr'><strong>c0pulatur,</strong></span> <span class='ocrx_word' id='word_1_252' title='bbox 3610 1849 3668 1898; x_wconf 90' lang='lat' dir='ltr'><strong>et</strong></span> <span class='ocrx_word' id='word_1_253' title='bbox 3693 1839 3911 1913; x_wconf 84' lang='lat' dir='ltr'><strong>quodam-</strong></span> 
     </span>
    </p>
   </div>
   <div class='ocr_carea' id='block_1_35' title="bbox 631 1933 2234 2007">
    <p class='ocr_par' dir='ltr' id='par_1_35' title="bbox 631 1933 2234 2007">
     <span class='ocr_line' id='line_1_35' title="bbox 631 1933 2234 2007; baseline -0.003 -13"><span class='ocrx_word' id='word_1_254' title='bbox 631 1935 1055 1994; x_wconf 76' lang='lat' dir='ltr'><strong>tedilicabuntur</strong></span> <span class='ocrx_word' id='word_1_255' title='bbox 1086 1953 1115 1993; x_wconf 90' lang='lat' dir='ltr'><strong>a</strong></span> <span class='ocrx_word' id='word_1_256' title='bbox 1148 1938 1400 2003; x_wconf 84' lang='lat' dir='ltr'><strong>Domino,</strong></span> <span class='ocrx_word' id='word_1_257' title='bbox 1446 1948 1498 1993; x_wconf 91' lang='lat' dir='ltr'><strong>et</strong></span> <span class='ocrx_word' id='word_1_258' title='bbox 1528 1942 1694 1993; x_wconf 90' lang='lat' dir='ltr'><strong>erunt</strong></span> <span class='ocrx_word' id='word_1_259' title='bbox 1722 1950 1850 2007; x_wconf 84' lang='lat' dir='ltr'><strong>pars</strong></span> <span class='ocrx_word' id='word_1_260' title='bbox 1880 1933 2066 2007; x_wconf 83' lang='lat' dir='ltr'><strong>populi</strong></span> <span class='ocrx_word' id='word_1_261' title='bbox 2096 1934 2234 2004; x_wconf 68' lang='lat' dir='ltr'><strong>ejus.</strong></span> 
     </span>
    </p>
   </div>
   <div class='ocr_carea' id='block_1_36' title="bbox 630 2028 2239 2101">
    <p class='ocr_par' dir='ltr' id='par_1_36' title="bbox 630 2028 2239 2101">
     <span class='ocr_line' id='line_1_36' title="bbox 630 2028 2239 2101; baseline -0.002 -15"><span class='ocrx_word' id='word_1_262' title='bbox 630 2032 784 2100; x_wconf 84' lang='lat' dir='ltr'><strong>Quod</strong></span> <span class='ocrx_word' id='word_1_263' title='bbox 808 2033 853 2088; x_wconf 87' lang='lat' dir='ltr'><strong>si</strong></span> <span class='ocrx_word' id='word_1_264' title='bbox 874 2032 1123 2087; x_wconf 85' lang='lat' dir='ltr'><strong>translati</strong></span> <span class='ocrx_word' id='word_1_265' title='bbox 1156 2034 1210 2087; x_wconf 92' lang='lat' dir='ltr'><strong>in</strong></span> <span class='ocrx_word' id='word_1_266' title='bbox 1237 2028 1565 2099; x_wconf 88' lang='lat' dir='ltr'><strong>Ecclesiam,</strong></span> <span class='ocrx_word' id='word_1_267' title='bbox 1594 2044 1981 2099; x_wconf 81' lang='lat' dir='ltr'><strong>pervchorum</strong></span> <span class='ocrx_word' id='word_1_268' title='bbox 2014 2029 2239 2101; x_wconf 82' lang='lat' dir='ltr'><strong>dogma-</strong></span> 
     </span>
    </p>
   </div>
   <div class='ocr_carea' id='block_1_37' title="bbox 631 2118 2239 2196">
    <p class='ocr_par' dir='ltr' id='par_1_37' title="bbox 631 2118 2239 2196">
     <span class='ocr_line' id='line_1_37' title="bbox 631 2118 2239 2196; baseline -0.002 -14"><span class='ocrx_word' id='word_1_269' title='bbox 631 2134 742 2182; x_wconf 86' lang='lat' dir='ltr'><strong>tum</strong></span> <span class='ocrx_word' id='word_1_270' title='bbox 759 2126 1015 2196; x_wconf 72' lang='lat' dir='ltr'><strong>reliquias</strong></span> <span class='ocrx_word' id='word_1_271' title='bbox 1031 2127 1391 2191; x_wconf 90' lang='lat' dir='ltr'><strong>tenuerint,et</strong></span> <span class='ocrx_word' id='word_1_272' title='bbox 1408 2141 1514 2181; x_wconf 92' lang='lat' dir='ltr'><strong>non</strong></span> <span class='ocrx_word' id='word_1_273' title='bbox 1531 2124 1809 2180; x_wconf 88' lang='lat' dir='ltr'><strong>audierint</strong></span> <span class='ocrx_word' id='word_1_274' title='bbox 1824 2124 1983 2178; x_wconf 84' lang='lat' dir='ltr'><strong>verba</strong></span> <span class='ocrx_word' id='word_1_275' title='bbox 2005 2118 2239 2192; x_wconf 85' lang='lat' dir='ltr'><strong>Domini,</strong></span> 
     </span>
    </p>
   </div>
   <div class='ocr_carea' id='block_1_38' title="bbox 630 2212 2243 2292">
    <p class='ocr_par' dir='ltr' id='par_1_38' title="bbox 630 2212 2243 2292">
     <span class='ocr_line' id='line_1_38' title="bbox 630 2212 2243 2292; baseline -0.002 -16"><span class='ocrx_word' id='word_1_276' title='bbox 630 2216 905 2277; x_wconf 83' lang='lat' dir='ltr'><strong>evelletur</strong></span> <span class='ocrx_word' id='word_1_277' title='bbox 934 2236 1070 2292; x_wconf 84' lang='lat' dir='ltr'><strong>gens</strong></span> <span class='ocrx_word' id='word_1_278' title='bbox 1099 2218 1190 2276; x_wconf 89' lang='lat' dir='ltr'><strong>illa</strong></span> <span class='ocrx_word' id='word_1_279' title='bbox 1223 2220 1292 2276; x_wconf 90' lang='lat' dir='ltr'><strong>de</strong></span> <span class='ocrx_word' id='word_1_280' title='bbox 1326 2220 1508 2276; x_wconf 89' lang='lat' dir='ltr'><strong>medio</strong></span> <span class='ocrx_word' id='word_1_281' title='bbox 1558 2218 1745 2291; x_wconf 87' lang='lat' dir='ltr'><strong>p0puli</strong></span> <span class='ocrx_word' id='word_1_282' title='bbox 1796 2212 1911 2286; x_wconf 81' lang='lat' dir='ltr'><strong>Dt-i,</strong></span> <span class='ocrx_word' id='word_1_283' title='bbox 1955 2217 2243 2274; x_wconf 81' lang='lat' dir='ltr'><strong>evulsiOue</strong></span> 
     </span>
    </p>
   </div>
   <div class='ocr_carea' id='block_1_39' title="bbox 628 2308 2241 2383">
    <p class='ocr_par' dir='ltr' id='par_1_39' title="bbox 628 2308 2241 2383">
     <span class='ocr_line' id='line_1_39' title="bbox 628 2308 2241 2383; baseline -0.001 -15"><span class='ocrx_word' id='word_1_284' title='bbox 628 2322 681 2368; x_wconf 90' lang='lat' dir='ltr'><strong>et</strong></span> <span class='ocrx_word' id='word_1_285' title='bbox 716 2312 1021 2382; x_wconf 85' lang='lat' dir='ltr'><strong>perditione</strong></span> <span class='ocrx_word' id='word_1_286' title='bbox 1061 2322 1325 2383; x_wconf 89' lang='lat' dir='ltr'><strong>perpetua</strong></span> <span class='ocrx_word' id='word_1_287' title='bbox 1362 2331 1375 2367; x_wconf 85' lang='lat'><strong>:</strong></span> <span class='ocrx_word' id='word_1_288' title='bbox 1415 2317 1469 2368; x_wconf 93' lang='lat' dir='ltr'><strong>ut</strong></span> <span class='ocrx_word' id='word_1_289' title='bbox 1502 2328 1849 2383; x_wconf 82' lang='lat' dir='ltr'><strong>nequaquam</strong></span> <span class='ocrx_word' id='word_1_290' title='bbox 1880 2310 1962 2367; x_wconf 90' lang='lat' dir='ltr'><strong>eis</strong></span> <span class='ocrx_word' id='word_1_291' title='bbox 1985 2308 2127 2366; x_wconf 81' lang='lat' dir='ltr'><strong>ullus</strong></span> <span class='ocrx_word' id='word_1_292' title='bbox 2160 2310 2241 2366; x_wconf 90' lang='lat' dir='ltr'><strong>lo-</strong></span> 
     </span>
    </p>
   </div>
   <div class='ocr_carea' id='block_1_40' title="bbox 633 2404 2236 2479">
    <p class='ocr_par' dir='ltr' id='par_1_40' title="bbox 633 2404 2236 2479">
     <span class='ocr_line' id='line_1_40' title="bbox 633 2404 2236 2479; baseline -0.001 -18"><span class='ocrx_word' id='word_1_293' title='bbox 633 2422 731 2461; x_wconf 90' lang='lat' dir='ltr'><strong>cus</strong></span> <span class='ocrx_word' id='word_1_294' title='bbox 750 2405 1095 2479; x_wconf 62' lang='lat' dir='ltr'><strong>paenitentiae</strong></span> <span class='ocrx_word' id='word_1_295' title='bbox 1119 2404 1490 2477; x_wconf 83' lang='lat' dir='ltr'><strong>relinquatur.</strong></span> <span class='ocrx_word' id='word_1_296' title='bbox 1515 2405 1643 2462; x_wconf 65' lang='lat' dir='ltr'><strong>Ilaec</strong></span> <span class='ocrx_word' id='word_1_297' title='bbox 1664 2404 1912 2477; x_wconf 91' lang='lat' dir='ltr'><strong>quotidie</strong></span> <span class='ocrx_word' id='word_1_298' title='bbox 1937 2406 2236 2472; x_wconf 87' lang='lat' dir='ltr'><strong>cernimus,</strong></span> 
     </span>
    </p>
   </div>
   <div class='ocr_carea' id='block_1_41' title="bbox 634 2494 2243 2571">
    <p class='ocr_par' dir='ltr' id='par_1_41' title="bbox 634 2494 2243 2571">
     <span class='ocr_line' id='line_1_41' title="bbox 634 2494 2243 2571; baseline -0.002 -15"><span class='ocrx_word' id='word_1_299' title='bbox 634 2508 690 2556; x_wconf 89' lang='lat' dir='ltr'><strong>et</strong></span> <span class='ocrx_word' id='word_1_300' title='bbox 716 2500 880 2556; x_wconf 85' lang='lat' dir='ltr'><strong>rebus</strong></span> <span class='ocrx_word' id='word_1_301' title='bbox 912 2499 1226 2571; x_wconf 85' lang='lat' dir='ltr'><strong>probamus,</strong></span> <span class='ocrx_word' id='word_1_302' title='bbox 1261 2498 1405 2569; x_wconf 88' lang='lat' dir='ltr'><strong>quod</strong></span> <span class='ocrx_word' id='word_1_303' title='bbox 1458 2498 1580 2554; x_wconf 92' lang='lat' dir='ltr'><strong>ideo</strong></span> <span class='ocrx_word' id='word_1_304' title='bbox 1622 2496 1867 2553; x_wconf 69' lang='lat' dir='ltr'><strong>lucretici</strong></span> <span class='ocrx_word' id='word_1_305' title='bbox 1917 2494 2044 2551; x_wconf 86' lang='lat' dir='ltr'><strong>tidci</strong></span> <span class='ocrx_word' id='word_1_306' title='bbox 2072 2496 2243 2552; x_wconf 89' lang='lat' dir='ltr'><strong>simu-</strong></span> 
     </span>
    </p>
   </div>
   <div class='ocr_carea' id='block_1_42' title="bbox 638 2590 2243 2664">
    <p class='ocr_par' dir='ltr' id='par_1_42' title="bbox 638 2590 2243 2664">
     <span class='ocr_line' id='line_1_42' title="bbox 638 2590 2243 2664; baseline 0.001 -15"><span class='ocrx_word' id='word_1_307' title='bbox 638 2594 755 2650; x_wconf 89' lang='lat' dir='ltr'><strong>lent</strong></span> <span class='ocrx_word' id='word_1_308' title='bbox 796 2595 1109 2660; x_wconf 84' lang='lat' dir='ltr'><strong>veritatem,</strong></span> <span class='ocrx_word' id='word_1_309' title='bbox 1145 2601 1202 2648; x_wconf 91' lang='lat' dir='ltr'><strong>ut</strong></span> <span class='ocrx_word' id='word_1_310' title='bbox 1233 2593 1518 2664; x_wconf 84' lang='lat' dir='ltr'><strong>simplices</strong></span> <span class='ocrx_word' id='word_1_311' title='bbox 1559 2607 1807 2663; x_wconf 89' lang='lat' dir='ltr'><strong>quosque</strong></span> <span class='ocrx_word' id='word_1_312' title='bbox 1848 2590 2141 2661; x_wconf 87' lang='lat' dir='ltr'><strong>decipiant,</strong></span> <span class='ocrx_word' id='word_1_313' title='bbox 2189 2603 2243 2650; x_wconf 91' lang='lat' dir='ltr'><strong>et</strong></span> 
     </span>
    </p>
   </div>
   <div class='ocr_carea' id='block_1_43' title="bbox 637 2680 2243 2760">
    <p class='ocr_par' dir='ltr' id='par_1_43' title="bbox 637 2680 2243 2760">
     <span class='ocr_line' id='line_1_43' title="bbox 637 2680 2243 2760; baseline -0.001 -16"><span class='ocrx_word' id='word_1_314' title='bbox 637 2705 743 2744; x_wconf 90' lang='lat' dir='ltr'><strong>non</strong></span> <span class='ocrx_word' id='word_1_315' title='bbox 785 2690 884 2760; x_wconf 91' lang='lat' dir='ltr'><strong>ipsi</strong></span> <span class='ocrx_word' id='word_1_316' title='bbox 922 2697 1317 2743; x_wconf 85' lang='lat' dir='ltr'><strong>convertantur</strong></span> <span class='ocrx_word' id='word_1_317' title='bbox 1347 2680 1412 2741; x_wconf 86' lang='lat' dir='ltr'><strong>ad</strong></span> <span class='ocrx_word' id='word_1_318' title='bbox 1447 2684 1629 2753; x_wconf 79' lang='lat' dir='ltr'><strong>ﬁdem,</strong></span> <span class='ocrx_word' id='word_1_319' title='bbox 1665 2684 1759 2741; x_wconf 81' lang='lat' dir='ltr'><strong>sed</strong></span> <span class='ocrx_word' id='word_1_320' title='bbox 1791 2685 1985 2742; x_wconf 74' lang='lat' dir='ltr'><strong>fideles</strong></span> <span class='ocrx_word' id='word_1_321' title='bbox 2019 2684 2243 2742; x_wconf 87' lang='lat' dir='ltr'><strong>trahant</strong></span> 
     </span>
    </p>
   </div>
   <div class='ocr_carea' id='block_1_44' title="bbox 638 2778 1162 2836">
    <p class='ocr_par' dir='ltr' id='par_1_44' title="bbox 638 2778 1162 2836">
     <span class='ocr_line' id='line_1_44' title="bbox 638 2778 1162 2836; baseline -0.006 0"><span class='ocrx_word' id='word_1_322' title='bbox 638 2780 708 2836; x_wconf 88' lang='lat' dir='ltr'><strong>ad</strong></span> <span class='ocrx_word' id='word_1_323' title='bbox 753 2778 1162 2836; x_wconf 78' lang='lat' dir='ltr'><strong>inﬁdelitatem.</strong></span> 
     </span>
    </p>
   </div>
   <div class='ocr_carea' id='block_1_45' title="bbox 709 2868 2241 2945">
    <p class='ocr_par' dir='ltr' id='par_1_45' title="bbox 709 2868 2241 2945">
     <span class='ocr_line' id='line_1_45' title="bbox 709 2868 2241 2945; baseline 0.001 -17"><span class='ocrx_word' id='word_1_324' title='bbox 709 2868 866 2944; x_wconf 82' lang='lat' dir='ltr'><strong>(Cap.</strong></span> <span class='ocrx_word' id='word_1_325' title='bbox 894 2871 1034 2929; x_wconf 80' lang='lat' dir='ltr'>XIII.</span> <span class='ocrx_word' id='word_1_326' title='bbox 1059 2905 1130 2915; x_wconf 89' lang='lat'><strong><em>—</em></strong></span> <span class='ocrx_word' id='word_1_327' title='bbox 1170 2871 1328 2929; x_wconf 81' lang='lat' dir='ltr'><strong>Vers.</strong></span> <span class='ocrx_word' id='word_1_328' title='bbox 1364 2875 1385 2928; x_wconf 85' lang='lat' dir='ltr'><strong>l</strong></span> <span class='ocrx_word' id='word_1_329' title='bbox 1424 2872 1612 2945; x_wconf 89' lang='lat' dir='ltr'><strong>seqq.)</strong></span> <span class='ocrx_word' id='word_1_330' title='bbox 1661 2872 1786 2929; x_wconf 62' lang='lat' dir='ltr'><strong>Ha’c</strong></span> <span class='ocrx_word' id='word_1_331' title='bbox 1825 2870 1949 2929; x_wconf 81' lang='lat' dir='ltr'><strong>dicit</strong></span> <span class='ocrx_word' id='word_1_332' title='bbox 1985 2870 2241 2930; x_wconf 80' lang='lat' dir='ltr'><strong>Dominus</strong></span> 
     </span>
    </p>
   </div>
   <div class='ocr_carea' id='block_1_46' title="bbox 637 2962 2244 3039">
    <p class='ocr_par' dir='ltr' id='par_1_46' title="bbox 637 2962 2244 3039">
     <span class='ocr_line' id='line_1_46' title="bbox 637 2962 2244 3039; baseline 0.002 -20"><span class='ocrx_word' id='word_1_333' title='bbox 637 2965 708 3019; x_wconf 90' lang='lat' dir='ltr'><strong>ad</strong></span> <span class='ocrx_word' id='word_1_334' title='bbox 740 2983 864 3019; x_wconf 82' lang='lat' dir='ltr'><strong>nte:</strong></span> <span class='ocrx_word' id='word_1_335' title='bbox 908 2962 1052 3019; x_wconf 83' lang='lat' dir='ltr'><strong>Vade</strong></span> <span class='ocrx_word' id='word_1_336' title='bbox 1077 2976 1125 3021; x_wconf 88' lang='lat' dir='ltr'><strong>et</strong></span> <span class='ocrx_word' id='word_1_337' title='bbox 1173 2965 1381 3037; x_wconf 79' lang='lat' dir='ltr'><strong>posside</strong></span> <span class='ocrx_word' id='word_1_338' title='bbox 1432 2966 1524 3020; x_wconf 87' lang='lat' dir='ltr'><strong>tibi</strong></span> <span class='ocrx_word' id='word_1_339' title='bbox 1578 2966 1811 3022; x_wconf 79' lang='lat' dir='ltr'><strong>lumbare</strong></span> <span class='ocrx_word' id='word_1_340' title='bbox 1863 2962 2003 3039; x_wconf 89' lang='lat' dir='ltr'><strong>(sive</strong></span> <span class='ocrx_word' id='word_1_341' title='bbox 2047 2966 2244 3023; x_wconf 87' lang='lat' dir='ltr'><strong>cincto-</strong></span> 
     </span>
    </p>
   </div>
   <div class='ocr_carea' id='block_1_47' title="bbox 636 3054 2243 3131">
    <p class='ocr_par' dir='ltr' id='par_1_47' title="bbox 636 3054 2243 3131">
     <span class='ocr_line' id='line_1_47' title="bbox 636 3054 2243 3131; baseline 0.004 -22"><span class='ocrx_word' id='word_1_342' title='bbox 636 3056 798 3127; x_wconf 86' lang='lat' dir='ltr'><strong>rium)</strong></span> <span class='ocrx_word' id='word_1_343' title='bbox 826 3055 1045 3123; x_wconf 78' lang='lat' dir='ltr'><strong>lineam,</strong></span> <span class='ocrx_word' id='word_1_344' title='bbox 1074 3068 1123 3112; x_wconf 89' lang='lat' dir='ltr'><strong>et</strong></span> <span class='ocrx_word' id='word_1_345' title='bbox 1164 3075 1320 3131; x_wconf 77' lang='lat' dir='ltr'><strong>pones</strong></span> <span class='ocrx_word' id='word_1_346' title='bbox 1351 3058 1488 3113; x_wconf 86' lang='lat' dir='ltr'><strong>illud</strong></span> <span class='ocrx_word' id='word_1_347' title='bbox 1523 3077 1681 3130; x_wconf 81' lang='lat' dir='ltr'><strong>super</strong></span> <span class='ocrx_word' id='word_1_348' title='bbox 1712 3054 1913 3116; x_wconf 81' lang='lat' dir='ltr'><strong>lumbos</strong></span> <span class='ocrx_word' id='word_1_349' title='bbox 1943 3069 2079 3127; x_wconf 88' lang='lat' dir='ltr'><strong>tuos,</strong></span> <span class='ocrx_word' id='word_1_350' title='bbox 2110 3069 2159 3114; x_wconf 89' lang='lat' dir='ltr'><strong>et</strong></span> <span class='ocrx_word' id='word_1_351' title='bbox 2188 3061 2243 3116; x_wconf 81' lang='lat' dir='ltr'><strong>in</strong></span> 
     </span>
    </p>
   </div>
   <div class='ocr_carea' id='block_1_48' title="bbox 638 3151 2243 3225">
    <p class='ocr_par' dir='ltr' id='par_1_48' title="bbox 638 3151 2243 3225">
     <span class='ocr_line' id='line_1_48' title="bbox 638 3151 2243 3225; baseline 0.002 -22"><span class='ocrx_word' id='word_1_352' title='bbox 638 3167 829 3218; x_wconf 83' lang='lat' dir='ltr'><strong>aquam</strong></span> <span class='ocrx_word' id='word_1_353' title='bbox 858 3167 961 3204; x_wconf 91' lang='lat' dir='ltr'><strong>non</strong></span> <span class='ocrx_word' id='word_1_354' title='bbox 981 3152 1173 3221; x_wconf 77' lang='lat' dir='ltr'><strong>inferes</strong></span> <span class='ocrx_word' id='word_1_355' title='bbox 1198 3151 1336 3206; x_wconf 88' lang='lat' dir='ltr'><strong>illud</strong></span> <span class='ocrx_word' id='word_1_356' title='bbox 1362 3151 1503 3225; x_wconf 89' lang='lat' dir='ltr'><strong>(sive</strong></span> <span class='ocrx_word' id='word_1_357' title='bbox 1528 3169 1618 3225; x_wconf 82' lang='lat' dir='ltr'><strong>per</strong></span> <span class='ocrx_word' id='word_1_358' title='bbox 1648 3170 1838 3224; x_wconf 84' lang='lat' dir='ltr'><strong>aquam</strong></span> <span class='ocrx_word' id='word_1_359' title='bbox 1870 3170 1974 3207; x_wconf 90' lang='lat' dir='ltr'><strong>non</strong></span> <span class='ocrx_word' id='word_1_360' title='bbox 2004 3152 2243 3208; x_wconf 82' lang='lat' dir='ltr'><strong>transibit</strong></span> 
     </span>
    </p>
   </div>
   <div class='ocr_carea' id='block_1_49' title="bbox 2345 1931 3912 2013">
    <p class='ocr_par' dir='ltr' id='par_1_49' title="bbox 2345 1931 3912 2013">
     <span class='ocr_line' id='line_1_49' title="bbox 2345 1931 3912 2013; baseline -0.004 -16"><span class='ocrx_word' id='word_1_361' title='bbox 2345 1942 2509 1998; x_wconf 89' lang='lat' dir='ltr'><strong>modo</strong></span> <span class='ocrx_word' id='word_1_362' title='bbox 2532 1958 2651 2013; x_wconf 72' lang='lat' dir='ltr'><strong>qua:</strong></span> <span class='ocrx_word' id='word_1_363' title='bbox 2683 1942 2736 1996; x_wconf 92' lang='lat' dir='ltr'><strong>in</strong></span> <span class='ocrx_word' id='word_1_364' title='bbox 2765 1940 3008 1998; x_wconf 86' lang='lat' dir='ltr'><strong>Ecclesia</strong></span> <span class='ocrx_word' id='word_1_365' title='bbox 3041 1936 3159 2011; x_wconf 88' lang='lat' dir='ltr'><strong>ejus</strong></span> <span class='ocrx_word' id='word_1_366' title='bbox 3182 1936 3445 1996; x_wconf 86' lang='lat' dir='ltr'><strong>videntur</strong></span> <span class='ocrx_word' id='word_1_367' title='bbox 3474 1936 3743 2000; x_wconf 83' lang='lat' dir='ltr'><strong>obscena,</strong></span> <span class='ocrx_word' id='word_1_368' title='bbox 3774 1931 3912 2003; x_wconf 82' lang='lat' dir='ltr'><strong>majo-</strong></span> 
     </span>
    </p>
   </div>
   <div class='ocr_carea' id='block_1_50' title="bbox 2345 2028 3910 2105">
    <p class='ocr_par' dir='ltr' id='par_1_50' title="bbox 2345 2028 3910 2105">
     <span class='ocr_line' id='line_1_50' title="bbox 2345 2028 3910 2105; baseline -0.008 -16"><span class='ocrx_word' id='word_1_369' title='bbox 2345 2034 2389 2089; x_wconf 88' lang='lat' dir='ltr'><strong>ri</strong></span> <span class='ocrx_word' id='word_1_370' title='bbox 2438 2030 2719 2105; x_wconf 80' lang='lat' dir='ltr'><strong>diligentia</strong></span> <span class='ocrx_word' id='word_1_371' title='bbox 2748 2035 2949 2105; x_wconf 80' lang='lat' dir='ltr'><strong>Operit,</strong></span> <span class='ocrx_word' id='word_1_372' title='bbox 2986 2040 3150 2105; x_wconf 89' lang='lat' dir='ltr'><strong>atque</strong></span> <span class='ocrx_word' id='word_1_373' title='bbox 3178 2030 3523 2096; x_wconf 87' lang='lat' dir='ltr'><strong>circumdat,</strong></span> <span class='ocrx_word' id='word_1_374' title='bbox 3568 2044 3641 2085; x_wconf 88' lang='lat' dir='ltr'><strong>ne</strong></span> <span class='ocrx_word' id='word_1_375' title='bbox 3668 2028 3910 2100; x_wconf 76' lang='lat' dir='ltr'><strong>gentilium</strong></span> 
     </span>
    </p>
   </div>
   <div class='ocr_carea' id='block_1_51' title="bbox 2343 2114 3911 2196">
    <p class='ocr_par' dir='ltr' id='par_1_51' title="bbox 2343 2114 3911 2196">
     <span class='ocr_line' id='line_1_51' title="bbox 2343 2114 3911 2196; baseline -0.008 -13"><span class='ocrx_word' id='word_1_376' title='bbox 2343 2133 2399 2183; x_wconf 90' lang='lat' dir='ltr'><strong>et</strong></span> <span class='ocrx_word' id='word_1_377' title='bbox 2419 2122 2803 2183; x_wconf 84' lang='lat' dir='ltr'><strong>haereticorum</strong></span> <span class='ocrx_word' id='word_1_378' title='bbox 2828 2127 3099 2182; x_wconf 86' lang='lat' dir='ltr'><strong>morsibus</strong></span> <span class='ocrx_word' id='word_1_379' title='bbox 3131 2132 3371 2196; x_wconf 85' lang='lat' dir='ltr'><strong>pateant.</strong></span> <span class='ocrx_word' id='word_1_380' title='bbox 3413 2121 3585 2193; x_wconf 87' lang='lat' dir='ltr'><strong>Quod</strong></span> <span class='ocrx_word' id='word_1_381' title='bbox 3628 2116 3857 2177; x_wconf 85' lang='lat' dir='ltr'><strong>lumbare</strong></span> <span class='ocrx_word' id='word_1_382' title='bbox 3877 2114 3911 2171; x_wconf 88' lang='lat' dir='ltr'><strong>si</strong></span> 
     </span>
    </p>
   </div>
   <div class='ocr_carea' id='block_1_52' title="bbox 2344 2212 3908 2293">
    <p class='ocr_par' dir='ltr' id='par_1_52' title="bbox 2344 2212 3908 2293">
     <span class='ocr_line' id='line_1_52' title="bbox 2344 2212 3908 2293; baseline -0.008 -17"><span class='ocrx_word' id='word_1_383' title='bbox 2344 2238 2537 2292; x_wconf 89' lang='lat' dir='ltr'><strong>aquam</strong></span> <span class='ocrx_word' id='word_1_384' title='bbox 2575 2222 2855 2293; x_wconf 84' lang='lat' dir='ltr'><strong>tetigerit,</strong></span> <span class='ocrx_word' id='word_1_385' title='bbox 2886 2222 2944 2277; x_wconf 86' lang='lat' dir='ltr'><strong>et</strong></span> <span class='ocrx_word' id='word_1_386' title='bbox 2983 2220 3275 2290; x_wconf 86' lang='lat' dir='ltr'><strong>Euphratis</strong></span> <span class='ocrx_word' id='word_1_387' title='bbox 3302 2218 3509 2275; x_wconf 78' lang='lat' dir='ltr'><strong>ﬂuenta</strong></span> <span class='ocrx_word' id='word_1_388' title='bbox 3544 2212 3830 2278; x_wconf 86' lang='lat' dir='ltr'><strong>transierit,</strong></span> <span class='ocrx_word' id='word_1_389' title='bbox 3858 2212 3908 2266; x_wconf 73' lang='lat' dir='ltr'><strong>ita</strong></span> 
     </span>
    </p>
   </div>
   <div class='ocr_carea' id='block_1_53' title="bbox 2346 2304 3911 2388">
    <p class='ocr_par' dir='ltr' id='par_1_53' title="bbox 2346 2304 3911 2388">
     <span class='ocr_line' id='line_1_53' title="bbox 2346 2304 3911 2388; baseline -0.008 -18"><span class='ocrx_word' id='word_1_390' title='bbox 2346 2322 2402 2371; x_wconf 88' lang='lat' dir='ltr'><strong>ut</strong></span> <span class='ocrx_word' id='word_1_391' title='bbox 2434 2315 2668 2388; x_wconf 63' lang='lat' dir='ltr'><strong>Assyria?</strong></span> <span class='ocrx_word' id='word_1_392' title='bbox 2690 2315 2930 2385; x_wconf 80' lang='lat' dir='ltr'><strong>regionis</strong></span> <span class='ocrx_word' id='word_1_393' title='bbox 2960 2312 3280 2371; x_wconf 85' lang='lat' dir='ltr'><strong>humoribus</strong></span> <span class='ocrx_word' id='word_1_394' title='bbox 3307 2312 3618 2377; x_wconf 85' lang='lat' dir='ltr'><strong>imbuatur,</strong></span> <span class='ocrx_word' id='word_1_395' title='bbox 3654 2308 3815 2380; x_wconf 87' lang='lat' dir='ltr'><strong>perdit</strong></span> <span class='ocrx_word' id='word_1_396' title='bbox 3831 2304 3911 2376; x_wconf 84' lang='lat' dir='ltr'><strong>pri-</strong></span> 
     </span>
    </p>
   </div>
   <div class='ocr_carea' id='block_1_54' title="bbox 2344 2396 3907 2474">
    <p class='ocr_par' dir='ltr' id='par_1_54' title="bbox 2344 2396 3907 2474">
     <span class='ocr_line' id='line_1_54' title="bbox 2344 2396 3907 2474; baseline -0.009 -12"><span class='ocrx_word' id='word_1_397' title='bbox 2344 2408 2542 2463; x_wconf 89' lang='lat' dir='ltr'><strong>stinam</strong></span> <span class='ocrx_word' id='word_1_398' title='bbox 2587 2407 2982 2471; x_wconf 82' lang='lat' dir='ltr'><strong>fortitudinem,</strong></span> <span class='ocrx_word' id='word_1_399' title='bbox 3016 2412 3071 2461; x_wconf 87' lang='lat' dir='ltr'><strong>et</strong></span> <span class='ocrx_word' id='word_1_400' title='bbox 3099 2405 3520 2474; x_wconf 84' lang='lat' dir='ltr'><strong>contputrescit,</strong></span> <span class='ocrx_word' id='word_1_401' title='bbox 3562 2413 3726 2472; x_wconf 86' lang='lat' dir='ltr'><strong>atque</strong></span> <span class='ocrx_word' id='word_1_402' title='bbox 3748 2396 3907 2454; x_wconf 79' lang='lat' dir='ltr'><strong>dissol-</strong></span> 
     </span>
    </p>
   </div>
   <div class='ocr_carea' id='block_1_55' title="bbox 2346 2490 3908 2569">
    <p class='ocr_par' dir='ltr' id='par_1_55' title="bbox 2346 2490 3908 2569">
     <span class='ocr_line' id='line_1_55' title="bbox 2346 2490 3908 2569; baseline -0.008 -16"><span class='ocrx_word' id='word_1_403' title='bbox 2346 2500 2509 2554; x_wconf 81' lang='lat' dir='ltr'><strong>vitdr.</strong></span> <span class='ocrx_word' id='word_1_404' title='bbox 2546 2494 2611 2554; x_wconf 75' lang='lat' dir='ltr'><strong>Et</strong></span> <span class='ocrx_word' id='word_1_405' title='bbox 2636 2498 2882 2569; x_wconf 77' lang='lat' dir='ltr'><strong>quamvis</strong></span> <span class='ocrx_word' id='word_1_406' title='bbox 2905 2499 2956 2552; x_wconf 92' lang='lat' dir='ltr'><strong>in</strong></span> <span class='ocrx_word' id='word_1_407' title='bbox 2989 2512 3146 2553; x_wconf 76' lang='lat' dir='ltr'><strong>usum</strong></span> <span class='ocrx_word' id='word_1_408' title='bbox 3179 2494 3269 2553; x_wconf 91' lang='lat' dir='ltr'><strong>Dei</strong></span> <span class='ocrx_word' id='word_1_409' title='bbox 3299 2494 3495 2553; x_wconf 84' lang='lat' dir='ltr'><strong>redeat</strong></span> <span class='ocrx_word' id='word_1_410' title='bbox 3517 2541 3532 2565; x_wconf 95' lang='lat'><strong>,</strong></span> <span class='ocrx_word' id='word_1_411' title='bbox 3556 2505 3739 2552; x_wconf 86' lang='lat' dir='ltr'><strong>tamen</strong></span> <span class='ocrx_word' id='word_1_412' title='bbox 3766 2490 3908 2562; x_wconf 67' lang='lat' dir='ltr'><strong>prini-</strong></span> 
     </span>
    </p>
   </div>
   <div class='ocr_carea' id='block_1_56' title="bbox 2346 2583 3906 2666">
    <p class='ocr_par' dir='ltr' id='par_1_56' title="bbox 2346 2583 3906 2666">
     <span class='ocr_line' id='line_1_56' title="bbox 2346 2583 3906 2666; baseline -0.01 -15"><span class='ocrx_word' id='word_1_413' title='bbox 2346 2614 2468 2651; x_wconf 87' lang='lat' dir='ltr'><strong>nam</strong></span> <span class='ocrx_word' id='word_1_414' title='bbox 2500 2595 2960 2666; x_wconf 81' lang='lat' dir='ltr'><strong>pulchritudinem</strong></span> <span class='ocrx_word' id='word_1_415' title='bbox 2994 2590 3198 2649; x_wconf 86' lang='lat' dir='ltr'><strong>habere</strong></span> <span class='ocrx_word' id='word_1_416' title='bbox 3230 2604 3337 2647; x_wconf 91' lang='lat' dir='ltr'><strong>non</strong></span> <span class='ocrx_word' id='word_1_417' title='bbox 3373 2599 3583 2662; x_wconf 83' lang='lat' dir='ltr'><strong>potest,</strong></span> <span class='ocrx_word' id='word_1_418' title='bbox 3617 2605 3725 2644; x_wconf 87' lang='lat' dir='ltr'><strong>non</strong></span> <span class='ocrx_word' id='word_1_419' title='bbox 3747 2583 3906 2641; x_wconf 80' lang='lat' dir='ltr'><strong>duritia</strong></span> 
     </span>
    </p>
   </div>
   <div class='ocr_carea' id='block_1_57' title="bbox 2348 2678 3909 2755">
    <p class='ocr_par' dir='ltr' id='par_1_57' title="bbox 2348 2678 3909 2755">
     <span class='ocr_line' id='line_1_57' title="bbox 2348 2678 3909 2755; baseline -0.009 -11"><span class='ocrx_word' id='word_1_420' title='bbox 2348 2684 2467 2754; x_wconf 89' lang='lat' dir='ltr'><strong>Dei,</strong></span> <span class='ocrx_word' id='word_1_421' title='bbox 2491 2686 2584 2743; x_wconf 86' lang='lat' dir='ltr'><strong>sed</strong></span> <span class='ocrx_word' id='word_1_422' title='bbox 2607 2702 2705 2742; x_wconf 87' lang='lat' dir='ltr'><strong>suo</strong></span> <span class='ocrx_word' id='word_1_423' title='bbox 2733 2689 2870 2742; x_wconf 87' lang='lat' dir='ltr'><strong>vitio</strong></span> <span class='ocrx_word' id='word_1_424' title='bbox 2897 2706 2908 2741; x_wconf 89' lang='lat'>:</span> <span class='ocrx_word' id='word_1_425' title='bbox 2940 2686 3064 2755; x_wconf 86' lang='lat' dir='ltr'><strong>quia</strong></span> <span class='ocrx_word' id='word_1_426' title='bbox 3094 2687 3286 2741; x_wconf 87' lang='lat' dir='ltr'><strong>nolunt</strong></span> <span class='ocrx_word' id='word_1_427' title='bbox 3311 2682 3510 2739; x_wconf 84' lang='lat' dir='ltr'><strong>audire</strong></span> <span class='ocrx_word' id='word_1_428' title='bbox 3545 2682 3711 2738; x_wconf 83' lang='lat' dir='ltr'><strong>verba</strong></span> <span class='ocrx_word' id='word_1_429' title='bbox 3737 2678 3855 2748; x_wconf 83' lang='lat' dir='ltr'><strong>ejus,</strong></span> <span class='ocrx_word' id='word_1_430' title='bbox 3870 2682 3909 2729; x_wconf 83' lang='lat' dir='ltr'><strong>et</strong></span> 
     </span>
    </p>
   </div>
   <div class='ocr_carea' id='block_1_58' title="bbox 2346 2770 3908 2854">
    <p class='ocr_par' dir='ltr' id='par_1_58' title="bbox 2346 2770 3908 2854">
     <span class='ocr_line' id='line_1_58' title="bbox 2346 2770 3908 2854; baseline -0.006 -19"><span class='ocrx_word' id='word_1_431' title='bbox 2346 2783 2626 2838; x_wconf 84' lang='lat' dir='ltr'><strong>ambulant</strong></span> <span class='ocrx_word' id='word_1_432' title='bbox 2656 2783 2710 2837; x_wconf 92' lang='lat' dir='ltr'><strong>in</strong></span> <span class='ocrx_word' id='word_1_433' title='bbox 2738 2782 3000 2854; x_wconf 88' lang='lat' dir='ltr'><strong>pravitate</strong></span> <span class='ocrx_word' id='word_1_434' title='bbox 3025 2776 3209 2837; x_wconf 89' lang='lat' dir='ltr'><strong>cordis</strong></span> <span class='ocrx_word' id='word_1_435' title='bbox 3236 2774 3341 2847; x_wconf 90' lang='lat' dir='ltr'><strong>sui,</strong></span> <span class='ocrx_word' id='word_1_436' title='bbox 3370 2778 3492 2833; x_wconf 82' lang='lat' dir='ltr'><strong>sive</strong></span> <span class='ocrx_word' id='word_1_437' title='bbox 3519 2774 3667 2848; x_wconf 87' lang='lat' dir='ltr'><strong>quod</strong></span> <span class='ocrx_word' id='word_1_438' title='bbox 3700 2770 3791 2829; x_wconf 81' lang='lat' dir='ltr'><strong>sibi</strong></span> <span class='ocrx_word' id='word_1_439' title='bbox 3818 2784 3908 2826; x_wconf 84' lang='lat' dir='ltr'><strong>rec-</strong></span> 
     </span>
    </p>
   </div>
   <div class='ocr_carea' id='block_1_59' title="bbox 2345 2866 3905 2943">
    <p class='ocr_par' dir='ltr' id='par_1_59' title="bbox 2345 2866 3905 2943">
     <span class='ocr_line' id='line_1_59' title="bbox 2345 2866 3905 2943; baseline -0.012 -11"><span class='ocrx_word' id='word_1_440' title='bbox 2345 2888 2457 2932; x_wconf 90' lang='lat' dir='ltr'><strong>tmn</strong></span> <span class='ocrx_word' id='word_1_441' title='bbox 2486 2872 2718 2941; x_wconf 78' lang='lat' dir='ltr'><strong>videtur,</strong></span> <span class='ocrx_word' id='word_1_442' title='bbox 2752 2875 2855 2931; x_wconf 91' lang='lat' dir='ltr'><strong>hoc</strong></span> <span class='ocrx_word' id='word_1_443' title='bbox 2882 2874 3105 2931; x_wconf 82' lang='lat' dir='ltr'><strong>faciunt.</strong></span> <span class='ocrx_word' id='word_1_444' title='bbox 3141 2873 3247 2929; x_wconf 73' lang='lat' dir='ltr'><strong>Sed</strong></span> <span class='ocrx_word' id='word_1_445' title='bbox 3274 2882 3330 2929; x_wconf 88' lang='lat' dir='ltr'><strong>et</strong></span> <span class='ocrx_word' id='word_1_446' title='bbox 3358 2873 3478 2943; x_wconf 89' lang='lat' dir='ltr'><strong>ipse</strong></span> <span class='ocrx_word' id='word_1_447' title='bbox 3509 2882 3698 2927; x_wconf 84' lang='lat' dir='ltr'><strong>sermo</strong></span> <span class='ocrx_word' id='word_1_448' title='bbox 3727 2866 3905 2921; x_wconf 84' lang='lat' dir='ltr'><strong>divinus</strong></span> 
     </span>
    </p>
   </div>
   <div class='ocr_carea' id='block_1_60' title="bbox 2345 2958 3901 3038">
    <p class='ocr_par' dir='ltr' id='par_1_60' title="bbox 2345 2958 3901 3038">
     <span class='ocr_line' id='line_1_60' title="bbox 2345 2958 3901 3038; baseline -0.012 -14"><span class='ocrx_word' id='word_1_449' title='bbox 2345 2984 2441 3024; x_wconf 91' lang='lat' dir='ltr'><strong>cur</strong></span> <span class='ocrx_word' id='word_1_450' title='bbox 2472 2968 2609 3022; x_wconf 91' lang='lat' dir='ltr'><strong>hanc</strong></span> <span class='ocrx_word' id='word_1_451' title='bbox 2658 2968 2907 3038; x_wconf 89' lang='lat' dir='ltr'><strong>posuerit</strong></span> <span class='ocrx_word' id='word_1_452' title='bbox 2946 2964 3383 3030; x_wconf 82' lang='lat' dir='ltr'><strong>similitudinem,</strong></span> <span class='ocrx_word' id='word_1_453' title='bbox 3432 2963 3668 3031; x_wconf 76' lang='lat' dir='ltr'><strong>exponit</strong></span> <span class='ocrx_word' id='word_1_454' title='bbox 3709 2958 3901 3014; x_wconf 81' lang='lat' dir='ltr'><strong>dicens:</strong></span> 
     </span>
    </p>
   </div>
   <div class='ocr_carea' id='block_1_61' title="bbox 2349 3046 3906 3116">
    <p class='ocr_par' dir='ltr' id='par_1_61' title="bbox 2349 3046 3906 3116">
     <span class='ocr_line' id='line_1_61' title="bbox 2349 3046 3906 3116; baseline -0.012 -1"><span class='ocrx_word' id='word_1_455' title='bbox 2349 3060 2496 3116; x_wconf 85' lang='lat' dir='ltr'><strong>Sicut</strong></span> <span class='ocrx_word' id='word_1_456' title='bbox 2524 3056 2659 3114; x_wconf 82' lang='lat' dir='ltr'><strong>enim</strong></span> <span class='ocrx_word' id='word_1_457' title='bbox 2702 3059 2932 3115; x_wconf 80' lang='lat' dir='ltr'><strong>adliteret</strong></span> <span class='ocrx_word' id='word_1_458' title='bbox 2972 3058 3206 3112; x_wconf 85' lang='lat' dir='ltr'><strong>lumbare</strong></span> <span class='ocrx_word' id='word_1_459' title='bbox 3236 3056 3305 3110; x_wconf 84' lang='lat' dir='ltr'><strong>ad</strong></span> <span class='ocrx_word' id='word_1_460' title='bbox 3345 3052 3553 3110; x_wconf 77' lang='lat' dir='ltr'><strong>lumbos</strong></span> <span class='ocrx_word' id='word_1_461' title='bbox 3583 3046 3906 3109; x_wconf 80' lang='lat' dir='ltr'><strong>hominis:sic</strong></span> 
     </span>
    </p>
   </div>
   <div class='ocr_carea' id='block_1_62' title="bbox 2345 3140 3905 3227">
    <p class='ocr_par' dir='ltr' id='par_1_62' title="bbox 2345 3140 3905 3227">
     <span class='ocr_line' id='line_1_62' title="bbox 2345 3140 3905 3227; baseline -0.006 -20"><span class='ocrx_word' id='word_1_462' title='bbox 2345 3153 2663 3227; x_wconf 83' lang='lat' dir='ltr'><strong>agglutinavi</strong></span> <span class='ocrx_word' id='word_1_463' title='bbox 2692 3163 2739 3208; x_wconf 86' lang='lat' dir='ltr'><strong>et</strong></span> <span class='ocrx_word' id='word_1_464' title='bbox 2784 3153 3047 3209; x_wconf 82' lang='lat' dir='ltr'><strong>adhterere</strong></span> <span class='ocrx_word' id='word_1_465' title='bbox 3074 3154 3199 3207; x_wconf 88' lang='lat' dir='ltr'><strong>mihi</strong></span> <span class='ocrx_word' id='word_1_466' title='bbox 3242 3151 3339 3223; x_wconf 73' lang='lat' dir='ltr'><strong>feci</strong></span> <span class='ocrx_word' id='word_1_467' title='bbox 3382 3162 3590 3205; x_wconf 85' lang='lat' dir='ltr'><strong>omnem</strong></span> <span class='ocrx_word' id='word_1_468' title='bbox 3623 3148 3817 3203; x_wconf 84' lang='lat' dir='ltr'><strong>domum</strong></span> <span class='ocrx_word' id='word_1_469' title='bbox 3845 3140 3905 3194; x_wconf 77' lang='lat' dir='ltr'><strong>lt-</strong></span> 
     </span>
    </p>
   </div>
   <div class='ocr_carea' id='block_1_63' title="bbox 641 3237 3907 3320">
    <p class='ocr_par' dir='ltr' id='par_1_63' title="bbox 641 3237 3907 3320">
     <span class='ocr_line' id='line_1_63' title="bbox 641 3237 3907 3320; baseline -0.004 -20"><span class='ocrx_word' id='word_1_470' title='bbox 641 3244 751 3318; x_wconf 79' lang='grc' dir='ltr'><strong>[ΑΙ.</strong></span> <span class='ocrx_word' id='word_1_471' title='bbox 786 3244 1116 3318; x_wconf 67' lang='lat' dir='ltr'><strong>transilietll.</strong></span> <span class='ocrx_word' id='word_1_472' title='bbox 1173 3246 1241 3301; x_wconf 87' lang='lat' dir='ltr'><strong>Et</strong></span> <span class='ocrx_word' id='word_1_473' title='bbox 1295 3248 1504 3319; x_wconf 81' lang='lat' dir='ltr'><strong>possedi</strong></span> <span class='ocrx_word' id='word_1_474' title='bbox 1552 3247 1783 3302; x_wconf 83' lang='lat' dir='ltr'><strong>lumbare</strong></span> <span class='ocrx_word' id='word_1_475' title='bbox 1821 3250 1983 3320; x_wconf 76' lang='lat' dir='ltr'><strong>juxta</strong></span> <span class='ocrx_word' id='word_1_476' title='bbox 2031 3245 2242 3301; x_wconf 80' lang='lat' dir='ltr'><strong>verbum</strong></span> <span class='ocrx_word' id='word_1_477' title='bbox 2270 3237 2315 3301; x_wconf 88' lang='lat' dir='ltr'>C</span> <span class='ocrx_word' id='word_1_478' title='bbox 2346 3247 2475 3312; x_wconf 83' lang='lat' dir='ltr'><strong>rael,</strong></span> <span class='ocrx_word' id='word_1_479' title='bbox 2529 3255 2580 3301; x_wconf 90' lang='lat' dir='ltr'><strong>et</strong></span> <span class='ocrx_word' id='word_1_480' title='bbox 2626 3262 2827 3300; x_wconf 89' lang='lat' dir='ltr'><strong>omnem</strong></span> <span class='ocrx_word' id='word_1_481' title='bbox 2873 3246 3081 3300; x_wconf 89' lang='lat' dir='ltr'><strong>domum</strong></span> <span class='ocrx_word' id='word_1_482' title='bbox 3127 3238 3293 3311; x_wconf 70' lang='lat' dir='ltr'><strong>Iuda,</strong></span> <span class='ocrx_word' id='word_1_483' title='bbox 3355 3243 3547 3299; x_wconf 87' lang='lat' dir='ltr'><strong>decem</strong></span> <span class='ocrx_word' id='word_1_484' title='bbox 3596 3238 3831 3297; x_wconf 81' lang='lat' dir='ltr'><strong>videlicet</strong></span> <span class='ocrx_word' id='word_1_485' title='bbox 3869 3242 3907 3288; x_wconf 87' lang='lat' dir='ltr'><strong>et</strong></span> 
     </span>
    </p>
   </div>
   <div class='ocr_carea' id='block_1_64' title="bbox 643 3330 2236 3413">
    <p class='ocr_par' dir='ltr' id='par_1_64' title="bbox 643 3330 2236 3413">
     <span class='ocr_line' id='line_1_64' title="bbox 643 3330 2236 3413; baseline 0.001 -21"><span class='ocrx_word' id='word_1_486' title='bbox 643 3339 875 3405; x_wconf 81' lang='lat' dir='ltr'><strong>Domini,</strong></span> <span class='ocrx_word' id='word_1_487' title='bbox 905 3350 952 3394; x_wconf 87' lang='lat' dir='ltr'><strong>et</strong></span> <span class='ocrx_word' id='word_1_488' title='bbox 980 3340 1132 3413; x_wconf 88' lang='lat' dir='ltr'><strong>posui</strong></span> <span class='ocrx_word' id='word_1_489' title='bbox 1156 3342 1294 3394; x_wconf 81' lang='lat' dir='ltr'><strong>circa</strong></span> <span class='ocrx_word' id='word_1_490' title='bbox 1323 3340 1523 3395; x_wconf 78' lang='lat' dir='ltr'><strong>lumbos</strong></span> <span class='ocrx_word' id='word_1_491' title='bbox 1552 3357 1708 3394; x_wconf 85' lang='lat' dir='ltr'><strong>meos.</strong></span> <span class='ocrx_word' id='word_1_492' title='bbox 1746 3330 1812 3393; x_wconf 82' lang='lat' dir='ltr'><strong>Et</strong></span> <span class='ocrx_word' id='word_1_493' title='bbox 1836 3341 2006 3409; x_wconf 78' lang='lat' dir='ltr'><strong>factus</strong></span> <span class='ocrx_word' id='word_1_494' title='bbox 2035 3350 2111 3395; x_wconf 89' lang='lat' dir='ltr'><strong>est</strong></span> <span class='ocrx_word' id='word_1_495' title='bbox 2134 3356 2236 3394; x_wconf 85' lang='lat' dir='ltr'><strong>ser-</strong></span> 
     </span>
    </p>
   </div>
   <div class='ocr_carea' id='block_1_65' title="bbox 640 3428 2245 3500">
    <p class='ocr_par' dir='ltr' id='par_1_65' title="bbox 640 3428 2245 3500">
     <span class='ocr_line' id='line_1_65' title="bbox 640 3428 2245 3500; baseline 0.002 -14"><span class='ocrx_word' id='word_1_496' title='bbox 640 3449 724 3487; x_wconf 88' lang='lat' dir='ltr'><strong>mo</strong></span> <span class='ocrx_word' id='word_1_497' title='bbox 758 3432 968 3488; x_wconf 84' lang='lat' dir='ltr'><strong>Domini</strong></span> <span class='ocrx_word' id='word_1_498' title='bbox 1025 3433 1093 3488; x_wconf 90' lang='lat' dir='ltr'><strong>ad</strong></span> <span class='ocrx_word' id='word_1_499' title='bbox 1141 3452 1220 3491; x_wconf 90' lang='lat' dir='ltr'><strong>me</strong></span> <span class='ocrx_word' id='word_1_500' title='bbox 1260 3436 1511 3500; x_wconf 80' lang='lat' dir='ltr'><strong>secundo,</strong></span> <span class='ocrx_word' id='word_1_501' title='bbox 1557 3433 1776 3489; x_wconf 65' lang='lat' dir='ltr'><strong>dicens:</strong></span> <span class='ocrx_word' id='word_1_502' title='bbox 1819 3428 1969 3489; x_wconf 84' lang='lat' dir='ltr'><strong>Tolle</strong></span> <span class='ocrx_word' id='word_1_503' title='bbox 2012 3430 2245 3489; x_wconf 83' lang='lat' dir='ltr'><strong>lumbare</strong></span> 
     </span>
    </p>
   </div>
   <div class='ocr_carea' id='block_1_66' title="bbox 637 3520 2245 3599">
    <p class='ocr_par' dir='ltr' id='par_1_66' title="bbox 637 3520 2245 3599">
     <span class='ocr_line' id='line_1_66' title="bbox 637 3520 2245 3599; baseline 0.001 -19"><span class='ocrx_word' id='word_1_504' title='bbox 637 3522 787 3598; x_wconf 85' lang='lat' dir='ltr'><strong>(sive</strong></span> <span class='ocrx_word' id='word_1_505' title='bbox 808 3526 1138 3597; x_wconf 88' lang='lat' dir='ltr'><strong>cinctorium)</strong></span> <span class='ocrx_word' id='word_1_506' title='bbox 1167 3526 1307 3595; x_wconf 85' lang='lat' dir='ltr'><strong>quod</strong></span> <span class='ocrx_word' id='word_1_507' title='bbox 1321 3526 1618 3599; x_wconf 83' lang='lat' dir='ltr'><strong>possedisti,</strong></span> <span class='ocrx_word' id='word_1_508' title='bbox 1654 3524 1792 3598; x_wconf 87' lang='lat' dir='ltr'><strong>quod</strong></span> <span class='ocrx_word' id='word_1_509' title='bbox 1831 3537 1904 3581; x_wconf 88' lang='lat' dir='ltr'><strong>est</strong></span> <span class='ocrx_word' id='word_1_510' title='bbox 1943 3525 2081 3580; x_wconf 86' lang='lat' dir='ltr'><strong>circa</strong></span> <span class='ocrx_word' id='word_1_511' title='bbox 2111 3520 2245 3582; x_wconf 86' lang='lat' dir='ltr'><strong>lunt-</strong></span> 
     </span>
    </p>
   </div>
   <div class='ocr_carea' id='block_1_67' title="bbox 640 3616 2245 3689">
    <p class='ocr_par' dir='ltr' id='par_1_67' title="bbox 640 3616 2245 3689">
     <span class='ocr_line' id='line_1_67' title="bbox 640 3616 2245 3689; baseline 0.001 -18"><span class='ocrx_word' id='word_1_512' title='bbox 640 3618 729 3674; x_wconf 88' lang='lat' dir='ltr'><strong>bos</strong></span> <span class='ocrx_word' id='word_1_513' title='bbox 758 3630 893 3683; x_wconf 86' lang='lat' dir='ltr'><strong>tuos,</strong></span> <span class='ocrx_word' id='word_1_514' title='bbox 924 3631 969 3673; x_wconf 88' lang='lat' dir='ltr'><strong>et</strong></span> <span class='ocrx_word' id='word_1_515' title='bbox 1002 3635 1216 3689; x_wconf 84' lang='lat' dir='ltr'><strong>surgens</strong></span> <span class='ocrx_word' id='word_1_516' title='bbox 1243 3617 1371 3673; x_wconf 83' lang='lat' dir='ltr'><strong>vade</strong></span> <span class='ocrx_word' id='word_1_517' title='bbox 1407 3619 1477 3672; x_wconf 92' lang='lat' dir='ltr'><strong>ad</strong></span> <span class='ocrx_word' id='word_1_518' title='bbox 1512 3617 1853 3688; x_wconf 74' lang='lat' dir='ltr'><strong>Euphratem,</strong></span> <span class='ocrx_word' id='word_1_519' title='bbox 1910 3624 1957 3673; x_wconf 77' lang='lat' dir='ltr'><strong>et</strong></span> <span class='ocrx_word' id='word_1_520' title='bbox 1985 3616 2245 3673; x_wconf 82' lang='lat' dir='ltr'><strong>absconde</strong></span> 
     </span>
    </p>
   </div>
   <div class='ocr_carea' id='block_1_68' title="bbox 639 3708 2244 3782">
    <p class='ocr_par' dir='ltr' id='par_1_68' title="bbox 639 3708 2244 3782">
     <span class='ocr_line' id='line_1_68' title="bbox 639 3708 2244 3782; baseline 0.001 -18"><span class='ocrx_word' id='word_1_521' title='bbox 639 3711 732 3765; x_wconf 88' lang='lat' dir='ltr'><strong>tibi</strong></span> <span class='ocrx_word' id='word_1_522' title='bbox 756 3709 891 3762; x_wconf 87' lang='lat' dir='ltr'><strong>illud</strong></span> <span class='ocrx_word' id='word_1_523' title='bbox 913 3710 967 3764; x_wconf 87' lang='lat' dir='ltr'><strong>in</strong></span> <span class='ocrx_word' id='word_1_524' title='bbox 998 3710 1253 3780; x_wconf 71' lang='lat' dir='ltr'><strong>foramine</strong></span> <span class='ocrx_word' id='word_1_525' title='bbox 1290 3720 1469 3782; x_wconf 68' lang='lat' dir='ltr'><strong>petrae.</strong></span> <span class='ocrx_word' id='word_1_526' title='bbox 1509 3709 1573 3765; x_wconf 86' lang='lat' dir='ltr'><strong>Et</strong></span> <span class='ocrx_word' id='word_1_527' title='bbox 1600 3709 1728 3775; x_wconf 90' lang='lat' dir='ltr'><strong>abii,</strong></span> <span class='ocrx_word' id='word_1_528' title='bbox 1762 3718 1807 3763; x_wconf 87' lang='lat' dir='ltr'><strong>et</strong></span> <span class='ocrx_word' id='word_1_529' title='bbox 1836 3708 2082 3765; x_wconf 83' lang='lat' dir='ltr'><strong>abscondi</strong></span> <span class='ocrx_word' id='word_1_530' title='bbox 2109 3710 2244 3767; x_wconf 84' lang='lat' dir='ltr'><strong>illud</strong></span> 
     </span>
    </p>
   </div>
   <div class='ocr_carea' id='block_1_69' title="bbox 640 3794 2242 3874">
    <p class='ocr_par' dir='ltr' id='par_1_69' title="bbox 640 3794 2242 3874">
     <span class='ocr_line' id='line_1_69' title="bbox 640 3794 2242 3874; baseline 0.002 -19"><span class='ocrx_word' id='word_1_531' title='bbox 640 3803 696 3855; x_wconf 89' lang='lat' dir='ltr'><strong>in</strong></span> <span class='ocrx_word' id='word_1_532' title='bbox 726 3798 1010 3874; x_wconf 80' lang='lat' dir='ltr'><strong>Euphrate,</strong></span> <span class='ocrx_word' id='word_1_533' title='bbox 1036 3802 1167 3856; x_wconf 88' lang='lat' dir='ltr'><strong>sicut</strong></span> <span class='ocrx_word' id='word_1_534' title='bbox 1197 3812 1510 3874; x_wconf 72' lang='lat' dir='ltr'><strong>praeceperat</strong></span> <span class='ocrx_word' id='word_1_535' title='bbox 1547 3800 1678 3856; x_wconf 84' lang='lat' dir='ltr'><strong>mihi</strong></span> <span class='ocrx_word' id='word_1_536' title='bbox 1726 3800 2002 3856; x_wconf 85' lang='lat' dir='ltr'><strong>Dominus.</strong></span> <span class='ocrx_word' id='word_1_537' title='bbox 2032 3794 2100 3858; x_wconf 78' lang='lat' dir='ltr'><strong>Et</strong></span> <span class='ocrx_word' id='word_1_538' title='bbox 2127 3802 2242 3874; x_wconf 80' lang='lat' dir='ltr'><strong>fac-</strong></span> 
     </span>
    </p>
   </div>
   <div class='ocr_carea' id='block_1_70' title="bbox 642 3890 2243 3967">
    <p class='ocr_par' dir='ltr' id='par_1_70' title="bbox 642 3890 2243 3967">
     <span class='ocr_line' id='line_1_70' title="bbox 642 3890 2243 3967; baseline 0.003 -21"><span class='ocrx_word' id='word_1_539' title='bbox 642 3903 750 3947; x_wconf 87' lang='lat' dir='ltr'><strong>tum</strong></span> <span class='ocrx_word' id='word_1_540' title='bbox 781 3902 856 3947; x_wconf 86' lang='lat' dir='ltr'><strong>est</strong></span> <span class='ocrx_word' id='word_1_541' title='bbox 899 3903 1011 3962; x_wconf 84' lang='lat' dir='ltr'><strong>post</strong></span> <span class='ocrx_word' id='word_1_542' title='bbox 1042 3892 1153 3947; x_wconf 79' lang='lat' dir='ltr'><strong>dies</strong></span> <span class='ocrx_word' id='word_1_543' title='bbox 1196 3894 1470 3967; x_wconf 88' lang='lat' dir='ltr'><strong>plurimos,</strong></span> <span class='ocrx_word' id='word_1_544' title='bbox 1519 3890 1642 3949; x_wconf 87' lang='lat' dir='ltr'><strong>dicit</strong></span> <span class='ocrx_word' id='word_1_545' title='bbox 1693 3890 1950 3949; x_wconf 87' lang='lat' dir='ltr'><strong>Dominus</strong></span> <span class='ocrx_word' id='word_1_546' title='bbox 1999 3895 2067 3949; x_wconf 89' lang='lat' dir='ltr'><strong>ad</strong></span> <span class='ocrx_word' id='word_1_547' title='bbox 2123 3908 2199 3951; x_wconf 85' lang='lat' dir='ltr'><strong>me</strong></span> <span class='ocrx_word' id='word_1_548' title='bbox 2224 3913 2243 3951; x_wconf 90' lang='lat'><strong><em>:</em></strong></span> 
     </span>
    </p>
   </div>
   <div class='ocr_carea' id='block_1_71' title="bbox 642 3982 2245 4058">
    <p class='ocr_par' dir='ltr' id='par_1_71' title="bbox 642 3982 2245 4058">
     <span class='ocr_line' id='line_1_71' title="bbox 642 3982 2245 4058; baseline 0.001 -19"><span class='ocrx_word' id='word_1_549' title='bbox 642 3984 812 4057; x_wconf 87' lang='lat' dir='ltr'><strong>Surge</strong></span> <span class='ocrx_word' id='word_1_550' title='bbox 834 3994 881 4039; x_wconf 89' lang='lat' dir='ltr'><strong>et</strong></span> <span class='ocrx_word' id='word_1_551' title='bbox 907 3984 1036 4039; x_wconf 85' lang='lat' dir='ltr'><strong>vade</strong></span> <span class='ocrx_word' id='word_1_552' title='bbox 1082 3984 1152 4040; x_wconf 90' lang='lat' dir='ltr'><strong>ad</strong></span> <span class='ocrx_word' id='word_1_553' title='bbox 1194 3982 1513 4058; x_wconf 71' lang='lat' dir='ltr'><strong>Euphratem</strong></span> <span class='ocrx_word' id='word_1_554' title='bbox 1539 4028 1552 4052; x_wconf 89' lang='lat'><strong>,</strong></span> <span class='ocrx_word' id='word_1_555' title='bbox 1598 3993 1643 4039; x_wconf 87' lang='lat' dir='ltr'><strong>et</strong></span> <span class='ocrx_word' id='word_1_556' title='bbox 1682 3984 1808 4040; x_wconf 89' lang='lat' dir='ltr'><strong>tolle</strong></span> <span class='ocrx_word' id='word_1_557' title='bbox 1858 3985 1981 4040; x_wconf 88' lang='lat' dir='ltr'><strong>inde</strong></span> <span class='ocrx_word' id='word_1_558' title='bbox 2013 3986 2245 4041; x_wconf 83' lang='lat' dir='ltr'><strong>lumbare</strong></span> 
     </span>
    </p>
   </div>
   <div class='ocr_carea' id='block_1_72' title="bbox 641 4072 2247 4152">
    <p class='ocr_par' dir='ltr' id='par_1_72' title="bbox 641 4072 2247 4152">
     <span class='ocr_line' id='line_1_72' title="bbox 641 4072 2247 4152; baseline 0.004 -23"><span class='ocrx_word' id='word_1_559' title='bbox 641 4079 780 4149; x_wconf 66' lang='lat' dir='ltr'><strong>(«sive</strong></span> <span class='ocrx_word' id='word_1_560' title='bbox 813 4078 1144 4141; x_wconf 87' lang='lat' dir='ltr'><strong>cinctorium)</strong></span> <span class='ocrx_word' id='word_1_561' title='bbox 1187 4072 1325 4150; x_wconf 89' lang='lat' dir='ltr'><strong>quod</strong></span> <span class='ocrx_word' id='word_1_562' title='bbox 1347 4078 1567 4152; x_wconf 77' lang='lat' dir='ltr'><strong>prwcepi</strong></span> <span class='ocrx_word' id='word_1_563' title='bbox 1598 4076 1711 4145; x_wconf 86' lang='lat' dir='ltr'><strong>tibi,</strong></span> <span class='ocrx_word' id='word_1_564' title='bbox 1737 4088 1791 4132; x_wconf 91' lang='lat' dir='ltr'><strong>ut</strong></span> <span class='ocrx_word' id='word_1_565' title='bbox 1815 4078 2154 4134; x_wconf 78' lang='lat' dir='ltr'><strong>absconderes</strong></span> <span class='ocrx_word' id='word_1_566' title='bbox 2177 4080 2247 4135; x_wconf 81' lang='lat' dir='ltr'><strong>il-</strong></span> 
     </span>
    </p>
   </div>
   <div class='ocr_carea' id='block_1_73' title="bbox 642 4166 2244 4244">
    <p class='ocr_par' dir='ltr' id='par_1_73' title="bbox 642 4166 2244 4244">
     <span class='ocr_line' id='line_1_73' title="bbox 642 4166 2244 4244; baseline 0.004 -21"><span class='ocrx_word' id='word_1_567' title='bbox 642 4170 736 4223; x_wconf 85' lang='lat' dir='ltr'><strong>lud</strong></span> <span class='ocrx_word' id='word_1_568' title='bbox 759 4169 850 4224; x_wconf 83' lang='lat' dir='ltr'><strong>ibi.</strong></span> <span class='ocrx_word' id='word_1_569' title='bbox 883 4168 947 4224; x_wconf 80' lang='lat' dir='ltr'><strong>Et</strong></span> <span class='ocrx_word' id='word_1_570' title='bbox 985 4171 1098 4224; x_wconf 90' lang='lat' dir='ltr'><strong>abii</strong></span> <span class='ocrx_word' id='word_1_571' title='bbox 1119 4170 1187 4224; x_wconf 87' lang='lat' dir='ltr'><strong>ad</strong></span> <span class='ocrx_word' id='word_1_572' title='bbox 1220 4166 1559 4243; x_wconf 81' lang='lat' dir='ltr'><strong>Euphratem,</strong></span> <span class='ocrx_word' id='word_1_573' title='bbox 1589 4182 1635 4225; x_wconf 89' lang='lat' dir='ltr'><strong>et</strong></span> <span class='ocrx_word' id='word_1_574' title='bbox 1665 4170 1795 4244; x_wconf 76' lang='lat' dir='ltr'><strong>fodi,</strong></span> <span class='ocrx_word' id='word_1_575' title='bbox 1822 4180 1868 4225; x_wconf 88' lang='lat' dir='ltr'><strong>et</strong></span> <span class='ocrx_word' id='word_1_576' title='bbox 1897 4172 1992 4226; x_wconf 88' lang='lat' dir='ltr'><strong>tuli</strong></span> <span class='ocrx_word' id='word_1_577' title='bbox 2014 4173 2244 4230; x_wconf 85' lang='lat' dir='ltr'><strong>lumbare</strong></span> 
     </span>
    </p>
   </div>
   <div class='ocr_carea' id='block_1_74' title="bbox 642 4262 2245 4338">
    <p class='ocr_par' dir='ltr' id='par_1_74' title="bbox 642 4262 2245 4338">
     <span class='ocr_line' id='line_1_74' title="bbox 642 4262 2245 4338; baseline 0.002 -17"><span class='ocrx_word' id='word_1_578' title='bbox 642 4268 847 4323; x_wconf 81' lang='lat' dir='ltr'><strong>deloco</strong></span> <span class='ocrx_word' id='word_1_579' title='bbox 881 4267 969 4323; x_wconf 87' lang='lat' dir='ltr'><strong>ubi</strong></span> <span class='ocrx_word' id='word_1_580' title='bbox 1006 4266 1379 4323; x_wconf 86' lang='lat' dir='ltr'><strong>absconderant</strong></span> <span class='ocrx_word' id='word_1_581' title='bbox 1426 4262 1581 4334; x_wconf 89' lang='lat' dir='ltr'><strong>illud,</strong></span> <span class='ocrx_word' id='word_1_582' title='bbox 1627 4274 1673 4322; x_wconf 84' lang='lat' dir='ltr'><strong>et</strong></span> <span class='ocrx_word' id='word_1_583' title='bbox 1723 4284 1838 4322; x_wconf 86' lang='lat' dir='ltr'><strong>ecce</strong></span> <span class='ocrx_word' id='word_1_584' title='bbox 1858 4278 2245 4338; x_wconf 84' lang='lat' dir='ltr'><strong>computruerat</strong></span> 
     </span>
    </p>
   </div>
   <div class='ocr_carea' id='block_1_75' title="bbox 643 4358 2242 4432">
    <p class='ocr_par' dir='ltr' id='par_1_75' title="bbox 643 4358 2242 4432">
     <span class='ocr_line' id='line_1_75' title="bbox 643 4358 2242 4432; baseline 0.004 -19"><span class='ocrx_word' id='word_1_585' title='bbox 643 4358 877 4414; x_wconf 85' lang='lat' dir='ltr'><strong>lumbare</strong></span> <span class='ocrx_word' id='word_1_586' title='bbox 905 4360 1049 4432; x_wconf 86' lang='lat' dir='ltr'><strong>(sive</strong></span> <span class='ocrx_word' id='word_1_587' title='bbox 1078 4359 1404 4432; x_wconf 82' lang='lat' dir='ltr'><strong>cinctorium)</strong></span> <span class='ocrx_word' id='word_1_588' title='bbox 1437 4362 1510 4414; x_wconf 90' lang='lat' dir='ltr'><strong>ita</strong></span> <span class='ocrx_word' id='word_1_589' title='bbox 1540 4370 1596 4415; x_wconf 89' lang='lat' dir='ltr'><strong>ut</strong></span> <span class='ocrx_word' id='word_1_590' title='bbox 1618 4361 1763 4416; x_wconf 85' lang='lat' dir='ltr'><strong>nullo</strong></span> <span class='ocrx_word' id='word_1_591' title='bbox 1790 4362 1907 4416; x_wconf 87' lang='lat' dir='ltr'><strong>usui</strong></span> <span class='ocrx_word' id='word_1_592' title='bbox 1945 4374 2130 4431; x_wconf 87' lang='lat' dir='ltr'><strong>aptum</strong></span> <span class='ocrx_word' id='word_1_593' title='bbox 2160 4374 2242 4419; x_wconf 85' lang='lat' dir='ltr'><strong>es-</strong></span> 
     </span>
    </p>
   </div>
   <div class='ocr_carea' id='block_1_76' title="bbox 641 4452 2244 4526">
    <p class='ocr_par' dir='ltr' id='par_1_76' title="bbox 641 4452 2244 4526">
     <span class='ocr_line' id='line_1_76' title="bbox 641 4452 2244 4526; baseline 0.002 -17"><span class='ocrx_word' id='word_1_594' title='bbox 641 4464 736 4509; x_wconf 88' lang='lat' dir='ltr'><strong>set.</strong></span> <span class='ocrx_word' id='word_1_595' title='bbox 770 4453 837 4507; x_wconf 87' lang='lat' dir='ltr'><strong>Et</strong></span> <span class='ocrx_word' id='word_1_596' title='bbox 882 4460 1079 4526; x_wconf 78' lang='lat' dir='ltr'><strong>factum</strong></span> <span class='ocrx_word' id='word_1_597' title='bbox 1110 4466 1182 4510; x_wconf 85' lang='lat' dir='ltr'><strong>est</strong></span> <span class='ocrx_word' id='word_1_598' title='bbox 1237 4455 1446 4510; x_wconf 75' lang='lat' dir='ltr'><strong>verbum</strong></span> <span class='ocrx_word' id='word_1_599' title='bbox 1499 4452 1711 4511; x_wconf 86' lang='lat' dir='ltr'><strong>Domini</strong></span> <span class='ocrx_word' id='word_1_600' title='bbox 1739 4454 1807 4510; x_wconf 91' lang='lat' dir='ltr'><strong>ad</strong></span> <span class='ocrx_word' id='word_1_601' title='bbox 1870 4470 1970 4517; x_wconf 82' lang='lat' dir='ltr'><strong>nte.</strong></span> <span class='ocrx_word' id='word_1_602' title='bbox 2015 4456 2193 4515; x_wconf 87' lang='lat' dir='ltr'><strong>dicens</strong></span> <span class='ocrx_word' id='word_1_603' title='bbox 2225 4475 2244 4513; x_wconf 93' lang='lat'><strong><em>:</em></strong></span> 
     </span>
    </p>
   </div>
   <div class='ocr_carea' id='block_1_77' title="bbox 647 4542 2243 4620">
    <p class='ocr_par' dir='ltr' id='par_1_77' title="bbox 647 4542 2243 4620">
     <span class='ocr_line' id='line_1_77' title="bbox 647 4542 2243 4620; baseline 0.002 -20"><span class='ocrx_word' id='word_1_604' title='bbox 647 4544 773 4601; x_wconf 61' lang='lat' dir='ltr'><strong>Haec</strong></span> <span class='ocrx_word' id='word_1_605' title='bbox 821 4546 948 4600; x_wconf 81' lang='lat' dir='ltr'><strong>dicit</strong></span> <span class='ocrx_word' id='word_1_606' title='bbox 1002 4542 1309 4603; x_wconf 87' lang='lat' dir='ltr'><strong>Dominus:</strong></span> <span class='ocrx_word' id='word_1_607' title='bbox 1350 4544 1443 4603; x_wconf 87' lang='lat' dir='ltr'><strong>Sic</strong></span> <span class='ocrx_word' id='word_1_608' title='bbox 1491 4559 1780 4619; x_wconf 79' lang='lat' dir='ltr'><strong>putrescere</strong></span> <span class='ocrx_word' id='word_1_609' title='bbox 1831 4548 2023 4615; x_wconf 77' lang='lat' dir='ltr'><strong>faciam</strong></span> <span class='ocrx_word' id='word_1_610' title='bbox 2062 4567 2243 4620; x_wconf 79' lang='lat' dir='ltr'><strong>snper-</strong></span> 
     </span>
    </p>
   </div>
   <div class='ocr_carea' id='block_1_78' title="bbox 634 4636 2244 4713">
    <p class='ocr_par' dir='ltr' id='par_1_78' title="bbox 634 4636 2244 4713">
     <span class='ocr_line' id='line_1_78' title="bbox 634 4636 2244 4713; baseline 0.005 -21"><span class='ocrx_word' id='word_1_611' title='bbox 634 4640 772 4693; x_wconf 88' lang='lat' dir='ltr'><strong>biam</strong></span> <span class='ocrx_word' id='word_1_612' title='bbox 816 4639 1259 4713; x_wconf 85' lang='lat' dir='ltr'><strong>(sivciujuriam)</strong></span> <span class='ocrx_word' id='word_1_613' title='bbox 1308 4639 1473 4708; x_wconf 84' lang='lat' dir='ltr'><strong>Juda,</strong></span> <span class='ocrx_word' id='word_1_614' title='bbox 1510 4653 1557 4695; x_wconf 88' lang='lat' dir='ltr'><strong>et</strong></span> <span class='ocrx_word' id='word_1_615' title='bbox 1597 4642 1896 4713; x_wconf 87' lang='lat' dir='ltr'><strong>superbiam</strong></span> <span class='ocrx_word' id='word_1_616' title='bbox 1948 4636 2244 4700; x_wconf 75' lang='lat' dir='ltr'><strong>Jerusalem</strong></span> 
     </span>
    </p>
   </div>
   <div class='ocr_carea' id='block_1_79' title="bbox 642 4732 2244 4808">
    <p class='ocr_par' dir='ltr' id='par_1_79' title="bbox 642 4732 2244 4808">
     <span class='ocr_line' id='line_1_79' title="bbox 642 4732 2244 4808; baseline 0.004 -22"><span class='ocrx_word' id='word_1_617' title='bbox 642 4732 881 4801; x_wconf 85' lang='lat' dir='ltr'><strong>multam,</strong></span> <span class='ocrx_word' id='word_1_618' title='bbox 928 4745 977 4788; x_wconf 88' lang='lat' dir='ltr'><strong>et</strong></span> <span class='ocrx_word' id='word_1_619' title='bbox 1024 4736 1271 4807; x_wconf 89' lang='lat' dir='ltr'><strong>populum</strong></span> <span class='ocrx_word' id='word_1_620' title='bbox 1303 4736 1456 4790; x_wconf 78' lang='lat' dir='ltr'><strong>istaut</strong></span> <span class='ocrx_word' id='word_1_621' title='bbox 1484 4738 1782 4808; x_wconf 85' lang='lat' dir='ltr'><strong>pessimum,</strong></span> <span class='ocrx_word' id='word_1_622' title='bbox 1816 4734 1905 4806; x_wconf 84' lang='lat' dir='ltr'><strong>qui</strong></span> <span class='ocrx_word' id='word_1_623' title='bbox 1940 4736 2125 4793; x_wconf 85' lang='lat' dir='ltr'><strong>nolunt</strong></span> <span class='ocrx_word' id='word_1_624' title='bbox 2150 4757 2244 4794; x_wconf 86' lang='lat' dir='ltr'><strong>att-</strong></span> 
     </span>
    </p>
   </div>
   <div class='ocr_carea' id='block_1_80' title="bbox 640 4826 2246 4899">
    <p class='ocr_par' dir='ltr' id='par_1_80' title="bbox 640 4826 2246 4899">
     <span class='ocr_line' id='line_1_80' title="bbox 640 4826 2246 4899; baseline 0.004 -20"><span class='ocrx_word' id='word_1_625' title='bbox 640 4826 752 4880; x_wconf 87' lang='lat' dir='ltr'><strong>dire</strong></span> <span class='ocrx_word' id='word_1_626' title='bbox 777 4828 928 4881; x_wconf 75' lang='lat' dir='ltr'><strong>verba</strong></span> <span class='ocrx_word' id='word_1_627' title='bbox 959 4844 1091 4891; x_wconf 87' lang='lat' dir='ltr'><strong>mea,</strong></span> <span class='ocrx_word' id='word_1_628' title='bbox 1122 4836 1170 4882; x_wconf 75' lang='lat' dir='ltr'><strong>st</strong></span> <span class='ocrx_word' id='word_1_629' title='bbox 1191 4828 1458 4883; x_wconf 86' lang='lat' dir='ltr'><strong>ambulant</strong></span> <span class='ocrx_word' id='word_1_630' title='bbox 1487 4830 1538 4883; x_wconf 91' lang='lat' dir='ltr'><strong>in</strong></span> <span class='ocrx_word' id='word_1_631' title='bbox 1562 4831 1814 4897; x_wconf 82' lang='lat' dir='ltr'><strong>pravitate</strong></span> <span class='ocrx_word' id='word_1_632' title='bbox 1841 4832 1979 4899; x_wconf 83' lang='lat' dir='ltr'><strong>(sive</strong></span> <span class='ocrx_word' id='word_1_633' title='bbox 1998 4833 2051 4885; x_wconf 89' lang='lat' dir='ltr'><strong>in</strong></span> <span class='ocrx_word' id='word_1_634' title='bbox 2080 4834 2246 4886; x_wconf 89' lang='lat' dir='ltr'><strong>direc-</strong></span> 
     </span>
    </p>
   </div>
   <div class='ocr_carea' id='block_1_81' title="bbox 639 4918 2243 4994">
    <p class='ocr_par' dir='ltr' id='par_1_81' title="bbox 639 4918 2243 4994">
     <span class='ocr_line' id='line_1_81' title="bbox 639 4918 2243 4994; baseline 0.007 -24"><span class='ocrx_word' id='word_1_635' title='bbox 639 4918 799 4986; x_wconf 82' lang='lat' dir='ltr'><strong>tione)</strong></span> <span class='ocrx_word' id='word_1_636' title='bbox 822 4921 994 4974; x_wconf 81' lang='lat' dir='ltr'><strong>cordis</strong></span> <span class='ocrx_word' id='word_1_637' title='bbox 1014 4922 1098 4974; x_wconf 83' lang='lat' dir='ltr'><strong>sui</strong></span> <span class='ocrx_word' id='word_1_638' title='bbox 1127 4931 1152 4959; x_wconf 78' lang='grc'>⁶</span> <span class='ocrx_word' id='word_1_639' title='bbox 1180 4922 1392 4994; x_wconf 75' lang='lat' dir='ltr'><strong>pessimi</strong></span> <span class='ocrx_word' id='word_1_640' title='bbox 1416 4937 1434 4976; x_wconf 88' lang='lat'><strong><em>:</em></strong></span> <span class='ocrx_word' id='word_1_641' title='bbox 1462 4921 1803 4991; x_wconf 80' lang='lat' dir='ltr'><strong>abieruntque</strong></span> <span class='ocrx_word' id='word_1_642' title='bbox 1827 4932 1944 4993; x_wconf 86' lang='lat' dir='ltr'><strong>post</strong></span> <span class='ocrx_word' id='word_1_643' title='bbox 1973 4928 2094 4979; x_wconf 85' lang='lat' dir='ltr'><strong>deos</strong></span> <span class='ocrx_word' id='word_1_644' title='bbox 2115 4927 2243 4981; x_wconf 78' lang='lat' dir='ltr'><strong>alie-</strong></span> 
     </span>
    </p>
   </div>
   <div class='ocr_carea' id='block_1_82' title="bbox 642 5016 2242 5082">
    <p class='ocr_par' dir='ltr' id='par_1_82' title="bbox 642 5016 2242 5082">
     <span class='ocr_line' id='line_1_82' title="bbox 642 5016 2242 5082; baseline 0.007 -18"><span class='ocrx_word' id='word_1_645' title='bbox 642 5025 758 5075; x_wconf 84' lang='lat' dir='ltr'><strong>nos,</strong></span> <span class='ocrx_word' id='word_1_646' title='bbox 784 5022 838 5066; x_wconf 87' lang='lat' dir='ltr'><strong>ut</strong></span> <span class='ocrx_word' id='word_1_647' title='bbox 868 5017 1119 5069; x_wconf 81' lang='lat' dir='ltr'><strong>servirent</strong></span> <span class='ocrx_word' id='word_1_648' title='bbox 1154 5017 1248 5082; x_wconf 88' lang='lat' dir='ltr'><strong>eis,</strong></span> <span class='ocrx_word' id='word_1_649' title='bbox 1274 5024 1322 5070; x_wconf 87' lang='lat' dir='ltr'><strong>et</strong></span> <span class='ocrx_word' id='word_1_650' title='bbox 1354 5016 1632 5072; x_wconf 83' lang='lat' dir='ltr'><strong>adorarent</strong></span> <span class='ocrx_word' id='word_1_651' title='bbox 1671 5030 1754 5071; x_wconf 87' lang='lat' dir='ltr'><strong>eos</strong></span> <span class='ocrx_word' id='word_1_652' title='bbox 1785 5034 1802 5072; x_wconf 91' lang='lat'><em>:</em></span> <span class='ocrx_word' id='word_1_653' title='bbox 1828 5028 1877 5073; x_wconf 87' lang='lat' dir='ltr'><strong>et</strong></span> <span class='ocrx_word' id='word_1_654' title='bbox 1914 5024 2064 5073; x_wconf 77' lang='lat' dir='ltr'><strong>erant</strong></span> <span class='ocrx_word' id='word_1_655' title='bbox 2112 5021 2242 5075; x_wconf 86' lang='lat' dir='ltr'><strong>sicut</strong></span> 
     </span>
    </p>
   </div>
   <div class='ocr_carea' id='block_1_83' title="bbox 643 5103 2241 5182">
    <p class='ocr_par' dir='ltr' id='par_1_83' title="bbox 643 5103 2241 5182">
     <span class='ocr_line' id='line_1_83' title="bbox 643 5103 2241 5182; baseline 0.007 -26"><span class='ocrx_word' id='word_1_656' title='bbox 643 5103 877 5158; x_wconf 82' lang='lat' dir='ltr'><strong>lumbare</strong></span> <span class='ocrx_word' id='word_1_657' title='bbox 904 5106 1062 5170; x_wconf 85' lang='lat' dir='ltr'><strong>istud,</strong></span> <span class='ocrx_word' id='word_1_658' title='bbox 1100 5108 1240 5178; x_wconf 87' lang='lat' dir='ltr'><strong>quod</strong></span> <span class='ocrx_word' id='word_1_659' title='bbox 1280 5106 1428 5163; x_wconf 87' lang='lat' dir='ltr'><strong>nullo</strong></span> <span class='ocrx_word' id='word_1_660' title='bbox 1451 5112 1567 5164; x_wconf 89' lang='lat' dir='ltr'><strong>usui</strong></span> <span class='ocrx_word' id='word_1_661' title='bbox 1606 5120 1901 5182; x_wconf 82' lang='lat' dir='ltr'><strong>optumest.</strong></span> <span class='ocrx_word' id='word_1_662' title='bbox 1932 5111 2241 5168; x_wconf 87' lang='lat' dir='ltr'><strong>Sicutenim</strong></span> 
     </span>
    </p>
   </div>
   <div class='ocr_carea' id='block_1_84' title="bbox 639 5197 2243 5277">
    <p class='ocr_par' dir='ltr' id='par_1_84' title="bbox 639 5197 2243 5277">
     <span class='ocr_line' id='line_1_84' title="bbox 639 5197 2243 5277; baseline 0.006 -27"><span class='ocrx_word' id='word_1_663' title='bbox 639 5197 869 5253; x_wconf 77' lang='lat' dir='ltr'><strong>adhteret</strong></span> <span class='ocrx_word' id='word_1_664' title='bbox 912 5197 1145 5254; x_wconf 87' lang='lat' dir='ltr'><strong>lumbare</strong></span> <span class='ocrx_word' id='word_1_665' title='bbox 1168 5202 1237 5255; x_wconf 83' lang='lat' dir='ltr'><strong>ad</strong></span> <span class='ocrx_word' id='word_1_666' title='bbox 1262 5202 1461 5257; x_wconf 86' lang='lat' dir='ltr'><strong>lumbos</strong></span> <span class='ocrx_word' id='word_1_667' title='bbox 1488 5204 1587 5259; x_wconf 80' lang='lat' dir='ltr'><strong>uiri</strong></span> <span class='ocrx_word' id='word_1_668' title='bbox 1612 5222 1631 5260; x_wconf 93' lang='lat'><em>:</em></span> <span class='ocrx_word' id='word_1_669' title='bbox 1671 5206 1745 5260; x_wconf 88' lang='lat' dir='ltr'><strong>sic</strong></span> <span class='ocrx_word' id='word_1_670' title='bbox 1766 5206 2090 5277; x_wconf 77' lang='lat' dir='ltr'><strong>agglutinari</strong></span> <span class='ocrx_word' id='word_1_671' title='bbox 2112 5204 2243 5259; x_wconf 85' lang='lat' dir='ltr'><strong>mihi</strong></span> 
     </span>
    </p>
   </div>
   <div class='ocr_carea' id='block_1_85' title="bbox 640 5291 2242 5363">
    <p class='ocr_par' dir='ltr' id='par_1_85' title="bbox 640 5291 2242 5363">
     <span class='ocr_line' id='line_1_85' title="bbox 640 5291 2242 5363; baseline 0.005 -20"><span class='ocrx_word' id='word_1_672' title='bbox 640 5302 843 5345; x_wconf 79' lang='lat' dir='ltr'><strong>omnem</strong></span> <span class='ocrx_word' id='word_1_673' title='bbox 878 5292 1086 5346; x_wconf 86' lang='lat' dir='ltr'><strong>domum</strong></span> <span class='ocrx_word' id='word_1_674' title='bbox 1114 5291 1309 5357; x_wconf 87' lang='lat' dir='ltr'><strong>Israel,</strong></span> <span class='ocrx_word' id='word_1_675' title='bbox 1356 5303 1403 5348; x_wconf 80' lang='lat' dir='ltr'><strong>et</strong></span> <span class='ocrx_word' id='word_1_676' title='bbox 1444 5310 1644 5349; x_wconf 83' lang='lat' dir='ltr'><strong>omnem</strong></span> <span class='ocrx_word' id='word_1_677' title='bbox 1675 5297 1885 5351; x_wconf 74' lang='lat' dir='ltr'><strong>domum</strong></span> <span class='ocrx_word' id='word_1_678' title='bbox 1910 5295 2077 5363; x_wconf 72' lang='lat' dir='ltr'><strong>Iuda,</strong></span> <span class='ocrx_word' id='word_1_679' title='bbox 2113 5297 2242 5351; x_wconf 81' lang='lat' dir='ltr'><strong>dicit</strong></span> 
     </span>
    </p>
   </div>
   <div class='ocr_carea' id='block_1_86' title="bbox 644 5378 2243 5463">
    <p class='ocr_par' dir='ltr' id='par_1_86' title="bbox 644 5378 2243 5463">
     <span class='ocr_line' id='line_1_86' title="bbox 644 5378 2243 5463; baseline 0.004 -25"><span class='ocrx_word' id='word_1_680' title='bbox 644 5378 921 5450; x_wconf 84' lang='lat' dir='ltr'><strong>Dominus,</strong></span> <span class='ocrx_word' id='word_1_681' title='bbox 949 5396 1003 5440; x_wconf 88' lang='lat' dir='ltr'><strong>ut</strong></span> <span class='ocrx_word' id='word_1_682' title='bbox 1026 5396 1157 5442; x_wconf 83' lang='lat' dir='ltr'><strong>esset</strong></span> <span class='ocrx_word' id='word_1_683' title='bbox 1184 5382 1311 5441; x_wconf 85' lang='lat' dir='ltr'><strong>mihi</strong></span> <span class='ocrx_word' id='word_1_684' title='bbox 1332 5388 1385 5442; x_wconf 89' lang='lat' dir='ltr'><strong>in</strong></span> <span class='ocrx_word' id='word_1_685' title='bbox 1410 5390 1686 5461; x_wconf 79' lang='lat' dir='ltr'><strong>pupulum.</strong></span> <span class='ocrx_word' id='word_1_686' title='bbox 1710 5403 1754 5444; x_wconf 86' lang='lat' dir='ltr'><strong>et</strong></span> <span class='ocrx_word' id='word_1_687' title='bbox 1785 5388 1948 5463; x_wconf 78' lang='lat'><strong>931</strong></span> <span class='ocrx_word' id='word_1_688' title='bbox 1974 5388 2026 5445; x_wconf 86' lang='lat' dir='ltr'><strong>in</strong></span> <span class='ocrx_word' id='word_1_689' title='bbox 2057 5399 2243 5445; x_wconf 82' lang='lat' dir='ltr'><strong>nomen</strong></span> 
     </span>
    </p>
   </div>
   <div class='ocr_carea' id='block_1_87' title="bbox 639 5480 2243 5556">
    <p class='ocr_par' dir='ltr' id='par_1_87' title="bbox 639 5480 2243 5556">
     <span class='ocr_line' id='line_1_87' title="bbox 639 5480 2243 5556; baseline 0.004 -24"><span class='ocrx_word' id='word_1_690' title='bbox 639 5490 687 5533; x_wconf 78' lang='lat' dir='ltr'><strong>et</strong></span> <span class='ocrx_word' id='word_1_691' title='bbox 718 5482 771 5534; x_wconf 85' lang='lat' dir='ltr'><strong>in</strong></span> <span class='ocrx_word' id='word_1_692' title='bbox 800 5480 1033 5548; x_wconf 81' lang='lat' dir='ltr'><strong>laudem,</strong></span> <span class='ocrx_word' id='word_1_693' title='bbox 1060 5491 1107 5537; x_wconf 84' lang='lat' dir='ltr'><strong>et</strong></span> <span class='ocrx_word' id='word_1_694' title='bbox 1132 5484 1186 5537; x_wconf 81' lang='lat' dir='ltr'><strong>in</strong></span> <span class='ocrx_word' id='word_1_695' title='bbox 1212 5483 1455 5556; x_wconf 76' lang='lat' dir='ltr'><strong>gloriam.</strong></span> <span class='ocrx_word' id='word_1_696' title='bbox 1478 5493 1526 5539; x_wconf 88' lang='lat' dir='ltr'><strong>et</strong></span> <span class='ocrx_word' id='word_1_697' title='bbox 1554 5501 1659 5539; x_wconf 81' lang='lat' dir='ltr'><strong>non</strong></span> <span class='ocrx_word' id='word_1_698' title='bbox 1688 5486 1990 5540; x_wconf 77' lang='lat' dir='ltr'><strong>audierunt.</strong></span> <span class='ocrx_word' id='word_1_699' title='bbox 2020 5485 2243 5541; x_wconf 82' lang='lat' dir='ltr'><strong>Cinctu-</strong></span> 
     </span>
    </p>
   </div>
   <div class='ocr_carea' id='block_1_88' title="bbox 637 5571 2241 5651">
    <p class='ocr_par' dir='ltr' id='par_1_88' title="bbox 637 5571 2241 5651">
     <span class='ocr_line' id='line_1_88' title="bbox 637 5571 2241 5651; baseline 0.005 -26"><span class='ocrx_word' id='word_1_700' title='bbox 637 5571 803 5640; x_wconf 85' lang='lat' dir='ltr'><strong>rium,</strong></span> <span class='ocrx_word' id='word_1_701' title='bbox 830 5577 948 5631; x_wconf 82' lang='lat' dir='ltr'><strong>sive</strong></span> <span class='ocrx_word' id='word_1_702' title='bbox 981 5576 1247 5644; x_wconf 81' lang='lat' dir='ltr'><strong>lumbare,</strong></span> <span class='ocrx_word' id='word_1_703' title='bbox 1281 5576 1428 5649; x_wconf 88' lang='lat' dir='ltr'><strong>quod</strong></span> <span class='ocrx_word' id='word_1_704' title='bbox 1460 5578 1555 5634; x_wconf 89' lang='lat' dir='ltr'><strong>Dei</strong></span> <span class='ocrx_word' id='word_1_705' title='bbox 1583 5578 1806 5635; x_wconf 86' lang='lat' dir='ltr'><strong>renibus</strong></span> <span class='ocrx_word' id='word_1_706' title='bbox 1841 5579 2108 5651; x_wconf 82' lang='lat' dir='ltr'><strong>jungitur,</strong></span> <span class='ocrx_word' id='word_1_707' title='bbox 2145 5590 2241 5648; x_wconf 82' lang='lat' dir='ltr'><strong>po-</strong></span> 
     </span>
    </p>
   </div>
   <div class='ocr_carea' id='block_1_89' title="bbox 716 5753 2234 5831">
    <p class='ocr_par' dir='ltr' id='par_1_89' title="bbox 716 5753 2234 5831">
     <span class='ocr_line' id='line_1_89' title="bbox 716 5753 2234 5831; baseline 0.007 -28"><span class='ocrx_word' id='word_1_708' title='bbox 716 5753 1045 5831; x_wconf 63' lang='lat' dir='ltr'><strong>-__t\dditum_</strong></span> <span class='ocrx_word' id='word_1_709' title='bbox 1074 5757 1301 5820; x_wconf 77' lang='lat' dir='ltr'><strong>pessimi.</strong></span> <span class='ocrx_word' id='word_1_710' title='bbox 1327 5772 1512 5831; x_wconf 76' lang='lat' dir='ltr'><strong>neque</strong></span> <span class='ocrx_word' id='word_1_711' title='bbox 1544 5759 1597 5813; x_wconf 94' lang='lat' dir='ltr'><strong>in</strong></span> <span class='ocrx_word' id='word_1_712' title='bbox 1630 5757 1858 5814; x_wconf 67' lang='lat' dir='ltr'><strong>Hebraeo</strong></span> <span class='ocrx_word' id='word_1_713' title='bbox 1895 5768 2009 5831; x_wconf 79' lang='lat' dir='ltr'><strong>est.</strong></span> <span class='ocrx_word' id='word_1_714' title='bbox 2059 5773 2234 5830; x_wconf 90' lang='lat' dir='ltr'><strong>neque</strong></span> 
     </span>
    </p>
   </div>
   <div class='ocr_carea' id='block_1_90' title="bbox 632 5822 1656 5919">
    <p class='ocr_par' dir='ltr' id='par_1_90' title="bbox 632 5822 1656 5913">
     <span class='ocr_line' id='line_1_90' title="bbox 632 5822 1656 5913; baseline 0 -30"><span class='ocrx_word' id='word_1_715' title='bbox 632 5823 698 5883; x_wconf 88' lang='lat' dir='ltr'><strong>itt</strong></span> <span class='ocrx_word' id='word_1_716' title='bbox 732 5822 1155 5913; x_wconf 68' lang='lat' dir='ltr'><strong>tiicronyutiana</strong></span> <span class='ocrx_word' id='word_1_717' title='bbox 1198 5822 1471 5912; x_wconf 78' lang='lat' dir='ltr'><strong>versione.</strong></span> <span class='ocrx_word' id='word_1_718' title='bbox 1653 5845 1656 5848; x_wconf 66' lang='lat'><strong><em>&#39;</em></strong></span> 
     </span>
    </p>
   </div>
   <div class='ocr_carea' id='block_1_91' title="bbox 2347 3332 3941 3409">
    <p class='ocr_par' dir='ltr' id='par_1_91' title="bbox 2347 3332 3941 3409">
     <span class='ocr_line' id='line_1_91' title="bbox 2347 3332 3941 3409; baseline -0.009 -15"><span class='ocrx_word' id='word_1_719' title='bbox 2347 3340 2482 3394; x_wconf 84' lang='lat' dir='ltr'><strong>duas</strong></span> <span class='ocrx_word' id='word_1_720' title='bbox 2510 3338 2699 3409; x_wconf 88' lang='lat' dir='ltr'><strong>tribus,</strong></span> <span class='ocrx_word' id='word_1_721' title='bbox 2733 3349 2792 3394; x_wconf 82' lang='lat' dir='ltr'><strong>nt</strong></span> <span class='ocrx_word' id='word_1_722' title='bbox 2822 3346 3009 3394; x_wconf 85' lang='lat' dir='ltr'><strong>essent</strong></span> <span class='ocrx_word' id='word_1_723' title='bbox 3040 3338 3171 3393; x_wconf 86' lang='lat' dir='ltr'><strong>mihi</strong></span> <span class='ocrx_word' id='word_1_724' title='bbox 3206 3338 3257 3391; x_wconf 90' lang='lat' dir='ltr'><strong>iu</strong></span> <span class='ocrx_word' id='word_1_725' title='bbox 3293 3334 3553 3407; x_wconf 88' lang='lat' dir='ltr'><strong>populum</strong></span> <span class='ocrx_word' id='word_1_726' title='bbox 3605 3332 3904 3387; x_wconf 83' lang='lat' dir='ltr'><strong>nominatum</strong></span> <span class='ocrx_word' id='word_1_727' title='bbox 3940 3332 3941 3403; x_wconf 51' lang='grc' dir='ltr'>ξ</span> 
     </span>
    </p>
   </div>
   <div class='ocr_carea' id='block_1_92' title="bbox 2346 3424 3941 3502">
    <p class='ocr_par' dir='ltr' id='par_1_92' title="bbox 2346 3424 3941 3502">
     <span class='ocr_line' id='line_1_92' title="bbox 2346 3424 3941 3502; baseline -0.008 -15"><span class='ocrx_word' id='word_1_728' title='bbox 2346 3442 2401 3487; x_wconf 86' lang='lat' dir='ltr'><strong>et</strong></span> <span class='ocrx_word' id='word_1_729' title='bbox 2430 3428 2480 3486; x_wconf 90' lang='lat' dir='ltr'><strong>in</strong></span> <span class='ocrx_word' id='word_1_730' title='bbox 2508 3427 2721 3487; x_wconf 84' lang='lat' dir='ltr'><strong>laudem</strong></span> <span class='ocrx_word' id='word_1_731' title='bbox 2748 3441 2804 3485; x_wconf 89' lang='lat' dir='ltr'><strong>et</strong></span> <span class='ocrx_word' id='word_1_732' title='bbox 2834 3432 2884 3485; x_wconf 93' lang='lat' dir='ltr'><strong>in</strong></span> <span class='ocrx_word' id='word_1_733' title='bbox 2916 3431 3186 3502; x_wconf 85' lang='lat' dir='ltr'><strong>gloriam;</strong></span> <span class='ocrx_word' id='word_1_734' title='bbox 3219 3438 3275 3484; x_wconf 90' lang='lat' dir='ltr'><strong>et</strong></span> <span class='ocrx_word' id='word_1_735' title='bbox 3310 3444 3409 3499; x_wconf 87' lang='lat' dir='ltr'><strong>pro</strong></span> <span class='ocrx_word' id='word_1_736' title='bbox 3438 3428 3524 3482; x_wconf 88' lang='lat' dir='ltr'><strong>his</strong></span> <span class='ocrx_word' id='word_1_737' title='bbox 3553 3424 3799 3481; x_wconf 83' lang='lat' dir='ltr'><strong>omnibus</strong></span> <span class='ocrx_word' id='word_1_738' title='bbox 3822 3434 3907 3474; x_wconf 81' lang='lat' dir='ltr'><strong>non</strong></span> <span class='ocrx_word' id='word_1_739' title='bbox 3940 3446 3941 3501; x_wconf 37' lang='grc' dir='ltr'>ξ</span> 
     </span>
    </p>
   </div>
   <div class='ocr_carea' id='block_1_93' title="bbox 2346 3516 3941 3593">
    <p class='ocr_par' dir='ltr' id='par_1_93' title="bbox 2346 3516 3941 3593">
     <span class='ocr_line' id='line_1_93' title="bbox 2346 3516 3941 3593; baseline -0.005 -14"><span class='ocrx_word' id='word_1_740' title='bbox 2346 3522 2631 3580; x_wconf 88' lang='lat' dir='ltr'><strong>audierunt</strong></span> <span class='ocrx_word' id='word_1_741' title='bbox 2665 3536 2773 3593; x_wconf 86' lang='lat' dir='ltr'><strong>me,</strong></span> <span class='ocrx_word' id='word_1_742' title='bbox 2803 3523 2896 3579; x_wconf 89' lang='lat' dir='ltr'><strong>sed</strong></span> <span class='ocrx_word' id='word_1_743' title='bbox 2926 3538 3019 3579; x_wconf 86' lang='lat' dir='ltr'><strong>sua</strong></span> <span class='ocrx_word' id='word_1_744' title='bbox 3059 3524 3187 3577; x_wconf 84' lang='lat' dir='ltr'><strong>vitia</strong></span> <span class='ocrx_word' id='word_1_745' title='bbox 3230 3529 3358 3577; x_wconf 89' lang='lat' dir='ltr'><strong>sunt</strong></span> <span class='ocrx_word' id='word_1_746' title='bbox 3386 3522 3582 3577; x_wconf 86' lang='lat' dir='ltr'><strong>secuti.</strong></span> <span class='ocrx_word' id='word_1_747' title='bbox 3611 3516 3812 3573; x_wconf 79' lang='lat' dir='ltr'><strong>Caveat</strong></span> <span class='ocrx_word' id='word_1_748' title='bbox 3836 3527 3905 3567; x_wconf 75' lang='grc' dir='ltr'><strong>ετ·</strong></span> <span class='ocrx_word' id='word_1_749' title='bbox 3940 3524 3941 3571; x_wconf 69' lang='lat'>1</span> 
     </span>
    </p>
   </div>
   <div class='ocr_carea' id='block_1_94' title="bbox 2345 3606 3906 3689">
    <p class='ocr_par' dir='ltr' id='par_1_94' title="bbox 2345 3606 3906 3689">
     <span class='ocr_line' id='line_1_94' title="bbox 2345 3606 3906 3689; baseline -0.009 -16"><span class='ocrx_word' id='word_1_750' title='bbox 2345 3632 2413 3689; x_wconf 85' lang='lat' dir='ltr'><strong>go</strong></span> <span class='ocrx_word' id='word_1_751' title='bbox 2451 3619 2540 3688; x_wconf 87' lang='lat' dir='ltr'><strong>qui</strong></span> <span class='ocrx_word' id='word_1_752' title='bbox 2575 3625 2751 3688; x_wconf 89' lang='lat' dir='ltr'><strong>potest</strong></span> <span class='ocrx_word' id='word_1_753' title='bbox 2779 3610 2963 3672; x_wconf 75' lang='lat' dir='ltr'><strong>dicere</strong></span> <span class='ocrx_word' id='word_1_754' title='bbox 2999 3639 3009 3669; x_wconf 88' lang='lat'>:</span> <span class='ocrx_word' id='word_1_755' title='bbox 3050 3614 3181 3670; x_wconf 84' lang='lat' dir='ltr'><strong>Mihi</strong></span> <span class='ocrx_word' id='word_1_756' title='bbox 3207 3626 3381 3670; x_wconf 76' lang='lat' dir='ltr'><strong>mitem</strong></span> <span class='ocrx_word' id='word_1_757' title='bbox 3406 3614 3674 3670; x_wconf 63' lang='lat' dir='ltr'><strong>adhaerere</strong></span> <span class='ocrx_word' id='word_1_758' title='bbox 3712 3608 3815 3665; x_wconf 85' lang='lat' dir='ltr'><strong>Deo</strong></span> <span class='ocrx_word' id='word_1_759' title='bbox 3836 3606 3906 3660; x_wconf 84' lang='lat' dir='ltr'><strong>bo-</strong></span> 
     </span>
    </p>
   </div>
   <div class='ocr_carea' id='block_1_95' title="bbox 2346 3702 3901 3782">
    <p class='ocr_par' dir='ltr' id='par_1_95' title="bbox 2346 3702 3901 3782">
     <span class='ocr_line' id='line_1_95' title="bbox 2346 3702 3901 3782; baseline -0.008 -16"><span class='ocrx_word' id='word_1_760' title='bbox 2346 3728 2470 3766; x_wconf 88' lang='lat' dir='ltr'><strong>num</strong></span> <span class='ocrx_word' id='word_1_761' title='bbox 2500 3722 2572 3766; x_wconf 86' lang='lat' dir='ltr'><strong>est</strong></span> <span class='ocrx_word' id='word_1_762' title='bbox 2604 3710 2776 3782; x_wconf 84' lang='lat' dir='ltr'><strong>(Psal.</strong></span> <span class='ocrx_word' id='word_1_763' title='bbox 2805 3727 2980 3778; x_wconf 73' lang='lat' dir='ltr'><strong>tun,</strong></span> <span class='ocrx_word' id='word_1_764' title='bbox 3010 3711 3127 3780; x_wconf 78' lang='lat'><strong>28),</strong></span> <span class='ocrx_word' id='word_1_765' title='bbox 3159 3726 3227 3766; x_wconf 93' lang='lat' dir='ltr'><strong>ne</strong></span> <span class='ocrx_word' id='word_1_766' title='bbox 3259 3710 3400 3767; x_wconf 80' lang='lat' dir='ltr'><strong>forte</strong></span> <span class='ocrx_word' id='word_1_767' title='bbox 3430 3722 3526 3777; x_wconf 77' lang='lat' dir='ltr'><strong>per</strong></span> <span class='ocrx_word' id='word_1_768' title='bbox 3556 3702 3901 3778; x_wconf 78' lang='lat' dir='ltr'><strong>negligentiam</strong></span> 
     </span>
    </p>
   </div>
   <div class='ocr_carea' id='block_1_96' title="bbox 2347 3798 3899 3874">
    <p class='ocr_par' dir='ltr' id='par_1_96' title="bbox 2347 3798 3899 3874">
     <span class='ocr_line' id='line_1_96' title="bbox 2347 3798 3899 3874; baseline 0 -17"><span class='ocrx_word' id='word_1_769' title='bbox 2347 3804 2415 3859; x_wconf 84' lang='lat' dir='ltr'><strong>ab</strong></span> <span class='ocrx_word' id='word_1_770' title='bbox 2447 3804 2594 3859; x_wconf 86' lang='lat' dir='ltr'><strong>illius</strong></span> <span class='ocrx_word' id='word_1_771' title='bbox 2623 3802 2843 3859; x_wconf 89' lang='lat' dir='ltr'><strong>renibus</strong></span> <span class='ocrx_word' id='word_1_772' title='bbox 2866 3808 3171 3874; x_wconf 87' lang='lat' dir='ltr'><strong>separetur,</strong></span> <span class='ocrx_word' id='word_1_773' title='bbox 3215 3811 3271 3858; x_wconf 91' lang='lat' dir='ltr'><strong>et</strong></span> <span class='ocrx_word' id='word_1_774' title='bbox 3296 3813 3547 3859; x_wconf 85' lang='lat' dir='ltr'><strong>transeat</strong></span> <span class='ocrx_word' id='word_1_775' title='bbox 3589 3798 3899 3867; x_wconf 68' lang='lat' dir='ltr'><strong>Eupltratem,</strong></span> 
     </span>
    </p>
   </div>
   <div class='ocr_carea' id='block_1_97' title="bbox 2346 3894 3899 3967">
    <p class='ocr_par' dir='ltr' id='par_1_97' title="bbox 2346 3894 3899 3967">
     <span class='ocr_line' id='line_1_97' title="bbox 2346 3894 3899 3967; baseline -0.006 -15"><span class='ocrx_word' id='word_1_776' title='bbox 2346 3905 2403 3952; x_wconf 92' lang='lat' dir='ltr'><strong>et</strong></span> <span class='ocrx_word' id='word_1_777' title='bbox 2427 3894 2586 3952; x_wconf 85' lang='lat' dir='ltr'><strong>detur</strong></span> <span class='ocrx_word' id='word_1_778' title='bbox 2615 3897 2665 3951; x_wconf 90' lang='lat' dir='ltr'><strong>in</strong></span> <span class='ocrx_word' id='word_1_779' title='bbox 2711 3904 3030 3966; x_wconf 76' lang='lat' dir='ltr'><strong>potestatem</strong></span> <span class='ocrx_word' id='word_1_780' title='bbox 3063 3895 3206 3967; x_wconf 76' lang='lat' dir='ltr'><strong>regis</strong></span> <span class='ocrx_word' id='word_1_781' title='bbox 3244 3894 3479 3967; x_wconf 80' lang='lat' dir='ltr'><strong>Assyrii.</strong></span> <span class='ocrx_word' id='word_1_782' title='bbox 3508 3902 3568 3950; x_wconf 87' lang='lat' dir='ltr'><strong>et</strong></span> <span class='ocrx_word' id='word_1_783' title='bbox 3607 3898 3899 3961; x_wconf 80' lang='lat' dir='ltr'><strong>nequaquam</strong></span> 
     </span>
    </p>
   </div>
   <div class='ocr_carea' id='block_1_98' title="bbox 2348 3988 3900 4060">
    <p class='ocr_par' dir='ltr' id='par_1_98' title="bbox 2348 3988 3900 4060">
     <span class='ocr_line' id='line_1_98' title="bbox 2348 3988 3900 4060; baseline -0.001 -15"><span class='ocrx_word' id='word_1_784' title='bbox 2348 3990 2400 4045; x_wconf 89' lang='lat' dir='ltr'><strong>itt</strong></span> <span class='ocrx_word' id='word_1_785' title='bbox 2432 3988 2755 4045; x_wconf 88' lang='lat' dir='ltr'><strong>solidissima</strong></span> <span class='ocrx_word' id='word_1_786' title='bbox 2789 3998 2961 4060; x_wconf 79' lang='lat' dir='ltr'><strong>petra,</strong></span> <span class='ocrx_word' id='word_1_787' title='bbox 2985 3990 3078 4046; x_wconf 88' lang='lat' dir='ltr'><strong>sed</strong></span> <span class='ocrx_word' id='word_1_788' title='bbox 3104 3990 3155 4044; x_wconf 90' lang='lat' dir='ltr'><strong>in</strong></span> <span class='ocrx_word' id='word_1_789' title='bbox 3189 3988 3900 4059; x_wconf 52' lang='lat' dir='ltr'><strong>t‘oramingpetrmcorruptz.</strong></span> 
     </span>
    </p>
   </div>
   <div class='ocr_carea' id='block_1_99' title="bbox 2346 4074 3900 4154">
    <p class='ocr_par' dir='ltr' id='par_1_99' title="bbox 2346 4074 3900 4154">
     <span class='ocr_line' id='line_1_99' title="bbox 2346 4074 3900 4154; baseline -0.003 -18"><span class='ocrx_word' id='word_1_790' title='bbox 2346 4092 2508 4154; x_wconf 86' lang='lat' dir='ltr'><strong>atque</strong></span> <span class='ocrx_word' id='word_1_791' title='bbox 2538 4080 2757 4148; x_wconf 66' lang='lat' dir='ltr'><strong>vitiatae,</strong></span> <span class='ocrx_word' id='word_1_792' title='bbox 2795 4082 2895 4138; x_wconf 87' lang='lat' dir='ltr'><strong>hoc</strong></span> <span class='ocrx_word' id='word_1_793' title='bbox 2924 4094 3026 4151; x_wconf 76' lang='lat' dir='ltr'><strong>e~t,</strong></span> <span class='ocrx_word' id='word_1_794' title='bbox 3054 4080 3086 4137; x_wconf 95' lang='lat' dir='ltr'><strong>h</strong></span> <span class='ocrx_word' id='word_1_795' title='bbox 3107 4080 3437 4139; x_wconf 77' lang='lat' dir='ltr'><strong>t‘l‘ellCtil‘lllll</strong></span> <span class='ocrx_word' id='word_1_796' title='bbox 3472 4082 3722 4138; x_wconf 61' lang='lat' dir='ltr'><strong>sordibus</strong></span> <span class='ocrx_word' id='word_1_797' title='bbox 3749 4088 3796 4133; x_wconf 86' lang='lat' dir='ltr'><strong>et</strong></span> <span class='ocrx_word' id='word_1_798' title='bbox 3828 4074 3900 4128; x_wconf 71' lang='lat' dir='ltr'><strong>vi-</strong></span> 
     </span>
    </p>
   </div>
   <div class='ocr_carea' id='block_1_100' title="bbox 2345 4170 3899 4247">
    <p class='ocr_par' dir='ltr' id='par_1_100' title="bbox 2345 4170 3899 4247">
     <span class='ocr_line' id='line_1_100' title="bbox 2345 4170 3899 4247; baseline -0.005 -15"><span class='ocrx_word' id='word_1_799' title='bbox 2345 4170 2440 4232; x_wconf 88' lang='lat' dir='ltr'><strong>tiis</strong></span> <span class='ocrx_word' id='word_1_800' title='bbox 2463 4182 2780 4246; x_wconf 85' lang='lat' dir='ltr'><strong>occupetur,</strong></span> <span class='ocrx_word' id='word_1_801' title='bbox 2819 4186 2871 4233; x_wconf 88' lang='lat' dir='ltr'><strong>et</strong></span> <span class='ocrx_word' id='word_1_802' title='bbox 2905 4174 2956 4232; x_wconf 93' lang='lat' dir='ltr'><strong>in</strong></span> <span class='ocrx_word' id='word_1_803' title='bbox 3003 4186 3205 4232; x_wconf 80' lang='lat' dir='ltr'><strong>tantam</strong></span> <span class='ocrx_word' id='word_1_804' title='bbox 3253 4178 3441 4232; x_wconf 85' lang='lat' dir='ltr'><strong>veniat</strong></span> <span class='ocrx_word' id='word_1_805' title='bbox 3478 4172 3828 4247; x_wconf 83' lang='lat' dir='ltr'><strong>putrediucm,</strong></span> <span class='ocrx_word' id='word_1_806' title='bbox 3857 4175 3899 4220; x_wconf 80' lang='lat' dir='ltr'><strong>ut</strong></span> 
     </span>
    </p>
   </div>
   <div class='ocr_carea' id='block_1_101' title="bbox 2348 4262 3893 4326">
    <p class='ocr_par' dir='ltr' id='par_1_101' title="bbox 2348 4262 3893 4326">
     <span class='ocr_line' id='line_1_101' title="bbox 2348 4262 3893 4326; baseline -0.005 -1"><span class='ocrx_word' id='word_1_807' title='bbox 2348 4268 2403 4325; x_wconf 91' lang='lat' dir='ltr'><strong>in</strong></span> <span class='ocrx_word' id='word_1_808' title='bbox 2446 4284 2599 4325; x_wconf 90' lang='lat' dir='ltr'><strong>usum</strong></span> <span class='ocrx_word' id='word_1_809' title='bbox 2647 4279 2703 4326; x_wconf 90' lang='lat' dir='ltr'><strong>et</strong></span> <span class='ocrx_word' id='word_1_810' title='bbox 2731 4268 2782 4325; x_wconf 93' lang='lat' dir='ltr'><strong>in</strong></span> <span class='ocrx_word' id='word_1_811' title='bbox 2833 4268 3152 4325; x_wconf 85' lang='lat' dir='ltr'><strong>cinctorium</strong></span> <span class='ocrx_word' id='word_1_812' title='bbox 3186 4262 3405 4325; x_wconf 88' lang='lat' dir='ltr'><strong>Domini</strong></span> <span class='ocrx_word' id='word_1_813' title='bbox 3433 4265 3579 4324; x_wconf 84' lang='lat' dir='ltr'><strong>ultra</strong></span> <span class='ocrx_word' id='word_1_814' title='bbox 3610 4262 3772 4323; x_wconf 85' lang='lat' dir='ltr'><strong>redire</strong></span> <span class='ocrx_word' id='word_1_815' title='bbox 3811 4272 3893 4313; x_wconf 80' lang='lat' dir='ltr'><strong>non</strong></span> 
     </span>
    </p>
   </div>
   <div class='ocr_carea' id='block_1_102' title="bbox 2349 4359 2537 4435">
    <p class='ocr_par' dir='ltr' id='par_1_102' title="bbox 2349 4359 2537 4435">
     <span class='ocr_line' id='line_1_102' title="bbox 2349 4359 2537 4435; baseline -0.005 -15"><span class='ocrx_word' id='word_1_816' title='bbox 2349 4359 2537 4435; x_wconf 73' lang='lat' dir='ltr'><strong>possit.</strong></span> 
     </span>
    </p>
   </div>
   <div class='ocr_carea' id='block_1_103' title="bbox 2421 4448 3895 4531">
    <p class='ocr_par' dir='ltr' id='par_1_103' title="bbox 2421 4448 3895 4531">
     <span class='ocr_line' id='line_1_103' title="bbox 2421 4448 3895 4531; baseline -0.008 -19"><span class='ocrx_word' id='word_1_817' title='bbox 2421 4452 2603 4531; x_wconf 84' lang='lat' dir='ltr'><strong>(Vers.</strong></span> <span class='ocrx_word' id='word_1_818' title='bbox 2634 4456 2701 4512; x_wconf 76' lang='lat' dir='ltr'><strong>l9.</strong></span> <span class='ocrx_word' id='word_1_819' title='bbox 2724 4464 2904 4527; x_wconf 84' lang='lat' dir='ltr'><strong>seqq.)</strong></span> <span class='ocrx_word' id='word_1_820' title='bbox 2947 4450 3093 4510; x_wconf 81' lang='lat' dir='ltr'><strong>Dices</strong></span> <span class='ocrx_word' id='word_1_821' title='bbox 3119 4470 3240 4528; x_wconf 88' lang='lat' dir='ltr'><strong>ergo</strong></span> <span class='ocrx_word' id='word_1_822' title='bbox 3265 4454 3335 4510; x_wconf 88' lang='lat' dir='ltr'><strong>ad</strong></span> <span class='ocrx_word' id='word_1_823' title='bbox 3367 4468 3453 4510; x_wconf 80' lang='lat' dir='ltr'><strong>eos</strong></span> <span class='ocrx_word' id='word_1_824' title='bbox 3497 4450 3636 4527; x_wconf 83' lang='lat' dir='ltr'><strong>(sive</strong></span> <span class='ocrx_word' id='word_1_825' title='bbox 3670 4448 3735 4505; x_wconf 75' lang='lat' dir='ltr'><strong>ad</strong></span> <span class='ocrx_word' id='word_1_826' title='bbox 3757 4462 3895 4522; x_wconf 71' lang='grc' dir='ltr'><strong>μορι-</strong></span> 
     </span>
    </p>
   </div>
   <div class='ocr_carea' id='block_1_104' title="bbox 2350 4537 3897 4623">
    <p class='ocr_par' dir='ltr' id='par_1_104' title="bbox 2350 4537 3897 4623">
     <span class='ocr_line' id='line_1_104' title="bbox 2350 4537 3897 4623; baseline -0.005 -17"><span class='ocrx_word' id='word_1_827' title='bbox 2350 4551 2481 4623; x_wconf 87' lang='lat' dir='ltr'><strong>lum)</strong></span> <span class='ocrx_word' id='word_1_828' title='bbox 2518 4562 2805 4605; x_wconf 83' lang='lat' dir='ltr'><strong>sermonem</strong></span> <span class='ocrx_word' id='word_1_829' title='bbox 2834 4553 3011 4604; x_wconf 82' lang='lat' dir='ltr'><strong>istaut.</strong></span> <span class='ocrx_word' id='word_1_830' title='bbox 3050 4548 3176 4603; x_wconf 70' lang='lat' dir='ltr'><strong>Hau:</strong></span> <span class='ocrx_word' id='word_1_831' title='bbox 3215 4546 3341 4603; x_wconf 84' lang='lat' dir='ltr'><strong>dicit</strong></span> <span class='ocrx_word' id='word_1_832' title='bbox 3383 4544 3643 4604; x_wconf 83' lang='lat' dir='ltr'><strong>Dominus</strong></span> <span class='ocrx_word' id='word_1_833' title='bbox 3685 4545 3802 4600; x_wconf 83' lang='lat' dir='ltr'><strong>Deus</strong></span> <span class='ocrx_word' id='word_1_834' title='bbox 3833 4537 3897 4592; x_wconf 68' lang='lat' dir='ltr'><strong>lt-</strong></span> 
     </span>
    </p>
   </div>
   <div class='ocr_carea' id='block_1_105' title="bbox 2271 4630 3893 4717">
    <p class='ocr_par' dir='ltr' id='par_1_105' title="bbox 2271 4630 3893 4717">
     <span class='ocr_line' id='line_1_105' title="bbox 2271 4630 3893 4717; baseline -0.008 -17"><span class='ocrx_word' id='word_1_835' title='bbox 2271 4630 2498 4699; x_wconf 80' lang='lat' dir='ltr'><strong>Drael:</strong></span> <span class='ocrx_word' id='word_1_836' title='bbox 2548 4644 2726 4697; x_wconf 83' lang='lat' dir='ltr'><strong>Omnis</strong></span> <span class='ocrx_word' id='word_1_837' title='bbox 2772 4642 3053 4717; x_wconf 86' lang='lat' dir='ltr'><strong>laguncula</strong></span> <span class='ocrx_word' id='word_1_838' title='bbox 3093 4643 3234 4716; x_wconf 81' lang='lat' dir='ltr'><strong>(sive</strong></span> <span class='ocrx_word' id='word_1_839' title='bbox 3289 4642 3427 4716; x_wconf 82' lang='lat' dir='ltr'><strong>uter)</strong></span> <span class='ocrx_word' id='word_1_840' title='bbox 3466 4638 3752 4714; x_wconf 81' lang='lat' dir='ltr'><strong>implebitur</strong></span> <span class='ocrx_word' id='word_1_841' title='bbox 3805 4630 3893 4706; x_wconf 77' lang='lat' dir='ltr'><strong>(Al.</strong></span> 
     </span>
    </p>
   </div>
   <div class='ocr_carea' id='block_1_106' title="bbox 2346 4727 3897 4809">
    <p class='ocr_par' dir='ltr' id='par_1_106' title="bbox 2346 4727 3897 4809">
     <span class='ocr_line' id='line_1_106' title="bbox 2346 4727 3897 4809; baseline -0.008 -18"><span class='ocrx_word' id='word_1_842' title='bbox 2346 4735 2645 4809; x_wconf 84' lang='lat' dir='ltr'><strong>impleatur]</strong></span> <span class='ocrx_word' id='word_1_843' title='bbox 2663 4732 2976 4808; x_wconf 71' lang='lat' dir='ltr'><strong>vin0932.</strong></span> <span class='ocrx_word' id='word_1_844' title='bbox 3010 4731 3075 4790; x_wconf 84' lang='lat' dir='ltr'><strong>Et</strong></span> <span class='ocrx_word' id='word_1_845' title='bbox 3098 4736 3271 4790; x_wconf 74' lang='lat' dir='ltr'><strong>dicent</strong></span> <span class='ocrx_word' id='word_1_846' title='bbox 3292 4734 3364 4790; x_wconf 84' lang='lat' dir='ltr'><strong>ad</strong></span> <span class='ocrx_word' id='word_1_847' title='bbox 3393 4747 3441 4791; x_wconf 85' lang='lat' dir='ltr'><strong>te</strong></span> <span class='ocrx_word' id='word_1_848' title='bbox 3461 4727 3750 4802; x_wconf 77' lang='lat' dir='ltr'><strong>:Numquid</strong></span> <span class='ocrx_word' id='word_1_849' title='bbox 3774 4731 3897 4801; x_wconf 85' lang='lat' dir='ltr'><strong>igua-</strong></span> 
     </span>
    </p>
   </div>
   <div class='ocr_carea' id='block_1_107' title="bbox 2343 4825 3895 4903">
    <p class='ocr_par' dir='ltr' id='par_1_107' title="bbox 2343 4825 3895 4903">
     <span class='ocr_line' id='line_1_107' title="bbox 2343 4825 3895 4903; baseline -0.005 -19"><span class='ocrx_word' id='word_1_850' title='bbox 2343 4847 2519 4884; x_wconf 87' lang='lat' dir='ltr'><strong>ramus</strong></span> <span class='ocrx_word' id='word_1_851' title='bbox 2545 4831 2683 4903; x_wconf 86' lang='lat' dir='ltr'><strong>quod</strong></span> <span class='ocrx_word' id='word_1_852' title='bbox 2728 4831 2894 4884; x_wconf 87' lang='lat' dir='ltr'><strong>omnis</strong></span> <span class='ocrx_word' id='word_1_853' title='bbox 2953 4829 3239 4903; x_wconf 77' lang='lat' dir='ltr'><strong>laguncula</strong></span> <span class='ocrx_word' id='word_1_854' title='bbox 3288 4833 3429 4903; x_wconf 86' lang='lat' dir='ltr'><strong>(sive</strong></span> <span class='ocrx_word' id='word_1_855' title='bbox 3479 4834 3612 4897; x_wconf 87' lang='lat' dir='ltr'><strong>uter)</strong></span> <span class='ocrx_word' id='word_1_856' title='bbox 3656 4825 3895 4898; x_wconf 81' lang='lat' dir='ltr'><strong>impleatur</strong></span> 
     </span>
    </p>
   </div>
   <div class='ocr_carea' id='block_1_108' title="bbox 2347 4914 3894 4997">
    <p class='ocr_par' dir='ltr' id='par_1_108' title="bbox 2347 4914 3894 4997">
     <span class='ocr_line' id='line_1_108' title="bbox 2347 4914 3894 4997; baseline -0.005 -17"><span class='ocrx_word' id='word_1_857' title='bbox 2347 4925 2525 4997; x_wconf 75' lang='lat' dir='ltr'><strong>(Vulg.</strong></span> <span class='ocrx_word' id='word_1_858' title='bbox 2561 4924 2874 4996; x_wconf 76' lang='lat' dir='ltr'><strong>implebitur)</strong></span> <span class='ocrx_word' id='word_1_859' title='bbox 2923 4926 3082 4979; x_wconf 80' lang='lat' dir='ltr'><strong>vino?</strong></span> <span class='ocrx_word' id='word_1_860' title='bbox 3106 4924 3177 4978; x_wconf 79' lang='lat' dir='ltr'><strong>Et</strong></span> <span class='ocrx_word' id='word_1_861' title='bbox 3203 4924 3343 4978; x_wconf 82' lang='lat' dir='ltr'><strong>dices</strong></span> <span class='ocrx_word' id='word_1_862' title='bbox 3382 4925 3455 4979; x_wconf 76' lang='lat' dir='ltr'><strong>ad</strong></span> <span class='ocrx_word' id='word_1_863' title='bbox 3481 4942 3567 4981; x_wconf 81' lang='lat' dir='ltr'><strong>eos</strong></span> <span class='ocrx_word' id='word_1_864' title='bbox 3597 4942 3616 4978; x_wconf 91' lang='lat'><strong><em>:</em></strong></span> <span class='ocrx_word' id='word_1_865' title='bbox 3646 4921 3762 4977; x_wconf 71' lang='lat' dir='ltr'><strong>Hac</strong></span> <span class='ocrx_word' id='word_1_866' title='bbox 3797 4914 3894 4969; x_wconf 65' lang='lat' dir='ltr'><strong>ditt!</strong></span> 
     </span>
    </p>
   </div>
   <div class='ocr_carea' id='block_1_109' title="bbox 2350 5015 3893 5089">
    <p class='ocr_par' dir='ltr' id='par_1_109' title="bbox 2350 5015 3893 5089">
     <span class='ocr_line' id='line_1_109' title="bbox 2350 5015 3893 5089; baseline -0.003 -20"><span class='ocrx_word' id='word_1_867' title='bbox 2350 5017 2642 5071; x_wconf 84' lang='lat' dir='ltr'><strong>Dominus:</strong></span> <span class='ocrx_word' id='word_1_868' title='bbox 2675 5016 2804 5070; x_wconf 80' lang='lat' dir='ltr'><strong>Ecce</strong></span> <span class='ocrx_word' id='word_1_869' title='bbox 2827 5031 2917 5089; x_wconf 75' lang='lat' dir='ltr'><strong>ego</strong></span> <span class='ocrx_word' id='word_1_870' title='bbox 2945 5015 3170 5077; x_wconf 73' lang='lat' dir='ltr'><strong>imulebo</strong></span> <span class='ocrx_word' id='word_1_871' title='bbox 3195 5026 3372 5069; x_wconf 77' lang='lat' dir='ltr'><strong>omnes</strong></span> <span class='ocrx_word' id='word_1_872' title='bbox 3428 5016 3735 5071; x_wconf 78' lang='lat' dir='ltr'><strong>habitatores</strong></span> <span class='ocrx_word' id='word_1_873' title='bbox 3775 5017 3893 5060; x_wconf 70' lang='lat' dir='ltr'><strong>term</strong></span> 
     </span>
    </p>
   </div>
   <div class='ocr_carea' id='block_1_110' title="bbox 2342 5095 3888 5184">
    <p class='ocr_par' dir='ltr' id='par_1_110' title="bbox 2342 5095 3888 5184">
     <span class='ocr_line' id='line_1_110' title="bbox 2342 5095 3888 5184; baseline -0.004 -18"><span class='ocrx_word' id='word_1_874' title='bbox 2342 5110 2519 5183; x_wconf 83' lang='lat' dir='ltr'><strong>hujus,</strong></span> <span class='ocrx_word' id='word_1_875' title='bbox 2547 5120 2592 5166; x_wconf 83' lang='lat' dir='ltr'><strong>et</strong></span> <span class='ocrx_word' id='word_1_876' title='bbox 2622 5127 2765 5183; x_wconf 84' lang='lat' dir='ltr'><strong>reges</strong></span> <span class='ocrx_word' id='word_1_877' title='bbox 2794 5110 2884 5180; x_wconf 85' lang='lat' dir='ltr'><strong>qui</strong></span> <span class='ocrx_word' id='word_1_878' title='bbox 2915 5109 3089 5163; x_wconf 82' lang='lat' dir='ltr'><strong>sedent</strong></span> <span class='ocrx_word' id='word_1_879' title='bbox 3116 5102 3179 5163; x_wconf 87' lang='lat' dir='ltr'><strong>de</strong></span> <span class='ocrx_word' id='word_1_880' title='bbox 3205 5111 3369 5179; x_wconf 85' lang='lat' dir='ltr'><strong>stirpe</strong></span> <span class='ocrx_word' id='word_1_881' title='bbox 3392 5106 3537 5184; x_wconf 84' lang='lat' dir='ltr'><strong>(sive</strong></span> <span class='ocrx_word' id='word_1_882' title='bbox 3567 5106 3720 5181; x_wconf 77' lang='lat' dir='ltr'><strong>ﬁlios)</strong></span> <span class='ocrx_word' id='word_1_883' title='bbox 3752 5095 3888 5155; x_wconf 65' lang='grc' dir='ltr'><strong>ΒαυΞά</strong></span> 
     </span>
    </p>
   </div>
   <div class='ocr_carea' id='block_1_111' title="bbox 2343 5203 3887 5276">
    <p class='ocr_par' dir='ltr' id='par_1_111' title="bbox 2343 5203 3887 5276">
     <span class='ocr_line' id='line_1_111' title="bbox 2343 5203 3887 5276; baseline -0.011 -17"><span class='ocrx_word' id='word_1_884' title='bbox 2343 5218 2500 5275; x_wconf 79' lang='lat' dir='ltr'><strong>super</strong></span> <span class='ocrx_word' id='word_1_885' title='bbox 2524 5203 2772 5258; x_wconf 82' lang='lat' dir='ltr'><strong>thronum</strong></span> <span class='ocrx_word' id='word_1_886' title='bbox 2798 5206 2909 5275; x_wconf 83' lang='lat' dir='ltr'><strong>ejus</strong></span> <span class='ocrx_word' id='word_1_887' title='bbox 2929 5243 2946 5267; x_wconf 91' lang='lat'><strong>,</strong></span> <span class='ocrx_word' id='word_1_888' title='bbox 2978 5213 3028 5255; x_wconf 82' lang='lat' dir='ltr'><strong>et</strong></span> <span class='ocrx_word' id='word_1_889' title='bbox 3059 5204 3351 5257; x_wconf 79' lang='lat' dir='ltr'><strong>sacerdotes</strong></span> <span class='ocrx_word' id='word_1_890' title='bbox 3377 5218 3425 5257; x_wconf 86' lang='lat' dir='ltr'><strong>et</strong></span> <span class='ocrx_word' id='word_1_891' title='bbox 3447 5205 3713 5276; x_wconf 75' lang='lat' dir='ltr'><strong>prophetas</strong></span> <span class='ocrx_word' id='word_1_892' title='bbox 3739 5207 3780 5252; x_wconf 84' lang='lat' dir='ltr'><strong>et</strong></span> <span class='ocrx_word' id='word_1_893' title='bbox 3798 5208 3887 5248; x_wconf 81' lang='lat' dir='ltr'><strong>om-</strong></span> 
     </span>
    </p>
   </div>
   <div class='ocr_carea' id='block_1_112' title="bbox 2345 5293 3883 5369">
    <p class='ocr_par' dir='ltr' id='par_1_112' title="bbox 2345 5293 3883 5369">
     <span class='ocr_line' id='line_1_112' title="bbox 2345 5293 3883 5369; baseline -0.003 -18"><span class='ocrx_word' id='word_1_894' title='bbox 2345 5310 2434 5352; x_wconf 86' lang='lat' dir='ltr'><strong>nes</strong></span> <span class='ocrx_word' id='word_1_895' title='bbox 2454 5296 2766 5351; x_wconf 79' lang='lat' dir='ltr'><strong>habitatores</strong></span> <span class='ocrx_word' id='word_1_896' title='bbox 2792 5293 3087 5351; x_wconf 81' lang='lat' dir='ltr'><strong>Jerusalem</strong></span> <span class='ocrx_word' id='word_1_897' title='bbox 3117 5296 3363 5351; x_wconf 76' lang='lat' dir='ltr'><strong>ebrietate</strong></span> <span class='ocrx_word' id='word_1_898' title='bbox 3387 5310 3406 5350; x_wconf 87' lang='lat'><strong><em>:</em></strong></span> <span class='ocrx_word' id='word_1_899' title='bbox 3434 5308 3483 5352; x_wconf 85' lang='lat' dir='ltr'><strong>et</strong></span> <span class='ocrx_word' id='word_1_900' title='bbox 3509 5298 3779 5369; x_wconf 72' lang='lat' dir='ltr'><strong>dispergam</strong></span> <span class='ocrx_word' id='word_1_901' title='bbox 3799 5299 3883 5347; x_wconf 67' lang='grc' dir='ltr'><strong>ρων</strong></span> 
     </span>
    </p>
   </div>
   <div class='ocr_carea' id='block_1_113' title="bbox 2344 5375 3884 5462">
    <p class='ocr_par' dir='ltr' id='par_1_113' title="bbox 2344 5375 3884 5462">
     <span class='ocr_line' id='line_1_113' title="bbox 2344 5375 3884 5462; baseline -0.008 -19"><span class='ocrx_word' id='word_1_902' title='bbox 2344 5386 2557 5443; x_wconf 67' lang='lat' dir='ltr'><strong>virumn</strong></span> <span class='ocrx_word' id='word_1_903' title='bbox 2582 5391 2738 5459; x_wconf 77' lang='lat' dir='ltr'><strong>fratre</strong></span> <span class='ocrx_word' id='word_1_904' title='bbox 2763 5404 2855 5441; x_wconf 85' lang='lat' dir='ltr'><strong>suo</strong></span> <span class='ocrx_word' id='word_1_905' title='bbox 2880 5429 2896 5453; x_wconf 88' lang='lat'><strong>,</strong></span> <span class='ocrx_word' id='word_1_906' title='bbox 2930 5396 2977 5443; x_wconf 86' lang='lat' dir='ltr'><strong>et</strong></span> <span class='ocrx_word' id='word_1_907' title='bbox 3001 5395 3172 5459; x_wconf 76' lang='lat' dir='ltr'><strong>patres</strong></span> <span class='ocrx_word' id='word_1_908' title='bbox 3210 5398 3258 5441; x_wconf 88' lang='lat' dir='ltr'><strong>et</strong></span> <span class='ocrx_word' id='word_1_909' title='bbox 3288 5387 3430 5460; x_wconf 72' lang='lat' dir='ltr'><strong>ﬁlios</strong></span> <span class='ocrx_word' id='word_1_910' title='bbox 3466 5391 3667 5462; x_wconf 85' lang='lat' dir='ltr'><strong>pariter,</strong></span> <span class='ocrx_word' id='word_1_911' title='bbox 3705 5384 3767 5436; x_wconf 88' lang='lat' dir='ltr'><strong>ait</strong></span> <span class='ocrx_word' id='word_1_912' title='bbox 3798 5375 3884 5430; x_wconf 86' lang='lat' dir='ltr'><strong>Do-</strong></span> 
     </span>
    </p>
   </div>
   <div class='ocr_carea' id='block_1_114' title="bbox 2346 5483 3882 5556">
    <p class='ocr_par' dir='ltr' id='par_1_114' title="bbox 2346 5483 3882 5556">
     <span class='ocr_line' id='line_1_114' title="bbox 2346 5483 3882 5556; baseline -0.012 -17"><span class='ocrx_word' id='word_1_913' title='bbox 2346 5486 2513 5540; x_wconf 87' lang='lat' dir='ltr'><strong>minus</strong></span> <span class='ocrx_word' id='word_1_914' title='bbox 2536 5502 2555 5539; x_wconf 91' lang='lat'><em>:</em></span> <span class='ocrx_word' id='word_1_915' title='bbox 2580 5483 2703 5540; x_wconf 84' lang='lat' dir='ltr'><strong>Non</strong></span> <span class='ocrx_word' id='word_1_916' title='bbox 2726 5498 2934 5556; x_wconf 85' lang='lat' dir='ltr'><strong>parcam</strong></span> <span class='ocrx_word' id='word_1_917' title='bbox 2958 5484 3095 5553; x_wconf 83' lang='lat' dir='ltr'><strong>(sive</strong></span> <span class='ocrx_word' id='word_1_918' title='bbox 3126 5499 3224 5536; x_wconf 86' lang='lat' dir='ltr'><strong>non</strong></span> <span class='ocrx_word' id='word_1_919' title='bbox 3249 5483 3577 5554; x_wconf 73' lang='lat' dir='ltr'><strong>desideratio)</strong></span> <span class='ocrx_word' id='word_1_920' title='bbox 3602 5490 3647 5537; x_wconf 88' lang='lat' dir='ltr'><strong>et</strong></span> <span class='ocrx_word' id='word_1_921' title='bbox 3673 5493 3760 5534; x_wconf 79' lang='lat' dir='ltr'><strong>nos</strong></span> <span class='ocrx_word' id='word_1_922' title='bbox 3782 5488 3882 5526; x_wconf 61' lang='lat' dir='ltr'><strong>conv</strong></span> 
     </span>
    </p>
   </div>
   <div class='ocr_carea' id='block_1_115' title="bbox 2342 5564 3877 5647">
    <p class='ocr_par' dir='ltr' id='par_1_115' title="bbox 2342 5564 3877 5647">
     <span class='ocr_line' id='line_1_115' title="bbox 2342 5564 3877 5647; baseline -0.01 -16"><span class='ocrx_word' id='word_1_923' title='bbox 2342 5578 2544 5641; x_wconf 79' lang='lat' dir='ltr'><strong>cedant,</strong></span> <span class='ocrx_word' id='word_1_924' title='bbox 2573 5588 2733 5647; x_wconf 79' lang='lat' dir='ltr'><strong>neque</strong></span> <span class='ocrx_word' id='word_1_925' title='bbox 2761 5575 3059 5639; x_wconf 76' lang='lat' dir='ltr'><strong>miserebor,</strong></span> <span class='ocrx_word' id='word_1_926' title='bbox 3092 5585 3151 5630; x_wconf 81' lang='lat' dir='ltr'><strong>ut</strong></span> <span class='ocrx_word' id='word_1_927' title='bbox 3175 5590 3279 5630; x_wconf 77' lang='lat' dir='ltr'><strong>non</strong></span> <span class='ocrx_word' id='word_1_928' title='bbox 3305 5576 3607 5645; x_wconf 67' lang='lat' dir='ltr'><strong>disperdat»</strong></span> <span class='ocrx_word' id='word_1_929' title='bbox 3650 5587 3742 5627; x_wconf 75' lang='lat' dir='ltr'><strong>eos.</strong></span> <span class='ocrx_word' id='word_1_930' title='bbox 3771 5564 3877 5618; x_wconf 79' lang='lat' dir='ltr'><strong>Ver-</strong></span> 
     </span>
    </p>
   </div>
   <div class='ocr_carea' id='block_1_116' title="bbox 2413 5744 3880 5833">
    <p class='ocr_par' dir='ltr' id='par_1_116' title="bbox 2413 5744 3880 5833">
     <span class='ocr_line' id='line_1_116' title="bbox 2413 5744 3880 5833; baseline -0.007 -21"><span class='ocrx_word' id='word_1_931' title='bbox 2413 5754 2800 5833; x_wconf 66' lang='lat' dir='ltr'><strong>b_Suspicatur</strong></span> <span class='ocrx_word' id='word_1_932' title='bbox 2832 5746 3036 5833; x_wconf 63' lang='lat' dir='ltr'><strong>Yictor.</strong></span> <span class='ocrx_word' id='word_1_933' title='bbox 3068 5748 3357 5828; x_wconf 77' lang='lat' dir='ltr'><strong>legendum</strong></span> <span class='ocrx_word' id='word_1_934' title='bbox 3379 5756 3516 5831; x_wconf 77' lang='lat' dir='ltr'><strong>lino,</strong></span> <span class='ocrx_word' id='word_1_935' title='bbox 3544 5752 3675 5832; x_wconf 86' lang='lat' dir='ltr'><strong>quod</strong></span> <span class='ocrx_word' id='word_1_936' title='bbox 3688 5753 3745 5813; x_wconf 78' lang='lat' dir='ltr'><strong>de</strong></span> <span class='ocrx_word' id='word_1_937' title='bbox 3765 5744 3880 5833; x_wconf 71' lang='lat' dir='ltr'><strong>lineo</strong></span> 
     </span>
    </p>
   </div>
   <div class='ocr_carea' id='block_1_117' title="bbox 2343 5822 2900 5900">
    <p class='ocr_par' dir='ltr' id='par_1_117' title="bbox 2343 5822 2900 5900">
     <span class='ocr_line' id='line_1_117' title="bbox 2343 5822 2900 5900; baseline -0.016 -13"><span class='ocrx_word' id='word_1_938' title='bbox 2343 5822 2575 5900; x_wconf 82' lang='lat' dir='ltr'><strong>lumbari</strong></span> <span class='ocrx_word' id='word_1_939' title='bbox 2593 5822 2785 5898; x_wconf 57' lang='lat' dir='ltr'><strong>&#39;sct‘mo</strong></span> <span class='ocrx_word' id='word_1_940' title='bbox 2812 5824 2900 5883; x_wconf 84' lang='lat' dir='ltr'><strong>sit.</strong></span> 
     </span>
    </p>
   </div>
  </div>
