3972 6382
638 270 746 328 767
1897 270 1954 326 S.
1997 269 2272 327 EUSEBII
2311 268 2695 327 HIERONYMI
3878 274 3928 332 71

640 390 854 445 dieritls
880 386 1223 450 abscondite,
1261 385 1362 441 hoc
1390 396 1498 455 est,
1525 388 1579 443 in
1605 388 1892 459 mysterio,
1921 388 2040 443 sive
2070 387 2123 442 in
2153 395 2236 444 te-
2263 391 2318 452 Α
2343 396 2465 453 tuo,
2507 404 2668 460 quare
2692 393 2945 444 venerunt
2975 391 3103 445 mihi
3131 391 3283 448 hac?
3308 405 3537 465 propter
3566 391 3930 450 multitudine

644 479 999 549 nebris,quas
1021 478 1365 550 posuitpeus
1386 479 1670 536 latibulum
1693 496 1852 536 suum
1875 478 2049 552 (Psal.
2078 478 2238 550 xvtt),
2341 479 2635 551 iniquitatis
2663 488 2770 535 tute
2796 481 3024 536 revelata
3043 493 3167 537 sunt
3188 485 3587 540 verecundiora
3620 497 3754 549 tua,
3780 485 3932 556 potius

641 582 698 627 et
721 571 877 643 juxta
911 571 1281 639 Salomonem,
1316 584 1375 628 ut
1403 574 1711 645 intelligant
1736 574 2051 644 parobolam
2081 583 2137 631 et
2163 586 2243 630 ιθ-
2343 579 2461 625 sunt
2485 570 2629 643 (sive
2664 570 3015 628 dehonestum!
3034 573 3178 647 sunt)
3201 576 3394 642 planta
3419 588 3557 632 tute.
3596 575 3761 631 Dum
3790 578 3932 634 nescit

646 666 938 722 nebrosum
968 681 1305 732 sermonem,
1331 667 1570 735 plorabit
1590 668 1771 723 anima
1796 668 2105 739 Pr0plieta2,
2129 668 2244 724 sive
2342 664 2495 735 quasi
2525 663 2812 721 mulierem
2855 677 3042 736 partus
3076 668 3311 734 subitus,
3343 672 3419 725 ita
3447 679 3502 725 te
3542 671 3871 740 captivitas
3894 690 3935 728 rs

644 760 888 831 ipsorum
917 776 945 813 a
975 759 1114 817 facie
1140 762 1433 832 superbiai,
1458 761 1585 816 dum
1615 776 1710 832 per
1735 762 2128 817 contumaciam
2158 776 2245 817 re-
2346 758 2567 828 pentina
2612 759 3063 830 comprehendet.
3095 761 3252 829 Quod
3280 763 3327 817 si
3364 764 3603 819 causari
3644 763 3894 820 volueris
3914 781 3941 822 ει

642 851 846 911 sistunt
879 853 1012 910 Deo.
1059 853 1218 910 Unde
1247 864 1302 910 et
1344 853 1507 910 ﬂetus
1543 853 1653 909 erit
1688 855 1836 926 jugis
1877 854 2243 926 lacrymaaque
2344 865 2622 921 quaarere,
2648 867 2747 907 cur
2778 852 2974 907 tradita
3015 855 3093 909 sis
3126 854 3409 924 hostibus,
3440 856 3589 912 audi
3629 857 3943 927 manifeste,

646 958 929 1019 perpetua:
959 965 973 1003 :
1005 963 1071 1005 eo
1101 949 1249 1020 quod
1278 965 1306 1003 a
1338 964 1473 1004 vero
1512 947 2022 1005 Nabuchodonosor
2053 957 2245 1020 captus
2347 943 2757 1000 multitudinem
2796 946 2913 1001 ltmc
2948 946 3046 1002 [illi
3094 946 3291 1004 fecisse
3328 950 3680 1021 iniquitatis
3739 959 3877 1015 tum,
3915 960 3946 1007 ll

646 1040 717 1095 sit
741 1056 878 1109 grex
907 1040 1122 1096 Domini
1156 1052 1323 1109 atque
1350 1054 1664 1112 corruptus.

722 1133 907 1202 (Vers.
953 1134 1041 1201 l8,
1071 1134 1186 1207 19.)
1218 1133 1318 1190 Dic
1347 1137 1457 1207 regi
1487 1146 1532 1191 et
1559 1136 1893 1191 dominatrici
1924 1137 2064 1208 (sive
2092 1138 2248 1191 dicite

650 1227 761 1299 regi
802 1237 853 1281 et
891 1226 1203 1300 potentibus)
1249 1245 1268 1284 :
1307 1228 1709 1297 Humiliamini,
1757 1230 1957 1296 sedete,
2002 1231 2248 1302 quoniam

655 1320 917 1375 descendit
968 1318 1110 1393 (sive
1149 1320 1355 1376 sublata
1398 1322 1493 1392 est)
1541 1321 1607 1376 de
1644 1322 1813 1394 capite
1850 1332 2017 1378 vestro
2056 1339 2250 1378 corona

653 1412 834 1483 gloria:
862 1423 1062 1467 vestrae.
1092 1410 1334 1467 Civitates
1362 1413 1539 1468 Austri
1566 1414 1759 1469 clausa:
1784 1424 1931 1479 sunt,
1962 1424 2011 1469 et
2038 1432 2143 1469 non
2173 1426 2249 1471 est

655 1506 746 1576 qui
773 1506 996 1574 aperiat.
1027 1504 1304 1559 Translata
1323 1515 1401 1561 est
1429 1507 1595 1561 omnis
1630 1505 1820 1562 Iudaea
1844 1506 1984 1579 (sive
2024 1508 2253 1563 transla-

654 1606 738 1651 tus
766 1609 839 1652 est
873 1600 1041 1652 omnis
1078 1597 1245 1671 Iuda)
1284 1600 1735 1671 transmigratione
1762 1600 1903 1673 (sive
1927 1598 2249 1672 captivitate)

659 1689 907 1758 perfecta.
968 1687 1253 1760 Prophetas
1308 1691 1659 1762 praecipitur,
1721 1702 1780 1747 ut
1831 1692 2088 1763 loquatur
2137 1695 2249 1763 regi

2347 1035 2501 1104 quasi
2534 1035 2784 1091 mulieris
2817 1039 3152 1105 meretricis,
3187 1041 3419 1098 sublatis
3455 1043 3755 1097 vestibus
3777 1087 3792 1109 ,
3833 1060 3946 1100 rere

2351 1128 2558 1183 laretur
2589 1130 2887 1200 ignominia
2920 1140 3030 1195 tua,
3059 1141 3115 1188 et
3144 1133 3587 1190 ostenderentur
3622 1134 3948 1205 publiqu

2350 1222 2657 1278 uicationes
2690 1233 2817 1277 tuzc.
2852 1223 2957 1280 Per
2982 1240 3103 1296 quae
3131 1212 3412 1294 discimus,
3450 1228 3758 1299 quamdiu
3790 1228 3948 1285 fuerin

2353 1313 2563 1369 minora
2579 1326 2825 1384 peccata.
2844 1330 3008 1387 agere
3024 1318 3308 1374 Dominum
3324 1321 3647 1389 patienter,
3664 1329 3727 1377 et
3751 1336 3950 1390 exspee

2353 1413 2469 1461 tare
2486 1404 2879 1475 paenitudinem
2897 1419 3160 1464 nostram.
3176 1410 3274 1466 Sin
3292 1423 3479 1468 autem
3507 1414 3948 1469 voluerimusde

2352 1499 2496 1555 lictis
2507 1501 2765 1571 copulare
2777 1501 2999 1569 delicta,
3015 1514 3067 1559 et
3079 1505 3358 1560 cumulum
3374 1506 3567 1563 facere
3588 1518 3950 1577 peccatorum,

2355 1594 2743 1651 revelabuntur
2769 1596 3023 1666 pudenda
3054 1607 3263 1667 nostra,
3298 1609 3353 1654 et
3377 1601 3788 1657 ostendentur
3815 1617 3950 1657 cane

2358 1690 2426 1743 tis
2457 1690 2653 1761 plantae
2687 1702 2910 1759 nostrai,
2937 1693 3022 1748 vel
3054 1694 3108 1747 in
3139 1695 3398 1764 prtesenti
3419 1697 3677 1764 smculo,
3704 1698 3801 1754 vel
3827 1698 3877 1751 in
3903 1698 3950 1751 lu-

657 1781 936 1837 Jecltonite
961 1792 1017 1839 et
1040 1784 1200 1840 matri
1229 1784 1371 1856 ejus,
1406 1801 1567 1857 quam
1600 1786 1880 1842 dominam
1913 1795 1969 1843 et
1994 1788 2248 1843 domina-
2284 1788 2326 1847 Β
2355 1791 2499 1836 ιιιτοο
2534 1781 2678 1837 Nihil
2708 1795 2795 1839 est
2833 1786 2980 1839 enim
3017 1790 3292 1842 occultum
3327 1789 3475 1859 quod
3524 1805 3656 1846 non
3706 1792 3950 1847 revelat!

660 1874 878 1943 tricem,
906 1876 1022 1933 sive
1049 1877 1290 1949 reginam
1318 1880 1579 1949 appellat,
1615 1889 1673 1935 ut
1714 1880 2072 1937 bumilientur
2102 1891 2159 1937 et
2198 1883 2251 1937 in

660 1968 883 2038 pulvere
908 1969 1135 2025 sedeant
1167 1988 1181 2023 :
1216 1970 1519 2041 perdidisse
1542 1973 1687 2028 enim
1719 1988 1817 2029 eos
1840 1974 2046 2045 regiam
2077 1974 2250 2045 digni-

663 2068 851 2127 tatem,
879 2071 935 2116 et
964 2061 1078 2132 rcgi
1110 2061 1406 2119 tradendos
1428 2063 1751 2135 Babylonio.
1779 2063 2042 2122 Civitates
2066 2067 2252 2123 Austri

668 2152 870 2208 clausa:
898 2166 1047 2220 sunt,
1077 2153 1129 2209 id
1168 2164 1274 2223 est,
1310 2156 1484 2213 tribus
1509 2157 1662 2213 ludat
1689 2167 1743 2214 et
1764 2157 2064 2216 Jerusalem
2085 2205 2098 2230 ,
2135 2178 2256 2232 qute

656 2249 811 2319 juxta
840 2248 1191 2305 solitudinem
1219 2251 1287 2305 ad
1311 2254 1574 2308 Austrum
1616 2267 1773 2308 versa
1803 2264 1907 2320 est,
1942 2264 1997 2311 et
2021 2271 2127 2311 non
2171 2267 2257 2314 est

661 2343 752 2413 qui
781 2343 994 2413 aperiat
1019 2344 1308 2401 obsidione
1328 2345 1716 2402 circumdatas.
1740 2345 2023 2404 Translata
2050 2360 2126 2405 est
2149 2368 2258 2405 om-

662 2437 743 2490 nis
765 2436 980 2503 .ludtea,
1004 2439 1118 2495 sive
1148 2441 1312 2495 omnis
1332 2438 1478 2495 Iuda
1504 2443 1962 2515 transmigratione
1986 2448 2217 2516 perfecta
2240 2464 2257 2501 :

664 2531 779 2587 sive
810 2533 1018 2602 recepit
1046 2534 1191 2604 quod
1235 2534 1547 2591 merebatur
1571 2579 1586 2604 ,
1626 2544 1685 2593 et
1717 2538 2055 2607 completum
2084 2550 2169 2596 est
2201 2542 2257 2597 in

664 2642 751 2693 ea,
778 2637 836 2681 ut
859 2626 1214 2699 Septuaginta
1239 2629 1661 2685 transtulerunt.
1689 2630 1895 2686 Delirat
1916 2632 1969 2687 in
1990 2631 2093 2689 hoc
2114 2633 2254 2699 loco,

663 2719 758 2791 qui
805 2735 1018 2791 regem,
1063 2720 1375 2790 Christum,
1424 2731 1480 2777 et
1523 2732 1808 2792 potentes,
1862 2725 2128 2798 Angelos,
2174 2730 2257 2784 vel

666 2812 961 2881 Apostolos
990 2813 1264 2884 intelligit,
1296 2824 1353 2869 ut
1379 2825 1664 2871 assumant
1683 2831 1884 2888 corpus
1912 2820 2259 2890 humilitatis,

666 2914 720 2958 et
742 2903 908 2976 935
936 2905 987 2960 in
1018 2907 1239 2975 pulvere
1267 2908 1522 2975 sedeant,
1555 2910 1881 2966 etamittant
1908 2913 1991 2967 vel
2020 2928 2114 2969 rex
2135 2956 2150 2979 ,
2173 2915 2260 2969 vel

670 3004 957 3065 potentes,
992 2995 1060 3051 de
1091 2998 1270 3068 capite
1296 3014 1400 3054 suo
1427 3014 1725 3068 coronam;
1759 3011 1815 3058 et
1845 3005 2074 3075 gloriam
2110 3005 2262 3062 ludat

667 3101 790 3140 esse
814 3089 1156 3155 translatam,
1179 3091 1393 3161 quando
1416 3092 1468 3147 in
1492 3094 1751 3164 passione
1772 3098 2109 3167 completum
2138 3110 2222 3155 est
2250 3120 2259 3153 :

2358 1872 2576 1947 (Matth.
2609 1874 2670 1947 κ)
2699 1893 2714 1930 :
2741 1876 2963 1947 quando
2996 1878 3319 1950 implebitur
3348 1882 3483 1937 illud
3525 1882 3809 1940 Danielis
3842 1902 3859 1940 :
3888 1883 3950 1938 lit

2355 1978 2623 2039 resurgent
2656 1968 2712 2023 in
2751 1971 2911 2024 vitam
2950 1980 3225 2037 wternam,
3253 1982 3305 2027 et
3335 1972 3419 2028 illi
3451 1976 3510 2029 in
3539 1978 3903 2049 opprobrium
3924 1986 3950 2031 tt

2356 2060 2717 2129 confusionem
2744 2062 3115 2132 sempiternam
3141 2063 3303 2138 (Dan.
3338 2082 3438 2137 stt,
3471 2066 3559 2139 2).

2430 2151 2613 2222 (Vers.
2644 2151 2762 2226 25.)
2791 2154 2854 2209 Si
2880 2166 3082 2211 mutare
3105 2168 3273 2229 potest
3297 2158 3555 2232 xEthiOps
3583 2163 3794 2233 pellem
3816 2180 3951 2229 nan,

2357 2255 2447 2300 aut
2478 2247 2674 2318 pardus
2703 2249 2977 2305 varietates
2998 2268 3119 2307 suos
3140 2294 3156 2320 ,
3181 2262 3231 2306 et
3254 2270 3342 2309 vos
3368 2258 3619 2326 poteritis
3651 2259 3952 2329 benefacere,

2357 2338 2522 2410 936
2548 2356 2664 2394 cum
2694 2340 2983 2398 didiceritis
3018 2344 3235 2400 malum.
3271 2346 3384 2403 Hoc
3427 2350 3787 2406 testimonio
3825 2360 3952 2406 utun-

2362 2439 2453 2485 tur
2480 2431 2743 2488 adversus
2777 2435 3081 2491 Ecclesiam
3102 2479 3117 2501 ,
3147 2438 3240 2509 qui
3268 2438 3523 2495 diversas
3553 2442 3810 2512 cupiunt
3838 2457 3952 2497 asse-

2362 2539 2483 2580 rere
2505 2534 2728 2580 naturas
2754 2543 2769 2592 ;
2803 2536 2860 2582 et
2886 2536 3093 2585 tantam
3125 2530 3316 2586 dicunt
3347 2547 3472 2588 esse
3501 2535 3591 2590 vel
3630 2534 3951 2606 uigrediaeu

2366 2616 2453 2670 vel
2476 2617 2796 2673 varietatem
2818 2629 3193 2688 peccatorum,
3218 2634 3279 2678 ut
3302 2624 3358 2679 in
3385 2624 3734 2692 candorem,
3752 2636 3807 2681 et
3824 2625 3951 2680 unus

2363 2709 2564 2765 coloris
2593 2710 3037 2779 pucltritudinem
3067 2714 3304 2772 transire
3335 2731 3442 2771 non
3475 2719 3709 2788 possint
3733 2736 3750 2773 :
3773 2734 3874 2773 non
3891 2728 3949 2770 at.

2366 2802 2650 2859 tendentes
2691 2805 2793 2860 hoc.
2832 2807 2981 2877 quod
3025 2810 3275 2878 sequitur
3306 2827 3320 2865 :
3354 2808 3425 2866 Et
3467 2828 3561 2866 vos
3593 2814 3841 2885 poteritis
3863 2810 3945 2883 [AL

2366 2895 2600 2969 potestis]
2632 2896 2934 2969 benefacere
2963 2916 3083 2954 cum
3111 2901 3401 2958 didiceritis
3437 2905 3673 2960 malum.
3702 2903 3944 2974 Quidquid

2367 2989 2512 3044 enim
2543 2990 2795 3057 discitur,
2825 2981 2935 3046 non
2961 3004 3174 3048 naturae
3195 3004 3301 3059 est,
3327 2995 3420 3050 sed
3452 2997 3632 3052 studii
3659 3008 3717 3052 et
3747 2995 3941 3067 propri:

2368 3081 2665 3137 voluntatis
2698 3099 2711 3135 :
2745 3098 2867 3154 qua:
2897 3085 3062 3139 nimia
3093 3086 3497 3143 consuetudine
3519 3097 3583 3143 et
3622 3103 3823 3142 amore
3850 3099 3943 3156 pet-

671 3175 860 3233 Omnes
889 3180 1298 3252 declinaverunt,
1332 3184 1492 3240 simul
1516 3186 1727 3243 inutiles
1746 3188 1872 3260 facti
1896 3199 2039 3257 sunt,
2065 3208 2167 3246 non
2189 3202 2262 3247 est

674 3274 753 3297 ---Σ
779 3275 934 3297 Ρ..-Ξ-ι
959 3274 1140 3297 ..-ημ---
1187 3294 1211 3297 ..
1232 3294 1267 3297 As
1326 3288 1386 3297 μί.
1416 3296 1421 3297 ,
1454 3296 1465 3297 γ
1558 3296 1561 3297 ,
1640 3279 1658 3297 1
1891 3282 1934 3297 ιν
2004 3284 2018 3297 ι
2158 3285 2201 3297 ιιι

2368 3176 2526 3231 candi
2553 3176 2959 3248 quodammodo
2980 3179 3036 3234 in
3062 3191 3311 3239 naturam
3338 3185 3719 3238 convertitur.
3749 3181 3850 3237 Sed
3869 3180 3939 3235 hoc

2371 3271 2510 3297 nunJ
2554 3270 2860 3297 Ι.Α.-.ἓ..21...η
2911 3271 3250 3297 2...-,υυξιεειρι
3286 3284 3362 3297 .--ι
3423 3273 3531 3297 ΒΑ-
3581 3275 3853 3297 ..---:l.:l-
3889 3281 3937 3297 Αμο

665 3274 753 3345 qui
772 3275 934 3345 faciat
954 3274 1163 3342 bonum.
1183 3294 1288 3331 non
1310 3288 1387 3333 cst
1409 3296 1568 3351 usque
1587 3279 1658 3333 ad
1681 3298 1864 3337 unum.
1891 3282 2132 3340 Verbum
2157 3285 2266 3340 lle-

671 3369 911 3426 braicnm
937 3385 1131 3427 GEBIRA
1160 3372 1388 3443 (nam).
1415 3374 1611 3444 Aquila
1633 3384 1688 3430 et
1717 3375 2077 3447 Symmachus
2098 3376 2267 3431 domi-

670 3463 918 3517 natricem
940 3471 995 3517 et
1022 3463 1289 3519 dominam
1313 3465 1662 3534 interpretati
1683 3476 1833 3536 sunt,
1863 3466 2011 3538 quod
2036 3466 2268 3537 Septua-

669 3557 821 3626 ginta
866 3564 1197 3626 putaveruut
1244 3572 1528 3614 cssunoru
1578 3558 1886 3631 (mm),
1934 3568 2269 3631 potentesque

669 3650 947 3704 dixerunt.

743 3742 927 3813 (Vers.
952 3743 1046 3809 20,
1074 3744 1193 3816 21.)
1223 3744 1411 3799 levate
1441 3748 1616 3802 oculos
1656 3757 1881 3815 vestros,
1913 3758 1959 3802 et
1992 3751 2156 3805 videte
2180 3750 2271 3819 qui

670 3835 852 3891 venitis
886 3836 950 3889 ab
989 3836 1242 3907 Aquilone
1273 3855 1291 3891 :
1318 3838 1405 3891 ubi
1440 3850 1513 3893 est
1542 3856 1685 3912 grex,
1721 3841 1811 3911 qui
1835 3841 1989 3896 datus
2021 3855 2096 3897 est
2139 3843 2265 3910 tibi,

671 3946 825 4002 pecus
848 3930 1102 4002 inclytum
1137 3933 1329 3986 tuum?
1358 3932 1498 4000 Quid
1527 3934 1665 3989 dices
1703 3951 1821 3988 cum
1860 3936 2143 3991 visitaverit
2177 3938 2270 3991 te?

670 4022 752 4078 Tu
780 4026 917 4078 enim
941 4027 1091 4079 doces
1114 4022 1294 4097 [Vulg.
1320 4026 1548 4082 docuisti
1569 4038 1623 4082 et
1644 4026 1863 4082 erudisti
1880 4072 1895 4091 ,
1929 4030 2153 4102 rectius]
2182 4049 2268 4085 eos

668 4114 946 4171 adversum
973 4125 1039 4184 te,
1069 4126 1115 4171 et
1140 4118 1313 4171 crudis
1345 4119 1398 4172 in
1432 4130 1586 4191 caput
1614 4130 1777 4174 tuum.
1824 4120 2144 4190 Prtecipitur
2169 4123 2266 4177 lta-

669 4207 996 4264 bitatoribns
1026 4209 1355 4277 Jerusalem,
1380 4222 1439 4266 ut
1469 4213 1688 4268 elevcnt
1718 4212 1907 4268 oculos
1930 4227 2083 4280 suos,
2110 4224 2165 4270 et
2189 4215 2271 4269 vi-

669 4302 835 4357 deant
856 4301 1143 4358 Cltalda-os
1164 4304 1233 4360 ab
1259 4305 1546 4376 Aquilonis
1568 4318 1722 4376 parte
1740 4308 2025 4364 venientes
2054 4326 2065 4362 :
2096 4308 2271 4364 inter-

671 4402 1002 4464 rogaturque
1031 4396 1145 4465 ipsa
1174 4395 1398 4461 civitas,
1427 4406 1482 4452 et
1511 4398 1713 4454 dicitur
1734 4399 1784 4454 ei
1822 4418 1835 4454 :
1872 4398 1973 4455 Ubi
2001 4408 2078 4453 est
2107 4418 2268 4473 grex,

653 4472 757 4559 ἰμιὶ
778 4487 933 4542 datus
949 4497 1023 4543 est
1042 4488 1134 4542 tibi
1141 4531 1154 4551 ,
1173 4506 1326 4559 pecus
1344 4490 1595 4562 inclytum
1613 4501 1759 4546 tuum
1772 4493 1797 4546 ?
1810 4491 1911 4548 Ubi
1933 4502 2016 4547 est
2039 4472 2270 4563 populus

670 4590 816 4649 tuus,
844 4598 1007 4653 quctn
1036 4598 1065 4637 a
1099 4583 1207 4638 Deo
1230 4598 1547 4654 acceperas,
1583 4584 1671 4640 ubi
1703 4584 1793 4639 illa
1819 4594 1965 4640 tanta
1987 4594 2044 4640 et
2068 4584 2267 4656 inclyta

669 4675 981 4742 multitudo,
998 4686 1054 4730 ut
1078 4676 1243 4732 totius
1268 4676 1568 4746 provinciae
1589 4676 1801 4732 turbam
1826 4679 1879 4732 in
1902 4693 2064 4731 unum
2089 4676 2267 4733 locum

669 4770 922 4826 crederes
942 4771 1366 4841 congregatum?
1394 4770 1534 4838 Quid
1552 4770 1706 4825 dices
1732 4785 1855 4824 cum
1888 4780 1939 4824 te
1962 4770 2269 4825 visitaverit

672 4862 932 4918 Dominus
959 4863 1011 4917 in
1042 4863 1190 4933 virga
1217 4879 1312 4917 sua
1332 4905 1347 4927 ,
1371 4872 1427 4917 et
1450 4862 1745 4935 Babylonis
1783 4862 2072 4918 tradiderit
2095 4865 2211 4917 host
2224 4861 2267 4916 i-

666 4955 787 5019 bus,
820 4970 992 5024 quos,
1033 4956 1329 5010 adversum
1368 4963 1441 5019 te,
1478 4956 1560 5009 vel
1596 4957 1649 5009 in
1690 4963 1853 5024 caput
1896 4965 2073 5021 tuum,
2113 4954 2198 5008 vel
2232 4968 2264 5009 a

671 5048 944 5117 principio
983 5049 1099 5116 ipsa
1140 5050 1398 5115 docuisti,
1440 5058 1501 5104 ut
1530 5049 1596 5104 ad
1624 5064 1815 5105 eorum
1844 5048 2045 5102 auxilia
2076 5048 2269 5103 coniu-

671 5154 852 5211 geres,
875 5153 929 5196 et
954 5143 1194 5211 ipsorum
1212 5141 1357 5196 idola
1376 5141 1703 5207 sectareris;
1727 5141 1818 5212 qui
1850 5141 1951 5195 sub
1977 5141 2269 5196 occasione

669 5232 924 5289 amicitia:
957 5244 1096 5302 tuae,
1120 5234 1436 5290 didicerunt
1470 5249 1565 5303 per
1591 5235 1739 5305 quod
1779 5235 1883 5288 iter
1903 5234 1969 5288 ad
2004 5243 2057 5288 te
2083 5233 2270 5289 venire

670 5325 958 5383 deberent.
1004 5326 1201 5381 Audiat
1227 5326 1332 5381 Itoc
1361 5325 1607 5381 Ecclesia
1638 5324 1941 5397 negligens,
1975 5323 2121 5394 quod
2153 5325 2268 5394 ipsa

666 5418 863 5476 doceat
892 5418 1241 5475 adversarios
1266 5433 1421 5485 suos,
1450 5418 1726 5489 quomodo
1747 5434 1867 5474 eam
1909 5418 2123 5489 possint
2154 5418 2271 5486 Spi-

669 5513 851 5569 rituali
881 5504 1196 5583 captivitate
1217 5511 1707 5584 comprehendere,
1733 5519 1790 5567 et
1810 5526 1975 5578 pecus
1996 5509 2120 5580 ejus
2151 5509 2270 5565 bes-

669 5609 867 5663 tiarum
898 5608 1223 5664 crudelitate
1254 5610 1514 5664 lacerare.

749 5700 935 5773 (Vers.
966 5701 1089 5767 ‘22.)
1122 5699 1397 5771 Numquid
1427 5716 1531 5755 non
1559 5700 1765 5755 dolores
1794 5695 2178 5770 apprehenth
2201 5708 2269 5761 te,

657 5792 821 5866 quasi
852 5791 1123 5847 mulierem
1145 5793 1520 5859 parturientem
1538 5792 1560 5847 ἶ)
1578 5790 1729 5857 Quod
1752 5791 1795 5842 si
1815 5789 2014 5844 dixeris
2036 5788 2090 5843 in
2113 5789 2270 5843 corde

2368 3271 2511 3339 quod
2553 3270 2864 3325 hominibus
2911 3271 3252 3342 impossibile
3282 3284 3388 3342 est,
3422 3273 3537 3329 Deo
3579 3275 3855 3344 possibile
3887 3270 3953 3325 est‘

2373 3361 2592 3433 (Hatth.
2624 3379 2738 3431 xu,
2762 3374 2809 3419 et
2839 3365 2968 3421 Luc.
3004 3367 3156 3439 xvut)
3184 3385 3199 3421 :
3231 3378 3290 3423 ut
3329 3384 3680 3440 nequaquam
3725 3368 3935 3435 diutinis

2370 3466 2424 3514 et
2450 3459 2650 3528 pardus
2680 3476 2836 3516 suam
2869 3462 3163 3519 videantur
3192 3474 3412 3522 mutare
3441 3476 3696 3523 naturam
3721 3485 3737 3533 ;
3769 3466 3859 3522 sed
3876 3465 3935 3520 ille

2370 3554 2461 3623 qui
2484 3555 2540 3608 in
2563 3552 2827 3627 Ethiope
2848 3567 3111 3626 operatur
3132 3570 3189 3615 et
3212 3559 3405 3630 pardo,
3429 3560 3651 3617 dicente
3673 3560 3933 3628 Apostolo:

2374 3644 2564 3699 Omnia
2594 3662 2805 3717 possum
2841 3648 2895 3702 in
2931 3666 2990 3703 eo
3017 3650 3108 3720 qui
3148 3667 3230 3706 me
3266 3655 3529 3721 confortat
3569 3652 3785 3709 Christo
3816 3650 3937 3724 (Plu;

2370 3739 2497 3813 lipp.
2525 3757 2598 3807 tv,
2632 3740 2744 3813 l3).
2791 3742 2946 3798 Unde
2985 3754 3041 3798 et
3082 3745 3135 3798 in
3172 3746 3354 3800 alieno
3385 3746 3504 3801 loco
3538 3767 3555 3805 :
3588 3745 3845 3817 Antplius,
3871 3745 3930 3797 io-

2370 3835 2508 3904 qnit,
2541 3833 2651 3889 illis
2681 3835 2916 3889 omnibus
2942 3836 3217 3892 laboravi:
3244 3854 3348 3893 non
3369 3853 3462 3911 ego
3503 3851 3708 3903 autem,
3739 3838 3827 3893 sed
3845 3852 3934 3909 9rd-

2370 3927 2443 3980 tia
2465 3924 2564 3981 Dei
2590 3943 2709 3997 qua:
2733 3937 2807 3982 est
2847 3928 2899 3982 in
2926 3945 3005 3981 mc
3035 3928 3079 4002 (Ι
3116 3928 3242 3984 Cor.
3276 3946 3344 3985 xv
3366 3972 3380 3997 ,
3425 3929 3539 4001 10).
3582 3931 3655 3987 Et
3683 3950 3697 3987 :
3728 3933 3927 4001 vivojan

2370 4035 2473 4074 non
2503 4037 2615 4093 ego,
2655 4022 2776 4076 vivit
2800 4037 2917 4076 vero
2948 4025 3105 4079 inme
3146 4023 3386 4079 Christus
3416 4023 3619 4096 (Ca/at.
3652 4043 3709 4087 tt.
3742 4024 3852 4093 20).
3884 4021 3929 4074 Et

2371 4114 2563 4167 iterum
2592 4115 2853 4184 scriptum
2886 4117 3118 4185 legimus
3144 4135 3158 4171 :
3187 4116 3330 4184 Quid
3349 4117 3510 4171 habes
3539 4119 3687 4186 quod
3705 4133 3800 4171 non
3820 4128 3928 4167 acce-

2370 4205 2489 4275 pisti
2502 4204 2528 4257 3
2552 4204 2614 4258 Si
2630 4212 2803 4260 autem
2823 4207 3085 4279 accepisti,
3104 4208 3231 4278 quid
3248 4208 3495 4279 gloriaris
3518 4212 3677 4279 quasi
3707 4223 3801 4263 non
3822 4219 3931 4257 accr-

2368 4298 2505 4369 peris
2535 4296 2576 4368 (l
2600 4294 2722 4351 Cor.
2760 4313 2839 4364 tv,
2864 4298 2960 4369 7)?
2986 4300 3133 4367 Quas
3161 4299 3234 4355 ob
3250 4314 3444 4356 Causas
3463 4317 3573 4373 non
3599 4300 3927 4372 glorieturg-

2369 4389 2526 4458 piens
2552 4390 2606 4444 in
2627 4392 2893 4459 sapientia
2912 4406 3032 4458 sna,
3054 4408 3230 4462 neque
3255 4394 3410 4448 fortis
3438 4394 3491 4449 in
3517 4392 3927 4451 fortituditcsus.

2370 4497 2472 4552 nec
2500 4481 2656 4537 dives
2683 4484 2734 4536 in
2759 4481 2965 4539 divitiis
2990 4484 3137 4550 suis,
3172 4498 3276 4539 nec
3300 4484 3530 4552 pudicus
3558 4486 3612 4538 in
3639 4499 3732 4540 sua
3756 4475 3922 4552 pudici-

2295 4548 2472 4638 Diia,
2509 4574 2714 4641 sciens,
2754 4576 2901 4644 quod
2933 4576 2986 4629 in
3019 4548 3275 4631 omnibus
3301 4548 3394 4630 bis
3418 4575 3630 4631 Christi
3661 4548 3822 4630 virtus
3843 4569 3923 4627 sit.

2369 4680 2477 4721 non
2505 4680 2693 4721 eorum
2727 4669 2815 4737 qui
2847 4668 2899 4722 in
2927 4668 3042 4723 suis
3070 4668 3366 4724 virtutibus
3385 4668 3717 4739 gloriantur.

2441 4756 2625 4828 (Vers.
2658 4757 2752 4824 Ἡ,
2785 4758 2905 4830 25.)
2948 4760 3015 4814 Et
3046 4760 3395 4816 disseminabo
3434 4777 3521 4815 eos
3544 4761 3695 4829 quasi
3716 4754 3922 4826 stipulae

2368 4868 2484 4922 qua:
2512 4866 2660 4909 vento
2693 4864 2936 4923 raptatur
2965 4857 3018 4910 in
3048 4859 3276 4911 deserto.
3312 4855 3441 4912 Htcc
3478 4872 3593 4910 sors
3614 4865 3706 4910 tua
3740 4859 3925 4923 pom"!

2371 4960 2628 5000 mensurae
2658 4955 2760 5001 tua:
2785 4964 2818 5000 a
2842 4962 2942 5013 me,
2970 4946 3097 5001 dicit
3117 4945 3379 5002 Dominus
3403 4946 3543 5019 (sive
3565 4956 3613 4999 et
3655 4961 3768 5016 pars
3786 4935 3922 4994 inclit-

2373 5040 2580 5096 dientia:
2601 5050 2705 5096 tua:
2743 5040 3019 5096 adversum
3058 5040 3183 5111 me).
3211 5040 3353 5109 Quia
3381 5040 3546 5095 nimia
3577 5029 3921 5096 consuetudine

2373 5134 2641 5189 malorum
2671 5147 2778 5189 non
2809 5141 3107 5204 potuerunt
3145 5142 3361 5189 mutare
3390 5144 3641 5187 naturam
3662 5173 3678 5198 ,
3709 5143 3800 5185 non
3821 5121 3917 5178 vitio

2373 5226 2711 5296 conditoris,
2762 5226 2858 5282 sed
2899 5225 3085 5281 studio
3136 5226 3313 5281 inoliti
3358 5225 3627 5293 sceleris,
3676 5226 3917 5296 propterea

2374 5320 2531 5392 quasi
2555 5320 2813 5391 stipulam
2843 5329 3010 5375 vento
3033 5329 3302 5388 raptatam
3329 5319 3643 5389 dispergam
3669 5327 3761 5374 eos
3785 5313 3828 5366 in
3851 5318 3917 5357 sor

2375 5414 2680 5480 liludinem,
2700 5413 2853 5483 juxta
2876 5411 3007 5466 illud
3029 5412 3175 5482 quod
3197 5411 3326 5467 alibi
3357 5412 3628 5481 scriptum
3651 5417 3732 5465 est
3754 5424 3768 5460 :
3792 5399 3915 5455 Tum“

2370 5524 2526 5579 quam
2590 5507 2759 5579 pulvis
2807 5523 2959 5578 quem
3020 5506 3231 5577 proiicit
3288 5516 3468 5560 ventus
3531 5522 3566 5559 a
3631 5504 3755 5572 facie
3799 5504 3912 5550 ιατιτ

2371 5599 2547 5671 (Psal.
2580 5615 2621 5666 ι,
2662 5601 2739 5671 4).
2779 5597 3038 5669 Facitque
3075 5597 3466 5667 apostropham
3499 5595 3567 5650 ad
3601 5596 3762 5667 ipsam
3793 5586 3912 5642 ιρι-ιιι
3946 5644 3954 5663 ⁴

2371 5695 2541 5751 salem
2578 5713 2593 5750 :
2626 5693 2770 5765 quod
2804 5696 2921 5749 haec
2949 5693 3024 5748 sit
3050 5686 3179 5771 sprs‘
3209 5692 3331 5762 ejus
3354 5731 3370 5758 ,
3402 5699 3456 5747 et
3487 5688 3593 5771 ista
3623 5688 3903 5767 parentant

2380 5793 2496 5862 ipsa
2526 5791 2626 5845 sibi
2653 5789 2878 5860 elegerit
2906 5786 3015 5859 (Al.
3045 5784 3257 5857 elegit],
3288 5784 3604 5841 mensuram
3634 5776 3903 5838 cumulatim

3418 6274 3718 6295 -ιν-ι--α-ΓἾ-
3756 6264 3801 6284 ’.Γ
