3972 6350
18 336 95 389 $9
522 341 1171 407 COMMENTARIORUM
1217 352 1279 408 ιχ
1321 354 1664 412 ,ΙΙΞΙῖΕΜιΑΜ
1706 357 2132 424 PROI‘IIETAM
2176 368 2306 426 LIB.
2352 373 2437 429 ill.
2481 375 2635 434 CAP.
2681 380 2819 439 XIV.

18 467 165 519 ,que
206 455 518 521 perfectam
545 503 558 524 ,
591 472 646 516 et
687 464 1229 532 superell'undentem
1270 469 1379 542 [Αι.
1421 486 1618 542 super-
1649 484 1697 542 Α

17 543 528 622 Tl‘luentcm](l.uc.
554 554 653 622 vi),
683 556 798 611 sive
821 569 1031 626 partem
1061 561 1446 620 inobedicntize
1473 581 1584 620 sum
1605 609 1619 633 ,

17 655 99 694 ua
150 643 349 698 noluit
391 645 504 700 Deo
537 649 914 718 acquiescere.
969 653 1022 707 ln
1055 670 1158 725 qua
1191 655 1335 712 enim
1367 673 1618 714 mensura

17 737 447 804 tensnraverit,
473 740 795 797 remetiatur
828 743 902 798 illi
939 746 1155 817 (Matth.
1186 748 1308 821 vn).

56 829 269 899 (Vers.
306 829 429 901 26.)
469 831 606 900 Quia
637 835 794 889 oblita
826 853 878 893 es
909 840 1007 894 ntei
1033 880 1048 907 ,
1097 850 1148 896 et
1179 844 1376 912 conﬁsa
1401 861 1452 898 es
1485 845 1622 917 (sive

18 922 259 992 serasti)
307 923 362 976 in
394 925 662 980 mendacio
697 943 716 981 :
745 929 882 984 unde
919 941 966 985 et
1010 949 1104 1003 ego
1136 934 1330 989 nudari
1359 937 1499 1006 (sive
1525 955 1622 991 nu-

17 1017 135 1068 abo
167 1028 222 1071 et
255 1016 517 1088 revelabo)
547 1023 777 1091 femora,
812 1033 862 1075 et
898 1029 1184 1091 posteriora
1213 1037 1302 1081 tua
1329 1038 1510 1083 contra
1540 1034 1622 1099 fa-

18 1110 129 1162 'cm
164 1119 350 1171 tuam,
393 1121 440 1165 et
469 1113 737 1184 apparebit
780 1114 976 1188 [Vulg.
1026 1119 1304 1193 apparuit]
1336 1123 1624 1192 ignominia

17 1218 106 1267 ta,
152 1201 428 1256 adulteria
456 1213 568 1270 tua,
603 1216 650 1259 et
694 1206 923 1262 hinnitus
953 1218 1070 1263 tuus
1091 1252 1106 1276 ,
1149 1213 1317 1268 scelus
1347 1214 1454 1284 (vel
1490 1216 1618 1270 alie-

17 1295 171 1363 otio)
209 1294 585 1364 fornicationis
614 1307 716 1353 tua:
746 1314 765 1353 :
797 1300 972 1355 Causa
1007 1303 1370 1374 dispersionis
1403 1306 1622 1365 Jerusa-

17 1403 132 1452 ειη,
169 1390 322 1458 quod
353 1391 522 1446 oblita
552 1393 622 1446 sit
651 1392 784 1460 Dei,
824 1403 880 1450 et
909 1400 1111 1454 conlisa
1135 1441 1148 1463 ,
1191 1402 1274 1456 vel
1312 1404 1624 1472 speraverit.

17 1495 36 1532 ι
95 1479 438 1536 mendaciis.
488 1483 592 1549 Qui
639 1497 841 1554 prazter
881 1487 1052 1543 Deum
1101 1490 1154 1545 in
1193 1493 1356 1548 rebus
1397 1496 1623 1551 conlidit

18 1575 222 1638 neuti,
247 1573 600 1631 obliviscitur
616 1577 734 1633 Dei.
761 1578 916 1635 Unde
941 1584 1256 1639 revelantur
1275 1584 1502 1653 fentora,
1535 1589 1621 1644 vel

19 1665 322 1721 osteriora
348 1667 489 1734 ejus,
517 1678 575 1723 ut
602 1668 788 1725 videat
815 1672 1169 1741 ignominiam
1197 1693 1350 1732 suam
1381 1695 1395 1732 :
1426 1689 1480 1734 ct
1502 1695 1622 1750 quae

17 1769 158 1812 etro
203 1773 328 1814 esse
357 1760 657 1827 deberent,
695 1763 825 1819 fiant
857 1766 909 1819 in
955 1768 1233 1836 prioribus
1268 1789 1280 1824 :
1315 1785 1621 1844 cernatque

17 1867 113 1919 psa
149 1855 304 1923 quod
327 1853 546 1919 fecit,et
568 1869 829 1927 appareat
847 1860 1009 1933 937
1027 1861 1323 1934 ignominia
1342 1867 1485 1934 ejus,
1512 1885 1622 1924 non
1655 1872 1700 1933 B
1727 1880 1786 1949 jo

17 1954 221 2001 tntum
253 1948 378 2018 ipsi,
413 1949 508 2004 sed
538 1960 595 2004 et
625 1952 899 2009 omnibus.
934 1954 1208 2011 Adulteria
1233 1997 1247 2021 ,
1285 1958 1494 2028 inquit,
1528 1972 1618 2016 tua

20 2053 38 2092 t
70 2038 325 2095 hinnitus
350 2052 470 2096 tuus
497 2059 604 2098 non
637 2044 815 2099 solum
854 2045 1139 2103 libidinem
1163 2093 1176 2115 ,
1223 2051 1319 2104 sed
1351 2051 1616 2108 insaniam

17 2132 257 2187 Stendit
303 2133 549 2191 libidinis
572 2180 586 2204 ,
620 2152 886 2206 equarum
921 2155 1112 2209 more,
1151 2158 1272 2212 qum
1303 2144 1368 2198 ad
1413 2145 1615 2202 coitum

17 2226 274 2292 ;estiunt,
311 2235 371 2281 ut
397 2239 481 2282 est
507 2229 637 2284 illud
672 2229 883 2300 Virgilii
915 2230 1130 2306 (Georg.
1165 2251 1246 2302 Ill,
1278 2237 1410 2304 280,
1443 2239 1573 2309 281)
1602 2257 1615 2296 :

209 2341 653 2424 KHHippomanes,
681 2347 1179 2424 vjero‘quod‘nomine
1202 2353 1372 2424 dicunt

204 2404 454 2466 Pastores,
481 2404 670 2457 lentum
693 2404 900 2460 distillat
925 2412 989 2461 ab
1013 2413 1218 2474 inguine
1246 2415 1396 2465 virus.

18 2511 291 2581 {agemus
341 2511 527 2568 Iesum
578 2523 637 2569 ut
665 2531 764 2572 nec
797 2517 850 2572 in
906 2521 1164 2587 praesenti
1205 2537 1306 2578 nec
1353 2523 1406 2578 in
1436 2525 1617 2581 futuro

17 2607 224 2662 saeculo
252 2609 471 2664 revelet
497 2608 705 2666 femora
733 2610 842 2684 [ΑΙ.
877 2616 1189 2689 feminalia].
1225 2628 1280 2674 et
1310 2622 1616 2689 posteriora

18 2711 224 2764 tostra,
252 2700 348 2757 sed
384 2712 440 2755 ut
469 2703 651 2759 deleat
691 2720 884 2762 omnes
934 2709 1250 2778 iniquitates
1301 2724 1536 2782 nostras,
1564 2725 1618 2770 et

17 2794 199 2850 smnia
234 2794 440 2850 scelera
469 2811 738 2866 apparere
771 2813 877 2852 non
913 2798 1096 2855 faciat.

81 2886 273 2957 (Vers.
307 2883 427 2957 27.)
451 2887 626 2960 Super
655 2889 814 2945 colles
837 2893 889 2945 in.
918 2909 1048 2964 agro
1071 2896 1179 2948 vidi
1205 2896 1617 2953 abominotiones

17 2989 147 3033 tuas.
196 2977 422 3043 Veetibi,
449 2979 772 3047 Jerusalem,
828 3001 933 3038 non
953 2988 1286 3042 mundaberis
1329 2990 1466 3062 (sive
1495 2992 1617 3063 quia

17 3088 112 3125 non
143 3089 199 3124 es
225 3071 502 3142 mundata)
520 3086 634 3145 post
657 3092 757 3144 nte,
783 3093 1044 3148 usyuequo
1065 3079 1278 3135 adhuc?
1305 3097 1410 3137 non
1440 3084 1614 3138 solum

17 3161 65 3216 in
85 3164 267 3219 media
293 3165 763 3233 urbelerusalem,
782 3168 878 3225 sed
893 3169 946 3224 in
967 3173 1275 3229 omnicolle
1297 3177 1616 3244 cunctisque

17 3258 322 3328 regionibus
352 3259 456 3314 vidi
489 3259 635 3316 idola
665 3268 779 3326 tua,
830 3262 976 3318 unde
1005 3264 1208 3320 dicitur
1231 3267 1297 3321 ad
1330 3283 1449 3323 eam
1480 3286 1492 3322 :
1528 3268 1616 3323 Va:
1642 3277 1686 3337 C
1724 3295 1840 3334 rum
1874 3297 2012 3337 unus
2040 3283 2301 3356 loquitur,

17 3350 126 3418 tibi,
157 3350 469 3417 Jerusalem,
493 3354 615 3423 quia
656 3371 760 3408 non
781 3373 834 3410 es
853 3357 1104 3411 ntundata
1134 3369 1250 3427 post
1281 3377 1378 3425 me,
1404 3370 1463 3416 ut
1491 3375 1612 3416 cum

18 3459 130 3500 mea
160 3455 214 3501 te
239 3444 476 3516 jactares
500 3449 652 3520 sequi
681 3447 932 3520 vestigia,
983 3459 1038 3506 et
1057 3452 1460 3509 confessionem
1507 3456 1613 3510 mei

19 3541 252 3594 nominis
290 3543 606 3610 ventilares,
655 3552 838 3599 tamen
887 3561 1180 3616 numquam
1235 3559 1462 3620 purgata
1506 3550 1612 3618 sis,

19 3633 138 3702 quia
165 3633 332 3689 oblita
364 3649 424 3690 es
456 3638 592 3702 mei,
647 3645 703 3692 et
742 3638 976 3706 sperasti
1019 3639 1074 3693 in
1103 3640 1422 3696 mendaciis.
1456 3643 1614 3700 Unde

20 3723 264 3796 increpat
285 3741 406 3782 eam
436 3738 490 3782 et
507 3728 666 3794 dicit,
686 3728 964 3804 Usquequo
984 3733 1156 3787 adltuc
1170 3735 1195 3788 ?
1211 3747 1265 3790 et
1289 3746 1373 3791 est
1394 3753 1609 3806 sensus,

22 3821 273 3889 quamdiu
310 3831 362 3876 te
391 3824 755 3892 exspectabo?
783 3827 1043 3896 quamdiu
1080 3829 1292 3884 feram?
1323 3847 1613 3904 usquequo

22 3913 363 3970 Oblivisceris
393 3917 498 3972 mei
526 3918 578 3972 in
604 3918 794 3986 linem,
818 3928 874 3975 et
900 3937 1018 3977 mea
1053 3935 1325 3995 prircepta
1359 3937 1612 3984 contem-

24 4011 154 4063 nes?
187 4008 522 4066 Fornicatur
553 4011 605 4065 in
635 4013 866 4068 collibus
891 4015 1024 4070 etin
1048 4017 1216 4088 agris,
1237 4029 1292 4074 et
1318 4037 1610 4092 numquam

23 4105 436 4176 mundatur,qui
467 4114 649 4163 erecta
675 4108 890 4164 cervice
919 4125 1017 4179 per
1043 4113 1356 4180 superbiam
1390 4131 1496 4169 non
1521 4116 1611 4172 hu-

27 4194 258 4251 miliatur
284 4196 386 4250 sub
411 4199 619 4267 potenti
644 4215 808 4255 manu
839 4200 969 4267 Dei,
1024 4203 1121 4258 sed
1154 4204 1207 4258 in
1245 4206 1360 4261 suis
1389 4209 1611 4264 sceleri-

27 4288 117 4346 bus
139 4290 399 4350 vitiis'tue
424 4293 676 4348 conlidit.

90 4386 244 4456 (Cap.
279 4384 418 4441 XIV.
448 4417 519 4427 -
545 4386 702 4444 Vers.
738 4389 818 4459 l.)
871 4391 1024 4459 Quod
1070 4398 1263 4466 factum
1303 4406 1378 4452 est
1406 4400 1610 4454 verbum

28 4475 229 4534 Domini
257 4480 325 4533 ad
343 4478 626 4535 Jeremiam
656 4482 720 4536 de
739 4485 1059 4540 sermonibus
1081 4488 1346 4543 siccitatis.
1371 4490 1472 4546 Ira:
1513 4491 1606 4547 Dei

29 4571 271 4629 universa
297 4574 671 4629 consentiunt.
709 4574 864 4631 Unde
885 4587 940 4631 et
970 4579 1054 4632 Sol
1087 4594 1254 4649 super
1286 4594 1608 4653 peccatores

3219 399 3323 458 770

1717 480 1977 550 juniores)
1999 502 2123 540 suos
2140 490 2209 541 ad
2221 507 2411 561 aquam
2427 509 2445 546 ,ο
2460 509 2701 551 venerunt
2724 499 2794 553 ad
2814 502 3158 561 hauriendum
3183 514 3320 583 (sive

1725 571 1794 623 ad
1815 577 2017 648 puteos)
2042 588 2089 632 et
2112 597 2214 634 non
2238 583 2540 641 invenerunt
2561 605 2768 660 aquam,
2788 606 3180 663 reportaverunt
3202 621 3324 660 t'asu

1725 682 1820 719 sua
1849 685 2032 737 vacua,
2068 677 2274 742 confusi
2300 690 2419 732 sunt
2441 691 2488 734 et
2515 683 2702 753 afﬂicti
2727 687 2865 758 (sive
2893 691 3252 768 erubuerunt),
3275 710 3324 754 et

1727 773 2038 829 operuerunt
2082 770 2253 839 capita
2301 787 2397 825 sua
2428 785 2638 844 propter
2664 787 2815 834 terra:
2853 786 3140 842 vastitatem
3185 791 3324 862 (sive

1724 862 1772 904 et
1813 869 1973 924 opera
2010 867 2179 926 terra,
2227 866 2475 934 quoniam
2502 868 2847 944 defecerunt),
2880 880 3002 948 quia
3048 897 3150 937 non
3191 886 3322 940 venit

1727 943 1870 1015 (sive
1889 965 1990 1003 non
2016 952 2148 1025 erat)
2172 953 2348 1018 pluria
2373 977 2530 1030 super
2550 973 2739 1019 terrant
2764 985 2781 1022 :
2802 976 3004 1041 confusi
3035 986 3155 1030 sunt
3176 981 3320 1049 agri-

1725 1041 1886 1106 colaz,
1937 1059 2251 1112 aperuerunt
2305 1054 2477 1122 capita
2523 1074 2638 1112 sua.
2694 1061 2964 1134 Tempore
3017 1070 3320 1143 siccitatis,

1724 1135 1948 1202 quando
1974 1139 2141 1213 938
2166 1141 2366 1200 famem
2417 1150 2618 1217 patitur
2640 1156 2937 1213 multitudo
2979 1161 3236 1221 audiendi
3267 1135 3324 1225 et

1727 1230 1752 1258 τί
1785 1226 2031 1284 discendi
2058 1249 2376 1292 sermonem
2407 1240 2523 1310 Dei,
2563 1244 2947 1317 lugetJuda-a,
2978 1257 3186 1313 cultum
3225 1260 3323 1318 Dei

1725 1318 1877 1386 prius
1899 1319 2104 1382 habere
2133 1342 2192 1384 se
2209 1329 2446 1402 iaetans,
2472 1345 2526 1390 et
2557 1339 2967 1402 confessionem
2993 1365 3140 1407 vera:
3171 1355 3319 1422 lidei,

1725 1422 2008 1485 portaeque
2047 1419 2168 1489 ejus
2191 1425 2278 1478 vel
2303 1441 2623 1498 vacuantur,
2655 1438 2736 1492 vel
2766 1454 3063 1510 corruunt,
3093 1463 3227 1518 quas
3253 1453 3320 1508 ad

1725 1517 1920 1561 sensus
1947 1509 2155 1568 referre
2181 1515 2450 1577 debemus
2467 1565 2481 1588 ,
2513 1542 2610 1592 per
2631 1544 2767 1598 quos
2790 1535 2986 1591 anima:
3012 1543 3323 1612 concipitur

1726 1597 2080 1670 lldisciplina.
2105 1606 2258 1664 Tunc
2281 1611 2647 1675 obscurantur
2675 1627 2858 1681 omnia
2890 1638 2944 1683 et
2969 1631 3322 1695 involvuntur

1724 1695 1998 1762 tenebris;
2055 1712 2110 1756 et
2141 1718 2482 1778 nequaquam
2517 1712 2568 1767 in
2603 1714 2903 1775 Jerusalem
2951 1726 3096 1783 ratio
3123 1744 3318 1802 regnat

1723 1795 1778 1839 et
1809 1803 1992 1843 scrnto
2017 1793 2321 1866 doctrinm;
2358 1803 2452 1858 sed
2485 1805 2695 1863 clamor
2715 1821 2882 1883 atque
2903 1819 3174 1877 confusio.
3209 1825 3320 1880 illa—

1791 1894 1880 1935 res
1904 1898 2124 1955 quoque
2149 1891 2240 1960 qui
2265 1891 2533 1952 deberent
2560 1899 2664 1970 ipsi
2691 1918 2923 1976 pergere
2951 1911 3017 1966 ad
3063 1912 3324 1973 haurien-

1723 1969 1821 2025 das
1853 1987 2046 2043 aquas,
2073 1981 2586 2057 mittuntjuniores,
2610 1992 2662 2047 in
2692 1997 2893 2065 quibus
2918 2004 3037 2057 cani
3061 2020 3168 2062 non
3195 2022 3320 2066 sunt

1721 2064 2034 2134 sapientiae,
2059 2081 2114 2125 et
2139 2073 2347 2131 idcirco
2375 2081 2604 2138 veniunt
2628 2087 2693 2140 ad
2720 2100 2936 2158 puteos,
2958 2106 3016 2150 et
3039 2113 3146 2154 non
3171 2102 3320 2160 inve-

1723 2157 1881 2214 niunt
1911 2177 2104 2232 aquas,
2136 2183 2272 2238 quas
2301 2175 2643 2242 patriarchas
2670 2181 2948 2243 invenisse
2979 2202 3166 2249 narrat
3209 2196 3321 2253 ltis-

1721 2252 1862 2306 toria
1913 2254 2119 2326 (Cenes.
2150 2265 2324 2335 xxvi).
2377 2267 2681 2339 Rapon-tant
2710 2292 2838 2334 vasa
2867 2296 2964 2338 sua
2992 2301 3180 2356 vacua,
3231 2291 3318 2361 ju-

1722 2343 1906 2402 niores
1934 2350 2222 2410 videlicet:
2277 2373 2384 2414 non
2410 2363 2553 2431 quod
2580 2381 2736 2437 aqua:
2781 2387 2889 2428 non
2923 2376 3125 2435 fuerint
3153 2399 3166 2448 ;
3221 2386 3316 2441 sed

1719 2440 1863 2510 quod
1895 2442 1968 2496 illi
1994 2445 2237 2504 invenire
2270 2467 2378 2508 non
2404 2458 2698 2525 potuerint.
2729 2463 2949 2537 Confusi
2971 2483 3118 2541 sunt,
3150 2485 3200 2529 et
3229 2481 3313 2548 af-

1719 2531 1872 2600 ﬂicti,
1929 2536 2046 2592 sive
2068 2541 2383 2600 erubuerunt
2403 2558 2451 2602 et
2479 2566 2791 2623 Operuerunt
2821 2563 2995 2630 capita
3036 2583 3164 2635 sua;
3191 2572 3314 2642 quia

1722 2639 1828 2679 non
1864 2639 2116 2695 poterant
2147 2635 2330 2694 dicere
2361 2655 2484 2697 cum
2517 2648 2814 2714 Apostolo:
2864 2653 2979 2711 Nos
3000 2671 3170 2715 autent
3209 2680 3318 2719 ont-

1722 2731 1811 2771 nes
1831 2719 2050 2774 revelata
2069 2727 2204 2796 facie
2222 2729 2445 2800 gloriam
2471 2734 2680 2792 Domtni
2703 2748 3110 2818 contemplamur
3123 2754 3166 2822 (1
3190 2753 3318 2815 Cor.

1721 2827 1801 2879 ut,
1833 2813 1939 2885 18).
1974 2814 2201 2890 Propter
2243 2831 2392 2879 terra:
2424 2831 2730 2901 vastitatem,
2761 2839 2876 2893 sive
2905 2813 2954 2894 et
2973 2851 3126 2898 terra:
3162 2863 3318 2919 Opera

1721 2903 2036 2973 defecerunt,
2064 2925 2161 2980 per
2181 2929 2303 2984 quae
2323 2917 2389 2972 ad
2418 2918 2509 2974 Dei
2533 2927 2781 2980 notitiam
2803 2931 3096 3000 pergimus.
3117 2903 3320 2996 Causa-

1720 3011 1825 3067 que
1850 3001 2139 3069 perspicua
2166 3021 2178 3056 :
2229 3009 2352 3076 quia
2395 3028 2498 3065 non
2528 3017 2685 3083 venit,
2728 3019 2928 3092 inquit,
2957 3023 3134 3095 pluvia
3161 3047 3321 3102 super

1720 3099 1932 3148 terram.
1965 3093 2278 3154 Mandatum
2325 3113 2408 3157 est
2454 3108 2656 3179 quippe
2707 3093 3046 3174 nubibus-ue
3078 3093 3317 3192 plucriut

1719 3201 1887 3254 super
1909 3203 2027 3243 eam
2060 3191 2289 3250 imbrem
2323 3196 2482 3267 (Isai.
2509 3200 2586 3273 v).
2623 3207 2893 3276 Agricolae
2918 3229 3315 3290 quoque,quo-

2333 3288 2432 3346 Dei
2462 3297 2787 3366 agricultura
2816 3307 2964 3374 estis,
3016 3308 3118 3365 Dei
3145 3288 3315 3385 ωὲιιβ.

1721 3373 1856 3426 catio
1877 3376 1998 3429 estis
2026 3377 2092 3448 (ll
2106 3378 2228 3434 Cor.
2256 3396 2336 3450 nt,
2363 3379 2534 3456 9).‘Et
2560 3389 2611 3444 in
2633 3392 2740 3447 alio
2769 3392 2797 3432 ι)
2829 3373 2984 3454 loco:
3003 3401 3099 3457 Dei
3121 3373 3312 3478 coope-

1716 3474 1913 3521 ratores
1933 3485 2130 3539 sumus,
2160 3477 2604 3551 operiuntcaput
2656 3501 2838 3556 suum,
2883 3495 3311 3557 ctconfundun-

1718 3564 1825 3622 tur,
1859 3558 2222 3634 intelligentes
2269 3569 2390 3625 sine
2413 3571 2508 3629 Dei
2534 3580 2711 3646 gratia
2734 3590 2789 3636 et
2808 3583 3085 3655 adjutorio
3111 3591 3308 3651 frustra

1717 3664 1776 3705 se
1810 3655 2056 3712 tendere.

1789 3743 1969 3814 (Vers.
1989 3749 2046 3812 5,
2063 3749 2144 3814 6.)
2168 3752 2220 3806 N
2226 3771 2311 3808 ant
2324 3767 2371 3811 et
2393 3776 2539 3814 cerva
2558 3762 2696 3835 (sive
2720 3769 2908 3843 cervte)
2931 3773 2983 3826 in
3006 3791 3134 3844 agro
3163 3796 3315 3852 pepe-

1715 3836 1784 3888 rit
1809 3836 1949 3909 (sive
1978 3849 2308 3920 pepererunt)
2337 3863 2386 3906 et
2420 3853 2634 3927 reliquit
2660 3858 2802 3928 (sive
2821 3863 3163 3945 reliquerunt)
3188 3836 3313 3944 quia

1716 3948 1820 3986 non
1852 3946 1962 3988 erat
1993 3939 2172 3996 herba.
2209 3941 2280 3997 Et
2301 3951 2485 4020 onagri
2512 3962 2762 4009 steterunt
2783 3957 2838 4012 in
2865 3963 3104 4033 rupibus,
3137 3974 3314 4024 traxe-

1712 4036 1834 4078 runt
1887 4040 2088 4084 ventum
2129 4037 2280 4104 quasi
2337 4040 2627 4109 dracones,
2683 4049 2979 4119 defecerunt
3036 4055 3176 4111 oculi
3225 4077 3311 4116 eo-

1712 4132 1826 4170 rum
1850 4159 1866 4183 ,
1905 4123 2027 4189 quia
2048 4140 2150 4179 non
2189 4138 2299 4182 erat
2329 4130 2487 4186 herba
2511 4134 2650 4207 (sive
2673 4142 2897 4214 fenum).
2933 4145 3168 4206 Grandis
3198 4160 3311 4210 stc-

1714 4210 1912 4280 rilitas,
1943 4220 2159 4284 quando
2181 4231 2236 4277 et
2263 4239 2442 4282 cervae
2484 4229 2535 4284 in
2581 4247 2714 4301 agro
2755 4237 3002 4305 pariunt.
3057 4253 3112 4300 et
3137 4245 3308 4302 relin-

1715 4316 1890 4372 quunt
1935 4308 2080 4366 fetus
2115 4329 2264 4381 suos,
2299 4319 2426 4388 quia
2453 4335 2562 4377 non
2589 4322 2660 4378 sit
2683 4325 2851 4384 herba
2886 4331 2972 4386 vel
2995 4333 3209 4403 fenum;
3255 4349 3313 4394 ut

1713 4411 1835 4466 quae
1864 4398 2035 4457 odore
2063 4408 2274 4461 narium
2299 4424 2590 4480 serpentes
2621 4419 2921 4477 extrahunt
2948 4423 3016 4481 de
3034 4432 3310 4497 cavernis,

1711 4499 1765 4544 et
1797 4504 2061 4548 venenata
2097 4497 2432 4557 interficiunt
2461 4507 2781 4580 animantia,
2816 4515 2943 4570 cibo
2968 4521 3159 4587 gratia:
3203 4539 3308 4580 non

1713 4593 1959 4640 utantur.
1997 4587 2194 4660 Onagri
2236 4609 2457 4664 quoque
2485 4599 2556 4655 de
2594 4603 2792 4669 quibus
2837 4609 3099 4680 scriptum
3140 4626 3226 4671 est
3257 4617 3310 4672 in

28 4665 209 4720 occidit
244 4664 495 4732 meridie,
529 4675 586 4722 et
609 4666 735 4720 luna
760 4677 1018 4739 astraque
1040 4682 1094 4725 et
1117 4682 1315 4728 cmtera
1337 4691 1444 4731 non
1478 4677 1612 4733 dant
1639 4663 1692 4723 D
1716 4675 1848 4732 Job:
1883 4678 2013 4745 Quis
2038 4682 2237 4739 dimin't
2256 4663 2315 4740 in
2336 4689 2622 4748 solitudine
2647 4713 2898 4768 onagrum
2929 4703 3309 4779 liberum(.lob.

32 4755 194 4779 1.....-Α
224 4772 377 4779 --_-----
407 4758 423 4779 Ι
446 4758 581 4779 ιηλ--
606 4758 718 4779 -__-_\
758 4759 800 4779 ιι
823 4769 922 4779 ..-η
957 4762 968 4779 ι
1271 4777 1276 4779 Α
1346 4769 1356 4779 .
1411 4769 1423 4779 .
1449 4769 1481 4779 ι.
1565 4771 1577 4779 .
1937 4773 1980 4779 ,μ
2006 4774 2024 4779 -
2118 4777 2125 4779 Α

32 4755 198 4813 lumen
222 4772 381 4812 suum
405 4758 584 4827 (Amos
605 4758 741 4826 vui).
758 4759 1178 4834 Putandumque
1199 4777 1283 4821 est
1305 4769 1609 4828 obsidionis

37 4856 263 4920 tempore
294 4849 505 4920 pluvias
535 4867 643 4906 non
675 4852 862 4920 fuisse,
896 4862 956 4908 ut
1000 4857 1346 4915 sterilitatem
1392 4862 1608 4920 obsessi

33 4944 349 4999 sustinerent
389 4959 566 5015 aquae.
625 4943 742 5001 Uno
791 4947 997 5017 quippe
1037 4949 1188 5006 fonte
1217 4951 1390 5019 Siloe,
1421 4966 1478 5012 et
1508 4957 1611 5016 hoc

36 5047 128 5088 non
156 5046 416 5104 perpetuo
443 5037 615 5091 utitur
642 5037 840 5092 civitas
863 5079 877 5104 ,
909 5046 966 5094 et
995 5055 1171 5110 usque
1197 5043 1248 5097 in
1280 5058 1607 5113 praesentem

34 5122 158 5180 diem
203 5126 466 5182 sterilitas
496 5129 828 5198 pluviarum,
887 5145 996 5186 nou
1024 5133 1202 5189 solum
1238 5133 1481 5208 frugum,
1511 5141 1609 5197 sed

37 5225 83 5270 et
105 5219 318 5274 bibendi
340 5220 586 5290 inopiam
612 5219 764 5276 facit.

99 5310 274 5382 (Vers.
301 5311 337 5366 2
364 5312 546 5393 seqq.)
591 5312 752 5369 Lumit
779 5314 969 5372 Judtea
1000 5318 1139 5390 (sive
1159 5321 1326 5395 Iuda)
1360 5336 1406 5379 et
1449 5335 1614 5394 portat

39 5403 134 5471 ejus
161 5413 461 5458 corruerunt
494 5405 634 5476 (sive
662 5421 835 5461 vacua:
863 5408 1018 5477 factae
1039 5412 1204 5485 sunt),
1253 5424 1303 5470 et
1333 5417 1615 5473 obscurata:

39 5492 159 5561 (sive
175 5496 550 5552 contenebrata:
573 5495 715 5569 sunt)
753 5515 908 5570 super
931 5511 1142 5572 terram,
1166 5515 1214 5560 et
1243 5507 1440 5562 clamor
1459 5508 1616 5564 Jeru-

39 5589 178 5642 salem
217 5589 467 5643 ascendit.
514 5588 746 5663 Majores
777 5595 891 5664 ejus
922 5596 1169 5652 miserunt
1207 5602 1431 5656 minores
1477 5602 1617 5674 (sive

105 5788 127 5866 ς
158 5781 265 5836 Alt.
292 5793 426 5866 mss.
460 5791 506 5836 et
553 5781 754 5837 sciendi
782 5783 990 5842 verbum
1028 5785 1147 5846 Dei.
1181 5790 1348 5850 Levia
1379 5796 1628 5866 quaedam

45 5846 164 5906 infra
190 5855 560 5913 emendamus.

1716 4785 1901 4836 χχχιχ.
1932 4773 2028 4845 5)?
2077 4777 2238 4848 plana
2267 4788 2322 4836 et
2364 4789 2696 4855 campestria
2727 4794 3122 4869 relinquentes,
3159 4773 3306 4860 stent

1717 4867 1770 4922 in
1803 4869 2056 4940 rupibus,
2081 4882 2136 4929 et
2155 4891 2380 4934 currere
2403 4893 2694 4952 nequeant,
2714 4897 2768 4943 et
2793 4891 3074 4949 attraltant
3091 4867 3311 4954 ventum

1718 4961 1772 5015 in
1801 4961 2212 5022 similitudinem
2246 4969 2575 5042 draconum,
2627 4975 2998 5055 deficiantque
3029 4989 3173 5044 oculi
3216 5006 3313 5047 eo.

1718 5067 1860 5119 rum,
1891 5065 1945 5108 et
1969 5056 2175 5114 claram
2207 5061 2380 5118 lucem
2411 5081 2641 5124 cernere
2683 5086 2977 5145 nequeant,
3011 5081 3311 5140 rationabi-

1718 5143 1862 5200 libus
1898 5148 2195 5206 subtractis
2235 5154 2394 5210 cibis.
2441 5157 2678 5216 Siccitas
2705 5162 2822 5220 bare
2867 5143 3012 5240 saepe
3039 5176 3240 5232 accidit
3263 5179 3316 5234 in

1718 5232 2003 5308 Ecclesiis,
2032 5244 2254 5310 quando
2285 5248 2435 5302 cervi
2465 5258 2523 5305 et
2544 5255 2739 5325 onagri
2760 5256 3120 5321 inveniuntur
3143 5267 3196 5321 in
3219 5283 3317 5338 po-

1716 5328 1882 5397 pulis,
1917 5341 1972 5386 et
2003 5338 2385 5406 magiSIrorum
2418 5345 2646 5412 penuria
2682 5352 3086 5411 contabescunt
3123 5377 3137 5412 :
3194 5373 3321 5418 sunt

1719 5424 1810 5492 qui
1837 5437 2066 5494 possunt
2086 5428 2325 5498 discere,
2351 5444 2406 5490 et
2432 5452 2544 5492 non
2576 5450 2706 5496 sunt
2730 5445 2818 5512 qui
2845 5459 3074 5514 possunt
3095 5450 3317 5510 docere.

1794 5514 1856 5571 Si
1885 5518 2184 5589 iniquitates
2214 5534 2405 5581 nostra:
2443 5532 2801 5598 responderint
2847 5536 2984 5607 (sive
3013 5543 3319 5616 restiterim)

1719 5608 1887 5682 939
1911 5612 2079 5682 nobis,
2108 5613 2349 5686 Domine,
2381 5622 2466 5690 fac
2513 5633 2727 5695 propter
2751 5643 2934 5682 nomen
2966 5640 3133 5699 tuum,
3193 5652 3325 5705 quo-

1811 5800 1836 5839 b
1863 5803 2064 5886 Mavult
2091 5807 2147 5889 in
2167 5806 2346 5891 eodem
2374 5809 2488 5864 loco
2515 5809 2724 5870 Victor.
2749 5815 2893 5887 quod
2921 5817 3036 5878 haec
3063 5821 3160 5882 tibi
3184 5826 3325 5891 invi-

1731 5888 1847 5930 cem
1871 5875 2058 5945 juncta
2087 5877 2215 5933 sint.
