3972 6368
29 268 158 350 s15

571 285 1221 347 COMMENTARIORUM
1260 284 1329 343 IN
1364 278 1721 349 JEBEMIAU
1762 280 2186 347 ΡΒΟΡΗΕΤΑΜ
2229 281 2362 340 LIB.
2403 272 2496 341 Ill.
2537 282 2694 341 CAP.
2736 282 2880 341 XIV.

3182 283 3187 288 '
3274 274 3385 349 τῇ

31 413 202 480 fatue
222 451 242 479 ,
275 415 331 466 et
362 414 502 481 peste
543 424 639 482 ego
684 424 985 465 consumam
1011 423 1131 465 eos:
1160 405 1295 475 Quia
1345 404 1513 477 igitur
1540 403 1676 459 Ρη·
1706 405 1757 465 Α
1784 410 1950 469 sunt,
1981 410 2036 458 et
2069 416 2164 459 eos
2197 402 2292 475 qui
2332 402 2507 472 intus,
2538 403 2681 463 fama
2712 403 2940 465 interire
2981 403 3256 474 patiantur
3288 423 3300 459 :
3332 417 3387 463 et

33 502 282 572 phetaa,
330 500 500 558 irntno
546 499 1038 570 pseudoprophetae
1084 498 1217 555 lalsa
1244 495 1482 569 polliciti
1510 504 1675 550 sunt:

36 595 188 651 ideo
218 594 494 647 Dominus
516 592 729 647 locutus
770 598 855 645 est
876 605 973 663 per
996 589 1291 646 Jeremiam
1320 603 1334 644 :
1374 586 1554 643 Nolite
1584 600 1682 641 att-

36 688 183 745 dire
212 686 390 745 verba
420 683 1059 756 pseudoprophetaruut,
1091 685 1182 757 qui
1216 697 1324 738 non
1356 700 1384 736 a
1418 694 1504 739 me
1526 679 1680 734 missi

34 789 225 844 sunt;
264 778 367 835 sed
405 792 503 835 sua
537 776 822 833 voluntate
840 783 1129 833 venerunt.
1154 774 1314 832 Unde
1339 788 1679 844 nequaquam

38 875 395 944 Prophetas,
427 871 523 928 sed
553 872 731 927 Divini
759 880 890 926 sunt
916 869 1252 942 appellandi,
1279 868 1372 940 qui
1401 866 1683 925 seductio-

40 984 193 1025 netn
248 966 459 1038 populo
506 965 823 1035 loquuntur.
882 963 1056 1019 Multo
1083 964 1229 1018 enim
1264 962 1459 1017 melius
1502 970 1587 1016 est
1619 960 1686 1014 ti-

41 1075 229 1117 more
282 1072 570 1130 prenarum
615 1055 911 1112 emendare
940 1067 1187 1127 peccata.
1213 1070 1376 1125 quam
1418 1068 1519 1124 spe
1558 1066 1684 1124 pro-

46 1166 377 1224 Sperornm
411 1150 609 1207 divinm
638 1147 931 1207 sententia:
961 1147 1267 1218 subiacere.

136 1245 340 1317 (Vers.
376 1244 466 1311 t5,
503 1240 616 1312 16.)
647 1239 777 1295 Ideo
803 1241 912 1295 lucc
938 1240 1063 1295 dict’t
1078 1237 1336 1295 Dominus
1357 1238 1420 1293 tle
1446 1237 1688 1307 Prophe-

48 1341 157 1403 tis,
189 1338 292 1410 qui
326 1335 636 1409 praplietant
664 1336 716 1388 in
744 1334 951 1391 nomine
975 1349 1119 1400 meo,
1146 1348 1276 1405 quos
1294 1348 1390 1406 ego
1420 1347 1520 1385 non
1546 1330 1686 1399 misi,

56 1432 318 1485 dicentes
352 1444 370 1482 :
400 1425 621 1482 Gladius
646 1434 692 1480 et
722 1429 883 1498 [antes
914 1441 1016 1478 non
1043 1426 1139 1479 erit
1165 1425 1223 1479 in
1241 1432 1380 1481 terra
1407 1421 1546 1477 hac:
1576 1421 1691 1494 gla-

54 1524 162 1577 dio
195 1531 247 1577 et
293 1524 434 1594 {ante
475 1527 843 1575 consumantur
882 1515 1162 1588 Propheta:
1208 1515 1310 1572 illi.
1354 1514 1423 1568 Et
1474 1515 1687 1584 populi,

55 1614 268 1687 quibus
298 1611 673 1687 prophetarum
692 1610 875 1683 [Vulg
909 1607 1245 1681 prapbetaut]
1264 1650 1278 1672 ,
1306 1607 1690 1676 projectieruut

58 1710 122 1765 in
157 1710 260 1764 mis
291 1706 583 1764 Jerusalem
618 1720 726 1780 prae
764 1705 901 1774 [ante
927 1712 973 1756 et
1019 1701 1229 1776 gladio,
1271 1710 1319 1757 et
1349 1716 1451 1755 non
1476 1700 1575 1753 erit
1602 1698 1692 1770 qui

1780 494 1872 564 qui
1898 504 2147 550 auctores
2174 494 2378 553 fuerint
2397 496 2693 568 peccandi,
2715 499 2830 554 sint
2856 498 3194 553 cruciatuum
3227 500 3386 556 socii.

1853 585 2035 655 (Vers.
2081 586 2193 658 i9.)
2238 588 2511 661 Numquid
2550 590 2832 662 projiciens
2867 588 3104 662 abjecisti
3144 587 3336 644 ludant
3367 606 3386 645 :

1784 689 1874 734 aut
1899 680 2031 736 Sion
2060 681 2361 737 abominata
2390 692 2463 737 est
2494 684 2672 738 anima
2698 684 2826 739 tua?
2852 700 3011 755 quare
3034 700 3158 754 ergo
3179 700 3387 755 percus-

1783 772 1899 826 sisti
1935 788 2056 841 nos,
2091 774 2164 826 ita
2196 782 2252 827 ut
2282 774 2429 830 nulla
2458 775 2525 830 sit
2548 776 2785 832 sanitas?
2819 773 3244 846 Exspectabimus
3290 792 3387 848 pa-

1786 880 1895 918 cem
1917 904 1935 933 ,
1962 875 2007 920 et
2035 882 2141 919 non
2168 876 2246 921 est
2271 867 2460 922 bonum
2488 884 2506 922 :
2535 877 2582 923 et
2607 878 2809 940 tempus
2849 870 3136 925 curationis
3160 910 3175 935 ,
3204 880 3251 923 cl
3280 885 3393 925 eccs

1789 954 2034 1010 turbatio.
2063 956 2287 1013 Miratur
2310 958 2582 1029 Propheta
2610 960 2753 1031 quod
2774 958 2967 1017 ludam
2990 970 3045 1017 et
3063 959 3389 1028 Jerusalem,

1788 1047 2016 1105 duarum
2061 1049 2298 1107 tribuum
2340 1050 2593 1108 videlicet
2633 1068 2890 1124 regnum,
2930 1055 3124 1125 inquo
3163 1065 3279 1111 erat
3307 1070 3395 1112 re-

1789 1141 1917 1212 ligio
1949 1143 2073 1211 Dei.
2116 1153 2172 1201 et
2205 1143 2415 1216 Templi
2456 1147 2833 1215 caeremonias,
2872 1148 3134 1204 Dominus
3168 1155 3275 1204 tam
3308 1166 3395 1205 re-

1790 1243 1954 1303 pente
1974 1234 2297 1307 proiecerit;
2330 1245 2386 1293 et
2412 1246 2561 1293 tanta
2592 1239 2931 1309 percusserit
2954 1242 3133 1311 plaga,
3165 1251 3222 1295 ut
3247 1241 3393 1297 nulla

1792 1325 1968 1397 possit
1995 1326 2239 1384 adhiberi
2274 1326 2567 1385 medicina.
2593 1327 3042 1402 Exspectabimus,
3077 1330 3270 1403 inquit,
3299 1349 3397 1399 pa-

1793 1435 1904 1474 cem
1931 1430 1980 1474 et
2014 1429 2214 1487 tempus
2240 1421 2554 1489 curationis,
2587 1430 2642 1476 et
2674 1423 2883 1476 nullunt
2914 1434 2997 1477 est
3031 1424 3232 1483 bonum
3261 1442 3276 1491 ;
3302 1404 3411 1480 sed.

1792 1523 2020 1571 econtra
2052 1512 2293 1569 turbatio
2322 1531 2337 1567 :
2371 1523 2429 1568 ut
2458 1514 2547 1569 ubi
2578 1518 2730 1584 prius
2760 1513 2936 1575 inerat
2967 1517 3148 1573 cultus
3181 1517 3279 1573 Dei
3321 1528 3404 1571 at-

1795 1619 1902 1675 que
1939 1604 2338 1675 tranquillitas,
2371 1604 2446 1663 ibi
2483 1604 2843 1663 wditionibus
2871 1617 2925 1664 et
2957 1607 3136 1664 hostili
3180 1608 3402 1665 fremitu

1795 1698 1978 1755 omnia
2005 1698 2437 1768 complerentur.
2475 1707 2499 1734 ει
2520 1698 2574 1754 Si
2606 1699 2827 1773 quando
2852 1716 2984 1772 ergo
3007 1710 3193 1758 nostra
3224 1701 3357 1761 Sion
3384 1742 3400 1769 ,

57 1802 301 1873 sepeliet
325 1816 411 1856 eos
439 1816 458 1856 :
487 1799 592 1869 ipsi
618 1808 665 1853 et
692 1812 877 1855 umores
905 1812 1083 1851 eorum
1101 1836 1116 1859 ,
1142 1796 1240 1863 ﬁlii
1265 1803 1311 1849 et
1334 1794 1460 1867 ﬁliae
1484 1810 1686 1856 eorum,
1722 1799 1772 1860 Β
1801 1800 2095 1861 nosterque
2122 1791 2261 1846 Juda
2289 1792 2562 1864 obiicitur,
2596 1803 2650 1847 et
2671 1793 3020 1853 abominatur
3039 1795 3192 1853 illum
3218 1798 3399 1853 anima

62 1904 117 1950 et
166 1894 446 1963 efnndam
486 1908 643 1963 super
672 1907 759 1946 eos
795 1889 991 1946 malum
1029 1898 1183 1944 suum
1209 1886 1353 1961 (sive
1379 1886 1521 1943 mula
1550 1886 1691 1954 sua).

63 1991 330 2045 Cavcant
357 1985 876 2061 pseudoprophetis,
898 1983 988 2054 qui
1018 1995 1277 2053 prospera
1303 1978 1691 2050 promittendo,

65 2082 445 2153 supplantant
480 2079 734 2149 populum
759 2076 893 2145 Dei,
926 2090 993 2130 ne
1021 2087 1070 2130 et
1106 2075 1204 2145 ipsi
1228 2079 1485 2143 pereant,
1519 2081 1573 2129 et
1598 2069 1697 2124 de-

65 2187 281 2248 ceptus
313 2175 550 2245 populus
580 2172 744 2229 simili
774 2171 1023 2227 deleatur
1062 2167 1284 2223 interitu
1307 2207 1322 2229 ,
1368 2166 1697 2235 iaceantque

68 2271 135 2326 in
173 2270 281 2324 viis
325 2266 627 2325 Jerusalem
653 2305 668 2331 ,
712 2270 770 2319 et
801 2261 1014 2316 Domini
1063 2268 1338 2331 praecepta
1376 2257 1652 2312 calcantes
1676 2295 1692 2317 .

70 2362 234 2417 fame
267 2369 322 2416 ct
361 2359 543 2430 gladio
570 2364 835 2428 pereant,
866 2363 923 2408 et
956 2369 1065 2407 non
1088 2351 1157 2406 sit
1181 2350 1273 2422 qui
1305 2348 1536 2420 sepeliat
1564 2363 1694 2415 eos;

71 2469 188 2513 nec
222 2452 576 2524 ignominiam
619 2464 806 2507 eorum
834 2447 1067 2518 pulvere
1096 2445 1307 2514 aperiat
1335 2442 1693 2513 paenitentum.

75 2549 153 2604 Et
184 2547 292 2617 ipsi
316 2546 459 2603 enim
492 2541 773 2621 protihetm
794 2549 850 2596 et
875 2538 1140 2613 populus,
1174 2550 1483 2604 uxoresque
1507 2549 1697 2589 eorum

73 2652 139 2697 et
185 2639 281 2699 lilii
333 2646 387 2695 et
434 2637 598 2701 ﬁlim,
638 2635 928 2705 omnisque
982 2630 1265 2702 generatio
1322 2629 1529 2699 absque
1589 2626 1699 2681 ullo

76 2733 423 2807 pollinctore
462 2728 573 2803 [ΑΙ.
621 2721 1009 2798 pollicitatore]
1043 2724 1093 2776 in
1125 2720 1529 2791 Sterquilinium
1569 2721 1697 2772 erit.

78 2822 297 2895 Quanti
330 2822 514 2891 jaceat
550 2819 605 2874 in
635 2818 738 2873 viis
775 2814 1085 2871 Jerusalem
1116 2813 1129 2867 !
1162 2820 1297 2882 quot
1319 2809 1594 2865 cernimus
1618 2809 1701 2862 in-

79 2917 339 2989 sepultos
364 2915 610 2985 recipere
631 2908 771 2964 mala
796 2922 921 2972 sua,
943 2920 1087 2976 quas,
1119 2901 1346 2958 Domino
1362 2899 1694 2968 eﬁ'undente,

82 3007 406 3083 patiuntur!

167 3100 353 3173 (Vers.
376 3093 491 3168 l7.)
524 3093 588 3148 Et
613 3093 751 3147 dices
777 3091 844 3145 ad
865 3107 950 3146 eos
981 3088 1189 3144 verbum
1209 3086 1351 3141 istud
1377 3101 1394 3140 :
1426 3082 1697 3139 Dedurant

1798 1884 1893 1940 Dei
1921 1925 1937 1952 ,
1971 1900 2312 1957 nequaquam
2341 1888 2623 1947 miremur.
2658 1888 2753 1945 sed
2787 1889 2959 1961 magis
2986 1888 3234 1949 dicemus
3257 1891 3403 1962 quod

1797 1975 2043 2049 sequitur
2071 1996 2084 2034 :
3249 2035 3254 2039 ,

1872 2068 2055 2141 (Yers.
2090 2068 2211 2140 ΞΟ.)
2262 2068 2605 2145 Cognovimus
2626 2112 2642 2139 ,
2680 2070 2926 2137 Domine,
2962 2074 3247 2146 impietate:
3280 2090 3402 2129 nos—

1800 2172 1907 2217 (ras
1927 2203 1942 2230 ,
1983 2173 2027 2219 et
2060 2164 2383 2234 iniquitatem
2417 2174 2624 2237 patrum
2655 2174 2949 2223 nostrorum
2973 2207 2988 2232 ,
3018 2166 3143 2238 quia
3172 2166 3403 2239 peccari-

1800 2270 1913 2311 mus
1945 2254 2057 2310 tibi.
2090 2254 2157 2311 Et
2188 2271 2321 2327 nos,
2360 2256 2567 2327 inquit,
2594 2266 2648 2310 ct
2672 2264 2858 2328 patres
2886 2259 3059 2317 nostri
3082 2259 3279 2315 eadem
3312 2258 3407 2314 de-

1801 2347 2005 2404 mentia
2026 2388 2041 2414 ,
2071 2346 2170 2404 Dei
2196 2358 2471 2420 praecepta
2494 2349 2835 2419 negleximus
2861 2368 2874 2405 :
2901 2360 2954 2409 ct
2988 2350 3208 2425 impleta
3241 2361 3323 2407 est
3350 2352 3406 2407 in

1802 2440 1961 2497 nobis
1984 2457 2235 2498 mensura
2264 2440 2432 2517 943
2466 2443 2765 2512 majorum;
2791 2451 2851 2503 ut
2875 2445 3138 2517 quidquid
3168 2445 3278 2502 illis
3309 2446 3403 2503 de-

1800 2530 1978 2592 fuerat
2000 2574 2014 2595 ,
2046 2543 2234 2589 nostro
2252 2536 2475 2590 cumulo
2500 2536 2888 2606 compleretur.
2917 2535 3074 2595 Unde
3092 2546 3150 2595 et
3166 2537 3239 2593 de
3260 2537 3405 2595 Juda

1801 2622 2005 2679 dicitur
2030 2642 2040 2678 :
2067 2622 2137 2678 In
2169 2627 2469 2680 memoriam
2499 2628 2675 2682 redeat
2704 2629 2951 2699 iniquitas
2978 2640 3191 2699 patrum
3212 2633 3323 2702 ejus
3350 2631 3409 2685 in

1801 2727 2083 2789 conspectu
2125 2716 2386 2773 Domini:
2427 2728 2475 2775 et
2518 2729 2783 2779 peccatum
2818 2721 3000 2777 matris
3020 2723 3137 2797 ejus
3170 2738 3277 2775 non
3312 2722 3408 2777 dc-

1802 2807 1991 2865 leatur.
2021 2806 2072 2863 F
2072 2809 2185 2865 iant
2208 2819 2395 2865 contra
2424 2808 2707 2867 Dominum
2731 2826 2964 2885 semper:
2986 2821 3037 2867 et
3058 2813 3319 2885 disponat
3347 2814 3412 2867 tle

1805 2910 1943 2957 terra
1972 2902 2222 2959 memoria
2250 2918 2427 2959 eorum
2448 2900 2625 2971 (Paul.
2659 2918 2824 2969 cvm,
2855 2904 2969 2973 Η).

1881 2992 2059 3063 (Vers.
2086 2993 2205 3066 21.)
2234 2991 2317 3049 Ne
2338 3010 2432 3048 nos
2454 2993 2543 3050 des
2560 2994 2617 3050 in
2642 2996 2974 3069 opprobrium
2994 3008 3208 3069 propter
3226 3015 3416 3057 nomen

1806 3099 1983 3156 tuum,
2025 3104 2189 3160 neque
2222 3089 2391 3161 facias
2426 3089 2578 3145 uobis
2618 3089 3006 3149 contumeliam.
3050 3090 3190 3148 Solii
3230 3094 3418 3166 gloria:

87 3193 235 3248 oculi
262 3191 358 3243 inci
387 3188 674 3261 lacrymam
705 3185 840 3257 (sive
874 3184 1131 3238 deducant
1164 3180 1303 3235 oculi
1340 3179 1490 3233 restri
1530 3178 1700 3249 lacrq-
1727 3180 1772 3243 C
1808 3190 1909 3235 tua:
1939 3181 2211 3239 recordare
2234 3196 2253 3234 :
2276 3197 2339 3237 ne
2359 3181 2567 3239 irritum
2584 3181 2749 3252 facias
2767 3183 2938 3253 [cadus
2954 3193 3100 3239 tuum
3123 3185 3409 3245 uobiscum.

87 3286 234 3359 mas)
282 3303 373 3355 per
408 3285 544 3338 diem
588 3291 633 3337 et
684 3290 922 3346 nectent,
964 3286 1141 3333 etnon
1182 3284 1381 3329 taceant
1426 3270 1569 3345 (sive
1600 3288 1705 3325 non

93 3377 343 3449 cessent),
368 3375 611 3449 quoniam
819 3369 1130 3425 contritione
1158 3383 1349 3442 magna
1378 3364 1600 3419 contrita
1630 3371 1704 3421 est

95 3475 249 3545 virgo
280 3471 389 3543 ﬁlia
420 3467 601 3541 populi
623 3466 751 3529 nni,
790 3464 950 3535 plaga
979 3461 1198 3531 pessima
1230 3460 1565 3511 vehementer.
1601 3456 1707 3509 Du-

96 3566 320 3636 pliciter
366 3561 453 3616 hic
497 3559 653 3614 locus
696 3555 1043 3623 intelligitur,
1086 3551 1185 3606 vcl-
1211 3548 1355 3622 quod
1398 3548 1517 3621 ipse
1561 3545 1706 3607 Deus

93 3659 327 3732 plangat
352 3652 613 3727 populum
656 3664 843 3709 suum.
882 3656 932 3701 et
966 3644 1108 3699 oculi
1142 3642 1260 3713 ejus
1287 3640 1421 3699 ﬂere
1450 3654 1559 3695 non
1588 3654 1710 3695 ces-

96 3761 229 3806 sent
255 3788 271 3813 ,
313 3747 393 3799 vel
439 3752 589 3803 certe
621 3741 854 3812 imperet
887 3745 945 3793 ut
982 3735 1306 3810 populorum
1349 3732 1491 3788 oculi
1525 3732 1708 3805 lacry-

98 3844 210 3900 mis
244 3840 452 3909 ﬂuant,
508 3851 610 3891 nec
656 3836 774 3890 leve
821 3847 944 3889 esse
989 3830 1133 3901 quod
1190 3827 1559 3902 plangendum
1608 3827 1706 3893 sit;

98 3952 231 3996 cum
274 3934 423 4002 virgo
468 3930 573 3985 lilia
635 3926 818 3998 populi
858 3926 941 3981 sui
996 3922 1329 3981 contritione
1375 3920 1608 3976 maxima
1654 3929 1711 3974 et

102 4029 268 4105 plaga
297 4022 625 4080 intolerabili
656 4034 910 4093 percussa
942 4018 1031 4075 sit.
1065 4015 1169 4072 Alii
1201 4030 1266 4070 ex
1306 4028 1540 4089 persona
1576 4011 1711 4066 Pro-

107 4121 297 4196 pheta)
317 4116 435 4173 haec
464 4114 573 4169 dici
606 4113 960 4168 arbitrantur.

184 4212 364 4284 (Vers.
391 4206 507 4279 i8.)
540 4206 601 4262 Si
636 4220 869 4281 egressus
896 4203 1042 4273 fuero
1082 4200 1152 4253 ad
1186 4214 1371 4270 agros,
1413 4212 1528 4251 ecce
1557 4196 1712 4250 occisi

102 4306 289 4383 gladio
312 4319 330 4359 :
356 4311 402 4356 et
431 4302 473 4353 si
502 4300 750 4353 introiero
771 4297 824 4350 in
845 4296 1136 4357 civitatem,
1164 4307 1277 4346 cccc
1297 4290 1549 4344 attenuati
1576 4290 1713 4361 fame

106 4381 258 4475 (sive
314 4394 489 4449 dolore
543 4388 743 4465 famis).
803 4386 1067 4456 Prop/tela
1118 4399 1318 4457 quoque
1370 4381 1713 4475 el-sucerdos

104 4471 350 4549 abierunt
386 4488 439 4541 in
466 4496 654 4540 terram
693 4498 849 4553 quam
885 4478 1217 4554 ignorabant.
1256 4475 1406 4535 Iusta
1436 4472 1547 4547 [Αἰ.
1578 4471 1712 4549 Ista]

107 4598 277 4641 causa
324 4577 615 4652 plangeudi
640 4617 654 4642 ,
685 4575 811 4648 quia
845 4572 997 4644 virgo
1028 4570 1261 4627 contrita
1292 4569 1393 4635 sit,
1437 4567 1543 4623 lilia
1585 4581 1714 4637 per-

110 4692 309 4744 cussa,
354 4674 692 4747 populusque
734 4669 969 4726 deletus.
1011 4665 1070 4723 Si
1102 4666 1287 4733 enim,
1322 4663 1523 4735 inquit,
1570 4660 1716 4716 foras

112 4774 273 4834 exire
300 4770 542 4833 voluero,
587 4762 904 4831 interfectos
937 4759 1168 4819 videbo:
1202 4759 1245 4812 si
1279 4756 1491 4831 ingredi
1521 4756 1720 4810 civita-

117 4878 259 4931 tem,
303 4867 614 4924 attenuatos
657 4865 713 4912 et
740 4856 957 4911 ossibus
988 4852 1074 4907 vix
1102 4851 1397 4919 horrentes,
1435 4848 1591 4911 famis
1623 4864 1720 4902 nc-

116 4957 377 5019 cessitate
403 4949 753 5021 conspiciant.
791 4947 857 5005 Et
900 4943 1029 5019 quid
1069 4944 1265 4998 mirum
1303 4940 1408 4995 hoc
1441 4940 1511 4995 de
1561 4939 1722 5011 plebe

117 5061 180 5108 et
210 5045 437 5121 ignobili
469 5043 626 5112 vulgo
667 5038 891 5093 dicere?
937 5051 1058 5091 eum
1102 5031 1392 5102 l’rottltctaa
1423 5048 1636 5104 quoque
1666 5039 1721 5085 et

118 5138 437 5201 sacerdotes
459 5176 472 5199 ,
508 5136 596 5209 qui
625 5133 748 5197 aliis
790 5144 1050 5201 prospera
1081 5123 1511 5197 propltetalntnt,
1544 5134 1599 5181 et
1630 5121 1719 5193 qui

119 5234 389 5295 debebant
410 5227 571 5301 Legis
594 5224 809 5296 aperire
831 5220 1106 5288 mandatu,
1132 5218 1237 5292 ipsi
1260 5217 1423 5272 ierint
1442 5217 1495 5271 in
1521 5226 1721 5273 terram

119 5344 285 5405 quam
315 5324 667 5395 ignorabant,
691 5327 747 5373 et
770 5313 1097 5388 captivitatis
1115 5311 1474 5369 sustinuerint
1495 5308 1718 5405 malum:

125 5400 367 5481 Audiam
401 5415 507 5477 hoc.
545 5412 715 5467 nostri
749 5408 1037 5485 Propheta:
1077 5415 1130 5461 et
1173 5400 1502 5460 Sacerdotes
1526 5441 1540 5468 ,
1579 5400 1721 5470 quin]

126 5531 231 5574 nec
266 5514 413 5571 intus
451 5523 551 5569 nec
578 5506 712 5571 [oris
740 5511 962 5578 propter
1002 5498 1384 5572 negligentiam
1427 5511 1614 5550 eorum
1655 5498 1722 5551 sit

124 5609 237 5671 una
283 5604 590 5667 securitas:
632 5598 773 5675 (μιωά
813 5605 872 5652 et
914 5611 1008 5651 eos
1048 5591 1415 5652 scandalizent
1455 5589 1546 5659 qui
1593 5589 1724 5651 loris

201 5829 226 5857 ι
256 5813 469 5889 vulgati
488 5850 509 5881 ,
539 5810 605 5871 Si
629 5826 751 5883 ergo
777 5806 1118 5881 quandoque,
1150 5812 1255 5863 etc.

1807 3271 2014 3327 Solium
2044 3271 2231 3342 gloria:
2274 3271 2367 3326 Dei
2400 3288 2508 3326 non
2552 3273 2730 3327 solum
2760 3274 3090 3329 arbitremur
3126 3274 3415 3349 Templum

1807 3362 2030 3429 Judmm,
2057 3364 2202 3433 quod
2227 3378 2371 3434 saepe
2393 3363 2731 3425 destructum
2761 3377 2864 3432 cst,
2884 3366 2982 3427 sed
3014 3384 3231 3427 onlnem
3258 3384 3418 3425 sanc-

1811 3466 1957 3522 tntn,
1987 3454 2015 3494 δ
2059 3456 2111 3511 in
2143 3472 2252 3528 quo
2277 3457 2426 3527 juxta
2459 3456 2593 3511 illud
2623 3457 2767 3529 quod
2795 3457 3059 3528 scriptum
3086 3471 3170 3522 est
3202 3479 3213 3513 :
3244 3459 3418 3519 Thro-

1812 3567 1939 3605 uum
1962 3553 2073 3624 ejus
2091 3552 2143 3605 in
2167 3561 2355 3606 terram
2383 3550 2618 3619 allisisti,
2653 3563 2781 3611 tunc
2823 3551 3087 3623 alliditur,
3118 3565 3287 3626 atque
3314 3555 3420 3616 de-

1819 3647 2069 3711 SIruitur,
2101 3645 2321 3717 quando
2350 3646 2693 3703 multitudine
2742 3655 3089 3717 peccatorum
3132 3648 3424 3711 θίῐυιιιιετίι

1816 3736 2016 3804 Dettm;
2059 3738 2154 3792 sed
2181 3746 2356 3794 tamen
2388 3739 2478 3808 qui
2509 3755 2606 3795 sua
2638 3740 2797 3811 culpa
2822 3740 3017 3810 periit,
3059 3742 3272 3799 Domini
3302 3743 3418 3801 cle-

1811 3835 2017 3889 mentia
2045 3840 2403 3897 sustentatur,
2430 3848 2556 3905 qua)
2581 3841 2820 3893 mutatur
2867 3834 3160 3895 severitate
3200 3844 3423 3895 sonten-

1815 3924 1928 3992 tiae,
1956 3923 2001 3980 si
2027 3924 2244 3985 irritum
2270 3924 2434 3985 faciat
2463 3925 2728 3983 Dominus
2748 3935 2965 4001 paetum
2988 3942 3170 4000 suurn,
3190 3946 3300 4004 quo
3320 3946 3426 3989 nos

1812 4018 1995 4075 salvOs
2022 4016 2231 4077 loturos
2260 4034 2382 4076 esse
2412 4019 2688 4088 pollicitus
2709 4031 2818 4077 est.

1887 4108 2071 4182 (γεγε.
2102 4109 2219 4182 22.)
2268 4110 2538 4183 Numquid
2576 4122 2696 4171 sunt
2722 4113 2779 4169 in
2804 4112 3384 4190 sculptilibusgcutiutu
3406 4161 3423 4186 ,

1815 4203 1904 4275 qui
1932 4204 2159 4274 pluunt:
2190 4214 2277 4259 aut
2307 4205 2419 4260 cwli
2459 4217 2674 4275 possunt
2714 4207 2840 4262 dare
2874 4207 3107 4265 imbres?
3142 4209 3335 4267 Nonae
3369 4224 3427 4270 tu

1815 4313 1891 4363 es,
1916 4294 2137 4355 Domine
2164 4295 2328 4365 Deus,
2361 4316 2510 4368 quem
2533 4300 2981 4372 exspectavimus?
3008 4312 3065 4357 tu
3090 4304 3228 4361 enim
3254 4304 3429 4377 fecisti

1816 4389 1991 4449 omnia
2017 4391 2146 4449 Ιιιεσ.
2189 4389 2320 4446 Post
2359 4391 2593 4458 multos,
2628 4392 2922 4463 variusque
2965 4409 3255 4452 sermones
3279 4397 3429 4455 redit

1819 4479 1885 4533 ad
1918 4480 2132 4533 titulum
2180 4481 2518 4551 prOphetim,
2555 4482 2609 4537 in
2653 4497 2764 4553 quo
2806 4485 3072 4553 scriptum
3115 4495 3246 4542 est:
3287 4490 3430 4558 quod

1742 4564 1797 4627 1)
1823 4573 2017 4642 factum
2045 4581 2117 4626 est
2145 4571 2346 4626 verbum
2379 4571 2588 4629 Domini
2606 4575 2678 4629 ad
2702 4572 2983 4633 Jerrmiam
3016 4579 3079 4631 de
3105 4579 3429 4639 sermonibus

1820 4664 2085 4718 siccitatis.
2119 4663 2262 4735 Ergo
2293 4664 2436 4734 quod
2467 4665 2630 4731 dicit,
2663 4669 2766 4721 hoc
2797 4678 2881 4722 est
2907 4684 2921 4720 :
2965 4669 3091 4738 quia
3115 4670 3425 4733 daemonum

1822 4748 2114 4811 simulacra
2141 4772 2246 4810 non
2276 4767 2504 4827 possunt
2532 4758 2758 4835 pluere,
2792 4775 2892 4816 nec
2920 4762 3046 4823 etpli
3078 4777 3179 4835 per
3209 4779 3269 4821 se
3296 4764 3432 4826 dare

1822 4850 2053 4905 imbrem
2086 4865 2242 4905 suum
2272 4867 2287 4905 :
2321 4850 2444 4907 ideo
2478 4860 2553 4917 tu,
2592 4854 2821 4912 Domine
2852 4854 2993 4915 Deus
3018 4867 3230 4926 noster,
3263 4875 3426 4931 quem

1825 4958 2041 5015 semper
2087 4946 2557 5014 exspectavimus,
2594 4946 2646 5001 in
2689 4962 2851 5018 quem
2892 4962 3018 5020 spes
3050 4957 3270 5011 nostras
3294 4967 3432 5013 oon-

1827 5036 2092 5090 vertimus
2139 5045 2195 5091 et
2224 5044 2376 5106 vota,
2431 5048 2484 5091 tu
2526 5039 2593 5095 da
2625 5039 2866 5109 pluviam
2920 5024 3090 5103 tuam.
3127 5042 3242 5107 Tua
3276 5047 3430 5104 enim

1830 5136 1956 5185 sunt
1982 5129 2192 5195 omnia;
2224 5129 2562 5201 etquidqnid
2591 5129 2720 5186 boni
2747 5140 2851 5203 est,
2884 5135 3002 5195 sine
3035 5147 3114 5205 te,
3144 5136 3298 5208 cujus
3325 5148 3431 5207 est,

1830 5218 1948 5273 dari
1976 5233 2083 5274 non
2110 5227 2308 5289 potest.
2344 5219 2598 5276 Dicamus
2641 5220 2744 5276 hoc
2773 5233 2828 5277 et
2870 5233 3062 5289 contra
3110 5225 3431 5297 haereticos,

1829 5307 1924 5381 qui
1964 5308 2197 5383 pluviam
2244 5308 2619 5366 doctrinarum
2668 5313 2911 5377 tribuere
2938 5332 3046 5371 non
3073 5330 3302 5388 possunt
3334 5338 3346 5373 :
3377 5328 3435 5377 et

1829 5417 1956 5457 cum
1990 5418 2050 5457 se
2077 5405 2248 5459 eteius
2287 5419 2410 5460 esse
2454 5407 2812 5479 promittant,
2857 5418 2912 5463 et
2952 5409 3018 5464 de
3067 5425 3129 5465 se
3168 5413 3432 5485 scriptum

1830 5494 2138 5566 glorientur
2167 5513 2178 5550 :
2205 5495 2329 5552 Caeli
2348 5509 2591 5553 cnarrant
2608 5499 2828 5573 gloriam
2853 5498 2951 5555 Dei
2970 5498 3143 5572 (Psal.
3168 5518 3321 5570 xvttt,
3346 5504 3430 5574 i):

1834 5597 2012 5645 tamen
2047 5588 2249 5646 imbres
2289 5607 2397 5645 non
2438 5603 2668 5663 possunt
2698 5592 2904 5649 donare
2940 5590 3230 5657 doctrinae.
3274 5595 3435 5654 Solus

1908 5797 1932 5836 ι»
1965 5796 2199 5863 Voculas
2220 5840 2233 5867 ,
2256 5800 2313 5855 in
2336 5816 2463 5872 quo,
2494 5815 2563 5861 es
2593 5816 2731 5863 mss.
2760 5809 2822 5859 ct
2847 5798 3073 5867 Datiano
3098 5803 3436 5867 solistimis.
