3972 6322
647 215 755 273 ’175
1894 209 1954 267 S.
1998 198 2274 268 EUSEBll
2314 201 2623 265 HIERONY
2634 208 2701 263 Ml
3830 208 3884 265 ill

646 341 732 388 est
761 331 906 388 enim
943 331 1085 384 Deus
1114 327 1206 398 qui
1235 341 1392 383 suum
1415 327 1652 383 instruat
1682 326 1966 397 populum,
1991 335 2047 383 et
2075 327 2256 382 diver-
2283 328 2330 388 Λ
2361 325 2588 397 (Philip.
2631 328 2748 397 ιιι),
2781 327 3147 390 posteriorum
3185 324 3557 392 obliviscens,
3592 325 3662 380 ad
3697 326 3886 394 prioris:

646 426 834 480 sitates
861 422 1047 492 gratias
1071 421 1275 476 tribuat
1298 420 1749 492 exspectantibus
1772 435 1853 475 se.
2353 419 2652 475 extendere
2701 418 2993 486 debuerit,
3039 434 3073 476 e
3099 419 3380 475 contrario
3423 431 3736 475 retroversa
3776 422 3885 478 situ

715 515 870 585 (ϐψ.
903 514 1019 570 XV.
1046 545 1112 554 —
1143 514 1300 570 Vers.
1334 512 1413 586 l.)
1447 513 1512 568 Et
1551 514 1685 568 dixit
1723 513 1974 568 Dominus
2013 514 2082 567 ad
2130 530 2207 566 me
2229 530 2248 568 :
2353 511 2633 584 [Egyptias
2657 529 2857 570 carnes
2885 513 3236 571 desiderarit.

646 611 706 666 Si
730 609 924 665 steterit
974 608 1179 679 Moyses
1217 619 1263 662 et
1305 607 1520 664 Samuel
1562 624 1738 663 coram
1779 624 1857 661 nte
1885 609 2029 679 (sive
2067 615 2248 661 contra
2419 606 2584 680 95,5
2609 607 2677 662 Et
2701 608 2974 664 extendam
3002 627 3214 664 manum
3236 625 3400 663 meum
3421 625 3590 680 super
3612 617 3679 674 te,
3701 617 3745 664 et
3759 611 3885 670 interi

643 703 746 776 me)
794 722 897 758 non
931 714 1004 758 est
1037 703 1212 757 anima
1242 720 1352 758 mea
1390 703 1460 757 ad
1481 701 1733 775 populum
1752 703 1930 756 istum.
1961 701 2071 758 Hos
2101 701 2247 756 enim
2353 700 2484 752 ciam
2506 709 2554 754 te
2574 716 2593 755 :
2620 701 2853 755 laboravi
2878 711 3090 775 rogatus
3112 701 3260 774 (sive
3281 700 3508 772 rogans)
3533 719 3545 753 ε
3572 715 3675 772 pro
3695 717 3786 772 quo
3802 701 3886 756 [Μ

642 799 876 871 legimus
901 797 996 854 irae
1019 797 1230 853 Domini
1257 813 1354 868 pro
1379 797 1582 868 populo
1612 798 1911 863 restitisse,
1938 805 1993 851 et
2013 795 2125 865 jam
2151 796 2250 848 im-
2356 795 2754 850 transtulerunt
2780 811 2794 847 :
2820 810 3146 865 nequaquam
3196 794 3339 848 ultra
3391 793 3665 847 dimittam
3698 810 3791 848 eos.
3827 795 3888 849 il;-

642 889 970 961 pcndentem
1015 891 1282 947 avertisse
1327 891 1682 946 sententiam.
1719 890 1870 954 Etsi,
1915 889 2118 958 inquit,
2171 886 2247 942 illi
2353 901 2454 940 nus
2485 896 2738 952 extenta,
2780 888 3142 958 percutientis
3179 887 3441 942 indicium
3486 897 3581 942 est
3613 905 3626 942 :
3655 888 3889 943 interiectio

2354 987 2729 1048 peccatorum,
2780 979 2918 1034 iram
2972 979 3247 1051 signiﬁcat
3291 989 3753 1036 consummatam.
3794 981 3889 1049 Quod

2351 1080 2533 1126 autem
2562 1071 2750 1126 intulit
2786 1089 2798 1124 :
2832 1070 3095 1127 Laboravi
3122 1081 3362 1145 rogatus,
3391 1073 3515 1128 sive
3537 1089 3746 1142 rogans,
3776 1074 3889 1144 dupli-

2353 1177 2472 1218 cem
2515 1163 2681 1219 habet
2723 1179 2974 1231 sensum,
3009 1165 3156 1235 quod
3185 1165 3300 1234 jam
3332 1164 3610 1222 deiecerit
3642 1165 3891 1230 Deus,cn-

2355 1256 2453 1311 bro
2481 1255 2562 1311 eis
2593 1257 2956 1327 ignoscendo,
2991 1267 3045 1314 et
3073 1259 3256 1312 lassus
3279 1258 3352 1312 sit
3383 1272 3611 1329 semper
3642 1274 3733 1314 eos
3752 1275 3890 1331 proro-
3925 1255 3931 1330 l

2355 1363 2489 1404 cans
2511 1348 2578 1404 ad
2613 1349 2872 1406 salutem.

2426 1442 2620 1512 (Vers.
2671 1441 2761 1516 7.)
2812 1443 2880 1498 Et
2919 1444 3217 1516 dispergant
3250 1460 3338 1499 eos
3365 1445 3660 1499 ventilabro
3703 1446 3752 1499 in
3784 1449 3894 1515 ponii

2355 1546 2504 1592 terrae
2553 1536 2708 1610 (sive
2755 1538 2936 1610 pepuli
2974 1538 3135 1610 mei).
3169 1537 3418 1608 lnterfeci
3454 1549 3505 1593 et
3547 1538 3893 1614 perdidi[l'nlg.

2355 1629 2666 1704 disperdidi]
2696 1631 2947 1703 papulum
2976 1649 3180 1702 meum;
3220 1642 3270 1687 et
3318 1642 3494 1687 tamen
3524 1651 3558 1687 a
3599 1635 3691 1689 uiis
3711 1635 3802 1688 suis
3830 1653 3894 1688 nos

2281 1715 2330 1775 Β
2355 1732 2473 1778 sunt
2494 1726 2701 1779 reversi.
2733 1724 2872 1792 Quid
2907 1725 3132 1796 prodest
3162 1726 3360 1796 saepius
3393 1741 3485 1781 me
3512 1728 3722 1798 rogari,
3759 1742 3851 1782 cum
3877 1742 3892 1778 ι

2361 1817 2465 1871 viis
2490 1818 2608 1872 suis
2637 1818 2892 1888 pessimis
2922 1833 3027 1874 non
3057 1828 3427 1884 revertantur,
3464 1833 3572 1875 nec
3601 1830 3752 1890 agant
3778 1820 3893 1891 poeni.

2361 1913 2628 1969 tentiam?
2670 1913 2915 1982 Dispersi
2973 1917 3117 1970 enim
3163 1930 3259 1970 eos
3306 1915 3465 1985 quasi
3513 1914 3826 1979 ventilabro,
3863 1929 3893 1966 ιιι

2359 2024 2647 2079 purgarem
2677 2024 2862 2063 aream
2897 2025 3098 2064 meam.
3134 2009 3199 2064 Et
3221 2008 3470 2080 dispersi
3504 2009 3561 2064 in
3587 2012 3747 2081 portis
3767 2021 3892 2070 terra.

2358 2115 2416 2158 ut
2459 2103 2662 2160 inferni
2696 2103 3102 2176 quodammodo
3132 2107 3413 2159 calcat-ent
3445 2104 3659 2159 limina.
3694 2105 3754 2159 Et
3779 2105 3892 2160 inter-

2358 2199 2490 2255 l'erei
2515 2209 2569 2255 et
2591 2199 2805 2272 perdidi
2838 2201 3096 2271 potiulum
3132 2217 3310 2256 meum
3335 2243 3349 2267 ,
3383 2212 3442 2258 ut
3482 2203 3660 2259 coacti
3697 2203 3891 2257 malorum

2357 2292 2709 2358 necessitate,
2740 2292 3114 2360 impendentia
3145 2291 3380 2348 vitarent
3407 2295 3576 2348 mala.

2429 2383 2619 2454 (Vers.
2647 2382 2730 2455 8.)
2763 2384 2813 2438 Μ
2824 2383 3134 2455 ultiplicata:
3162 2394 3284 2440 sunt
3315 2383 3446 2438 mihi
3489 2386 3656 2439 vidua:
3699 2388 3795 2458 ejus
3830 2402 3888 2438 sr-

2356 2493 2446 2547 per
2476 2493 2688 2530 arenam
2719 2478 2880 2531 maris
2921 2494 2939 2531 .'
2978 2478 3164 2532 induxi
3194 2478 3266 2533 eis
3299 2494 3459 2548 super
3507 2488 3714 2533 matrem
3750 2477 3890 2531 adoles

2355 2573 2517 2624 sentis
2546 2577 2862 2624 vastatorem
2890 2569 3108 2624 meridie
3137 2587 3155 2624 :
3184 2570 3301 2624 misi
3319 2587 3478 2641 super
3502 2572 3722 2626 civitates
3747 2581 3888 2640 rtptnle

2355 2669 2622 2716 terrorem.
2657 2661 2905 2718 Diversis
2947 2663 3404 2719 medicaminibus
3470 2667 3624 2737 cupit
3670 2665 3791 2720 Deus
3819 2664 3888 2716 sal-

2357 2768 2484 2808 vare
2523 2765 2811 2823 peccantes
2842 2771 2856 2809 :
2885 2764 2945 2810 ut
2967 2756 3057 2826 qui
3080 2767 3539 2826 contempserant
3567 2756 3883 2813 blandientem,

2356 2845 2587 2902 timeant
2615 2848 3068 2905 comminantem.
3108 2849 3294 2905 Vidua:
3320 2851 3687 2922 multiplicatos
3713 2860 3806 2906 sunt
3826 2866 3885 2904 ni-

642 986 927 1054 steterint,
969 987 1056 1043 vel
1105 987 1159 1041 in
1208 995 1505 1056 conspectu
1555 999 1716 1051 meo,
1762 982 1849 1038 vel
1893 991 2084 1036 contra
2131 995 2250 1045 me,

642 1095 875 1150 quorum
927 1079 1021 1135 uni
1065 1079 1203 1134 dixit
1245 1079 1434 1134 Deus:
1477 1077 1690 1132 Dimitte
1734 1093 1849 1142 nte,
1885 1084 1932 1129 et
1966 1075 2249 1147 percutiam

644 1173 899 1243 papulum
937 1173 1092 1225 istum
1115 1169 1316 1244 (Exod.
1349 1185 1504 1225 xxx"
1526 1211 1540 1235 ,
1574 1171 1703 1238 l0):
1735 1179 1916 1223 tamen
1950 1183 2056 1220 non
2089 1181 2254 1221 exau-

645 1265 791 1341 diam
818 1281 832 1318 :
857 1263 1116 1334 quoniam
1145 1272 1522 1318 consummata
1552 1270 1680 1317 sunt
1699 1261 1909 1317 scelera
1939 1259 2125 1330 populi
2155 1258 2251 1313 de-

649 1355 967 1422 linquentis.

721 1445 870 1518 Ejice
895 1445 1001 1519 (vel
1029 1447 1222 1519 emitte)
1262 1445 1379 1501 illos
1400 1464 1432 1499 a
1463 1447 1593 1516 facie
1625 1462 1735 1498 mea
1759 1486 1773 1511 ,
1816 1453 1865 1499 et
1891 1445 2248 1518 egrediantur.

645 1539 764 1596 Non
801 1539 922 1595 loco
957 1542 1218 1596 recedunt
1246 1555 1276 1595 a
1313 1540 1426 1595 Deo
1452 1537 1620 1611 944
1649 1548 1964 1608 peccatores
1984 1580 1998 1602 ,
2030 1538 2126 1593 sed
2154 1553 2251 1591 vo—

648 1631 860 1688 luntate
893 1650 904 1685 :
937 1648 1266 1702 quamquam
1297 1632 1541 1703 legamus
1573 1641 1626 1686 et
1655 1629 1827 1685 Adam
1861 1640 1914 1684 et
1941 1628 2072 1684 Cain
2100 1629 2246 1699 ejec-

648 1738 732 1782 tos
765 1741 886 1782 esse
908 1743 937 1780 a
973 1727 1106 1783 facie
1135 1727 1230 1782 Dei
1265 1723 1420 1799 (Gen.
1453 1741 1510 1780 ιιι
1542 1737 1588 1780 et
1621 1725 1759 1795 vni).

719 1819 899 1892 (Vers.
932 1821 989 1888 2,
1023 1819 1104 1894 3.)
1138 1821 1291 1886 Quod
1331 1821 1376 1875 si
1407 1820 1632 1875 dixerint
1662 1819 1730 1872 ad
1752 1827 1799 1874 te
1824 1837 1842 1874 :
1872 1819 1986 1887 Quo
2024 1818 2254 1888 egredie-

650 1915 800 1968 mur?
825 1913 977 1968 Dices
1003 1913 1072 1966 ad
1099 1929 1223 1968 eos:
1257 1911 1386 1967 Haec
1410 1912 1536 1966 dicit
1565 1910 1841 1965 Dominus.
1871 1910 1972 1978 Qui
2003 1911 2072 1962 ad
2111 1925 2251 1963 rnor-

644 2017 767 2074 tent,
791 2006 860 2060 ad
881 2016 1093 2062 mortem
1115 2021 1133 2068 ξ
1162 2015 1210 2060 et
1236 2005 1322 2076 qui
1346 2006 1414 2058 ad
1435 2005 1688 2075 gladium,
1711 2005 1780 2057 ad
1803 2003 2072 2077 gladium;
2095 2012 2140 2057 et
2163 2003 2251 2070 qui

645 2101 714 2154 ad
733 2103 922 2171 fantem
948 2141 964 2166 ,
991 2099 1059 2152 ad
1077 2103 1301 2166 famem;
1324 2108 1372 2153 et
1393 2099 1481 2169 qui
1501 2097 1570 2151 ad
1589 2097 1961 2166 captivitatem,
1987 2095 2056 2149 ad
2082 2095 2251 2163 capti-

648 2192 875 2248 vitatem.
896 2190 964 2245 Et
981 2192 1199 2246 visitabo
1221 2207 1375 2260 super
1413 2206 1497 2245 eos
1512 2188 1622 2262 [ΑΙ.
1649 2187 1760 2260 vos]
1783 2198 2005 2260 quatuor
2023 2189 2215 2257 species
2235 2230 2250 2256 ,

649 2283 773 2338 dicit
808 2283 1081 2349 Dominus,
1107 2283 1345 2357 gladium
1377 2282 1447 2337 ad
1469 2282 1802 2344 occisionem,
1834 2291 1881 2334 et
1911 2297 2064 2335 canes
2086 2280 2154 2333 ad
2175 2280 2255 2334 la-

651 2377 932 2431 cerandum
961 2375 1074 2449 [AL
1113 2374 1466 2448 intrandum],
1509 2385 1555 2431 et
1597 2373 1829 2430 volatilia
1851 2374 1964 2428 cwli
1986 2381 2034 2428 et
2069 2374 2254 2428 bestias

647 2479 800 2525 terra:
825 2471 894 2523 ad
916 2469 1286 2532 deuorandum,
1309 2477 1356 2522 et
1379 2467 1759 2531 dissipandum.
1776 2467 2021 2533 Quatuor
2043 2466 2249 2536 plagas,

647 2561 847 2633 quibus
887 2560 1118 2616 traditus
1152 2570 1239 2617 est
1271 2560 1504 2631 populus
1535 2559 1880 2626 Judteorum,
1916 2559 2079 2614 etiam
2122 2559 2254 2614 Eze-

645 2646 844 2710 chielis
860 2653 1146 2725 prophetia
1166 2651 1535 2717 demonstrat,
1559 2651 1825 2722 gladium,
1856 2651 2248 2722 pestilentiam,

647 2746 881 2811 famem,
925 2745 1125 2801 bestias
1158 2753 1214 2799 et
1251 2744 1621 2814 captivitatem
1665 2741 1880 2816 (Ezech.
1928 2745 2060 2814 xrv).
2107 2742 2251 2798 lnter

646 2839 852 2894 bestias
899 2847 1079 2892 autem
1124 2851 1288 2893 canes
1333 2850 1548 2908 quoque
1592 2845 1649 2893 et
1692 2835 1932 2891 volatilia
1972 2835 2246 2905 intelligo,

644 2930 840 3003 quibus
884 2930 1170 2986 laceranda
1200 2940 1255 2986 ει
1293 2929 1636 2996 ἀθνοηιηίιδ,
1681 2938 1739 2986 et
1777 2929 2093 3001 diSSipanda
2130 2944 2249 2984 00F
2355 2954 2446 3006 per
2475 2956 2682 2994 arenam
2714 2942 2893 3010 maris,
2925 2941 3235 2998 interiectis
3265 2943 3433 3007 viris;
3467 2953 3694 3010 matres,
3719 2942 3883 3017 perditis

647 3039 779 3095 pora
806 3024 1000 3080 tradita
1030 3034 1177 3082 sunt.
1205 3024 1390 3097 Neque
1419 3024 1567 3081 enim
1590 3024 1712 3080 ﬁeri
1738 3034 1972 3096 poterat,
2005 3035 2061 3080 ut
2081 3023 2248 3080 Crea-
2298 3105 2301 3106 ν
2354 3029 2562 3098 liberis,
2589 3048 2813 3089 sensere
2843 3043 3170 3100 vastantem,
3206 3051 3312 3091 non
3348 3036 3400 3090 in
3425 3047 3594 3094 nocte
3622 3048 3674 3094 et
3690 3053 3771 3106 per
3795 3036 3883 3090 lini-

649 3127 769 3175 tore
798 3119 1076 3191 neglecto,
1104 3134 1214 3176 non
1247 3120 1498 3176 universa
1523 3129 1776 3175 creatura
1807 3130 2157 3191 consurgeret
2190 3118 2246 3174 in
2276 3105 2321 3168 C
2353 3121 2490 3189 dias,
2519 3123 2613 3178 sed
2641 3124 2786 3180 clara
2832 3126 2954 3182 luce
2988 3143 3001 3180 :
3034 3137 3094 3182 ut
3119 3127 3374 3183 ostendat
3399 3139 3650 3199 apertam
3692 3105 3788 3182 vini
3824 3125 3883 3180 ad-

647 3220 985 3283 peccatores.
2351 3217 2578 3272 versarii
2608 3217 2871 3274 fortioris.
2911 3218 3054 3286 Misi,
3090 3220 3302 3291 inquit,
3332 3237 3490 3293 super
3521 3223 3761 3286 civitates,
3788 3217 3882 3274 haud

715 3309 898 3380 (Vers.
927 3308 1008 3381 4.)
1034 3307 1101 3364 Et
1129 3310 1262 3364 dabo
1293 3325 1378 3364 eos
1404 3309 1458 3362 in
1490 3312 1740 3380 fervorem
1771 3308 1910 3380 (sive
1943 3309 2244 3362 commotio-
2348 3309 2571 3365 dubium
2595 3313 2728 3382 quin
2755 3311 2913 3381 Juda,
2946 3323 3000 3368 et
3027 3313 3209 3384 populi
3241 3317 3584 3386 peccatoris,
3614 3325 3796 3385 repente
3818 3322 3882 3364 ter

641 3420 758 3459 nent
782 3412 830 3456 et
855 3402 1149 3477 angustias)
1184 3403 1435 3457 universis
1455 3401 1628 3475 regnis
1659 3411 1809 3455 terra:
1831 3442 1845 3468 ,
1879 3411 2088 3472 propter
2123 3399 2238 3454 Ma-

639 3512 824 3551 nassen
855 3493 1023 3565 filium
1058 3493 1291 3548 Ezecltiw
1323 3494 1459 3564 regis
1487 3492 1519 3546 Ι
1529 3493 1654 3556 uda,
1686 3509 1841 3564 super
1869 3493 2106 3546 omnibus
2125 3508 2242 3563 quae

638 3590 764 3658 fecit
783 3588 837 3641 in
860 3586 1172 3641 Jerusalem.
1190 3587 1444 3658 Legimus
1469 3585 1524 3641 in
1547 3587 1767 3641 Dierum
1794 3586 2099 3654 volumine,
2128 3587 2238 3642 Ma-

641 3693 841 3735 nassen
884 3688 1010 3749 post
1039 3679 1408 3748 captivitatem
1440 3687 1497 3734 et
1537 3679 1913 3748 pmnitentiam
1954 3694 2235 3735 reversum

637 3770 693 3826 in
732 3769 1035 3826 Jerusalem
1079 3778 1244 3842 atque
1283 3785 1544 3842 regnasse
1578 3768 1648 3842 (ll
1691 3768 1820 3823 Par.
1870 3769 2082 3844 sntit).
2129 3771 2232 3828 Sed

635 3862 915 3935 quomodo
944 3871 1258 3919 sanctorum
1283 3863 1472 3918 merita
1501 3862 1841 3918 descendunt
1866 3861 1931 3917 ad
1960 3873 2230 3933 posteros,

630 3956 776 4012 sicut
797 3953 965 4010 David
992 3964 1048 4010 et
1071 3963 1396 4010 caeterorum
1429 3973 1440 4008 :
1467 3955 1545 4010 sic
1568 3962 1913 4024 peccatorum
1937 3953 2162 4025 ﬂagitia,
2186 3955 2230 4011 si

629 4047 786 4103 liberi
817 4061 1154 4119 nepotesque
1185 4048 1384 4103 similia
1414 4050 1716 4120 gesserint,
1741 4048 1808 4104 ad
1835 4059 2084 4120 posteros
2110 4064 2233 4122 per-

627 4141 871 4197 veniunt.
918 4141 1073 4208 Quod
1115 4154 1297 4196 autem
1323 4140 1457 4197 dicit
1489 4159 1500 4194 :
1536 4140 1684 4195 Dabo
1724 4158 1810 4196 eos
1852 4142 1907 4195 in
1938 4146 2224 4210 fervorem,

624 4233 741 4288 sive
771 4233 1162 4288 commotionem
1183 4242 1228 4287 et
1257 4233 1523 4308 angustias
1555 4234 1804 4289 universa:
1829 4243 2012 4300 teme,
2041 4243 2096 4289 et
2125 4234 2227 4290 sub

624 4324 942 4397 Babyloniis
961 4340 1027 4381 ex
1050 4336 1202 4396 parte
1229 4325 1564 4396 completum
1591 4335 1697 4393 est,
1721 4336 1944 4382 einunc
1972 4327 2226 4398 expletur

621 4421 676 4476 in
707 4428 843 4486 toto,
872 4419 1091 4492 quando
1123 4421 1418 4489 pessimum
1454 4436 1640 4494 regem
1662 4464 1678 4490 ,
1716 4432 1771 4478 ct
1798 4422 1888 4494 qui
1929 4423 2222 4492 repleverit

2347 3419 2516 3459 rorem
2541 3419 2560 3458 :
2586 3412 2643 3458 ut
2675 3415 2879 3475 quanto
2909 3405 3010 3462 fuit
3036 3407 3279 3462 subitum
3311 3407 3544 3474 malum,
3577 3418 3719 3464 tanto
3742 3404 3881 3461 dillici-

2345 3494 2450 3550 lius
2478 3503 2627 3552 esset
2648 3497 2936 3569 eiiugium.

2417 3590 2609 3660 (Vers.
2655 3592 2753 3664 9.)
2792 3591 3074 3662 Inﬁrmata
3102 3604 3175 3648 est
3207 3595 3362 3664 (sive
3389 3595 3609 3666 abiecit,
3648 3603 3733 3648 aut
3767 3605 3878 3646 turre

2339 3684 2484 3752 facta
2521 3683 2628 3756 est)
2671 3701 2787 3752 qua:
2816 3687 3015 3757 peperit
3045 3695 3241 3757 septem
3272 3686 3422 3760 (sive
3449 3683 3758 3760 plurimos);
3781 3686 3877 3750 delc

2339 3777 2406 3831 cit
2450 3779 2625 3832 anima
2653 3781 2808 3851 ejus:
2836 3779 3025 3833 occidit
3071 3780 3118 3833 ei
3154 3778 3255 3848 sol,
3285 3797 3401 3835 cum
3446 3781 3619 3835 adhuc
3651 3786 3765 3834 esset
3802 3775 3877 3828 diu

2340 3871 2465 3941 (aut
2493 3873 2696 3927 medius
2735 3873 2900 3942 dies).
2933 3871 3162 3944 Confusa
3205 3883 3299 3938 est,
3346 3883 3393 3928 et
3443 3874 3754 3929 erubuit:et
3787 3867 3874 3922 mi-

2336 3965 2464 4018 duos
2493 3967 2607 4036 ejus
2632 3967 2684 4018 in
2717 3964 2953 4036 gladium
3001 3965 3136 4020 dabo
3181 3967 3235 4020 in
3287 3981 3566 4037 conspectu
3611 3964 3871 4020 inimicorum

2333 4071 2534 4123 eorum,
2566 4057 2639 4111 ait
2669 4055 2948 4113 Dominus.
2981 4057 3140 4128 Saepe
3164 4057 3410 4113 diximus
3439 4059 3662 4115 verbum
3695 4054 3872 4113 llebrai-
3930 4081 3931 4120 ί

2331 4166 2456 4205 cum
2486 4165 2615 4205 sana
2639 4150 2837 4222 (mw),
2869 4149 2954 4206 vel
2980 4161 3193 4222 septem,
3225 4152 3308 4206 vel
3324 4155 3683 4224 juramentum
3701 4161 3869 4208 sonare,
3930 4127 3931 4186 ἶ

2331 4242 2417 4297 vel
2467 4243 2745 4314 plurimos.
2794 4241 2949 4299 Unde
2991 4252 3049 4299 et
3091 4243 3308 4300 diversa
3359 4254 3446 4300 est
3498 4238 3870 4315 interpretatio:

2329 4336 2549 4408 Aquila.
2573 4337 2933 4408 Septuaginta
2965 4348 3019 4392 et
3044 4337 3449 4405 'l‘lieodotioue,
3473 4350 3662 4410 septem
3693 4333 3869 4391 transit

2331 4429 2580 4484 rentibus
2611 4446 2622 4482 :
2648 4428 3003 4500 Symmacho,
3031 4430 3308 4498 plurimos.
3341 4430 3474 4499 Quae
3504 4429 3666 4500 igitur
3687 4436 3788 4482 erat
3807 4423 3864 4476 di-

618 4512 921 4571 Jerusaletn
949 4529 979 4568 a
1007 4524 1161 4583 porta
1185 4530 1356 4586 usque
1377 4514 1444 4570 ad
1471 4524 1682 4585 portam
1708 4531 1904 4572 cruore
1920 4517 2216 4587 iustorum,
2249 4498 2299 4558 υ
2329 4537 2423 4576 ves
2452 4521 2666 4587 liberis,
2690 4498 2825 4576 orba
2857 4521 3043 4577 subito
3085 4521 3226 4577 iacta
3259 4498 3380 4587 est,
3403 4534 3457 4578 et
3493 4498 3634 4578 clara
3660 4521 3764 4576 luce
3786 4516 3866 4570 dis-

615 4608 850 4681 populus
905 4609 1147 4664 imitatus
1203 4619 1285 4665 est
1346 4609 1567 4679 impius.
1621 4609 1700 4664 Ex
1749 4625 1860 4680 quo
1915 4609 2214 4675 discimus,

612 4720 802 4776 regum
829 4720 893 4760 ac
916 4704 1228 4776 principum
1251 4746 1266 4770 ,
1305 4714 1360 4760 et
1387 4704 1801 4776 pra-positorum
1831 4704 2066 4771 scelere,
2113 4719 2210 4775 po-

612 4797 770 4868 pulos
791 4798 1112 4870 plerumque
1131 4796 1328 4853 deleri.

682 4891 868 4963 (Vers.
917 4892 998 4962 5.)
1038 4893 1168 4959 Quis
1213 4892 1349 4945 enim
1384 4890 1709 4945 miserebitur
1735 4891 1843 4956 tui,
1878 4890 2212 4949 Jerusalem?

608 4991 701 5038 aut
723 4987 839 5053 quis
881 4985 1268 5038 contristabitur
1298 5000 1392 5055 pro
1419 4983 1504 5038 te?
1534 4993 1623 5038 aut
1647 4985 1760 5054 quis
1787 4984 1878 5038 ibit
1921 4985 1991 5039 ad
2013 5002 2208 5058 rogan-

607 5077 734 5131 dum
754 5093 848 5148 pro
870 5093 995 5146 pace
1019 5079 1148 5130 tua?
1174 5075 1393 5131 Nullum
1421 5076 1568 5132 enim
1598 5085 1800 5146 potest,
1833 5078 2043 5134 ollenso
2074 5081 2205 5148 Deo,

605 5187 707 5244 pro
741 5171 960 5242 ﬂagitiis
996 5185 1192 5241 rogare
1234 5172 1609 5242 peccantium;
1653 5173 1777 5243 quia
1813 5187 1912 5228 nec
1943 5183 2050 5227 tam
2092 5174 2204 5228 cle-

605 5280 765 5321 mens
802 5273 982 5335 potest
1011 5272 1264 5319 creatura
1296 5278 1460 5334 quam
1500 5262 1753 5319 conditor
1801 5279 1957 5333 esse,
2002 5279 2101 5320 nec
2134 5265 2202 5319 ita

600 5358 812 5414 alienus
840 5358 1083 5414 externis
1103 5398 1117 5422 ,
1149 5355 1423 5427 quomodo
1445 5356 1710 5411 Dominus
1735 5357 1849 5411 suis
1884 5371 2127 5426 parcere.

675 5452 857 5527 (Vers.
881 5450 963 5523 6.)
993 5450 1075 5506 Tu
1113 5449 1433 5522 dereliquisti
1464 5465 1577 5518 me,
1619 5451 1742 5504 dicit
1777 5448 2074 5505 Dominus:
2115 5465 2199 5503 re-

600 5554 825 5602 trorsum
852 5545 1048 5601 abiisti.
1078 5543 1254 5600 Causa
1292 5542 1557 5611 redditur,
1599 5561 1772 5615 quare
1811 5545 1993 5600 nullus
2032 5545 2194 5600 mise-

599 5646 786 5693 reatur
818 5636 1124 5693 Jerusalem
1147 5678 1164 5703 ,
1195 5651 1299 5693 nec
1328 5637 1685 5693 contristetur
1715 5652 1812 5706 pro
1839 5651 1900 5692 ea
1919 5678 1935 5703 ,
1970 5651 2071 5693 nec
2098 5651 2196 5707 pro

597 5742 732 5800 pace
769 5730 912 5785 illius
946 5731 1235 5788 obsecret:
1275 5730 1421 5802 quod
1447 5746 1572 5787 cum
1594 5775 1609 5796 ,
1657 5730 1812 5801 juxta
1868 5731 2188 5803 Apostolum

2327 4614 2512 4686 periit,
2537 4621 2591 4669 et
2611 4612 2836 4669 coniusa
2862 4623 2946 4670 est.
2969 4615 3022 4669 in
3051 4613 3353 4670 solitudine
3378 4617 3484 4670 sui.
3520 4613 3780 4679 Reliquum
3796 4622 3867 4661 au-

2327 4714 2457 4773 tem,
2498 4705 2597 4773 ait,
2635 4706 2895 4776 populum
2954 4705 3164 4762 tradam
3218 4706 3400 4778 gladio
3435 4722 3456 4762 :
3485 4716 3543 4762 ut
3590 4714 3791 4761 mortem
3826 4708 3864 4752 et

2323 4799 2457 4854 iram
2502 4797 2600 4854 Dei
2649 4798 2832 4854 nullus
2877 4799 3125 4871 ell'ugiat.
3161 4799 3266 4854 Alii
3299 4799 3366 4853 ad
3399 4798 3722 4871 Synagogam
3759 4791 3864 4847 rele-

2321 4899 2467 4956 runt,
2500 4905 2625 4961 qua:
2658 4890 2931 4947 inlirmata
2958 4900 3065 4959 est,
3099 4901 3158 4946 ut
3186 4890 3450 4948 Ecclesia:
3478 4896 3737 4947 cresceret
3755 4882 3863 4939 niul.

2321 4981 2532 5048 titudo;
2559 4983 2718 5052 juxta
2748 4983 2880 5040 illud
2903 4983 3048 5054 quod
3071 4984 3336 5056 scriptum
3363 4995 3450 5040 est
3479 5001 3492 5038 :
3523 4977 3720 5038 Sterilis
3743 4991 3862 5047 prpt-

2311 5077 2378 5130 νὶι
2407 5075 2576 5148 946
2604 5087 2796 5147 septem
2818 5118 2834 5143 ,
2863 5076 2982 5132 sive
3023 5075 3278 5148 plurimos
3308 5092 3326 5130 .'
3356 5085 3404 5128 et
3428 5089 3541 5146 qua:
3583 5075 3757 5125 multo:
3788 5064 3858 5116 lut-

2308 5170 2454 5224 bebat
2499 5168 2709 5234 liberos,
2756 5169 3022 5239 inﬁrmata
3067 5178 3141 5224 est
3190 5168 3249 5238 (l
3279 5167 3412 5239 Reg.
3438 5182 3498 5234 ιι,
3531 5162 3617 5238 5).
3651 5157 3788 5218 Unde
3818 5163 3858 5208 cl

2308 5265 2510 5320 occidit
2541 5265 2592 5321 ei
2621 5265 2703 5320 soi
2729 5264 2980 5335 iustitiae,
3023 5265 3076 5320 in
3124 5265 3280 5334 cujus
3334 5263 3527 5334 pennis
3565 5267 3649 5316 est
3687 5252 3855 5310 sanitas

2308 5357 2585 5429 (Μαιαείι.
2621 5358 2709 5430 ιν)
2759 5376 2770 5412 :
2804 5368 2863 5414 et
2901 5357 3111 5414 idcirco
3147 5367 3355 5413 aeterna
3407 5354 3712 5412 confusione
3753 5358 3853 5399 coo-

2308 5458 2462 5518 Perta
2492 5457 2596 5517 est,
2626 5449 2863 5520 perdens
2903 5450 3165 5522 populum
3208 5464 3364 5504 suum
3390 5445 3570 5519 gladio
3605 5433 3846 5514 spirituali.

2375 5543 2568 5617 (Vers.
2617 5545 2703 5602 10.
2731 5543 2750 5618 )
2787 5544 2880 5601 Va:
2901 5545 3066 5617 intilti,
3117 5554 3280 5600 mater
3309 5561 3422 5599 mea
3442 5584 3458 5611 ,
3487 5555 3640 5615 quare
3665 5528 3847 5609 genuisti

2299 5655 2380 5694 nte
2418 5641 2588 5695 virum
2611 5639 2913 5712 rixa(sive
2938 5639 3190 5712 judicii),
3225 5640 3394 5694 virum
3432 5633 3690 5691 discordia:
3720 5626 3839 5699 (sive

2294 5734 2381 5804 ιιιιί
2401 5734 2613 5806 judice?
2637 5736 2679 5805 ),
2705 5735 2760 5789 in
2791 5735 3029 5790 universa
3060 5734 3483 5804 terra)?P0test
3513 5733 3613 5788 hoc
3635 5719 3836 5783 σννεκδο·
