3972 6366
148 356 279 411 777

688 355 1344 417 COMMENTARIORUM
1380 352 1447 413 IN
1486 352 1839 414 JEREMIAM
1864 356 2295 418 PROPHETAM
2334 362 2465 421 LIB.
2510 365 2601 423 Ill.
2640 366 2798 428 CAP.
2841 369 2960 427 XV.

3369 376 3476 433 778

152 481 349 547 χικῶς
399 462 738 533 (ἰθλιετθηιίε
781 474 1037 547 intelligi,
1068 473 1212 544 qttod
1243 490 1350 529 non
1400 474 1454 529 in
1491 483 1607 531 toto
1636 474 1772 535 orbe
1795 477 1851 536 Α
1878 491 1959 531 me
1980 479 2210 550 genuisti
2234 479 2428 544 virum,
2450 482 2540 554 qui
2553 483 2773 557 judice?
2791 494 2840 540 et
2861 485 3477 549 discernat-omnum”

151 576 472 637 terrarum,
505 571 600 626 sed
648 570 700 625 in
752 579 895 624 terra
942 569 1126 625 ludam
1175 569 1248 624 sit
1281 568 1578 639 judicatus.
1630 567 1774 625 Vere
1876 570 2930 641 etreliqua.reSponditDominus:Noli
2954 581 3310 641 considerare
3337 601 3476 655 pra-

150 673 361 720 autem
401 664 633 720 Domino
665 662 922 732 competit
952 663 1265 729 EaIVatori,
1299 663 1393 734 qui
1434 662 1675 734 loquitur
1716 662 1771 719 in

150 756 475 829 Evangelia
507 774 521 812 :
555 754 622 811 In
653 755 919 830 judicium
942 772 1038 828 ego
1070 756 1124 810 in
1155 756 1312 812 istum
1342 755 1592 810 mundum
1632 755 1769 822 veni,

1874 663 2073 731 sentia,
2107 664 2205 721 sed
2236 664 2450 734 futura;
2486 669 2734 740 reliquiae
2765 674 2913 728 enim
2944 684 3054 730 tua:
3086 685 3141 731 et
3175 677 3471 739 novissima

1874 765 2039 808 erunt
2069 755 2122 809 in
2152 755 2380 813 bonum.
2416 760 2664 831 Denique
2708 772 2765 818 et
2803 765 2856 821 in
2889 768 3304 835 prasentiarum
3348 785 3473 828 cum

147 860 216 906 ut
237 850 337 923 qui
373 865 478 905 non
516 849 720 915 vident,
753 850 983 918 videant,
1025 858 1076 905 et
1119 850 1210 922 qui
1257 851 1461 914 vident,
1490 849 1614 904 caeci
1641 848 1775 918 fiant
1876 854 1929 901 te
1958 857 2227 916 cuperent
2257 851 2463 907 inimici
2492 855 2821 923 apprimere,
2856 857 2985 914 εισιιί
3017 859 3145 927 tibi,
3176 870 3232 917 et
3260 879 3383 919 meo
3411 882 3474 921 es

151 940 368 1016 (Joau.
407 958 486 1006 ιι,
517 941 589 1000 59
612 943 653 1012 );
703 941 774 998 de
809 956 921 1013 quo
950 942 1214 1010 scriptum
1249 951 1334 998 est
1376 958 1391 996 :
1434 938 1570 995 Ecce
1591 939 1677 993 hic
1695 948 1772 995 est

149 1040 368 1109 positus
393 1036 449 1092 in
474 1035 706 1102 ruinam,
746 1045 795 1091 et
839 1037 897 1091 in
933 1036 1367 1091 resurrectionem
1405 1037 1687 1087 multorum
1714 1033 1770 1087 in

152 1126 342 1184 Israel
372 1146 392 1184 :
419 1137 468 1184 et
496 1130 553 1183 in
588 1128 799 1199 signum
825 1130 911 1184 cui
938 1127 1325 1184 contradicetur
1348 1126 1369 1197 (
1395 1124 1524 1182 Luc.
1553 1142 1613 1191 tt,
1643 1126 1765 1193 δι).

152 1219 305 1291 Quis
327 1220 472 1276 enim
504 1219 981 1291 philosophorum,
1012 1220 1137 1290 quis
1160 1218 1472 1290 gentilium,
1504 1215 1629 1285 quis
1661 1217 1771 1270 hie-

153 1314 467 1371 reticzirum
516 1330 624 1368 non
670 1313 885 1382 juilicat
916 1312 1226 1378 Christum,
1262 1309 1579 1381 ponentium
1611 1306 1664 1363 ei
1694 1307 1771 1363 le-

152 1421 266 1481 ges
297 1406 631 1466 nativitatis.
671 1414 728 1461 et
759 1406 1054 1476 passionis,
1095 1399 1623 1470 resurrectionisque
1655 1413 1770 1454 sua:

156 1500 570 1559 “substantias?
591 1499 705 1557 Nec
733 1501 931 1556 mirum
954 1498 1107 1570 juxta
1126 1496 1395 1568 assumpti
1413 1492 1663 1565 corporis
1676 1509 1772 1549 ve-

156 1594 413 1659 ritatem,
445 1593 726 1650 Christum
757 1590 983 1648 dicere:
1022 1589 1110 1645 νω
1128 1588 1259 1643 mihi
1279 1596 1445 1641 mafer
1474 1602 1621 1653 mea;
1643 1600 1769 1642 cum

157 1695 221 1744 et
271 1686 330 1743 in
371 1685 480 1741 alio
510 1685 632 1740 loco
663 1683 949 1754 perspicue
1001 1697 1253 1753 personae
1304 1682 1426 1749 ejus
1480 1679 1774 1735 conveniat

157 1778 312 1852 quod
341 1778 542 1834 dicitur
566 1794 580 1831 :
615 1774 704 1832 Va:
734 1774 861 1831 mihi
882 1775 1007 1844 quia
1026 1778 1196 1845 factus
1217 1788 1333 1828 sum
1354 1772 1491 1825 sicut
1510 1772 1599 1840 qui
1621 1769 1772 1823 colli-

1874 948 2156 1008 protectus
2202 943 2428 1000 auxilio.
2472 945 2588 1002 Hoc
2634 959 2818 1005 autem
2869 960 2979 1007 tam
3032 953 3099 1008 ad
3153 955 3475 1028 Jeremiam,

1871 1044 2033 1100 quam
2080 1034 2382 1090 secundum
2434 1037 2905 1108 dispensationem
2942 1045 3126 1101 carnis
3153 1062 3471 1120 assumptio,

1873 1122 2068 1178 referri
2099 1135 2285 1194 potest
2310 1128 2377 1181 ad
2405 1127 2769 1186 Salvatorem.
2797 1132 2903 1188 Pro
2929 1150 2995 1189 eo
3024 1137 3169 1206 quod
3197 1154 3297 1193 nos
3316 1140 3475 1210 juxta

1873 1213 2203 1272 llebraicum
2251 1220 2601 1291 interpretati
2643 1241 2878 1282 sumus:
2915 1226 3108 1285 Omnes
3155 1233 3477 1292 maledicunt

1874 1305 2023 1371 milii,
2056 1323 2231 1378 usque
2255 1312 2324 1367 ad
2356 1329 2482 1368 eum
2509 1317 2686 1371 locum
2711 1319 2799 1374 ubi
2831 1323 3098 1391 scriptum
3129 1335 3232 1390 est,
3266 1328 3320 1381 in
3342 1338 3473 1383 tem-

1874 1414 1999 1468 pore
2025 1401 2376 1460 tribulationis
2395 1408 2642 1465 adversus
2666 1411 2959 1482 inimicum,
2987 1415 3040 1470 in
3074 1415 3315 1473 editione
3341 1419 3471 1476 Vitl-

1874 1500 1997 1558 gata
2027 1492 2101 1547 ita
2144 1496 2405 1567 scriptum
2456 1502 2635 1570 reperi
2669 1519 2686 1556 :
2719 1501 2999 1560 Fortitudo
3041 1525 3152 1564 mea
3195 1511 3381 1582 defecit
3418 1516 3473 1570 in

1875 1582 1981 1651 his,
2015 1587 2106 1657 qui
2133 1588 2451 1646 maledicunt
2484 1594 2645 1662 mihi;
2686 1597 2801 1666 fiat,
2850 1598 3090 1665 Domine,
3132 1603 3475 1676 dirigentibus

1872 1678 2003 1745 illis,
2031 1681 2078 1734 si
2099 1698 2205 1737 non
2238 1686 2384 1740 astili
2411 1688 2503 1741 tibi
2527 1690 2581 1741 in
2623 1700 2851 1761 tempore
2875 1695 3182 1765 afﬂictionis
3202 1715 3405 1769 eorum,
3429 1712 3480 1758 et

1875 1771 1930 1825 iu
1957 1783 2185 1845 tempore
2212 1776 2565 1834 tribulationis
2604 1798 2806 1847 eorum,
2840 1784 2894 1838 in
2935 1788 3069 1841 bona
3093 1801 3277 1845 contra
3299 1793 3476 1847 inimi-

158 1873 243 1947 git
273 1871 523 1941 stipulam
549 1871 603 1925 iu
631 1886 809 1937 messe,
837 1880 888 1924 et
915 1869 1049 1924 sicut
1089 1882 1353 1923 racemum
1393 1865 1448 1919 in
1488 1863 1767 1929 vindemia,
1800 1866 1851 1928 B
1875 1882 2012 1922 cum.
2046 1867 2113 1921 Et
2147 1879 2234 1925 est
2276 1885 2475 1928 sensus
2508 1890 2527 1928 :
2563 1871 2850 1932 Fortitudo
2890 1895 3007 1934 mea
3037 1881 3226 1951 defecit
3274 1886 3328 1939 in
3366 1885 3472 1956 his,

161 1982 274 2022 non
314 1964 507 2021 habens
534 1968 755 2036 spicam,
800 1974 858 2018 ut
895 1961 1130 2017 comedat
1153 1959 1457 2034 primitiva(
1485 1958 1648 2013 Miclt.
1674 1973 1768 2027 vn,

164 2062 191 2118 1
219 2062 266 2132 ).
300 2060 365 2116 Et
391 2076 460 2115 ne
500 2072 758 2128 putemus
785 2056 1086 2119 neminium
1118 2054 1381 2110 vilitatem
1415 2051 1527 2125 [AL
1568 2051 1775 2107 utilita-

161 2152 318 2227 tem]
362 2152 559 2210 referri
605 2151 673 2207 ad
708 2150 943 2208 Verbum
978 2150 1112 2213 Dei,
1134 2148 1226 2220 qui
1253 2146 1326 2203 sit
1355 2148 1458 2201 iste
1485 2145 1581 2217 qui
1617 2145 1771 2215 plau-

162 2258 286 2322 gat,
323 2246 508 2302 statim
553 2246 799 2316 sequitur
830 2261 844 2299 :
872 2243 987 2305 ,γαί
1034 2242 1161 2296 mihi
1205 2240 1422 2304 anima;
1449 2237 1573 2310 quia
1612 2236 1771 2307 periit

164 2353 425 2399 revertens
455 2358 488 2395 a
525 2349 666 2395 terra
698 2355 717 2394 :
750 2353 860 2394 non
887 2338 1013 2410 quia
1042 2334 1353 2392 dividamus
1388 2333 1678 2396 PerSonas,
1715 2341 1774 2387 ut

163 2438 324 2504 impii
357 2435 560 2492 faciunt
585 2451 600 2501 ;
629 2434 727 2491 sed
759 2449 868 2505 quo
896 2448 1038 2488 unus
1069 2438 1236 2502 atque
1260 2428 1402 2484 idem
1438 2427 1609 2483 Filius
1649 2426 1768 2493 Dei,

163 2547 318 2590 nunc
357 2531 511 2604 juxta
557 2544 804 2598 carnem,
852 2542 998 2584 nunc
1042 2525 1202 2598 juxta
1233 2522 1472 2580 Verbum
1511 2522 1773 2592 loquatur

165 2624 290 2683 Dei.

245 2716 371 2773 Non
407 2716 668 2787 fenerari,
693 2732 786 2771 nec
821 2712 1072 2786 feneravit
1102 2710 1229 2767 mihi
1249 2711 1529 2783 quisquam
1552 2724 1573 2764 :
1596 2724 1774 2764 omnes

165 2811 491 2868 maledicunt
514 2812 664 2866 mihi.
692 2811 796 2865 Pro
828 2825 937 2875 quo
963 2808 1321 2879 Septuaginta
1360 2823 1373 2858 :
1417 2803 1541 2860 Non
1571 2803 1771 2874 profui,

168 2924 337 2975 neque
358 2906 554 2981 profuit
587 2903 718 2960 mihi
745 2905 1041 2976 quisquam.
1076 2900 1385 2957 Theodotio
1419 2915 1433 2954 :
1466 2914 1569 2953 non
1594 2896 1769 2963 debui,

168 3015 335 3070 neque
375 2999 555 3055 debuit
608 2996 752 3051 mihi.
773 2997 1071 3068 quisquam.
1112 2994 1357 3063 Quorum
1404 3006 1649 3046 omnzum
1684 2988 1775 3045 hic

170 3108 372 3150 sensus
424 3104 508 3148 est
558 3108 625 3149 ex
668 3106 899 3161 persona
935 3088 1176 3146 Christi:
1204 3087 1396 3143 Nullus
1424 3100 1486 3141 se
1515 3084 1770 3153 prmbuit,

170 3187 267 3259 qui
314 3185 480 3257 digne
517 3200 640 3242 mea
686 3200 792 3239 mra
825 3183 1169 3253 susciperet;
1201 3196 1299 3236 nec
1332 3178 1604 3236 leneravit
1636 3175 1773 3231 mihi

1874 1960 1964 2029 qui
1996 1962 2317 2019 maledicunt
2347 1966 2498 2023 mihi.
2528 1968 2647 2023 Non
2682 1971 2826 2025 enim
2869 1971 3179 2046 intelligunt
3214 1977 3474 2036 virtutem

1876 2067 2077 2120 meam,
2108 2072 2229 2126 qua:
2261 2057 2313 2112 in
2338 2059 2658 2115 inﬁrmitate
2692 2064 2997 2133 perlicitur,
3030 2077 3087 2123 et
3119 2080 3325 2139 quanto
3356 2074 3477 2143 plus

1878 2145 2009 2201 mihi
2063 2147 2470 2215 malediserint,
2523 2161 2674 2208 tanto
2725 2171 2845 2210 mea
2898 2158 2949 2211 in
3000 2158 3111 2213 illis
3142 2163 3265 2228 plus
3293 2163 3480 2221 delicit

1877 2233 2161 2307 fortitudo.
2207 2240 2504 2313 Jungitque
2532 2246 2613 2299 vel
2645 2245 2914 2316 Propheta
2958 2249 3046 2305 vel
3085 2251 3372 2321 Dominus,
3421 2266 3480 2313 et

1875 2330 1951 2384 ait
1985 2346 1999 2384 :
2030 2331 2177 2402 Fiat,
2212 2332 2586 2410 Domine[Al.
2619 2338 2932 2414 Dominus],
2963 2344 3311 2417 dirigentibus
3347 2351 3477 2418 illis,

1876 2423 1981 2477 hoc
2031 2435 2139 2492 est,
2195 2430 2453 2484 eveniant
2504 2431 2635 2485 mihi
2676 2434 2999 2505 maledicta,
3032 2454 3155 2509 qua:
3183 2441 3479 2511 loquuntur

1876 2514 2201 2585 iuimici;et
2235 2520 2314 2575 illi
2346 2522 2659 2594 dirigantur
2686 2526 2738 2581 in
2774 2527 3000 2596 bonum,
3034 2532 3080 2585 si
3111 2547 3219 2588 non
3251 2535 3303 2589 in
3336 2547 3474 2593 tem-

1876 2623 2013 2679 pore
2046 2610 2414 2669 tribulationis
2461 2630 2652 2670 eoi-mn
2694 2627 2751 2674 et
2790 2622 3089 2691 angustiae,
3118 2627 3341 2696 quando
3381 2644 3480 2686 eos

1876 2702 2128 2758 vastabat
2149 2704 2423 2771 inimicus,
2449 2715 2507 2762 et
2526 2722 2726 2777 capere
2750 2711 3070 2781 festinabat,
3102 2719 3232 2772 steti
3259 2719 3312 2773 in
3341 2735 3480 2776 con-

1876 2803 2073 2862 spectu
2106 2804 2219 2859 tuo,
2264 2807 2321 2851 et
2366 2801 2548 2869 rogavi
2606 2811 2659 2856 te
2710 2818 2809 2872 pro
2864 2804 2996 2870 illis,
3030 2817 3085 2861 τι
3113 2808 3227 2865 dixi
3254 2829 3267 2865 :
3295 2810 3478 2882 Pater,

1875 2885 2083 2956 ignosce
2108 2888 2183 2944 eis
2208 2904 2229 2944 :
2248 2892 2388 2961 quod
2420 2893 2557 2948 enim
2590 2897 2810 2966 faciunt,
2844 2902 3083 2956 nesciunt
3112 2921 3131 2971 ι
3157 2903 3286 2960 Luc.
3319 2923 3475 2977 ut",

1877 2977 2003 3052 5i).
2037 2980 2145 3038 Sed
2173 2994 2227 3037 et
2263 2982 2555 3041 Jeremiam
2588 3003 2750 3061 saepe,
2775 2991 3245 3064 deprehendimus
3277 2999 3332 3055 in
3373 3001 3478 3058 hoc

1876 3072 2156 3130 volumine
2188 3090 2411 3141 rosasse
2439 3093 2537 3148 pro
2564 3084 2787 3151 populo.

1952 3167 1973 3240 (
1995 3167 2149 3225 Vers.
2195 3170 2323 3241 12.)
2350 3171 2626 3245 Numquid
2649 3177 2992 3248 faderubitur
3023 3188 3217 3254 ferrum
3251 3192 3391 3261 ferro
3415 3194 3480 3247 ab

168 3253 457 3351 ᾱυίεφκξηι
486 3280 540 3332 in
581 3274 786 3332 sauciis
814 3282 977 3344 atque
1008 3271 1340 3345 panper.bus
1375 3268 1761 3333 confovendis,
1792 3253 1841 3318 C
1870 3260 2125 3332 Aquilone
2152 3279 2172 3317 :
2200 3275 2248 3317 et
2277 3266 2389 3319 tes?
2418 3265 2807 3338 Symmachus,
2842 3272 3115 3349 Numquid
3140 3253 3338 3335 nocebit
3371 3287 3479 3356 fer-

171 3389 266 3428 me
294 3372 393 3428 sibi
425 3371 631 3427 iaciens
660 3369 985 3425 debitorem.
1012 3368 1141 3426 Sive
1167 3383 1274 3422 non
1302 3366 1496 3438 profui,
1530 3381 1623 3419 nec
1652 3380 1777 3431 pro—

170 3468 275 3537 fuit
305 3462 426 3518 milti
462 3464 772 3536 quisquam;
804 3461 983 3516 nullus
1016 3459 1161 3517 enim
1192 3469 1402 3514 tantum
1434 3457 1604 3511 voluit
1628 3456 1778 3511 acci-

170 3574 327 3631 pere,
356 3570 620 3628 quantum
645 3572 748 3627 ego
778 3556 1023 3611 tribuere
1049 3552 1380 3609 desideravi.
1426 3549 1542 3605 Nec
1575 3550 1778 3623 profuit

170 3649 305 3707 mihi
343 3650 663 3722 quisquam;
702 3649 852 3703 salus
900 3648 1045 3704 enim
1084 3656 1386 3708 creaturte.
1429 3645 1641 3699 lucrum
1692 3652 1777 3698 cst

170 3744 471 3802 Creatoris.
501 3744 607 3799 Aut
634 3752 785 3799 certe
823 3760 927 3797 non
956 3741 1128 3805 debui.
1160 3756 1253 3795 nec
1283 3739 1458 3794 debuit
1487 3739 1613 3793 mihi
1633 3738 1776 3811 quis-

171 3834 568 3908 quannNi-mn
598 3833 753 3890 dedit
793 3832 930 3888 mihi
976 3840 1239 3904 quantum
1287 3833 1539 3901 accipere
1592 3829 1778 3900 cupie-

179 3930 331 3995 bam,
359 3942 458 3982 nec
480 3944 567 3983 me
587 3927 688 3983 sibi
715 3927 843 3983 iecit
871 3925 925 3980 in
954 3926 1139 3993 aliquo
1158 3924 1487 3979 debitorem.
1510 3922 1779 3992 Quodque

174 4019 338 4079 infert
365 4036 379 4073 :
411 4018 523 4075 Nec
564 4019 739 4074 debuit
771 4018 916 4097 mihi
954 4019 1249 4088 quisquam,
1282 4015 1427 4071 hunc
1459 4016 1626 4072 habet
1651 4032 1781 4072 sen-

173 4132 294 4172 sum
329 4131 343 4170 :
371 4113 661 4184 Quomodo
702 4111 850 4169 enim
896 4119 1114 4181 poterat
1138 4109 1267 4164 mihi
1297 4125 1519 4164 usuram
1549 4109 1775 4176 debere,

178 4210 273 4282 qui
326 4207 482 4264 leuius
540 4222 648 4262 non
689 4214 780 4261 est
828 4203 1083 4276 dignatus
1129 4202 1418 4272 accipere?
1448 4199 1662 4263 Omnes.
1699 4202 1781 4256 in-

174 4302 313 4376 quit.
346 4302 658 4358 maledicunt
678 4300 829 4355 mihi.
852 4298 988 4367 Quis
1009 4297 1154 4353 cnim
1187 4294 1777 4368 h:ereticurum,957

174 4410 338 4470 atque
384 4396 685 4453 errantium
744 4410 851 4450 non
892 4392 1173 4449 maledicit
1216 4391 1467 4458 Christo,
1516 4404 1778 4461 perversa

174 4491 470 4557 credendo,
503 4500 559 4548 et
588 4488 937 4559 perversiora
972 4482 1407 4552 blasphetttans?

249 4584 444 4659 (Vers.
472 4581 599 4653 ll.)
632 4580 775 4636 Dicit
808 4579 1088 4644 Dominus,
1119 4578 1180 4635 Si
1205 4594 1309 4632 non
1335 4575 1571 4647 reliquiae
1601 4583 1703 4632 tua:
1722 4575 1777 4630 in

1879 3372 1994 3409 rum
2016 3358 2153 3427 ferro
2169 3358 2234 3412 ab
2256 3357 2533 3428 Aquilone,
2575 3373 2621 3417 et
2669 3379 2742 3419 aes
2762 3367 2789 3420 ἲ
2812 3366 2953 3423 LXX
2977 3382 3032 3425 et
3058 3370 3387 3446 Theodotio,
3417 3378 3479 3434 Si

1877 3462 2150 3519 cognoscet
2173 3451 2371 3521 ferrum
2406 3463 2451 3507 et
2491 3457 2865 3526 aperimentum
2905 3467 3153 3519 teneum?
3188 3466 3481 3526 Varietatis

1878 3556 2041 3598 causa
2102 3543 2389 3614 perspicua
2431 3556 2517 3603 est
2547 3565 2563 3603 :
2593 3552 2823 3606 verbum
2852 3555 3000 3609 enim
3028 3554 3057 3594 ιι
3103 3556 3243 3614 laus
3271 3560 3473 3633 (νην),

1878 3634 2025 3706 quod
2057 3635 2113 3691 in
2145 3641 2402 3708 pratsmiti
2436 3640 2559 3697 loco
2586 3645 2854 3714 scriptum
2900 3657 3010 3714 est,
3057 3667 3161 3722 pro
3214 3658 3483 3726 ambigui-

1882 3736 1995 3785 tate
2029 3733 2424 3788 ennntiationis
2466 3746 2521 3792 et
2567 3740 2856 3794 amicitiam
2877 3783 2894 3805 ,
2928 3756 3090 3801 sonat
3114 3757 3170 3801 et
3199 3751 3477 3818 malitiam,

1880 3822 2023 3891 quod
2052 3822 2101 3877 si
2125 3839 2224 3894 pro
2239 3841 2337 3880 RES
2364 3826 2542 3883 littera
2568 3829 2738 3903 948
2774 3835 2921 3905 (quae
2940 3852 3156 3895 manu
3180 3840 3380 3899 littera:
3407 3847 3483 3902 si-

1880 3916 2029 3971 milis
2069 3931 2146 3971 est
2176 3917 2196 3988 )
2246 3918 2461 3989 legatur
2494 3931 2517 3959 ο
2552 3938 2790 3993 manu,
2828 3930 3097 3984 scientiam
3135 3936 3479 4004 cognitionem

1879 4022 1988 4077 que
2028 4008 2319 4078 signiﬁcat.
2361 4010 2520 4078 Quod
2559 4024 2742 4070 autem
2797 4017 3022 4087 dicitur,
3054 4021 3132 4077 sic
3168 4023 3483 4098 intelligen-

1880 4099 2009 4154 dum
2040 4110 2127 4156 est
2153 4118 2167 4156 :
2195 4100 2275 4157 Ne
2299 4102 2489 4158 doleas
2511 4107 2656 4172 quod
2683 4111 2916 4178 populus
2943 4111 3198 4170 inimicus
3231 4126 3354 4174 tuus
3384 4123 3477 4188 sit;

1882 4202 1937 4248 te
1963 4196 2108 4249 enim
2141 4193 2277 4250 dura
2314 4196 2621 4264 numiante,
2671 4216 2782 4256 non
2837 4216 3018 4272 p0test
3063 4216 3116 4262 te
3155 4224 3344 4268 amare
3387 4218 3478 4287 qui

1881 4284 2054 4340 durus
2080 4296 2184 4343 est.
2214 4287 2355 4371 Sive
2378 4289 2687 4361 Babylonii,
2717 4294 2813 4363 qui
2841 4296 2911 4350 ab
2930 4297 3203 4368 Aquilone
3227 4284 3478 4375 veniunt,

1881 4389 2123 4451 suntque
2144 4381 2348 4437 ternum
2374 4382 2752 4456 durissimum,
2785 4389 2914 4446 huic
2955 4397 3161 4463 populo
3189 4398 3399 4458 duriori
3424 4414 3480 4462 et

1882 4472 1937 4528 in
1969 4477 2095 4529 teris
2124 4473 2545 4533 similitudinem
2580 4478 2868 4546 indomito,
2908 4498 3016 4539 n0u
3051 4497 3310 4556 poterunt
3343 4496 3483 4552 ami-

1882 4567 2008 4623 citia
2045 4567 2316 4636 copulari.
2374 4568 2504 4625 Sive
2560 4570 2768 4628 ferrum
2824 4574 3203 4647 durissimum,
3239 4584 3343 4641 hoc
3371 4600 3478 4657 est,

177 4642 405 4734 bonum:
432 4676 477 4730 si
503 4642 605 4729 uon
630 4672 832 4727 occurri
860 4669 985 4744 [AL
1026 4642 1292 4741 occurrit]
1323 4667 1413 4722 tibi
1448 4642 1518 4721 in
1547 4677 1778 4736 tempore
1803 4642 1858 4704 Ῑ)
1884 4662 2120 4732 populus
2160 4661 2329 4718 Israel
2361 4663 2454 4719 Dei
2483 4665 2795 4731 cognitione
2839 4669 3092 4741 indignus
3136 4642 3216 4731 est
3237 4723 3252 4746 ,
3301 4642 3476 4750 qui

178 4770 505 4843 afflictionis,
529 4778 575 4821 et
601 4767 654 4820 in
682 4775 909 4839 tempore
943 4761 1299 4817 tribulationis
1324 4772 1372 4815 et
1407 4759 1663 4835 angustia
1696 4757 1779 4832 [A

178 4862 334 4933 Vulg.
367 4862 527 4917 abest
552 4867 599 4914 et
621 4854 915 4929 augusliw]
945 4854 1194 4909 adversus
1219 4854 1510 4908 inimicum.
1543 4852 1782 4907 Possunt

180 4958 297 5012 haec
315 4965 370 5012 et
388 4972 453 5008 ex
480 4966 713 5024 persiina
740 4950 997 5006 Jeremia:
1027 4947 1225 5017 accipi,
1247 4946 1340 5017 qui
1372 4945 1613 5013 pessimo
1638 4954 1780 4999 tem-

180 5067 330 5126 pore,
354 5061 408 5106 et
436 5049 546 5118 jam
573 5046 899 5101 itnminente
920 5040 1238 5112 captivitate
1268 5039 1601 5111 prophetare
1622 5052 1773 5094 com.

183 5146 372 5219 pulsus
409 5155 517 5207 εει.
548 5150 606 5196 et
628 5140 763 5195 dura
798 5139 1010 5207 perpeti
1043 5152 1073 5191 a
1108 5135 1313 5205 popqu
1346 5148 1454 5188 non
1493 5133 1776 5188 credente.

180 5240 266 5299 Ad
288 5238 364 5309 id,
386 5242 535 5311 quod
563 5248 729 5306 supra
750 5232 969 5288 dixerat
998 5248 1015 5287 :
1045 5228 1139 5285 νω
1158 5228 1311 5295 mihi,
1345 5226 1624 5297 matari-ut
1652 5225 1779 5296 quid

1884 4762 2088 4809 tantam
2134 4755 2384 4823 pervenit
2431 4756 2717 4825 malitiam,
2749 4772 2807 4814 ut
2836 4761 3044 4820 duriori
3094 4770 3317 4827 metallo
3367 4791 3480 4835 tere

1884 4845 2257 4901 circumdatus
2284 4845 2377 4901 sit.

1954 4936 2142 5014 (νει-ει.
2165 4940 2253 5003 l3,
2278 4936 2616 5011 ll.)Divitias
2640 4951 2757 4998 tuas
2777 4955 2825 5000 et
2844 4944 3115 5008 thesauros
3132 4962 3246 5011 tuos
3266 4960 3321 5014 in
3343 4962 3484 5021 dire-

1883 5032 2112 5103 pu'auem
2152 5030 2307 5099 dabo,
2329 5032 2493 5104 gratis
2529 5032 2667 5104 (sive
2706 5035 2895 5106 absque
2930 5043 3123 5117 pretio)
3164 5047 3216 5101 in
3245 5056 3483 5115 omnibus

1886 5123 2111 5190 peccatis
2140 5123 2243 5175 luis
2270 5133 2316 5176 et
2357 5123 2411 5177 in
2442 5125 2639 5179 cunctis
2683 5129 2912 5184 terminis
2949 5135 3072 5190 tuis.
3104 5136 3175 5192 Et
3222 5145 3483 5206 acturam;

1886 5215 2127 5271 inimicus
2157 5226 2272 5270 tuos
2297 5215 2438 5288 (sive
2477 5218 2668 5273 servire
2711 5229 2761 5275 te
2798 5224 2990 5294 faciam
3020 5229 3244 5289 inimicis
3268 5241 3395 5312 tuis)
3416 5243 3481 5299 de

254 5395 282 5424 ει
309 5383 439 5439 Mss,
477 5390 532 5436 et
567 5379 821 5435 Rabanus
860 5392 986 5433 cum
1016 5384 1064 5430 et
1088 5374 1308 5445 c0pula,
1348 5368 1775 5427 resurrectionis-
1878 5361 3009 5445 namllebraicicontexﬁllstmlfetationem
3030 5381 3099 5445 n_e
3125 5369 3239 5438 ipse
3258 5376 3476 5439 quidem

180 5474 278 5531 que
304 5470 435 5531 suae,
466 5451 862 5531 e_t_subsluntite.
1388 5500 1423 5531 ,ε

251 5528 280 5567 b
315 5512 462 5580 lare.
488 5522 607 5579 Non
640 5527 856 5590 legebat
885 5521 1254 5593 Hieronymus
1276 5514 1512 5593 mediam
1538 5512 1779 5593 litteram

174 5611 203 5661 η
234 5598 369 5662 Van,
399 5596 515 5650 sive
547 5588 764 5655 nollem,
799 5594 851 5647 in
904 5591 1003 5646 hac
1031 5588 1164 5645 voce
1213 5588 1468 5662 Hebraea.
1509 5593 1588 5662 ut
1610 5588 1786 5662 matti-

178 5653 379 5727 leStuui
415 5664 575 5721 nobis
605 5674 693 5720 est
718 5653 783 5719 ex
812 5666 1058 5718 omnium
1091 5674 1222 5713 mss.
1243 5657 1493 5712 codicum
1520 5653 1626 5708 fide
1651 5653 1783 5727 ;_l_e-

1882 5440 1938 5511 ξι,
1971 5435 2115 5491 notis
2148 5435 2357 5511 prohat.
2389 5431 2529 5511 Quid
2555 5433 2700 5511 quod
2729 5435 3070 5511 ipsumquod
3098 5431 3341 5511 accusat,
3372 5431 3480 5506 lle:

1882 5510 2089 5564 bra-um
2117 5506 2399 5572 exemplar
2428 5503 2545 5557 sine
2569 5502 2680 5557 Van
2734 5504 2867 5573 legit
2886 5505 3054 5570 min?

1962 5590 1984 5618 ο
2018 5578 2237 5648 scilicet
2256 5575 2309 5648 :i
2331 5573 2468 5648 lant:
2492 5578 2708 5648 legeris.
2751 5574 3022 5648 caeterum
3056 5578 3159 5634 hoc
3185 5597 3293 5640 uno
3325 5588 3483 5648 ablu-

1886 5650 2024 5706 dttnt
2055 5643 2815 5731 LXXuZl‘hetnlolinnogquod
2859 5647 2935 5699 illi
2968 5650 3015 5702 si
3036 5643 3483 5731 7qu€viatrac,}i

218 5716 1060 5799 iiiii"eiii.’.i'1i£é.*imiimi.
1101 5731 1256 5801 juxta
1301 5727 1626 5783 hodiernam
1654 5716 1787 5781 'lle-
1886 5716 3482 5801 cognoscemr,hicsicognoscetinterpreteturleviaqdaé;

220 5811 353 5871 raici
383 5819 683 5866 contexuis
733 5800 1480 5874 punclatiunenl._MAI‘I‘IAN.

178 5866 487 5944 :v—ﬂScrihit
541 5866 796 5933 Martiali.
833 5884 950 5942 amt
996 5889 1121 5929 cum
1182 5872 1330 5941 Vau,
1365 5883 1527 5942 quam
1570 5866 1791 5925 hodier-

506 5970 787 6033 Ρηιιοι.
836 5967 1071 6031 XXIV.

1890 5787 2016 5847 da'm
2040 5787 2266 5845 interius
2291 5788 2648 5856 castigantur.

2965 5955 3044 6017 25
