3972 6328
519 246 625 301 779

1783 225 1844 282 S.
1885 220 2153 281 EUSEBII
2193 216 2571 291 HIERONYMI

3746 194 3943 293 zeal

518 370 680 421 terra,
724 369 881 427 quam
918 346 1085 404 nescis
1109 346 1271 418 :quia
1314 342 1450 427 ignis
1482 356 1730 397 accensus
1766 348 1840 394 est
1864 341 1917 394 in
1941 348 2118 410 furore
2144 345 2195 429 ᾼ
2223 338 2340 411 10),
2363 336 2491 392 dum
2526 347 2578 392 te
2612 319 2777 391 timeo
2797 375 2812 403 ,
2842 318 2968 390 dum
2999 316 3405 404 impendentem
3435 335 3565 392 mihi
3605 352 3848 407 ntauum

520 464 638 504 meo
661 464 680 502 :
704 456 862 513 super
882 454 971 495 vos
993 438 1217 492 ardebit.
1247 434 1501 503 Omnem,
1527 433 1722 504 inquit,
1746 430 2113 487 substantiam

522 554 670 600 tuam
709 537 918 593 tradam
954 532 1194 590 inimicis
1223 530 1330 587 tuis
1362 528 1573 600 absque
1602 527 1716 583 ullo
1746 525 1943 600 pretio,
1992 537 2119 595 pro-

523 644 645 706 pter
667 637 907 702 peccata,
956 641 1078 697 qua
1119 624 1296 681 fecisti
1350 624 1404 680 in
1456 623 1671 679 cunctis
1708 618 1957 677 terminis
1988 619 2115 675 tuis.

515 727 814 795 Propterea
837 719 1105 779 adducam
1140 719 1553 784 inimicostuos,
1580 717 1696 772 sive
1716 715 1933 772 servire
1956 723 2006 768 te
2043 712 2121 767 fa-

522 821 664 877 ciam
688 818 744 875 in
778 826 924 873 terra
954 812 1209 870 Chaldtea
1245 829 1259 866 :
1288 813 1416 883 quia
1440 810 1581 882 ignis
1608 824 1797 874 meus,
1829 807 1919 878 qui
1951 802 2123 861 semel

516 914 575 969 in
598 924 722 966 meo
752 910 938 983 furore
966 921 1263 964 succensus
1291 911 1395 973 est,
1418 904 1471 959 in
1496 910 1550 959 te
1573 896 1809 968 ardebit,
1827 909 1883 956 et
1913 898 2125 955 exstin-

523 1005 612 1077 gui
643 1017 749 1058 non
780 1000 1002 1073 poterit.
1037 998 1118 1054 'l‘u
1156 998 1302 1053 enim
1337 995 1623 1067 prmbuisti
1652 993 1937 1049 materiam
1966 991 2127 1046 ardo-

522 1096 603 1152 ris
631 1096 731 1163 tui,
766 1102 826 1150 ut
855 1107 1011 1149 meus
1039 1088 1183 1163 ignis
1205 1098 1318 1157 tua,
1345 1103 1468 1160 quae
1491 1086 1544 1143 in
1570 1096 1622 1143 te
1646 1094 1796 1152 sunt,
1821 1083 1966 1156 ligna
1996 1098 2131 1138 cnn-

524 1197 727 1256 sumat,
762 1194 819 1244 et
847 1185 1030 1241 fenum
1052 1226 1067 1250 ,
1100 1193 1156 1239 et
1185 1183 1448 1254 stipulam
1475 1198 1490 1249 ;
1524 1195 1587 1237 ac
1630 1195 1727 1250 per
1773 1179 1875 1233 hoc
1905 1192 2015 1232 non
2048 1183 2133 1232 est

525 1294 690 1337 causa
721 1278 936 1334 ardoris
964 1277 1019 1331 in
1045 1275 1303 1342 Domino,
1336 1272 1433 1330 sed
1457 1274 1511 1328 in
1546 1272 1632 1327 his
1658 1271 1749 1342 qui
1781 1267 2018 1324 fomenta
2050 1266 2134 1322 in-

2219 439 2366 486 tuam
2395 444 2614 500 semper
2639 437 2917 499 exspecto.
2946 428 3003 483 in
3030 426 3266 489 concilio
3296 424 3605 486 ludentium
3641 431 3849 488 sedere

2217 525 2370 580 nolui
2392 566 2407 589 ,
2437 523 2532 579 sed
2564 539 2741 580 meam
2785 522 3205 580 amaritudinem
3252 523 3589 581 devorabam
3620 567 3640 591 ,
3676 538 3755 598 ‘ut
3785 526 3842 580 in

2219 620 2400 673 futuro
2423 616 2557 672 mihi
2586 617 2843 689 gaudium
2872 630 3260 688 pnepararem.
3293 614 3406 676 Nec
3438 617 3609 674 habui
3666 616 3846 677 inter-

2221 713 2359 769 valla
2387 708 2595 769 doloris
2636 713 2774 778 mei,
2800 711 2898 768 sed
2926 708 3038 783 iugi
3090 712 3312 769 miseria
3345 712 3720 785 deprimebar
3740 757 3756 780 ,
3792 726 3848 769 ut

2226 807 2370 864 nulla
2393 813 2774 878 exspectarem
2824 805 3086 862 remedia.
3136 798 3739 865 Prmvalueruntenim
3764 808 3850 877 qui

2224 899 2623 957 contristabant
2650 913 2768 966 me,
2813 906 2873 955 et
2903 897 3041 954 facta
3070 908 3155 955 est
3185 899 3339 971 plaga
3373 914 3491 956 mea
3520 895 3715 956 fartis.
3751 900 3852 959 Sed

2227 993 2280 1049 in
2334 991 2437 1051 hoc
2494 989 2661 1046 habui
2717 988 3198 1057 consolationem,
3265 988 3409 1065 quod
3465 986 3646 1048 fuerit
3702 993 3853 1067 quasi

2227 1100 2365 1157 aqua
2402 1082 2634 1140 mendax
2657 1125 2672 1149 ,
2726 1092 2889 1154 atque
2935 1080 3279 1155 praeteriens.
3311 1082 3468 1141 Sicut
3492 1087 3651 1141 enim
3705 1102 3853 1159 aqua

2231 1184 2632 1249 praetereuntes
2661 1174 2788 1230 dum
2827 1175 3035 1243 linunt,
3081 1174 3337 1233 videntur
3375 1187 3435 1232 ct
3466 1176 3801 1233 dilabuntur
3836 1198 3848 1233 :

2230 1271 2310 1328 sic
2326 1279 2380 1327 et
2407 1270 2586 1326 omnis
2609 1270 2847 1338 impetus
2870 1269 3213 1325 inimicorum
3237 1313 3251 1338 ,
3280 1280 3330 1325 te
3352 1269 3657 1341 adjuvante
3675 1312 3692 1337 ,
3720 1286 3854 1342 pra:-

527 1370 729 1433 cendio
748 1369 1162 1427 ministrarnnt.
2180 1400 2187 1415 ι
2233 1364 2400 1419 teriit.
2429 1360 2650 1420 Utinam
2688 1362 2949 1418 Dominus
2981 1373 3203 1434 praestet
3234 1372 3290 1418 et
3317 1363 3476 1425 nobis
3513 1380 3631 1418 non
3664 1365 3855 1421 sedere

605 1465 798 1538 (Vere.
825 1462 914 1530 15,
950 1457 1178 1534 l6.)1‘u
1199 1456 1322 1525 scis,
1345 1456 1593 1525 Domine,
1618 1455 1895 1511 recordare
1926 1456 2045 1523 mei,
2087 1463 2135 1513 et
2236 1459 2289 1515 in
2327 1455 2563 1513 concilio
2596 1454 2897 1512 ludentium
2925 1501 2939 1527 ,
2975 1463 3032 1515 et
3058 1472 3249 1512 eorum
3282 1452 3375 1528 qui
3400 1452 3585 1512 futura
3618 1474 3735 1513 non
3767 1474 3856 1514 co-

529 1556 683 1614 uislta
701 1570 804 1622 me,
827 1564 877 1609 et
897 1565 1041 1609 tuere
1062 1568 1141 1608 me
1162 1555 1227 1607 ab
1250 1552 1351 1616 bis,
1381 1551 1472 1623 qui
1491 1558 1864 1623 persequuntur
1885 1565 1982 1603 me.
2011 1542 2140 1611 Noli
2236 1550 2406 1622 gitant
2430 1568 2443 1605 :
2471 1566 2573 1606 nec
2601 1548 2844 1605 adversis
2873 1552 3069 1606 cedere
3094 1549 3203 1625 [AL
3236 1544 3549 1625 recedere],
3582 1551 3690 1607 sed
3723 1567 3859 1607 sem-

525 1653 581 1707 in
625 1650 879 1724 patientia
925 1658 1014 1702 tua
1052 1646 1313 1716 suscipere
1353 1662 1452 1711 me,
1482 1646 1612 1698 scito
1632 1645 1883 1715 quoniam
1911 1636 2143 1697 sustinui
2240 1659 2337 1713 per
2368 1642 2464 1698 Dei
2496 1643 2831 1699 sententiam
2867 1640 3193 1709 formidare,
3223 1652 3279 1697 et
3309 1640 3498 1699 dicere
3543 1659 3681 1703 cum
3731 1645 3856 1698 Prn-

525 1759 623 1817 pra
643 1755 691 1797 te
712 1741 1067 1815 opprobrium.
1092 1737 1116 1791 Ι
1124 1738 1298 1793 nitenti
1318 1747 1438 1791 ειυυ
1460 1750 1719 1790 sermones
1750 1736 1847 1800 lui,
1872 1740 1917 1787 (τε
1941 1730 2138 1788 comedi
2167 1730 2217 1799 Β
2245 1736 2406 1807 pheta
2432 1756 2444 1791 :
2473 1734 2632 1793 Solus
2660 1735 2902 1793 sedebam
2929 1738 3083 1809 :quia
3105 1732 3452 1791 amaritudine
3465 1739 3706 1811 repletus
3731 1752 3856 1792 sum.

525 1851 614 1893 eos
636 1836 791 1907 (sive
812 1835 877 1888 ab
895 1832 996 1897 his,
1021 1833 1107 1904 qui
1129 1831 1412 1904 reprobant
1438 1845 1698 1885 sermones
1721 1837 1833 1884 tuos
1855 1870 1869 1895 ,
1893 1844 2137 1883 consume

528 1944 615 1987 eos
636 1929 675 2001 ).
710 1927 779 1983 Et
803 1933 999 1999 factum
1019 1934 1093 1981 est
1120 1923 1249 1980 mihi
1271 1925 1291 1996 (
1311 1924 1435 1979 sive
1456 1924 1554 1977 erit
1576 1921 1738 1992 milii)
1762 1918 1967 1976 verbum
1993 1926 2138 1975 tuum

528 2024 586 2078 in
624 2023 879 2093 gaudium
903 2028 952 2075 et
977 2019 1213 2075 lanitium
1234 2017 1405 2071 cordis
1423 2016 1542 2086 mei,
1571 2016 1820 2087 quoniam
1846 2016 2140 2069 invocatum

527 2124 607 2171 est
644 2129 831 2170 nomen
863 2122 1009 2168 tuum
1025 2127 1183 2183 super
1206 2124 1305 2177 me,
1344 2107 1602 2163 Dominus
1630 2105 1770 2162 Deus
1793 2106 2136 2163 exercituum.

529 2207 647 2263 Hoc
688 2205 832 2277 quod
882 2202 1140 2270 diximus,
1177 2200 1404 2269 Tuscis,
1451 2201 1505 2255 in
1536 2198 1681 2255 LXX
1734 2216 1840 2254 non
1886 2196 2134 2253 habetur.

527 2301 684 2357 Felix
710 2307 793 2356 est
815 2307 998 2355 autem
1028 2296 1122 2352 illa
1152 2295 1492 2351 conscientia
1512 2334 1528 2361 ,
1555 2308 1672 2364 qme
1705 2307 1803 2363 pro
1829 2293 1940 2347 Deo
1969 2290 2138 2346 susti-

527 2402 622 2450 net
649 2390 1035 2463 opprobrium.
1080 2387 1239 2446 Unde
1267 2387 1402 2443 dicit
1437 2407 1451 2443 :
1497 2383 1710 2442 Inventi
1733 2395 1853 2441 sunt
1882 2398 2142 2440 sermones

528 2486 628 2551 tui,
658 2499 796 2555 quos
826 2497 951 2539 meo
970 2497 1066 2538 ore
1083 2480 1421 2552 loquebaris.
1449 2475 1517 2533 Et
1537 2477 1738 2532 comedi
1760 2493 1870 2544 eos,
1901 2476 2004 2531 hoc
2032 2483 2138 2542 est,

528 2577 583 2632 in
615 2578 798 2632 cibum
831 2576 966 2631 mihi
993 2574 1139 2631 versi
1172 2581 1335 2638 sunt;
1371 2573 1488 2628 sive
1510 2568 1661 2641 Juxta
1692 2567 2086 2642 Symmachum
2125 2584 2139 2623 :

528 2668 896 2739 Sussipiebam
935 2681 1041 2733 eos,
1086 2673 1145 2719 ut
1176 2664 1308 2718 mihi
1363 2663 1418 2717 in
1469 2660 1714 2716 la-titiam
1763 2667 2140 2730 verterentur,

528 2763 623 2833 qui
651 2762 855 2816 dudum
888 2759 1109 2814 fuerant
1140 2759 1192 2811 in
1222 2756 1598 2827 approbrium.
1649 2750 1801 2810 Unde
1826 2764 1879 2809 et
1911 2748 2145 2827 Babylo-

528 2855 607 2910 nii
656 2854 988 2909 conﬁtentur
1018 2851 1267 2923 impleta,
1298 2864 1421 2921 qua:
1464 2846 1734 2907 Jeremias
1778 2849 1956 2904 futura
2002 2866 2141 2920 prae-

527 2948 746 3003 dixerat
792 2963 806 3000 :
860 2945 991 3003 Sive
1042 2945 1128 3001 hic
1169 2957 1368 3001 sensus
1415 2951 1501 2999 est
1554 2959 1565 2996 :
1609 2941 1771 2998 Sensi
1812 2943 2141 3014 angustias:

534 3040 786 3095 miserias
851 3038 1048 3110 pertuli
1101 3036 1286 3107 populi
1338 3035 1749 3107 perseqtt‘entis;
1798 3036 1894 3092 sed
1959 3046 2143 3091 tamen

2239 1828 2489 1887 Gaudeat
2536 1828 2701 1900 igitur
2750 1830 2804 1883 in
2864 1830 3120 1899 praesenti
3168 1839 3450 1901 tempore,
3506 1842 3857 1902 nequaquam

2240 1918 2533 1979 consilium
2583 1921 2951 1993 sapientium,
2988 1921 3084 1978 sed
3137 1938 3401 1978 arcanum
3460 1934 3858 1995 secretumque

2240 2016 2578 2081 ludentium;
2637 2013 2768 2071 mihi
2800 2012 3085 2072 adhaerere
3118 2010 3228 2072 Deo
3261 2014 3461 2073 bonum
3493 2017 3611 2084 sit,
3659 2032 3859 2087 ponere

2244 2108 2302 2165 in
2327 2108 2441 2164 Deo
2475 2123 2625 2178 spem
2660 2122 2835 2164 meam
2860 2148 2875 2172 ,
2905 2107 3136 2162 saturari
3164 2108 3473 2178 opprobriis
3500 2150 3515 2175 ,
3570 2118 3633 2165 et
3654 2107 3855 2178 judicis

2247 2201 2354 2256 mei
2406 2209 2729 2270 exspectare
2769 2200 3146 2256 sententiam:
3188 2217 3308 2271 qua:
3354 2214 3478 2255 cum
3521 2200 3659 2255 finis
3704 2200 3858 2257 adve-

2247 2294 2388 2350 nerit
2409 2336 2424 2360 ,
2456 2292 2624 2369 950
2651 2292 2679 2332 δ
2706 2309 2872 2363 opere
2888 2290 3220 2350 monstrabit
3246 2308 3462 2348 omnem
3496 2290 3787 2349 tristitiam
3811 2301 3860 2347 et

2246 2388 2669 2445 amaritudinem
2713 2384 2887 2443 instar
2914 2404 3179 2460 aquarum
3232 2386 3521 2444 ﬂuentium
3584 2402 3856 2460 pertrans—

2248 2484 2402 2540 iisse.

2314 2577 2491 2647 (Vers.
2520 2576 2584 2631 l9
2610 2573 3025 2647 seqq.)Propter
3052 2574 3150 2627 hoc
3181 2572 3289 2627 hac
3306 2570 3429 2626 dicit
3456 2569 3726 2626 Dominus
3756 2588 3772 2626 :
3803 2568 3857 2627 Si

2249 2662 2577 2733 converteris,
2610 2677 2903 2723 convertam
2935 2677 2983 2721 te
3011 2685 3029 2721 .·
3050 2674 3098 2721 et
3118 2676 3237 2720 ante
3264 2665 3451 2733 [aciem
3476 2680 3657 2720 meam
3687 2665 3853 2719 stabis.

2249 2754 2316 2814 Et
2344 2763 2387 2816 si
2418 2762 2736 2833 separaveris
2766 2754 3048 2833 pretiosum
3073 2777 3107 2815 a
3126 2756 3237 2823 bili,
3267 2754 3422 2831 quasi
3452 2776 3510 2814 os
3539 2776 3718 2814 meum
3744 2758 3850 2828 eris,

2249 2846 2624 2907 Converlentur
2650 2850 2754 2923 ipsi
2783 2851 2850 2905 ad
2874 2859 2954 2918 te,
2988 2856 3037 2906 et
3067 2860 3120 2905 tu
3153 2868 3259 2906 non
3306 2852 3632 2907 cortvcrleris
3661 2851 3734 2905 ad
3757 2866 3850 2903 eos.

2249 2940 2317 2999 Et
2345 2943 2478 2998 dabo
2508 2948 2555 3000 te
2587 2939 2782 3017 papqu
2810 2944 2930 3000 huic
2974 2944 3029 2999 in
3062 2961 3267 2998 murum
3313 2960 3515 2998 laneum
3556 2946 3750 3015 fortem
3770 2958 3789 3007 ,'
3813 2950 3856 2995 rt

2250 3038 2515 3095 bellabunt
2542 3040 2810 3094 adversum
2839 3049 2914 3107 te,
2946 3049 2996 3095 et
3027 3058 3127 3096 non
3175 3038 3529 3112 pra'ralebunt
3556 3085 3575 3111 ,
3625 3043 3750 3114 quia
3776 3056 3855 3112 ego

534 3133 758 3204 gavisus
787 3146 930 3196 sum,
971 3128 1141 3203 949
1174 3145 1260 3185 mc
1304 3126 1408 3183 tuis
1439 3127 1688 3199 paruisse
1721 3126 2010 3197 prteceplis
2038 3142 2051 3179 :
2085 3135 2139 3182 et
2167 3125 2220 3190 C
2245 3140 2411 3188 (ecum
2437 3149 2553 3186 sum
2579 3175 2592 3197 ,
2623 3139 2679 3185 ut
2708 3130 2909 3186 salvum
2935 3134 2983 3187 le
3013 3130 3205 3203 faciam
3232 3150 3249 3188 :
3278 3141 3326 3188 et
3355 3150 3571 3201 eruam,
3603 3134 3731 3188 dicit
3762 3128 3855 3185 Da-

538 3236 765 3301 propter
796 3238 995 3280 nonren
1024 3232 1176 3278 tuum
1206 3223 1339 3277 dura
1384 3235 1682 3292 perpessus
1711 3234 1857 3276 sum.

611 3318 795 3393 (Vere.
826 3316 917 3383 17,
954 3312 1070 3387 18.)
1105 3313 1227 3369 Νοη
1253 3313 1362 3368 sedi
1390 3316 1445 3367 in
1475 3313 1699 3367 concilio
1726 3308 2018 3365 ludentium
2047 3350 2062 3376 ,
2096 3316 2147 3363 et

538 3410 792 3484 gloriatus
810 3422 927 3463 sum
942 3407 1080 3479 (sive
1120 3403 1438 3476 metuebam)
1458 3416 1492 3459 α
1517 3404 1649 3473 facie
1683 3418 1867 3457 manus
1893 3412 1995 3457 ttae
2019 3418 2036 3458 :
2061 3416 2147 3457 so.

540 3505 624 3560 lus
669 3502 946 3569 sedebant,
998 3502 1243 3572 quoniam
1273 3495 1623 3554 amaritudine
1651 3496 1834 3571 [Vulg.
1862 3496 2149 3551 commina-

540 3598 704 3671 tione)
726 3597 938 3669 replesti
970 3613 1067 3651 me.
1101 3595 1277 3661 Quare
1297 3597 1465 3666 factus
1501 3602 1577 3647 est
1602 3592 1755 3647 dolor
1782 3608 1924 3646 meus
1966 3607 2148 3664 perpe-

544 3702 666 3746 tuus
698 3691 842 3759 (sive
867 3702 1030 3759 quare
1058 3688 1147 3753 qui
1190 3687 1500 3739 contristant
1536 3702 1644 3752 me,
1686 3682 2072 3756 conformatur)
2102 3690 2149 3738 et

545 3784 713 3857 plaga
742 3797 855 3835 mea
890 3779 1231 3851 desprrabilis
1258 3781 1437 3833 renuit
1463 3778 1637 3833 curari
1680 3778 1820 3847 (sive
1849 3779 2004 3851 plaga
2038 3793 2152 3833 mea

544 3881 696 3951 fortis
716 3919 731 3945 ,
755 3876 897 3932 unde
922 3873 1205 3945 curabar)?
1222 3871 1393 3927 Facta
1408 3879 1483 3927 est
1500 3870 1626 3926 mihi
1653 3872 1803 3943 quasi
1826 3871 2150 3925 mendacium

545 3986 806 4047 aquarum
829 3968 1122 4041 inﬁdelium
1147 3968 1290 4036 (sive
1317 3968 1469 4041 quasi
1497 3983 1632 4038 aqua
1665 3965 1891 4023 mendax
1922 3981 2024 4020 non
2055 3963 2152 4021 lm-

546 4067 670 4123 bens
700 4063 906 4137 ﬁdem).
944 4062 1073 4119 [huc
1104 4058 1319 4117 Hebraei
1345 4074 1413 4116 ex
1449 4075 1680 4129 persona
1712 4056 2017 4115 Jerusalem
2045 4052 2155 4113 dici

544 4160 921 4216 arbitrantur:
955 4154 1102 4226 quod
1147 4156 1263 4211 sola
1296 4152 1533 4221 sederit,
1576 4158 1631 4208 et
1661 4151 2025 4206 amaritudine
2069 4167 2156 4207 rc-

552 4255 703 4326 pleta
731 4254 837 4319 sit,
867 4261 920 4307 et
954 4249 1127 4305 factas
1152 4250 1223 4305 sit
1242 4248 1403 4304 dolor
1424 4249 1546 4317 ejus
1573 4256 1907 4318 perpetuus;
1942 4255 1997 4301 et
2022 4261 2158 4316 quo-

550 4344 717 4404 modo
744 4358 900 4415 aquae
940 4348 1361 4413 pertranseunt,
1412 4340 1490 4397 sic
1530 4340 1691 4396 verba
1721 4336 2153 4412 Prophetarum,

551 4440 750 4511 quibus
781 4437 889 4493 sibi
912 4448 1172 4507 prospera
1200 4431 1623 4506 pollicebantur,
1651 4434 1915 4489 transisse
1936 4433 2160 4489 menda-

2247 3222 2436 3278 minus.
2473 3220 2539 3277 Et
2564 3220 2792 3278 liberabo
2835 3220 2945 3298 [Ᾱῐ.
2981 3218 3218 3298 liberem]
3251 3232 3298 3279 te
3322 3226 3386 3279 de
3413 3242 3577 3280 manu
3607 3225 3844 3299 pessimo-

2247 3334 2386 3383 rum,
2419 3326 2467 3373 et
2498 3314 2751 3372 redimam
2785 3330 2831 3373 te
2876 3316 2940 3374 de
2989 3334 3145 3372 manu
3174 3313 3387 3389 fortium
3436 3316 3581 3387 (siVe
3626 3318 3851 3390 pestilen-

2249 3408 2422 3482 tium).
2465 3406 2809 3467 Manifestum
2852 3419 2934 3467 est
2978 3411 3123 3483 quod
3167 3410 3455 3482 superiora
3506 3427 3845 3483 nequaquam
3942 3406 3943 3469 ἒ

2247 3501 2571 3567 Jerusalem,
2607 3503 2700 3558 sed
2732 3498 3007 3573 Propheta
3039 3500 3258 3558 dixerit.
3294 3497 3391 3559 Cui
3421 3503 3713 3574 t-eSpondit
3755 3498 3848 3556 llo-

2251 3594 2432 3652 minus
2451 3638 2465 3662 ,
2489 3597 2532 3652 si
2558 3598 2897 3652 converteris
2924 3612 2952 3650 a
2986 3594 3222 3667 peccatis
3251 3598 3513 3667 p0ptllum
3543 3642 3559 3666 ,
3588 3609 3643 3654 et
3664 3613 3762 3669 ego
3784 3597 3848 3651 de
3942 3580 3943 3585 “

2257 3686 2607 3746 tribulatidne
2629 3697 2945 3747 convertam
2990 3696 3042 3746 te
3067 3688 3118 3746 in
3148 3688 3390 3747 iustitiam
3411 3735 3426 3761 ,
3457 3696 3514 3748 et
3536 3692 3708 3752 stabis
3737 3700 3849 3747 ante

2254 3780 2453 3840 faciem
2482 3799 2654 3840 meam
2675 3826 2690 3852 ,
2716 3784 2860 3840 sicut
2893 3783 3090 3856 Augeli
3131 3794 3278 3841 stant
3302 3786 3355 3840 in
3383 3799 3688 3858 conspectu
3729 3782 3849 3848 Dei,

2255 3876 2503 3949 quotidie
2558 3878 2812 3935 videntes
2883 3872 3080 3935 faciem
3122 3876 3288 3935 illius.
3327 3872 3393 3933 Et
3444 3881 3491 3934 si
3539 3879 3844 3955 separarers's

2260 3973 2542 4042 pretiosum
2567 3990 2599 4026 a
2646 3971 2940 4046 vili,‘quasi
2969 3989 3026 4028 os
3055 3988 3220 4028 meum
3251 3975 3372 4028 eris.
3417 3964 3494 4029 Ne
3551 3982 3712 4047 putes
3736 4017 3750 4041 ,
3780 3972 3849 4026 iu-

2259 4067 2412 4141 quit,
2467 4064 2596 4125 boni
2634 4067 2821 4137 operis
2853 4081 2960 4121 non
2988 4080 3114 4122 esse
3162 4062 3473 4121 mercedem
3516 4085 3530 4119 :
3564 4068 3614 4121 si
3649 4074 3845 4120 sanctos

2259 4180 2506 4237 quosque
2533 4176 2686 4217 meos
2710 4160 2779 4216 de
2813 4176 3041 4216 numero
3070 4159 3408 4230 peccantium
3465 4161 3578 4215 tuis
3605 4154 3851 4215 sermoni-

2259 4259 2363 4315 bus
2386 4255 2713 4329 segregaris,
2741 4251 2851 4309 eris
2874 4250 3029 4324 quasi
3052 4268 3117 4307 os
3139 4264 3319 4307 meum
3341 4291 3357 4318 ,
3390 4256 3447 4307 et
3466 4252 3608 4308 meis
3636 4266 3847 4324 ιιι-τεθερ-

2263 4350 2331 4405 tis
2362 4344 2732 4419 copulaberis.
2759 4343 2973 4400 Debent
2998 4343 3147 4401 enim
3173 4345 3248 4399 illi
3275 4345 3352 4399 lui
3380 4344 3691 4402 imitatores
3720 4357 3843 4405 esse,

2263 4451 2451 4500 etnon
2477 4453 2534 4497 tu
2577 4455 2788 4494 eorum.
2821 4432 2930 4494 Nec
2986 4432 3346 4504 reformides,
3376 4450 3430 4494 et
3460 4436 3620 4496 dicas
3650 4460 3663 4494 :
3698 4438 3848 4507 Quare

549 4532 711 4590 citer.
744 4530 941 4587 Melius
970 4536 1155 4585 autem
1178 4571 1191 4593 ,
1225 4537 1284 4583 ut
1312 4542 1381 4583 ex
1421 4540 1655 4597 persona
1709 4522 2000 4597 Propheta:
2032 4522 2155 4581 haec
2183 4521 2236 4582 D
2264 4539 2432 4608 [actus
2460 4538 2535 4588 est
2565 4530 2717 4586 dolor
2748 4549 2886 4586 meus
2914 4538 3195 4603 perpetuus
3222 4574 3235 4599 ,
3284 4538 3334 4587 et
3360 4532 3517 4605 plaga
3551 4550 3660 4588 mea
3692 4529 3843 4603 fortis,

550 4627 660 4684 dici
680 4626 1034 4697 accipiamus,
1057 4624 1452 4681 ‘sermmtibus
1472 4625 1646 4678 sancti
1671 4622 1799 4691 viri,
1824 4624 1913 4695 qui
1935 4639 2041 4679 non
2069 4636 2162 4680 se-

552 4721 694 4777 derit
728 4720 782 4774 in
811 4715 1082 4783 concilio,
1115 4717 1233 4771 sivo
1264 4724 1480 4772 secreto
1528 4711 1834 4771 ludentium
1858 4758 1872 4782 ,
1907 4716 2057 4788 quod
2087 4716 2157 4772 tio

555 4814 757 4869 muerit
805 4809 1217 4882 impendentem
1248 4809 1352 4863 sibi
1388 4824 1608 4863 manum
1640 4807 1736 4863 Dei
1768 4826 1780 4861 :
1828 4806 1943 4872 sive
1988 4806 2161 4880 magis

553 4904 821 4974 gloriatus
844 4905 948 4968 sit,
977 4916 1037 4957 se
1084 4901 1354 4955 malorum
1403 4910 1513 4954 non
1558 4897 1760 4955 habere
1795 4901 2158 4955 consortium.

557 4993 751 5059 Solus,
784 4994 981 5063 inquit,
1008 4994 1281 5057 sedebam,
1324 4992 1623 5048 secundum
1656 4990 1787 5048 illud
1817 4992 1959 5063 quod
1988 4994 2161 5063 scrip.

556 5096 671 5142 tum
720 5093 805 5139 est
833 5102 846 5136 :
882 5080 1123 5138 Nonscdi
1150 5094 1263 5137 cum
1284 5082 1509 5139 concilio
1539 5085 1781 5140 vanitatis
1803 5127 1817 5151 ,
1850 5089 1901 5138 et
1923 5102 2035 5139 cum
2059 5084 2162 5138 iui-

555 5194 663 5250 gua
678 5177 977 5251 gerentibus
994 5191 1097 5229 non
1120 5174 1359 5229 introibo.
1388 5172 1542 5231 0divi
1563 5176 1849 5230 Ecclesium
1863 5175 2162 5246 malignan-

555 5272 706 5335 tium,
739 5279 787 5324 et
826 5286 944 5323 cum
974 5267 1147 5341 impiis
1175 5285 1278 5321 non
1299 5268 1484 5325 sedebo
1516 5267 1693 5339 (Psal.
1722 5285 1849 5337 xxv,
1880 5268 1939 5333 4..
1981 5267 2059 5343 5).
2095 5271 2166 5335 Et,

557 5364 610 5418 in
642 5364 754 5418 alio
785 5363 949 5430 loco,
982 5359 1271 5417 Scluat-ius
1292 5378 1411 5415 sum
1436 5375 1559 5435 ego,
1601 5360 1766 5417 donec
1787 5372 2156 5432 patronorum.

556 5457 596 5508 Α
626 5456 779 5525 facie,
807 5454 1011 5524 inquit,
1043 5467 1229 5507 manus
1249 5460 1371 5520 tute,
1400 5451 1543 5508 solus
1564 5452 1803 5511 sedebam
1836 5452 2155 5528 (Psal.cxt.,

628 5665 654 5692 ιι
683 5654 916 5723 Cisterc.
941 5652 1211 5719 «Veiisa,
1239 5654 1331 5707 ml
1352 5654 1961 5710 mnonibusmtctisiri
1976 5693 1993 5721 ,
2015 5655 2161 5723 quod

561 5738 664 5776 non
684 5764 700 5790 ,
732 5733 840 5777 etc.
865 5722 1041 5778 Penes
1072 5725 1291 5780 liabtm.
1322 5725 1402 5779 vel
1428 5736 1496 5781 σω
1521 5727 1862 5792 sermonibus,
1897 5734 2009 5781 etc.

2265 4632 2379 4685 sive
2409 4624 2769 4701 desperabilis,
2796 4637 2856 4684 ut
2875 4644 2963 4687 me
2988 4629 3277 4701 deSperem
3302 4645 3462 4699 pOsSe
3490 4628 3692 4684 curari.
3716 4626 3847 4681 Dabo

2266 4722 2410 4779 enim
2444 4731 2498 4778 te
2529 4719 2687 4793 quasi
2720 4739 2933 4777 murum
2966 4738 3177 4778 aeneum
3211 4730 3374 4791 atque
3402 4720 3771 4785 fortissimum,
3798 4724 3848 4769 ut

2265 4824 2454 4869 contra
2509 4805 2883 4868 adversarium
2930 4814 3081 4869 omni
3128 4812 3356 4871 resistas
3406 4815 3638 4880 robore,
3688 4822 3739 4867 ct
3770 4823 3846 4862 mc

2268 4905 2475 4963 habeas
2506 4908 2817 4977 adiutorem
2847 4916 2897 4965 et
2932 4904 3161 4964 liberem
3195 4918 3247 4965 te
3292 4908 3359 4964 de
3389 4924 3551 4964 manu
3584 4906 3841 4978 pessimo-

2270 5016 2388 5055 rum
2414 5042 2430 5066 ,
2471 5001 2589 5057 sive
2642 4996 3051 5070 pestilentium,
3103 5012 3157 5056 et
3214 5001 3474 5057 redimam
3500 5010 3585 5065 te,
3624 4998 3708 5053 vel
3739 5002 3844 5050 meo

2267 5092 2536 5163 sanguine
2559 5134 2574 5158 ,
2607 5093 2693 5148 vel
2725 5095 2777 5147 in
2812 5094 3225 5162 praesentiarum
3259 5109 3381 5148 meo
3410 5094 3640 5149 auxilio.
3671 5086 3841 5147 Consi-

2268 5184 2527 5240 deremus
2553 5197 2809 5257 quantam
2833 5187 3143 5243 mercedem
3175 5188 3376 5244 habeat
3396 5204 3578 5244 sermo
3598 5184 3841 5247 doctoris,

2267 5276 2323 5332 si
2341 5277 2576 5334 Vulneris
2596 5279 2665 5333 ab
2687 5292 2872 5337 errore
2901 5280 3212 5349 quouminus
3257 5278 3491 5339 libente
3513 5316 3533 5347 ,
3561 5290 3614 5336 et
3643 5278 3709 5333 de
3733 5289 3838 5345 pec-

2266 5370 2510 5424 cantium
2542 5384 2773 5424 numero
2811 5369 3069 5426 educere.

2340 5460 2499 5541 (αθΡθ
2533 5456 2674 5518 ΧΠ·
2698 5492 2769 5503 ·-
2800 5450 3016 5522 νεῖείί
3052 5465 3235 5538 seqq.)
3256 5465 3321 5521 Ει
3335 5469 3535 5538 factum
3559 5474 3630 5523 est
3655 5460 3837 5520 verbum

2265 5657 2598 5786 “absidem:
2625 5673 2873 5737 arma:
2891 5674 3127 5735 numque
3153 5666 3438 5736 recessisse,
3463 5678 3565 5739 pro
3591 5672 3826 5735 pertrans-
