  <div class='ocr_page' id='page_1' title='image "/cluster/home/n/w/nwhite01/storage/ocr_20150623/24/uva.x000826571/398.png"; bbox 0 0 3972 6340; ppageno 0'>
   <div class='ocr_carea' id='block_1_1' title="bbox 196 281 317 353">
    <p class='ocr_par' dir='ltr' id='par_1_1' title="bbox 196 281 317 353">
     <span class='ocr_line' id='line_1_1' title="bbox 196 281 317 353; baseline 0.017 -14"><span class='ocrx_word' id='word_1_1' title='bbox 196 281 317 353; x_wconf 72' lang='grc'><strong><em>⁷81</em></strong></span> 
     </span>
    </p>
   </div>
   <div class='ocr_carea' id='block_1_2' title="bbox 714 280 3012 353">
    <p class='ocr_par' dir='ltr' id='par_1_2' title="bbox 714 280 3012 353">
     <span class='ocr_line' id='line_1_2' title="bbox 714 280 3012 353; baseline 0.003 -11"><span class='ocrx_word' id='word_1_2' title='bbox 714 284 1374 343; x_wconf 77' lang='lat' dir='ltr'><strong><em>COMMENTARIORUM</em></strong></span> <span class='ocrx_word' id='word_1_3' title='bbox 1414 282 1480 341; x_wconf 85' lang='lat' dir='ltr'><strong>IN</strong></span> <span class='ocrx_word' id='word_1_4' title='bbox 1521 282 1872 353; x_wconf 77' lang='lat' dir='ltr'><strong><em>JEREMIAM</em></strong></span> <span class='ocrx_word' id='word_1_5' title='bbox 1913 280 2333 342; x_wconf 73' lang='lat' dir='ltr'><strong><em>PliOPHETAM</em></strong></span> <span class='ocrx_word' id='word_1_6' title='bbox 2372 287 2501 345; x_wconf 82' lang='lat' dir='ltr'><strong><em>LIB.</em></strong></span> <span class='ocrx_word' id='word_1_7' title='bbox 2543 289 2633 345; x_wconf 89' lang='lat' dir='ltr'><strong><em>lll.</em></strong></span> <span class='ocrx_word' id='word_1_8' title='bbox 2673 290 2825 351; x_wconf 87' lang='lat' dir='ltr'><strong><em>CAP.</em></strong></span> <span class='ocrx_word' id='word_1_9' title='bbox 2872 293 3012 351; x_wconf 76' lang='lat' dir='ltr'><strong><em>XVI.</em></strong></span> 
     </span>
    </p>
   </div>
   <div class='ocr_carea' id='block_1_3' title="bbox 3413 302 3521 358">
    <p class='ocr_par' dir='ltr' id='par_1_3' title="bbox 3413 302 3521 358">
     <span class='ocr_line' id='line_1_3' title="bbox 3413 302 3521 358; baseline 0 0"><span class='ocrx_word' id='word_1_10' title='bbox 3413 302 3521 358; x_wconf 63' lang='grc'><strong><em>’182</em></strong></span> 
     </span>
    </p>
   </div>
   <div class='ocr_carea' id='block_1_4' title="bbox 196 395 3512 479">
    <p class='ocr_par' dir='ltr' id='par_1_4' title="bbox 196 395 3512 479">
     <span class='ocr_line' id='line_1_4' title="bbox 196 395 3512 479; baseline 0.006 -29"><span class='ocrx_word' id='word_1_11' title='bbox 196 395 427 452; x_wconf 82' lang='lat' dir='ltr'><strong><em>Domini</em></strong></span> <span class='ocrx_word' id='word_1_12' title='bbox 451 398 521 454; x_wconf 87' lang='lat' dir='ltr'><strong><em>ad</em></strong></span> <span class='ocrx_word' id='word_1_13' title='bbox 543 416 646 465; x_wconf 83' lang='lat' dir='ltr'><strong><em>me,</em></strong></span> <span class='ocrx_word' id='word_1_14' title='bbox 677 400 853 456; x_wconf 80' lang='lat' dir='ltr'><strong><em>dicens</em></strong></span> <span class='ocrx_word' id='word_1_15' title='bbox 886 419 905 455; x_wconf 88' lang='lat'><strong><em>:</em></strong></span> <span class='ocrx_word' id='word_1_16' title='bbox 938 401 1068 457; x_wconf 85' lang='lat' dir='ltr'><strong><em>Noli</em></strong></span> <span class='ocrx_word' id='word_1_17' title='bbox 1091 402 1326 472; x_wconf 85' lang='lat' dir='ltr'><strong><em>accipere</em></strong></span> <span class='ocrx_word' id='word_1_18' title='bbox 1349 399 1531 473; x_wconf 85' lang='lat' dir='ltr'><strong><em>[Vulg.</em></strong></span> <span class='ocrx_word' id='word_1_19' title='bbox 1566 399 1690 453; x_wconf 87' lang='lat' dir='ltr'><strong><em>Non</em></strong></span> <span class='ocrx_word' id='word_1_20' title='bbox 1722 417 1812 454; x_wconf 88' lang='lat' dir='ltr'><strong><em>ac-</em></strong></span> <span class='ocrx_word' id='word_1_21' title='bbox 1837 403 1891 462; x_wconf 81' lang='grc' dir='ltr'><strong>Α</strong></span> <span class='ocrx_word' id='word_1_22' title='bbox 1922 401 2202 472; x_wconf 77' lang='lat' dir='ltr'><strong><em>praecipit,</em></strong></span> <span class='ocrx_word' id='word_1_23' title='bbox 2233 419 2355 458; x_wconf 91' lang='lat' dir='ltr'><strong><em>cum</em></strong></span> <span class='ocrx_word' id='word_1_24' title='bbox 2391 403 2476 458; x_wconf 87' lang='lat' dir='ltr'><strong><em>his</em></strong></span> <span class='ocrx_word' id='word_1_25' title='bbox 2507 407 2599 476; x_wconf 89' lang='lat' dir='ltr'><strong><em>qui</em></strong></span> <span class='ocrx_word' id='word_1_26' title='bbox 2639 418 2964 464; x_wconf 74' lang='lat' dir='ltr'><strong><em>aversantur</em></strong></span> <span class='ocrx_word' id='word_1_27' title='bbox 2989 408 3178 479; x_wconf 90' lang='lat' dir='ltr'><strong><em>Deum,</em></strong></span> <span class='ocrx_word' id='word_1_28' title='bbox 3208 426 3309 467; x_wconf 88' lang='lat' dir='ltr'><strong><em>nec</em></strong></span> <span class='ocrx_word' id='word_1_29' title='bbox 3332 413 3512 470; x_wconf 83' lang='lat' dir='ltr'><strong><em>cibum</em></strong></span> 
     </span>
    </p>
   </div>
   <div class='ocr_carea' id='block_1_5' title="bbox 194 489 1809 566">
    <p class='ocr_par' dir='ltr' id='par_1_5' title="bbox 194 489 1809 566">
     <span class='ocr_line' id='line_1_5' title="bbox 194 489 1809 566; baseline 0.001 -23"><span class='ocrx_word' id='word_1_30' title='bbox 194 489 391 563; x_wconf 88' lang='lat' dir='ltr'><strong><em>cipies]</em></strong></span> <span class='ocrx_word' id='word_1_31' title='bbox 421 508 633 546; x_wconf 76' lang='lat' dir='ltr'><strong><em>uxorem</em></strong></span> <span class='ocrx_word' id='word_1_32' title='bbox 656 532 671 559; x_wconf 92' lang='lat'><strong><em>,</em></strong></span> <span class='ocrx_word' id='word_1_33' title='bbox 702 502 749 546; x_wconf 83' lang='lat' dir='ltr'><strong><em>et</em></strong></span> <span class='ocrx_word' id='word_1_34' title='bbox 779 508 880 546; x_wconf 91' lang='lat' dir='ltr'><strong><em>non</em></strong></span> <span class='ocrx_word' id='word_1_35' title='bbox 911 492 1013 547; x_wconf 88' lang='lat' dir='ltr'><strong><em>sint</em></strong></span> <span class='ocrx_word' id='word_1_36' title='bbox 1036 491 1218 566; x_wconf 77' lang='lat' dir='ltr'><strong><em>[Vulg.</em></strong></span> <span class='ocrx_word' id='word_1_37' title='bbox 1248 491 1417 565; x_wconf 84' lang='lat' dir='ltr'><strong><em>erunt]</em></strong></span> <span class='ocrx_word' id='word_1_38' title='bbox 1447 493 1538 546; x_wconf 87' lang='lat' dir='ltr'><strong><em>tibi</em></strong></span> <span class='ocrx_word' id='word_1_39' title='bbox 1563 492 1659 561; x_wconf 72' lang='lat' dir='ltr'><strong><em>filii</em></strong></span> <span class='ocrx_word' id='word_1_40' title='bbox 1679 502 1728 546; x_wconf 88' lang='lat' dir='ltr'><strong><em>et</em></strong></span> <span class='ocrx_word' id='word_1_41' title='bbox 1746 494 1809 560; x_wconf 76' lang='lat' dir='ltr'><strong><em>ﬁ-</em></strong></span> 
     </span>
    </p>
   </div>
   <div class='ocr_carea' id='block_1_6' title="bbox 193 578 1808 656">
    <p class='ocr_par' dir='ltr' id='par_1_6' title="bbox 193 578 1808 656">
     <span class='ocr_line' id='line_1_6' title="bbox 193 578 1808 656; baseline 0.003 -24"><span class='ocrx_word' id='word_1_42' title='bbox 193 578 295 635; x_wconf 77' lang='lat' dir='ltr'><strong><em>lia:</em></strong></span> <span class='ocrx_word' id='word_1_43' title='bbox 327 583 381 635; x_wconf 88' lang='lat' dir='ltr'><strong><em>in</em></strong></span> <span class='ocrx_word' id='word_1_44' title='bbox 409 580 523 636; x_wconf 86' lang='lat' dir='ltr'><strong><em>loco</em></strong></span> <span class='ocrx_word' id='word_1_45' title='bbox 553 583 672 636; x_wconf 66' lang='lat' dir='ltr'><strong><em>ista.</em></strong></span> <span class='ocrx_word' id='word_1_46' title='bbox 707 581 845 649; x_wconf 83' lang='lat' dir='ltr'><strong><em>Quia</em></strong></span> <span class='ocrx_word' id='word_1_47' title='bbox 883 582 992 637; x_wconf 68' lang='lat' dir='ltr'><strong><em>lucc</em></strong></span> <span class='ocrx_word' id='word_1_48' title='bbox 1021 584 1147 637; x_wconf 79' lang='lat' dir='ltr'><strong><em>dicit</em></strong></span> <span class='ocrx_word' id='word_1_49' title='bbox 1177 584 1451 648; x_wconf 79' lang='lat' dir='ltr'><strong><em>Dominus,</em></strong></span> <span class='ocrx_word' id='word_1_50' title='bbox 1489 600 1643 656; x_wconf 80' lang='lat' dir='ltr'><strong><em>super</em></strong></span> <span class='ocrx_word' id='word_1_51' title='bbox 1668 581 1808 655; x_wconf 81' lang='lat' dir='ltr'><strong><em>ﬁlios</em></strong></span> 
     </span>
    </p>
   </div>
   <div class='ocr_carea' id='block_1_7' title="bbox 190 675 1810 750">
    <p class='ocr_par' dir='ltr' id='par_1_7' title="bbox 190 675 1810 750">
     <span class='ocr_line' id='line_1_7' title="bbox 190 675 1810 750; baseline 0.004 -23"><span class='ocrx_word' id='word_1_52' title='bbox 190 683 250 728; x_wconf 81' lang='lat' dir='ltr'><strong><em>et</em></strong></span> <span class='ocrx_word' id='word_1_53' title='bbox 274 675 417 744; x_wconf 84' lang='lat' dir='ltr'><strong><em>ﬁlias</em></strong></span> <span class='ocrx_word' id='word_1_54' title='bbox 443 691 559 743; x_wconf 70' lang='lat' dir='ltr'><strong><em>qua:</em></strong></span> <span class='ocrx_word' id='word_1_55' title='bbox 583 685 900 747; x_wconf 86' lang='lat' dir='ltr'><strong><em>generantur</em></strong></span> <span class='ocrx_word' id='word_1_56' title='bbox 939 677 993 731; x_wconf 91' lang='lat' dir='ltr'><strong><em>in</em></strong></span> <span class='ocrx_word' id='word_1_57' title='bbox 1021 678 1137 732; x_wconf 91' lang='lat' dir='ltr'><strong><em>loco</em></strong></span> <span class='ocrx_word' id='word_1_58' title='bbox 1176 679 1275 732; x_wconf 85' lang='lat' dir='ltr'><strong><em>isto</em></strong></span> <span class='ocrx_word' id='word_1_59' title='bbox 1297 721 1311 746; x_wconf 94' lang='lat'><strong><em>,</em></strong></span> <span class='ocrx_word' id='word_1_60' title='bbox 1342 685 1393 734; x_wconf 81' lang='lat' dir='ltr'><strong><em>et</em></strong></span> <span class='ocrx_word' id='word_1_61' title='bbox 1438 694 1594 750; x_wconf 83' lang='lat' dir='ltr'><strong><em>super</em></strong></span> <span class='ocrx_word' id='word_1_62' title='bbox 1621 686 1810 733; x_wconf 84' lang='lat' dir='ltr'><strong><em>matres</em></strong></span> 
     </span>
    </p>
   </div>
   <div class='ocr_carea' id='block_1_8' title="bbox 190 772 1810 842">
    <p class='ocr_par' dir='ltr' id='par_1_8' title="bbox 190 772 1810 842">
     <span class='ocr_line' id='line_1_8' title="bbox 190 772 1810 842; baseline 0.004 -22"><span class='ocrx_word' id='word_1_63' title='bbox 190 781 405 834; x_wconf 85' lang='lat' dir='ltr'><strong><em>eorum,</em></strong></span> <span class='ocrx_word' id='word_1_64' title='bbox 436 783 551 838; x_wconf 75' lang='lat' dir='ltr'><strong><em>gnte</em></strong></span> <span class='ocrx_word' id='word_1_65' title='bbox 577 778 864 840; x_wconf 88' lang='lat' dir='ltr'><strong><em>genuerunt</em></strong></span> <span class='ocrx_word' id='word_1_66' title='bbox 889 786 975 826; x_wconf 85' lang='lat' dir='ltr'><strong><em>eos</em></strong></span> <span class='ocrx_word' id='word_1_67' title='bbox 994 813 1009 838; x_wconf 91' lang='lat'><strong><em>,</em></strong></span> <span class='ocrx_word' id='word_1_68' title='bbox 1038 780 1086 825; x_wconf 88' lang='lat' dir='ltr'><strong><em>et</em></strong></span> <span class='ocrx_word' id='word_1_69' title='bbox 1115 788 1270 842; x_wconf 80' lang='lat' dir='ltr'><strong><em>super</em></strong></span> <span class='ocrx_word' id='word_1_70' title='bbox 1296 780 1469 842; x_wconf 85' lang='lat' dir='ltr'><strong><em>patres</em></strong></span> <span class='ocrx_word' id='word_1_71' title='bbox 1498 787 1674 826; x_wconf 77' lang='lat' dir='ltr'><strong><em>comm</em></strong></span> <span class='ocrx_word' id='word_1_72' title='bbox 1701 813 1716 839; x_wconf 89' lang='lat'><strong><em>,</em></strong></span> <span class='ocrx_word' id='word_1_73' title='bbox 1747 772 1810 826; x_wconf 87' lang='lat' dir='ltr'><strong><em>de</em></strong></span> 
     </span>
    </p>
   </div>
   <div class='ocr_carea' id='block_1_9' title="bbox 191 858 1806 936">
    <p class='ocr_par' dir='ltr' id='par_1_9' title="bbox 191 858 1806 936">
     <span class='ocr_line' id='line_1_9' title="bbox 191 858 1806 936; baseline 0.006 -26"><span class='ocrx_word' id='word_1_74' title='bbox 191 873 422 928; x_wconf 88' lang='lat' dir='ltr'><strong><em>quorum</em></strong></span> <span class='ocrx_word' id='word_1_75' title='bbox 449 858 611 930; x_wconf 86' lang='lat' dir='ltr'><strong><em>stirpe</em></strong></span> <span class='ocrx_word' id='word_1_76' title='bbox 640 862 749 914; x_wconf 87' lang='lat' dir='ltr'><strong><em>nati</em></strong></span> <span class='ocrx_word' id='word_1_77' title='bbox 777 872 897 929; x_wconf 79' lang='lat' dir='ltr'><strong><em>sunt</em></strong></span> <span class='ocrx_word' id='word_1_78' title='bbox 918 863 969 917; x_wconf 93' lang='lat' dir='ltr'><strong><em>in</em></strong></span> <span class='ocrx_word' id='word_1_79' title='bbox 1003 874 1143 918; x_wconf 89' lang='lat' dir='ltr'><strong><em>terra</em></strong></span> <span class='ocrx_word' id='word_1_80' title='bbox 1163 863 1280 927; x_wconf 81' lang='lat' dir='ltr'><strong><em>hac,</em></strong></span> <span class='ocrx_word' id='word_1_81' title='bbox 1312 863 1563 920; x_wconf 83' lang='lat' dir='ltr'><strong><em>mortibus</em></strong></span> <span class='ocrx_word' id='word_1_82' title='bbox 1588 874 1806 936; x_wconf 76' lang='lat' dir='ltr'><strong><em>(egrota-</em></strong></span> 
     </span>
    </p>
   </div>
   <div class='ocr_carea' id='block_1_10' title="bbox 193 950 1803 1027">
    <p class='ocr_par' dir='ltr' id='par_1_10' title="bbox 193 950 1803 1027">
     <span class='ocr_line' id='line_1_10' title="bbox 193 950 1803 1027; baseline 0.004 -24"><span class='ocrx_word' id='word_1_83' title='bbox 193 951 403 1005; x_wconf 87' lang='lat' dir='ltr'><strong><em>tionum</em></strong></span> <span class='ocrx_word' id='word_1_84' title='bbox 432 950 545 1024; x_wconf 73' lang='lat' dir='ltr'><strong><em>[AL</em></strong></span> <span class='ocrx_word' id='word_1_85' title='bbox 568 954 955 1027; x_wconf 70' lang='lat' dir='ltr'><strong><em>mgrotantium]</em></strong></span> <span class='ocrx_word' id='word_1_86' title='bbox 978 957 1263 1011; x_wconf 86' lang='lat' dir='ltr'><strong><em>morientur</em></strong></span> <span class='ocrx_word' id='word_1_87' title='bbox 1292 972 1311 1011; x_wconf 89' lang='lat'><strong><em>:</em></strong></span> <span class='ocrx_word' id='word_1_88' title='bbox 1341 974 1444 1011; x_wconf 83' lang='lat' dir='ltr'><strong><em>non</em></strong></span> <span class='ocrx_word' id='word_1_89' title='bbox 1476 958 1803 1027; x_wconf 84' lang='lat' dir='ltr'><strong><em>plangentur,</em></strong></span> 
     </span>
    </p>
   </div>
   <div class='ocr_carea' id='block_1_11' title="bbox 192 1046 1808 1121">
    <p class='ocr_par' dir='ltr' id='par_1_11' title="bbox 192 1046 1808 1121">
     <span class='ocr_line' id='line_1_11' title="bbox 192 1046 1808 1121; baseline 0.006 -24"><span class='ocrx_word' id='word_1_90' title='bbox 192 1053 251 1097; x_wconf 88' lang='lat' dir='ltr'><strong><em>et</em></strong></span> <span class='ocrx_word' id='word_1_91' title='bbox 277 1059 385 1097; x_wconf 88' lang='lat' dir='ltr'><strong><em>non</em></strong></span> <span class='ocrx_word' id='word_1_92' title='bbox 410 1046 743 1116; x_wconf 80' lang='lat' dir='ltr'><strong><em>sepelientnr,</em></strong></span> <span class='ocrx_word' id='word_1_93' title='bbox 777 1048 829 1100; x_wconf 87' lang='lat' dir='ltr'><strong><em>in</em></strong></span> <span class='ocrx_word' id='word_1_94' title='bbox 850 1048 1232 1120; x_wconf 82' lang='lat' dir='ltr'><strong><em>sterquilinium</em></strong></span> <span class='ocrx_word' id='word_1_95' title='bbox 1258 1067 1416 1121; x_wconf 90' lang='lat' dir='ltr'><strong><em>super</em></strong></span> <span class='ocrx_word' id='word_1_96' title='bbox 1445 1050 1629 1120; x_wconf 80' lang='lat' dir='ltr'><strong><em>faciem</em></strong></span> <span class='ocrx_word' id='word_1_97' title='bbox 1655 1060 1808 1106; x_wconf 73' lang='lat' dir='ltr'><strong><em>terra:</em></strong></span> 
     </span>
    </p>
   </div>
   <div class='ocr_carea' id='block_1_12' title="bbox 193 1136 1805 1212">
    <p class='ocr_par' dir='ltr' id='par_1_12' title="bbox 193 1136 1805 1212">
     <span class='ocr_line' id='line_1_12' title="bbox 193 1136 1805 1212; baseline 0.003 -21"><span class='ocrx_word' id='word_1_98' title='bbox 193 1146 354 1191; x_wconf 80' lang='lat' dir='ltr'><strong><em>erunt</em></strong></span> <span class='ocrx_word' id='word_1_99' title='bbox 380 1178 394 1202; x_wconf 92' lang='lat'><strong><em>,</em></strong></span> <span class='ocrx_word' id='word_1_100' title='bbox 417 1147 464 1192; x_wconf 88' lang='lat' dir='ltr'><strong><em>et</em></strong></span> <span class='ocrx_word' id='word_1_101' title='bbox 490 1136 669 1210; x_wconf 87' lang='lat' dir='ltr'><strong><em>gladio</em></strong></span> <span class='ocrx_word' id='word_1_102' title='bbox 690 1147 736 1194; x_wconf 84' lang='lat' dir='ltr'><strong><em>et</em></strong></span> <span class='ocrx_word' id='word_1_103' title='bbox 764 1144 901 1212; x_wconf 76' lang='lat' dir='ltr'><strong><em>[ante</em></strong></span> <span class='ocrx_word' id='word_1_104' title='bbox 941 1152 1313 1197; x_wconf 75' lang='lat' dir='ltr'><strong><em>consumantur</em></strong></span> <span class='ocrx_word' id='word_1_105' title='bbox 1336 1185 1350 1210; x_wconf 88' lang='lat'><strong><em>,</em></strong></span> <span class='ocrx_word' id='word_1_106' title='bbox 1394 1153 1438 1198; x_wconf 88' lang='lat' dir='ltr'><strong><em>et</em></strong></span> <span class='ocrx_word' id='word_1_107' title='bbox 1466 1153 1614 1199; x_wconf 88' lang='lat' dir='ltr'><strong><em>erunt</em></strong></span> <span class='ocrx_word' id='word_1_108' title='bbox 1645 1145 1773 1198; x_wconf 77' lang='lat' dir='ltr'><strong><em>cado</em></strong></span> <span class='ocrx_word' id='word_1_109' title='bbox 1791 1174 1805 1184; x_wconf 90' lang='lat'><strong>-</strong></span> 
     </span>
    </p>
   </div>
   <div class='ocr_carea' id='block_1_13' title="bbox 193 1234 1803 1297">
    <p class='ocr_par' dir='ltr' id='par_1_13' title="bbox 193 1234 1803 1297">
     <span class='ocr_line' id='line_1_13' title="bbox 193 1234 1803 1297; baseline 0.004 -11"><span class='ocrx_word' id='word_1_110' title='bbox 193 1246 323 1286; x_wconf 81' lang='lat' dir='ltr'><strong><em>vero</em></strong></span> <span class='ocrx_word' id='word_1_111' title='bbox 356 1246 531 1286; x_wconf 85' lang='lat' dir='ltr'><strong><em>eorum</em></strong></span> <span class='ocrx_word' id='word_1_112' title='bbox 552 1234 605 1286; x_wconf 90' lang='lat' dir='ltr'><strong><em>in</em></strong></span> <span class='ocrx_word' id='word_1_113' title='bbox 626 1250 792 1288; x_wconf 81' lang='lat' dir='ltr'><strong><em>escam</em></strong></span> <span class='ocrx_word' id='word_1_114' title='bbox 816 1234 1110 1291; x_wconf 65' lang='lat' dir='ltr'><strong><em>volatilibus</em></strong></span> <span class='ocrx_word' id='word_1_115' title='bbox 1135 1237 1253 1292; x_wconf 64' lang='lat' dir='ltr'><strong><em>caeli</em></strong></span> <span class='ocrx_word' id='word_1_116' title='bbox 1280 1247 1328 1293; x_wconf 87' lang='lat' dir='ltr'><strong><em>et</em></strong></span> <span class='ocrx_word' id='word_1_117' title='bbox 1367 1239 1537 1294; x_wconf 76' lang='lat' dir='ltr'><strong><em>bestiis</em></strong></span> <span class='ocrx_word' id='word_1_118' title='bbox 1551 1247 1721 1295; x_wconf 67' lang='lat' dir='ltr'><strong><em>terror.</em></strong></span> <span class='ocrx_word' id='word_1_119' title='bbox 1748 1239 1803 1297; x_wconf 86' lang='lat' dir='ltr'><strong><em>Si</em></strong></span> 
     </span>
    </p>
   </div>
   <div class='ocr_carea' id='block_1_14' title="bbox 197 1324 1804 1403">
    <p class='ocr_par' dir='ltr' id='par_1_14' title="bbox 197 1324 1804 1403">
     <span class='ocr_line' id='line_1_14' title="bbox 197 1324 1804 1403; baseline 0.004 -24"><span class='ocrx_word' id='word_1_120' title='bbox 197 1331 457 1394; x_wconf 88' lang='lat' dir='ltr'><strong><em>tempore</em></strong></span> <span class='ocrx_word' id='word_1_121' title='bbox 506 1324 843 1383; x_wconf 84' lang='lat' dir='ltr'><strong><em>imminentis</em></strong></span> <span class='ocrx_word' id='word_1_122' title='bbox 887 1328 1221 1401; x_wconf 78' lang='lat' dir='ltr'><strong><em>captivitatis</em></strong></span> <span class='ocrx_word' id='word_1_123' title='bbox 1268 1340 1485 1386; x_wconf 78' lang='lat' dir='ltr'><strong><em>velatur</em></strong></span> <span class='ocrx_word' id='word_1_124' title='bbox 1532 1331 1804 1403; x_wconf 84' lang='lat' dir='ltr'><strong><em>Propheta</em></strong></span> 
     </span>
    </p>
   </div>
   <div class='ocr_carea' id='block_1_15' title="bbox 195 1415 1806 1489">
    <p class='ocr_par' dir='ltr' id='par_1_15' title="bbox 195 1415 1806 1489">
     <span class='ocr_line' id='line_1_15' title="bbox 195 1415 1806 1489; baseline 0.005 -18"><span class='ocrx_word' id='word_1_125' title='bbox 195 1429 432 1471; x_wconf 74' lang='lat' dir='ltr'><strong><em>vxorem</em></strong></span> <span class='ocrx_word' id='word_1_126' title='bbox 462 1415 698 1486; x_wconf 87' lang='lat' dir='ltr'><strong><em>ducere,</em></strong></span> <span class='ocrx_word' id='word_1_127' title='bbox 744 1436 810 1475; x_wconf 91' lang='lat' dir='ltr'><strong><em>ne</em></strong></span> <span class='ocrx_word' id='word_1_128' title='bbox 848 1420 1259 1476; x_wconf 81' lang='lat' dir='ltr'><strong><em>tribulationem</em></strong></span> <span class='ocrx_word' id='word_1_129' title='bbox 1283 1422 1465 1477; x_wconf 87' lang='lat' dir='ltr'><strong><em>carnis</em></strong></span> <span class='ocrx_word' id='word_1_130' title='bbox 1494 1422 1720 1489; x_wconf 86' lang='lat' dir='ltr'><strong><em>habeat;</em></strong></span> <span class='ocrx_word' id='word_1_131' title='bbox 1751 1434 1806 1479; x_wconf 92' lang='lat' dir='ltr'><strong><em>et</em></strong></span> 
     </span>
    </p>
   </div>
   <div class='ocr_carea' id='block_1_16' title="bbox 194 1508 1804 1589">
    <p class='ocr_par' dir='ltr' id='par_1_16' title="bbox 194 1508 1804 1589">
     <span class='ocr_line' id='line_1_16' title="bbox 194 1508 1804 1589; baseline 0.006 -26"><span class='ocrx_word' id='word_1_132' title='bbox 194 1521 371 1581; x_wconf 83' lang='lat' dir='ltr'><strong><em>super</em></strong></span> <span class='ocrx_word' id='word_1_133' title='bbox 398 1508 645 1566; x_wconf 85' lang='lat' dir='ltr'><strong><em>dolorem</em></strong></span> <span class='ocrx_word' id='word_1_134' title='bbox 672 1512 951 1584; x_wconf 86' lang='lat' dir='ltr'><strong><em>proprium</em></strong></span> <span class='ocrx_word' id='word_1_135' title='bbox 976 1514 1140 1587; x_wconf 71' lang='lat'><strong><em>951</em></strong></span> <span class='ocrx_word' id='word_1_136' title='bbox 1173 1516 1357 1570; x_wconf 82' lang='lat' dir='ltr'><strong><em>uxoris</em></strong></span> <span class='ocrx_word' id='word_1_137' title='bbox 1385 1530 1601 1589; x_wconf 89' lang='lat' dir='ltr'><strong><em>quoque</em></strong></span> <span class='ocrx_word' id='word_1_138' title='bbox 1638 1532 1701 1572; x_wconf 89' lang='lat' dir='ltr'><strong><em>ac</em></strong></span> <span class='ocrx_word' id='word_1_139' title='bbox 1732 1515 1804 1572; x_wconf 80' lang='lat' dir='ltr'><strong><em>ii-</em></strong></span> 
     </span>
    </p>
   </div>
   <div class='ocr_carea' id='block_1_17' title="bbox 193 1602 1805 1681">
    <p class='ocr_par' dir='ltr' id='par_1_17' title="bbox 193 1602 1805 1681">
     <span class='ocr_line' id='line_1_17' title="bbox 193 1602 1805 1681; baseline 0.004 -23"><span class='ocrx_word' id='word_1_140' title='bbox 193 1602 456 1660; x_wconf 88' lang='lat' dir='ltr'><strong><em>berorum</em></strong></span> <span class='ocrx_word' id='word_1_141' title='bbox 503 1605 742 1661; x_wconf 79' lang='lat' dir='ltr'><strong><em>miseriis</em></strong></span> <span class='ocrx_word' id='word_1_142' title='bbox 788 1616 1146 1681; x_wconf 80' lang='lat' dir='ltr'><strong><em>torqueatur,</em></strong></span> <span class='ocrx_word' id='word_1_143' title='bbox 1198 1619 1401 1679; x_wconf 87' lang='lat' dir='ltr'><strong><em>quanto</em></strong></span> <span class='ocrx_word' id='word_1_144' title='bbox 1442 1608 1612 1679; x_wconf 77' lang='lat' dir='ltr'><strong><em>magis</em></strong></span> <span class='ocrx_word' id='word_1_145' title='bbox 1660 1608 1805 1679; x_wconf 84' lang='lat' dir='ltr'><strong><em>Apo-</em></strong></span> 
     </span>
    </p>
   </div>
   <div class='ocr_carea' id='block_1_18' title="bbox 190 1696 1800 1773">
    <p class='ocr_par' dir='ltr' id='par_1_18' title="bbox 190 1696 1800 1773">
     <span class='ocr_line' id='line_1_18' title="bbox 190 1696 1800 1773; baseline 0.004 -22"><span class='ocrx_word' id='word_1_146' title='bbox 190 1696 376 1752; x_wconf 90' lang='lat' dir='ltr'><strong><em>stolus</em></strong></span> <span class='ocrx_word' id='word_1_147' title='bbox 394 1697 551 1769; x_wconf 86' lang='lat' dir='ltr'><strong><em>jubet</em></strong></span> <span class='ocrx_word' id='word_1_148' title='bbox 572 1699 615 1769; x_wconf 92' lang='grc' dir='ltr'><strong><em>(ι</em></strong></span> <span class='ocrx_word' id='word_1_149' title='bbox 636 1698 753 1753; x_wconf 86' lang='lat' dir='ltr'><strong><em>Cor.</em></strong></span> <span class='ocrx_word' id='word_1_150' title='bbox 777 1699 899 1773; x_wconf 82' lang='lat' dir='ltr'><strong><em>vn),</em></strong></span> <span class='ocrx_word' id='word_1_151' title='bbox 919 1701 1040 1772; x_wconf 82' lang='lat' dir='ltr'><strong><em>quia</em></strong></span> <span class='ocrx_word' id='word_1_152' title='bbox 1065 1701 1441 1758; x_wconf 86' lang='lat' dir='ltr'><strong><em>abbreviatum</em></strong></span> <span class='ocrx_word' id='word_1_153' title='bbox 1460 1710 1675 1772; x_wconf 90' lang='lat' dir='ltr'><strong><em>tempus</em></strong></span> <span class='ocrx_word' id='word_1_154' title='bbox 1696 1714 1800 1769; x_wconf 89' lang='lat' dir='ltr'><strong><em>est,</em></strong></span> 
     </span>
    </p>
   </div>
   <div class='ocr_carea' id='block_1_19' title="bbox 1913 493 3506 577">
    <p class='ocr_par' dir='ltr' id='par_1_19' title="bbox 1913 493 3506 577">
     <span class='ocr_line' id='line_1_19' title="bbox 1913 493 3506 577; baseline 0.009 -30"><span class='ocrx_word' id='word_1_155' title='bbox 1913 493 2135 566; x_wconf 87' lang='lat' dir='ltr'><strong><em>quidem</em></strong></span> <span class='ocrx_word' id='word_1_156' title='bbox 2178 512 2301 552; x_wconf 81' lang='lat' dir='ltr'><strong><em>esse</em></strong></span> <span class='ocrx_word' id='word_1_157' title='bbox 2339 498 2665 554; x_wconf 88' lang='lat' dir='ltr'><strong><em>sumendum</em></strong></span> <span class='ocrx_word' id='word_1_158' title='bbox 2702 499 2891 573; x_wconf 82' lang='lat' dir='ltr'><strong><em>(lCor.</em></strong></span> <span class='ocrx_word' id='word_1_159' title='bbox 2919 500 2994 571; x_wconf 87' lang='lat' dir='ltr'><strong><em>v).</em></strong></span> <span class='ocrx_word' id='word_1_160' title='bbox 3034 501 3364 577; x_wconf 86' lang='lat' dir='ltr'><strong><em>Etamplius,</em></strong></span> <span class='ocrx_word' id='word_1_161' title='bbox 3391 506 3506 562; x_wconf 83' lang='lat' dir='ltr'><strong><em>Nec</em></strong></span> 
     </span>
    </p>
   </div>
   <div class='ocr_carea' id='block_1_20' title="bbox 1911 587 3504 665">
    <p class='ocr_par' dir='ltr' id='par_1_20' title="bbox 1911 587 3504 665">
     <span class='ocr_line' id='line_1_20' title="bbox 1911 587 3504 665; baseline 0.008 -25"><span class='ocrx_word' id='word_1_162' title='bbox 1911 601 2002 640; x_wconf 89' lang='lat' dir='ltr'><strong><em>ave</em></strong></span> <span class='ocrx_word' id='word_1_163' title='bbox 2044 587 2251 658; x_wconf 84' lang='lat' dir='ltr'><strong><em>quidem</em></strong></span> <span class='ocrx_word' id='word_1_164' title='bbox 2294 589 2599 657; x_wconf 75' lang='lat' dir='ltr'><strong><em>huiusmodi</em></strong></span> <span class='ocrx_word' id='word_1_165' title='bbox 2631 592 2862 647; x_wconf 73' lang='lat' dir='ltr'><strong><em>dixeritis</em></strong></span> <span class='ocrx_word' id='word_1_166' title='bbox 2890 592 2962 665; x_wconf 81' lang='lat' dir='ltr'><strong><em>(il</em></strong></span> <span class='ocrx_word' id='word_1_167' title='bbox 2995 591 3156 649; x_wconf 80' lang='lat' dir='ltr'><strong><em>Joan.</em></strong></span> <span class='ocrx_word' id='word_1_168' title='bbox 3188 596 3267 665; x_wconf 72' lang='grc' dir='ltr'><strong><em>χ).</em></strong></span> <span class='ocrx_word' id='word_1_169' title='bbox 3299 596 3366 650; x_wconf 84' lang='grc' dir='ltr'><strong><em>Ει</em></strong></span> <span class='ocrx_word' id='word_1_170' title='bbox 3394 600 3504 653; x_wconf 85' lang='lat' dir='ltr'><strong><em>sal-</em></strong></span> 
     </span>
    </p>
   </div>
   <div class='ocr_carea' id='block_1_21' title="bbox 1911 683 3512 758">
    <p class='ocr_par' dir='ltr' id='par_1_21' title="bbox 1911 683 3512 758">
     <span class='ocr_line' id='line_1_21' title="bbox 1911 683 3512 758; baseline 0.009 -25"><span class='ocrx_word' id='word_1_171' title='bbox 1911 691 2068 735; x_wconf 88' lang='lat' dir='ltr'><strong><em>vator</em></strong></span> <span class='ocrx_word' id='word_1_172' title='bbox 2098 683 2374 750; x_wconf 87' lang='lat' dir='ltr'><strong><em>Apostolis</em></strong></span> <span class='ocrx_word' id='word_1_173' title='bbox 2408 684 2711 749; x_wconf 85' lang='lat' dir='ltr'><strong><em>interdicit,</em></strong></span> <span class='ocrx_word' id='word_1_174' title='bbox 2747 701 2813 741; x_wconf 90' lang='lat' dir='ltr'><strong><em>ne</em></strong></span> <span class='ocrx_word' id='word_1_175' title='bbox 2852 701 3182 758; x_wconf 85' lang='lat' dir='ltr'><strong><em>quemquam</em></strong></span> <span class='ocrx_word' id='word_1_176' title='bbox 3231 688 3285 743; x_wconf 90' lang='lat' dir='ltr'><strong><em>iu</em></strong></span> <span class='ocrx_word' id='word_1_177' title='bbox 3318 690 3512 748; x_wconf 81' lang='lat' dir='ltr'><strong><em>itinere</em></strong></span> 
     </span>
    </p>
   </div>
   <div class='ocr_carea' id='block_1_22' title="bbox 1912 771 3513 851">
    <p class='ocr_par' dir='ltr' id='par_1_22' title="bbox 1912 771 3513 851">
     <span class='ocr_line' id='line_1_22' title="bbox 1912 771 3513 851; baseline 0.009 -28"><span class='ocrx_word' id='word_1_178' title='bbox 1912 771 2151 827; x_wconf 85' lang='lat' dir='ltr'><strong><em>salutent</em></strong></span> <span class='ocrx_word' id='word_1_179' title='bbox 2188 771 2343 845; x_wconf 84' lang='lat' dir='ltr'><strong><em>(Luc.</em></strong></span> <span class='ocrx_word' id='word_1_180' title='bbox 2381 775 2465 846; x_wconf 72' lang='grc' dir='ltr'><strong><em>κ).</em></strong></span> <span class='ocrx_word' id='word_1_181' title='bbox 2498 775 2657 833; x_wconf 87' lang='lat' dir='ltr'><strong><em>Unde</em></strong></span> <span class='ocrx_word' id='word_1_182' title='bbox 2702 787 2757 833; x_wconf 86' lang='lat' dir='ltr'><strong><em>et</em></strong></span> <span class='ocrx_word' id='word_1_183' title='bbox 2787 778 3016 833; x_wconf 71' lang='lat' dir='ltr'><strong><em>Elisnetts</em></strong></span> <span class='ocrx_word' id='word_1_184' title='bbox 3048 782 3296 851; x_wconf 77' lang='lat' dir='ltr'><strong><em>pergenti</em></strong></span> <span class='ocrx_word' id='word_1_185' title='bbox 3325 783 3392 837; x_wconf 91' lang='lat' dir='ltr'><strong><em>ad</em></strong></span> <span class='ocrx_word' id='word_1_186' title='bbox 3425 799 3513 838; x_wconf 88' lang='lat' dir='ltr'><strong><em>sa-</em></strong></span> 
     </span>
    </p>
   </div>
   <div class='ocr_carea' id='block_1_23' title="bbox 1910 864 3513 940">
    <p class='ocr_par' dir='ltr' id='par_1_23' title="bbox 1910 864 3513 940">
     <span class='ocr_line' id='line_1_23' title="bbox 1910 864 3513 940; baseline 0.009 -22"><span class='ocrx_word' id='word_1_187' title='bbox 1910 864 2149 919; x_wconf 88' lang='lat' dir='ltr'><strong><em>nandum</em></strong></span> <span class='ocrx_word' id='word_1_188' title='bbox 2185 881 2409 935; x_wconf 87' lang='lat' dir='ltr'><strong><em>puerum</em></strong></span> <span class='ocrx_word' id='word_1_189' title='bbox 2458 868 2609 925; x_wconf 68' lang='grc' dir='ltr'><strong><em>ϐίαι</em></strong></span> <span class='ocrx_word' id='word_1_190' title='bbox 2637 915 2650 938; x_wconf 91' lang='grc'>,</span> <span class='ocrx_word' id='word_1_191' title='bbox 2686 871 3070 927; x_wconf 90' lang='lat' dir='ltr'><strong><em>salutationem</em></strong></span> <span class='ocrx_word' id='word_1_192' title='bbox 3114 873 3513 940; x_wconf 82' lang='lat' dir='ltr'><strong><em>interdicitth</em></strong></span> 
     </span>
    </p>
   </div>
   <div class='ocr_carea' id='block_1_24' title="bbox 1916 955 3515 1043">
    <p class='ocr_par' dir='ltr' id='par_1_24' title="bbox 1916 955 3515 1043">
     <span class='ocr_line' id='line_1_24' title="bbox 1916 955 3515 1043; baseline 0.008 -31"><span class='ocrx_word' id='word_1_193' title='bbox 1916 955 2045 1027; x_wconf 78' lang='lat' dir='ltr'><strong><em>Reg.</em></strong></span> <span class='ocrx_word' id='word_1_194' title='bbox 2062 959 2160 1027; x_wconf 82' lang='lat' dir='ltr'><strong><em>tv).</em></strong></span> <span class='ocrx_word' id='word_1_195' title='bbox 2181 956 2352 1013; x_wconf 79' lang='lat' dir='ltr'><strong><em>Moris</em></strong></span> <span class='ocrx_word' id='word_1_196' title='bbox 2367 968 2550 1017; x_wconf 73' lang='lat' dir='ltr'><strong><em>autem</em></strong></span> <span class='ocrx_word' id='word_1_197' title='bbox 2564 970 2649 1017; x_wconf 84' lang='lat' dir='ltr'><strong><em>est</em></strong></span> <span class='ocrx_word' id='word_1_198' title='bbox 2678 964 2990 1033; x_wconf 82' lang='lat' dir='ltr'><strong><em>lugentibus</em></strong></span> <span class='ocrx_word' id='word_1_199' title='bbox 3016 965 3163 1022; x_wconf 78' lang='lat' dir='ltr'><strong><em>ferre</em></strong></span> <span class='ocrx_word' id='word_1_200' title='bbox 3185 968 3515 1043; x_wconf 67' lang='lat' dir='ltr'><strong><em>cibosgsz</em></strong></span> 
     </span>
    </p>
   </div>
   <div class='ocr_carea' id='block_1_25' title="bbox 1910 1053 3508 1132">
    <p class='ocr_par' dir='ltr' id='par_1_25' title="bbox 1910 1053 3508 1132">
     <span class='ocr_line' id='line_1_25' title="bbox 1910 1053 3508 1132; baseline 0.008 -29"><span class='ocrx_word' id='word_1_201' title='bbox 1910 1057 1965 1103; x_wconf 85' lang='lat' dir='ltr'><strong><em>et.</em></strong></span> <span class='ocrx_word' id='word_1_202' title='bbox 1977 1064 2284 1119; x_wconf 80' lang='lat' dir='ltr'><strong><em>praeparare</em></strong></span> <span class='ocrx_word' id='word_1_203' title='bbox 2299 1053 2610 1108; x_wconf 79' lang='lat' dir='ltr'><strong><em>convivium</em></strong></span> <span class='ocrx_word' id='word_1_204' title='bbox 2622 1095 2635 1120; x_wconf 93' lang='lat'><strong><em>,</em></strong></span> <span class='ocrx_word' id='word_1_205' title='bbox 2651 1070 2770 1125; x_wconf 77' lang='lat' dir='ltr'><strong><em>qute</em></strong></span> <span class='ocrx_word' id='word_1_206' title='bbox 2790 1054 2963 1111; x_wconf 78' lang='lat' dir='ltr'><strong><em>Graeci</em></strong></span> <span class='ocrx_word' id='word_1_207' title='bbox 2975 1056 3275 1132; x_wconf 76' lang='grc' dir='ltr'><strong><em>περίδειπνα</em></strong></span> <span class='ocrx_word' id='word_1_208' title='bbox 3291 1070 3508 1125; x_wconf 86' lang='lat' dir='ltr'><strong><em>vocant.</em></strong></span> 
     </span>
    </p>
   </div>
   <div class='ocr_carea' id='block_1_26' title="bbox 1910 1140 3512 1221">
    <p class='ocr_par' dir='ltr' id='par_1_26' title="bbox 1910 1140 3512 1221">
     <span class='ocr_line' id='line_1_26' title="bbox 1910 1140 3512 1221; baseline 0.01 -29"><span class='ocrx_word' id='word_1_209' title='bbox 1910 1150 1964 1193; x_wconf 83' lang='lat' dir='ltr'><strong><em>et</em></strong></span> <span class='ocrx_word' id='word_1_210' title='bbox 1989 1153 2020 1193; x_wconf 91' lang='lat' dir='ltr'><strong><em>a</em></strong></span> <span class='ocrx_word' id='word_1_211' title='bbox 2053 1140 2255 1195; x_wconf 71' lang='lat' dir='ltr'><strong><em>nostris</em></strong></span> <span class='ocrx_word' id='word_1_212' title='bbox 2283 1142 2444 1213; x_wconf 91' lang='lat' dir='ltr'><strong><em>vulgo</em></strong></span> <span class='ocrx_word' id='word_1_213' title='bbox 2473 1145 2819 1214; x_wconf 84' lang='lat' dir='ltr'><strong><em>appellantur</em></strong></span> <span class='ocrx_word' id='word_1_214' title='bbox 2845 1144 2874 1187; x_wconf 72' lang='grc' dir='ltr'><strong><em>ιδ</em></strong></span> <span class='ocrx_word' id='word_1_215' title='bbox 2901 1148 3195 1218; x_wconf 73' lang='lat' dir='ltr'><strong><em>parentaiia</em></strong></span> <span class='ocrx_word' id='word_1_216' title='bbox 3225 1165 3244 1204; x_wconf 90' lang='lat'><strong><em>:</em></strong></span> <span class='ocrx_word' id='word_1_217' title='bbox 3276 1165 3342 1205; x_wconf 91' lang='lat' dir='ltr'><strong><em>eo</em></strong></span> <span class='ocrx_word' id='word_1_218' title='bbox 3367 1152 3512 1221; x_wconf 90' lang='lat' dir='ltr'><strong><em>quod</em></strong></span> 
     </span>
    </p>
   </div>
   <div class='ocr_carea' id='block_1_27' title="bbox 1911 1232 3513 1312">
    <p class='ocr_par' dir='ltr' id='par_1_27' title="bbox 1911 1232 3513 1312">
     <span class='ocr_line' id='line_1_27' title="bbox 1911 1232 3513 1312; baseline 0.008 -27"><span class='ocrx_word' id='word_1_219' title='bbox 1911 1232 2225 1303; x_wconf 78' lang='lat' dir='ltr'><strong><em>parentibus</em></strong></span> <span class='ocrx_word' id='word_1_220' title='bbox 2246 1233 2396 1304; x_wconf 67' lang='lat' dir='ltr'><strong><em>iusta</em></strong></span> <span class='ocrx_word' id='word_1_221' title='bbox 2421 1235 2794 1291; x_wconf 83' lang='lat' dir='ltr'><strong><em>celebrentur.</em></strong></span> <span class='ocrx_word' id='word_1_222' title='bbox 2828 1238 2970 1292; x_wconf 74' lang='lat' dir='ltr'><strong><em>Dicit</em></strong></span> <span class='ocrx_word' id='word_1_223' title='bbox 2993 1246 3047 1293; x_wconf 92' lang='lat' dir='ltr'><strong><em>et</em></strong></span> <span class='ocrx_word' id='word_1_224' title='bbox 3076 1240 3202 1294; x_wconf 80' lang='lat' dir='ltr'><strong><em>alibi</em></strong></span> <span class='ocrx_word' id='word_1_225' title='bbox 3232 1240 3513 1312; x_wconf 81' lang='lat' dir='ltr'><strong><em>Scriptura</em></strong></span> 
     </span>
    </p>
   </div>
   <div class='ocr_carea' id='block_1_28' title="bbox 1909 1323 3515 1403">
    <p class='ocr_par' dir='ltr' id='par_1_28' title="bbox 1909 1323 3515 1403">
     <span class='ocr_line' id='line_1_28' title="bbox 1909 1323 3515 1403; baseline 0.006 -24"><span class='ocrx_word' id='word_1_226' title='bbox 1909 1323 2128 1379; x_wconf 88' lang='lat' dir='ltr'><strong><em>divina:</em></strong></span> <span class='ocrx_word' id='word_1_227' title='bbox 2160 1324 2296 1379; x_wconf 84' lang='lat' dir='ltr'><strong><em>Date</em></strong></span> <span class='ocrx_word' id='word_1_228' title='bbox 2315 1326 2490 1382; x_wconf 83' lang='lat' dir='ltr'><strong><em>vinum</em></strong></span> <span class='ocrx_word' id='word_1_229' title='bbox 2514 1328 2614 1392; x_wconf 82' lang='lat' dir='ltr'><strong><em>his,</em></strong></span> <span class='ocrx_word' id='word_1_230' title='bbox 2645 1330 2734 1399; x_wconf 84' lang='lat' dir='ltr'><strong><em>qui</em></strong></span> <span class='ocrx_word' id='word_1_231' title='bbox 2756 1330 2810 1383; x_wconf 85' lang='lat' dir='ltr'><strong><em>in</em></strong></span> <span class='ocrx_word' id='word_1_232' title='bbox 2839 1328 2981 1384; x_wconf 87' lang='lat' dir='ltr'><strong><em>luctu</em></strong></span> <span class='ocrx_word' id='word_1_233' title='bbox 3012 1340 3131 1385; x_wconf 79' lang='lat' dir='ltr'><strong><em>sunt</em></strong></span> <span class='ocrx_word' id='word_1_234' title='bbox 3153 1330 3334 1403; x_wconf 83' lang='lat' dir='ltr'><strong><em>(Prov.</em></strong></span> <span class='ocrx_word' id='word_1_235' title='bbox 3359 1351 3515 1403; x_wconf 75' lang='lat' dir='ltr'><strong><em>xui,</em></strong></span> 
     </span>
    </p>
   </div>
   <div class='ocr_carea' id='block_1_29' title="bbox 1911 1416 3520 1497">
    <p class='ocr_par' dir='ltr' id='par_1_29' title="bbox 1911 1416 3520 1497">
     <span class='ocr_line' id='line_1_29' title="bbox 1911 1416 3520 1497; baseline 0.008 -26"><span class='ocrx_word' id='word_1_236' title='bbox 1911 1417 2001 1485; x_wconf 83' lang='lat'><strong><em>6);</em></strong></span> <span class='ocrx_word' id='word_1_237' title='bbox 2048 1425 2108 1472; x_wconf 91' lang='lat' dir='ltr'><strong><em>ut</em></strong></span> <span class='ocrx_word' id='word_1_238' title='bbox 2153 1416 2409 1475; x_wconf 84' lang='lat' dir='ltr'><strong><em>videlicet</em></strong></span> <span class='ocrx_word' id='word_1_239' title='bbox 2459 1419 2855 1477; x_wconf 81' lang='lat' dir='ltr'><strong><em>obliviscantur</em></strong></span> <span class='ocrx_word' id='word_1_240' title='bbox 2908 1423 3138 1478; x_wconf 79' lang='lat' dir='ltr'><strong><em>doloris.</em></strong></span> <span class='ocrx_word' id='word_1_241' title='bbox 3195 1424 3520 1497; x_wconf 64' lang='lat' dir='ltr'><strong><em>Prtecipitur</em></strong></span> 
     </span>
    </p>
   </div>
   <div class='ocr_carea' id='block_1_30' title="bbox 1909 1508 3515 1586">
    <p class='ocr_par' dir='ltr' id='par_1_30' title="bbox 1909 1508 3515 1586">
     <span class='ocr_line' id='line_1_30' title="bbox 1909 1508 3515 1586; baseline 0.007 -22"><span class='ocrx_word' id='word_1_242' title='bbox 1909 1524 2040 1580; x_wconf 79' lang='lat' dir='ltr'><strong><em>ergo</em></strong></span> <span class='ocrx_word' id='word_1_243' title='bbox 2070 1508 2363 1582; x_wconf 72' lang='lat' dir='ltr'><strong><em>Propheta:</em></strong></span> <span class='ocrx_word' id='word_1_244' title='bbox 2389 1555 2403 1581; x_wconf 91' lang='lat'><strong><em>,</em></strong></span> <span class='ocrx_word' id='word_1_245' title='bbox 2430 1528 2499 1569; x_wconf 85' lang='lat' dir='ltr'><strong><em>ue</em></strong></span> <span class='ocrx_word' id='word_1_246' title='bbox 2531 1515 2700 1570; x_wconf 91' lang='lat' dir='ltr'><strong><em>ullum</em></strong></span> <span class='ocrx_word' id='word_1_247' title='bbox 2731 1514 2801 1569; x_wconf 80' lang='lat' dir='ltr'><strong><em>de</em></strong></span> <span class='ocrx_word' id='word_1_248' title='bbox 2830 1517 3029 1586; x_wconf 86' lang='lat' dir='ltr'><strong><em>populo</em></strong></span> <span class='ocrx_word' id='word_1_249' title='bbox 3068 1518 3412 1586; x_wconf 81' lang='lat' dir='ltr'><strong><em>consoletur,</em></strong></span> <span class='ocrx_word' id='word_1_250' title='bbox 3447 1536 3515 1577; x_wconf 91' lang='lat' dir='ltr'><strong><em>ne</em></strong></span> 
     </span>
    </p>
   </div>
   <div class='ocr_carea' id='block_1_31' title="bbox 1909 1601 3515 1679">
    <p class='ocr_par' dir='ltr' id='par_1_31' title="bbox 1909 1601 3515 1679">
     <span class='ocr_line' id='line_1_31' title="bbox 1909 1601 3515 1679; baseline 0.007 -24"><span class='ocrx_word' id='word_1_251' title='bbox 1909 1615 1969 1657; x_wconf 89' lang='lat' dir='ltr'><strong><em>se</em></strong></span> <span class='ocrx_word' id='word_1_252' title='bbox 2000 1601 2233 1659; x_wconf 87' lang='lat' dir='ltr'><strong><em>misceat</em></strong></span> <span class='ocrx_word' id='word_1_253' title='bbox 2261 1604 2613 1660; x_wconf 82' lang='lat' dir='ltr'><strong><em>inimicorum</em></strong></span> <span class='ocrx_word' id='word_1_254' title='bbox 2640 1606 2739 1661; x_wconf 72' lang='lat' dir='ltr'><strong><em>Dei</em></strong></span> <span class='ocrx_word' id='word_1_255' title='bbox 2769 1607 3063 1675; x_wconf 73' lang='lat' dir='ltr'><strong><em>conviviis,</em></strong></span> <span class='ocrx_word' id='word_1_256' title='bbox 3095 1623 3165 1664; x_wconf 86' lang='lat' dir='ltr'><strong><em>ne</em></strong></span> <span class='ocrx_word' id='word_1_257' title='bbox 3191 1609 3338 1679; x_wconf 83' lang='lat' dir='ltr'><strong><em>justa</em></strong></span> <span class='ocrx_word' id='word_1_258' title='bbox 3366 1612 3515 1667; x_wconf 83' lang='lat' dir='ltr'><strong><em>cele-</em></strong></span> 
     </span>
    </p>
   </div>
   <div class='ocr_carea' id='block_1_32' title="bbox 1908 1689 3514 1763">
    <p class='ocr_par' dir='ltr' id='par_1_32' title="bbox 1908 1689 3514 1763">
     <span class='ocr_line' id='line_1_32' title="bbox 1908 1689 3514 1763; baseline 0.007 -17"><span class='ocrx_word' id='word_1_259' title='bbox 1908 1689 2030 1747; x_wconf 85' lang='lat' dir='ltr'><strong><em>bret</em></strong></span> <span class='ocrx_word' id='word_1_260' title='bbox 2069 1706 2239 1763; x_wconf 88' lang='lat' dir='ltr'><strong><em>super</em></strong></span> <span class='ocrx_word' id='word_1_261' title='bbox 2289 1691 2575 1749; x_wconf 86' lang='lat' dir='ltr'><strong><em>funeribus</em></strong></span> <span class='ocrx_word' id='word_1_262' title='bbox 2604 1695 3013 1753; x_wconf 81' lang='lat' dir='ltr'><strong><em>defunctorum.</em></strong></span> <span class='ocrx_word' id='word_1_263' title='bbox 3063 1696 3227 1755; x_wconf 83' lang='lat' dir='ltr'><strong><em>Aliud</em></strong></span> <span class='ocrx_word' id='word_1_264' title='bbox 3255 1711 3343 1759; x_wconf 77' lang='lat' dir='ltr'><strong><em>est</em></strong></span> <span class='ocrx_word' id='word_1_265' title='bbox 3370 1704 3514 1762; x_wconf 81' lang='lat' dir='ltr'><strong><em>enim</em></strong></span> 
     </span>
    </p>
   </div>
   <div class='ocr_carea' id='block_1_33' title="bbox 190 1782 1796 1877">
    <p class='ocr_par' dir='ltr' id='par_1_33' title="bbox 190 1790 1796 1867">
     <span class='ocr_line' id='line_1_33' title="bbox 190 1790 1796 1867; baseline 0.002 -20"><span class='ocrx_word' id='word_1_266' title='bbox 190 1798 252 1847; x_wconf 84' lang='lat' dir='ltr'><strong><em>et</em></strong></span> <span class='ocrx_word' id='word_1_267' title='bbox 275 1790 526 1847; x_wconf 86' lang='lat' dir='ltr'><strong><em>imminet</em></strong></span> <span class='ocrx_word' id='word_1_268' title='bbox 555 1796 954 1850; x_wconf 83' lang='lat' dir='ltr'><strong><em>consummatio</em></strong></span> <span class='ocrx_word' id='word_1_269' title='bbox 982 1838 995 1862; x_wconf 91' lang='lat'><strong><em>,</em></strong></span> <span class='ocrx_word' id='word_1_270' title='bbox 1028 1801 1087 1850; x_wconf 89' lang='lat' dir='ltr'><strong><em>ut</em></strong></span> <span class='ocrx_word' id='word_1_271' title='bbox 1126 1796 1288 1849; x_wconf 83' lang='lat' dir='ltr'><strong><em>etiam</em></strong></span> <span class='ocrx_word' id='word_1_272' title='bbox 1318 1798 1407 1867; x_wconf 85' lang='lat' dir='ltr'><strong><em>qui</em></strong></span> <span class='ocrx_word' id='word_1_273' title='bbox 1442 1795 1642 1851; x_wconf 82' lang='lat' dir='ltr'><strong><em>habent</em></strong></span> <span class='ocrx_word' id='word_1_274' title='bbox 1671 1810 1796 1851; x_wconf 77' lang='lat' dir='ltr'><strong><em>uxo-</em></strong></span> 
     </span>
    </p>
   </div>
   <div class='ocr_carea' id='block_1_34' title="bbox 1902 1782 3521 1877">
    <p class='ocr_par' dir='ltr' id='par_1_34' title="bbox 1910 1782 3521 1857">
     <span class='ocr_line' id='line_1_34' title="bbox 1910 1782 3521 1857; baseline 0.01 -21"><span class='ocrx_word' id='word_1_275' title='bbox 1910 1782 2047 1838; x_wconf 90' lang='lat' dir='ltr'><strong><em>mori</em></strong></span> <span class='ocrx_word' id='word_1_276' title='bbox 2077 1786 2352 1840; x_wconf 90' lang='lat' dir='ltr'><strong><em>communi</em></strong></span> <span class='ocrx_word' id='word_1_277' title='bbox 2393 1786 2513 1857; x_wconf 82' lang='lat' dir='ltr'><strong><em>lege</em></strong></span> <span class='ocrx_word' id='word_1_278' title='bbox 2538 1796 2748 1843; x_wconf 56' lang='lat' dir='ltr'><strong><em>natura;</em></strong></span> <span class='ocrx_word' id='word_1_279' title='bbox 2775 1830 2789 1854; x_wconf 89' lang='lat'><strong><em>,</em></strong></span> <span class='ocrx_word' id='word_1_280' title='bbox 2823 1789 2971 1844; x_wconf 89' lang='lat' dir='ltr'><strong><em>aliud</em></strong></span> <span class='ocrx_word' id='word_1_281' title='bbox 2998 1790 3095 1847; x_wconf 90' lang='lat' dir='ltr'><strong><em>Dei</em></strong></span> <span class='ocrx_word' id='word_1_282' title='bbox 3124 1793 3389 1850; x_wconf 81' lang='lat' dir='ltr'><strong><em>occidisse</em></strong></span> <span class='ocrx_word' id='word_1_283' title='bbox 3403 1811 3521 1852; x_wconf 79' lang='lat' dir='ltr'><strong><em>sen-</em></strong></span> 
     </span>
    </p>
   </div>
   <div class='ocr_carea' id='block_1_35' title="bbox 189 1881 1804 1961">
    <p class='ocr_par' dir='ltr' id='par_1_35' title="bbox 189 1881 1804 1961">
     <span class='ocr_line' id='line_1_35' title="bbox 189 1881 1804 1961; baseline 0.005 -24"><span class='ocrx_word' id='word_1_284' title='bbox 189 1898 319 1952; x_wconf 86' lang='lat' dir='ltr'><strong><em>res,</em></strong></span> <span class='ocrx_word' id='word_1_285' title='bbox 355 1881 430 1939; x_wconf 90' lang='lat' dir='ltr'><strong><em>sic</em></strong></span> <span class='ocrx_word' id='word_1_286' title='bbox 454 1883 563 1939; x_wconf 89' lang='lat' dir='ltr'><strong><em>sint</em></strong></span> <span class='ocrx_word' id='word_1_287' title='bbox 587 1885 741 1954; x_wconf 85' lang='lat' dir='ltr'><strong><em>quasi</em></strong></span> <span class='ocrx_word' id='word_1_288' title='bbox 767 1900 874 1941; x_wconf 90' lang='lat' dir='ltr'><strong><em>non</em></strong></span> <span class='ocrx_word' id='word_1_289' title='bbox 901 1886 1168 1943; x_wconf 85' lang='lat' dir='ltr'><strong><em>habeant!</em></strong></span> <span class='ocrx_word' id='word_1_290' title='bbox 1197 1887 1350 1944; x_wconf 89' lang='lat' dir='ltr'><strong><em>Unde</em></strong></span> <span class='ocrx_word' id='word_1_291' title='bbox 1378 1887 1654 1961; x_wconf 84' lang='lat' dir='ltr'><strong><em>superﬂua</em></strong></span> <span class='ocrx_word' id='word_1_292' title='bbox 1677 1889 1804 1945; x_wconf 86' lang='lat' dir='ltr'><strong><em>novi</em></strong></span> 
     </span>
    </p>
   </div>
   <div class='ocr_carea' id='block_1_36' title="bbox 190 1974 1801 2051">
    <p class='ocr_par' dir='ltr' id='par_1_36' title="bbox 190 1974 1801 2051">
     <span class='ocr_line' id='line_1_36' title="bbox 190 1974 1801 2051; baseline 0.004 -20"><span class='ocrx_word' id='word_1_293' title='bbox 190 1974 442 2032; x_wconf 63' lang='lat' dir='ltr'><strong><em>haeretici</em></strong></span> <span class='ocrx_word' id='word_1_294' title='bbox 484 1974 796 2049; x_wconf 75' lang='lat' dir='ltr'><strong><em>(Ioviniani)</em></strong></span> <span class='ocrx_word' id='word_1_295' title='bbox 826 1978 1216 2049; x_wconf 87' lang='lat' dir='ltr'><strong><em>reprehensio,</em></strong></span> <span class='ocrx_word' id='word_1_296' title='bbox 1269 1996 1375 2051; x_wconf 90' lang='lat' dir='ltr'><strong><em>qua</em></strong></span> <span class='ocrx_word' id='word_1_297' title='bbox 1404 1980 1689 2036; x_wconf 84' lang='lat' dir='ltr'><strong><em>docuimus</em></strong></span> <span class='ocrx_word' id='word_1_298' title='bbox 1717 1981 1801 2037; x_wconf 85' lang='lat' dir='ltr'><strong><em>di-</em></strong></span> 
     </span>
    </p>
   </div>
   <div class='ocr_carea' id='block_1_37' title="bbox 188 2068 1801 2143">
    <p class='ocr_par' dir='ltr' id='par_1_37' title="bbox 188 2068 1801 2143">
     <span class='ocr_line' id='line_1_37' title="bbox 188 2068 1801 2143; baseline 0.004 -23"><span class='ocrx_word' id='word_1_299' title='bbox 188 2072 431 2140; x_wconf 81' lang='lat' dir='ltr'><strong><em>gamiam</em></strong></span> <span class='ocrx_word' id='word_1_300' title='bbox 458 2080 514 2126; x_wconf 91' lang='lat' dir='ltr'><strong><em>et</em></strong></span> <span class='ocrx_word' id='word_1_301' title='bbox 545 2068 848 2141; x_wconf 82' lang='lat' dir='ltr'><strong><em>trigamiam</em></strong></span> <span class='ocrx_word' id='word_1_302' title='bbox 871 2087 979 2127; x_wconf 90' lang='lat' dir='ltr'><strong><em>non</em></strong></span> <span class='ocrx_word' id='word_1_303' title='bbox 995 2089 1062 2129; x_wconf 81' lang='lat' dir='ltr'><strong><em>ex</em></strong></span> <span class='ocrx_word' id='word_1_304' title='bbox 1091 2073 1209 2143; x_wconf 88' lang='lat' dir='ltr'><strong><em>lege</em></strong></span> <span class='ocrx_word' id='word_1_305' title='bbox 1232 2072 1568 2129; x_wconf 74' lang='lat' dir='ltr'><strong><em>descendere</em></strong></span> <span class='ocrx_word' id='word_1_306' title='bbox 1584 2116 1597 2138; x_wconf 84' lang='lat'><strong><em>,</em></strong></span> <span class='ocrx_word' id='word_1_307' title='bbox 1623 2073 1719 2128; x_wconf 89' lang='lat' dir='ltr'><strong><em>sed</em></strong></span> <span class='ocrx_word' id='word_1_308' title='bbox 1736 2090 1801 2128; x_wconf 79' lang='lat' dir='ltr'><strong><em>ex</em></strong></span> 
     </span>
    </p>
   </div>
   <div class='ocr_carea' id='block_1_38' title="bbox 188 2159 1804 2240">
    <p class='ocr_par' dir='ltr' id='par_1_38' title="bbox 188 2159 1804 2240">
     <span class='ocr_line' id='line_1_38' title="bbox 188 2159 1804 2240; baseline 0.001 -23"><span class='ocrx_word' id='word_1_309' title='bbox 188 2159 553 2233; x_wconf 78' lang='lat' dir='ltr'><strong><em>indulgentia.</em></strong></span> <span class='ocrx_word' id='word_1_310' title='bbox 589 2160 748 2218; x_wconf 81' lang='lat' dir='ltr'><strong><em>Aliud</em></strong></span> <span class='ocrx_word' id='word_1_311' title='bbox 781 2173 865 2220; x_wconf 88' lang='lat' dir='ltr'><strong><em>est</em></strong></span> <span class='ocrx_word' id='word_1_312' title='bbox 885 2165 1028 2220; x_wconf 90' lang='lat' dir='ltr'><strong><em>enim</em></strong></span> <span class='ocrx_word' id='word_1_313' title='bbox 1070 2165 1249 2222; x_wconf 80' lang='lat' dir='ltr'><strong><em>facere</em></strong></span> <span class='ocrx_word' id='word_1_314' title='bbox 1274 2208 1290 2235; x_wconf 89' lang='lat'><strong><em>,</em></strong></span> <span class='ocrx_word' id='word_1_315' title='bbox 1324 2168 1469 2236; x_wconf 88' lang='lat' dir='ltr'><strong><em>quod</em></strong></span> <span class='ocrx_word' id='word_1_316' title='bbox 1498 2183 1594 2240; x_wconf 82' lang='lat' dir='ltr'><strong><em>per</em></strong></span> <span class='ocrx_word' id='word_1_317' title='bbox 1625 2184 1683 2222; x_wconf 82' lang='lat' dir='ltr'><strong><em>sc</em></strong></span> <span class='ocrx_word' id='word_1_318' title='bbox 1706 2167 1804 2224; x_wconf 86' lang='lat' dir='ltr'><strong><em>bu-</em></strong></span> 
     </span>
    </p>
   </div>
   <div class='ocr_carea' id='block_1_39' title="bbox 187 2255 1801 2331">
    <p class='ocr_par' dir='ltr' id='par_1_39' title="bbox 187 2255 1801 2331">
     <span class='ocr_line' id='line_1_39' title="bbox 187 2255 1801 2331; baseline 0.004 -22"><span class='ocrx_word' id='word_1_319' title='bbox 187 2271 325 2310; x_wconf 88' lang='lat' dir='ltr'><strong><em>num</em></strong></span> <span class='ocrx_word' id='word_1_320' title='bbox 376 2255 479 2323; x_wconf 88' lang='lat' dir='ltr'><strong><em>sit,</em></strong></span> <span class='ocrx_word' id='word_1_321' title='bbox 537 2256 685 2312; x_wconf 82' lang='lat' dir='ltr'><strong><em>aliud</em></strong></span> <span class='ocrx_word' id='word_1_322' title='bbox 716 2256 840 2314; x_wconf 90' lang='lat' dir='ltr'><strong><em>ideo</em></strong></span> <span class='ocrx_word' id='word_1_323' title='bbox 879 2258 1137 2325; x_wconf 88' lang='lat' dir='ltr'><strong><em>concedi,</em></strong></span> <span class='ocrx_word' id='word_1_324' title='bbox 1175 2274 1244 2314; x_wconf 91' lang='lat' dir='ltr'><strong><em>ne</em></strong></span> <span class='ocrx_word' id='word_1_325' title='bbox 1291 2260 1479 2331; x_wconf 86' lang='lat' dir='ltr'><strong><em>pejora</em></strong></span> <span class='ocrx_word' id='word_1_326' title='bbox 1537 2260 1801 2316; x_wconf 80' lang='lat' dir='ltr'><strong><em>iaciamus</em></strong></span> 
     </span>
    </p>
   </div>
   <div class='ocr_carea' id='block_1_40' title="bbox 190 2346 1799 2423">
    <p class='ocr_par' dir='ltr' id='par_1_40' title="bbox 190 2346 1799 2423">
     <span class='ocr_line' id='line_1_40' title="bbox 190 2346 1799 2423; baseline 0.004 -23"><span class='ocrx_word' id='word_1_327' title='bbox 190 2346 304 2421; x_wconf 73' lang='lat' dir='ltr'><strong><em>[AL</em></strong></span> <span class='ocrx_word' id='word_1_328' title='bbox 330 2347 539 2421; x_wconf 79' lang='lat' dir='ltr'><strong><em>iacias].</em></strong></span> <span class='ocrx_word' id='word_1_329' title='bbox 573 2349 715 2405; x_wconf 89' lang='lat' dir='ltr'><strong><em>Dicit</em></strong></span> <span class='ocrx_word' id='word_1_330' title='bbox 740 2352 887 2406; x_wconf 89' lang='lat' dir='ltr'><strong><em>enim</em></strong></span> <span class='ocrx_word' id='word_1_331' title='bbox 919 2361 977 2408; x_wconf 93' lang='lat' dir='ltr'><strong><em>et</em></strong></span> <span class='ocrx_word' id='word_1_332' title='bbox 1003 2351 1119 2423; x_wconf 88' lang='lat' dir='ltr'><strong><em>ipse</em></strong></span> <span class='ocrx_word' id='word_1_333' title='bbox 1137 2367 1331 2408; x_wconf 82' lang='lat' dir='ltr'><strong><em>causas</em></strong></span> <span class='ocrx_word' id='word_1_334' title='bbox 1351 2395 1364 2418; x_wconf 90' lang='lat'><strong><em>,</em></strong></span> <span class='ocrx_word' id='word_1_335' title='bbox 1394 2368 1491 2409; x_wconf 89' lang='lat' dir='ltr'><strong><em>cur</em></strong></span> <span class='ocrx_word' id='word_1_336' title='bbox 1508 2353 1641 2409; x_wconf 86' lang='lat' dir='ltr'><strong><em>velit</em></strong></span> <span class='ocrx_word' id='word_1_337' title='bbox 1670 2354 1799 2409; x_wconf 80' lang='lat' dir='ltr'><strong><em>ado-</em></strong></span> 
     </span>
    </p>
   </div>
   <div class='ocr_carea' id='block_1_41' title="bbox 186 2439 1802 2516">
    <p class='ocr_par' dir='ltr' id='par_1_41' title="bbox 186 2439 1802 2516">
     <span class='ocr_line' id='line_1_41' title="bbox 186 2439 1802 2516; baseline 0.002 -20"><span class='ocrx_word' id='word_1_338' title='bbox 186 2439 523 2497; x_wconf 80' lang='lat' dir='ltr'><strong><em>lescentulus</em></strong></span> <span class='ocrx_word' id='word_1_339' title='bbox 553 2442 747 2497; x_wconf 79' lang='lat' dir='ltr'><strong><em>viduas</em></strong></span> <span class='ocrx_word' id='word_1_340' title='bbox 767 2442 1004 2510; x_wconf 88' lang='lat' dir='ltr'><strong><em>nubere,</em></strong></span> <span class='ocrx_word' id='word_1_341' title='bbox 1038 2443 1279 2499; x_wconf 85' lang='lat' dir='ltr'><strong><em>inferens</em></strong></span> <span class='ocrx_word' id='word_1_342' title='bbox 1313 2461 1325 2497; x_wconf 87' lang='lat'><strong>:</strong></span> <span class='ocrx_word' id='word_1_343' title='bbox 1355 2443 1479 2499; x_wconf 82' lang='lat' dir='ltr'><strong><em>Jam</em></strong></span> <span class='ocrx_word' id='word_1_344' title='bbox 1507 2446 1642 2500; x_wconf 86' lang='lat' dir='ltr'><strong><em>enim</em></strong></span> <span class='ocrx_word' id='word_1_345' title='bbox 1662 2460 1802 2516; x_wconf 71' lang='lat' dir='ltr'><strong><em>qutu-</em></strong></span> 
     </span>
    </p>
   </div>
   <div class='ocr_carea' id='block_1_42' title="bbox 187 2530 1795 2611">
    <p class='ocr_par' dir='ltr' id='par_1_42' title="bbox 187 2530 1795 2611">
     <span class='ocr_line' id='line_1_42' title="bbox 187 2530 1795 2611; baseline 0.005 -26"><span class='ocrx_word' id='word_1_346' title='bbox 187 2530 315 2611; x_wconf 80' lang='lat' dir='ltr'><strong><em>dam</em></strong></span> <span class='ocrx_word' id='word_1_347' title='bbox 330 2548 509 2587; x_wconf 89' lang='lat' dir='ltr'><strong><em>earum</em></strong></span> <span class='ocrx_word' id='word_1_348' title='bbox 533 2535 771 2589; x_wconf 77' lang='lat' dir='ltr'><strong><em>abierunt</em></strong></span> <span class='ocrx_word' id='word_1_349' title='bbox 799 2546 936 2590; x_wconf 79' lang='lat' dir='ltr'><strong><em>retro</em></strong></span> <span class='ocrx_word' id='word_1_350' title='bbox 955 2536 1341 2606; x_wconf 87' lang='lat' dir='ltr'><strong><em>postSatanam</em></strong></span> <span class='ocrx_word' id='word_1_351' title='bbox 1364 2538 1405 2609; x_wconf 84' lang='grc' dir='ltr'>(Ι</span> <span class='ocrx_word' id='word_1_352' title='bbox 1437 2536 1571 2592; x_wconf 87' lang='lat' dir='ltr'><strong><em>Tim.</em></strong></span> <span class='ocrx_word' id='word_1_353' title='bbox 1599 2554 1654 2602; x_wconf 80' lang='grc' dir='ltr'><strong><em>ν,</em></strong></span> <span class='ocrx_word' id='word_1_354' title='bbox 1682 2538 1795 2607; x_wconf 83' lang='lat' dir='ltr'><strong><em>i5).</em></strong></span> 
     </span>
    </p>
   </div>
   <div class='ocr_carea' id='block_1_43' title="bbox 187 2625 1801 2703">
    <p class='ocr_par' dir='ltr' id='par_1_43' title="bbox 187 2625 1801 2703">
     <span class='ocr_line' id='line_1_43' title="bbox 187 2625 1801 2703; baseline 0.002 -20"><span class='ocrx_word' id='word_1_355' title='bbox 187 2625 482 2699; x_wconf 74' lang='lat' dir='ltr'><strong><em>Simulque</em></strong></span> <span class='ocrx_word' id='word_1_356' title='bbox 514 2640 824 2700; x_wconf 72' lang='lat' dir='ltr'><strong><em>praeceptor</em></strong></span> <span class='ocrx_word' id='word_1_357' title='bbox 861 2630 1217 2686; x_wconf 64' lang='lat' dir='ltr'><strong><em>continentiae</em></strong></span> <span class='ocrx_word' id='word_1_358' title='bbox 1248 2672 1262 2698; x_wconf 93' lang='lat'><strong><em>,</em></strong></span> <span class='ocrx_word' id='word_1_359' title='bbox 1293 2643 1345 2686; x_wconf 90' lang='lat' dir='ltr'><strong><em>ct</em></strong></span> <span class='ocrx_word' id='word_1_360' title='bbox 1377 2642 1801 2703; x_wconf 77' lang='lat' dir='ltr'><strong><em>pcrpetumcas-</em></strong></span> 
     </span>
    </p>
   </div>
   <div class='ocr_carea' id='block_1_44' title="bbox 182 2719 1800 2793">
    <p class='ocr_par' dir='ltr' id='par_1_44' title="bbox 182 2719 1800 2793">
     <span class='ocr_line' id='line_1_44' title="bbox 182 2719 1800 2793; baseline 0.002 -18"><span class='ocrx_word' id='word_1_361' title='bbox 182 2719 390 2785; x_wconf 88' lang='lat' dir='ltr'><strong><em>titatis,</em></strong></span> <span class='ocrx_word' id='word_1_362' title='bbox 441 2730 498 2775; x_wconf 88' lang='lat' dir='ltr'><strong><em>et</em></strong></span> <span class='ocrx_word' id='word_1_363' title='bbox 534 2721 803 2792; x_wconf 82' lang='lat' dir='ltr'><strong><em>:equalcm</em></strong></span> <span class='ocrx_word' id='word_1_364' title='bbox 852 2736 912 2777; x_wconf 86' lang='lat' dir='ltr'><strong><em>se</em></strong></span> <span class='ocrx_word' id='word_1_365' title='bbox 956 2722 1342 2793; x_wconf 85' lang='lat' dir='ltr'><strong><em>blasphemans</em></strong></span> <span class='ocrx_word' id='word_1_366' title='bbox 1394 2723 1512 2780; x_wconf 88' lang='lat' dir='ltr'><strong><em>Deo</em></strong></span> <span class='ocrx_word' id='word_1_367' title='bbox 1544 2767 1558 2791; x_wconf 93' lang='lat'><strong><em>,</em></strong></span> <span class='ocrx_word' id='word_1_368' title='bbox 1610 2723 1800 2779; x_wconf 80' lang='lat' dir='ltr'><strong><em>laudat</em></strong></span> 
     </span>
    </p>
   </div>
   <div class='ocr_carea' id='block_1_45' title="bbox 184 2817 1799 2891">
    <p class='ocr_par' dir='ltr' id='par_1_45' title="bbox 184 2817 1799 2891">
     <span class='ocr_line' id='line_1_45' title="bbox 184 2817 1799 2891; baseline 0.001 -20"><span class='ocrx_word' id='word_1_369' title='bbox 184 2823 345 2872; x_wconf 88' lang='lat' dir='ltr'><strong><em>terna</em></strong></span> <span class='ocrx_word' id='word_1_370' title='bbox 373 2828 752 2889; x_wconf 85' lang='lat' dir='ltr'><strong><em>quaternaque</em></strong></span> <span class='ocrx_word' id='word_1_371' title='bbox 773 2817 1063 2891; x_wconf 71' lang='lat' dir='ltr'><strong><em>conjugis,</em></strong></span> <span class='ocrx_word' id='word_1_372' title='bbox 1091 2833 1214 2888; x_wconf 69' lang='lat' dir='ltr'><strong><em>quae</em></strong></span> <span class='ocrx_word' id='word_1_373' title='bbox 1243 2833 1344 2889; x_wconf 85' lang='lat' dir='ltr'><strong><em>ego</em></strong></span> <span class='ocrx_word' id='word_1_374' title='bbox 1379 2834 1485 2873; x_wconf 91' lang='lat' dir='ltr'><strong><em>non</em></strong></span> <span class='ocrx_word' id='word_1_375' title='bbox 1528 2828 1640 2873; x_wconf 88' lang='lat' dir='ltr'><strong><em>tam</em></strong></span> <span class='ocrx_word' id='word_1_376' title='bbox 1668 2833 1799 2874; x_wconf 89' lang='lat' dir='ltr'><strong><em>cou-</em></strong></span> 
     </span>
    </p>
   </div>
   <div class='ocr_carea' id='block_1_46' title="bbox 182 2906 1799 2980">
    <p class='ocr_par' dir='ltr' id='par_1_46' title="bbox 182 2906 1799 2980">
     <span class='ocr_line' id='line_1_46' title="bbox 182 2906 1799 2980; baseline 0.001 -17"><span class='ocrx_word' id='word_1_377' title='bbox 182 2906 337 2980; x_wconf 82' lang='lat' dir='ltr'><strong><em>jugia</em></strong></span> <span class='ocrx_word' id='word_1_378' title='bbox 364 2918 390 2945; x_wconf 75' lang='grc' dir='ltr'>ιι</span> <span class='ocrx_word' id='word_1_379' title='bbox 430 2907 605 2963; x_wconf 90' lang='lat' dir='ltr'><strong><em>dicam</em></strong></span> <span class='ocrx_word' id='word_1_380' title='bbox 641 2951 655 2975; x_wconf 89' lang='lat'><strong><em>,</em></strong></span> <span class='ocrx_word' id='word_1_381' title='bbox 707 2924 868 2979; x_wconf 85' lang='lat' dir='ltr'><strong><em>quam</em></strong></span> <span class='ocrx_word' id='word_1_382' title='bbox 902 2910 1247 2965; x_wconf 86' lang='lat' dir='ltr'><strong><em>miseriarum</em></strong></span> <span class='ocrx_word' id='word_1_383' title='bbox 1277 2909 1474 2965; x_wconf 82' lang='lat' dir='ltr'><strong><em>solatia</em></strong></span> <span class='ocrx_word' id='word_1_384' title='bbox 1526 2917 1580 2964; x_wconf 90' lang='lat' dir='ltr'><strong><em>ct</em></strong></span> <span class='ocrx_word' id='word_1_385' title='bbox 1619 2918 1799 2965; x_wconf 77' lang='lat' dir='ltr'><strong><em>extre-</em></strong></span> 
     </span>
    </p>
   </div>
   <div class='ocr_carea' id='block_1_47' title="bbox 187 2998 1796 3073">
    <p class='ocr_par' dir='ltr' id='par_1_47' title="bbox 187 2998 1796 3073">
     <span class='ocr_line' id='line_1_47' title="bbox 187 2998 1796 3073; baseline -0.001 -16"><span class='ocrx_word' id='word_1_386' title='bbox 187 3016 335 3057; x_wconf 93' lang='lat' dir='ltr'><strong><em>mam</em></strong></span> <span class='ocrx_word' id='word_1_387' title='bbox 368 2999 605 3056; x_wconf 89' lang='lat' dir='ltr'><strong><em>tabulam</em></strong></span> <span class='ocrx_word' id='word_1_388' title='bbox 637 3001 1023 3072; x_wconf 82' lang='lat' dir='ltr'><strong><em>naufragorum</em></strong></span> <span class='ocrx_word' id='word_1_389' title='bbox 1047 2998 1158 3073; x_wconf 83' lang='grc' dir='ltr'><strong><em>[ΑΙ.</em></strong></span> <span class='ocrx_word' id='word_1_390' title='bbox 1183 2999 1658 3073; x_wconf 83' lang='lat' dir='ltr'><strong><em>naufragiorum]:</em></strong></span> <span class='ocrx_word' id='word_1_391' title='bbox 1690 3001 1796 3058; x_wconf 86' lang='lat' dir='ltr'><strong><em>nisi</em></strong></span> 
     </span>
    </p>
   </div>
   <div class='ocr_carea' id='block_1_48' title="bbox 185 3091 1796 3165">
    <p class='ocr_par' dir='ltr' id='par_1_48' title="bbox 185 3091 1796 3165">
     <span class='ocr_line' id='line_1_48' title="bbox 185 3091 1796 3165; baseline -0.001 -17"><span class='ocrx_word' id='word_1_392' title='bbox 185 3092 331 3148; x_wconf 82' lang='lat' dir='ltr'><strong><em>forte</em></strong></span> <span class='ocrx_word' id='word_1_393' title='bbox 361 3093 553 3148; x_wconf 89' lang='lat' dir='ltr'><strong><em>tribuit</em></strong></span> <span class='ocrx_word' id='word_1_394' title='bbox 585 3091 981 3165; x_wconf 81' lang='lat' dir='ltr'><strong><em>indulgentiam</em></strong></span> <span class='ocrx_word' id='word_1_395' title='bbox 1019 3093 1395 3149; x_wconf 82' lang='lat' dir='ltr'><strong><em>Amazonibus</em></strong></span> <span class='ocrx_word' id='word_1_396' title='bbox 1415 3093 1530 3147; x_wconf 90' lang='lat' dir='ltr'><strong><em>suis</em></strong></span> <span class='ocrx_word' id='word_1_397' title='bbox 1556 3136 1569 3161; x_wconf 92' lang='lat'><strong><em>,</em></strong></span> <span class='ocrx_word' id='word_1_398' title='bbox 1606 3102 1666 3148; x_wconf 91' lang='lat' dir='ltr'><strong><em>ut</em></strong></span> <span class='ocrx_word' id='word_1_399' title='bbox 1707 3109 1796 3149; x_wconf 82' lang='lat' dir='ltr'><strong><em>us-</em></strong></span> 
     </span>
    </p>
   </div>
   <div class='ocr_carea' id='block_1_49' title="bbox 1910 1876 3512 1957">
    <p class='ocr_par' dir='ltr' id='par_1_49' title="bbox 1910 1876 3512 1957">
     <span class='ocr_line' id='line_1_49' title="bbox 1910 1876 3512 1957; baseline 0.009 -28"><span class='ocrx_word' id='word_1_400' title='bbox 1910 1878 2096 1932; x_wconf 75' lang='lat' dir='ltr'><strong><em>tentia.</em></strong></span> <span class='ocrx_word' id='word_1_401' title='bbox 2130 1876 2355 1944; x_wconf 78' lang='lat' dir='ltr'><strong><em>Abstuli,</em></strong></span> <span class='ocrx_word' id='word_1_402' title='bbox 2391 1878 2597 1949; x_wconf 78' lang='lat' dir='ltr'><strong><em>inquit,</em></strong></span> <span class='ocrx_word' id='word_1_403' title='bbox 2642 1896 2821 1948; x_wconf 76' lang='lat' dir='ltr'><strong><em>pacem</em></strong></span> <span class='ocrx_word' id='word_1_404' title='bbox 2854 1898 3021 1937; x_wconf 85' lang='lat' dir='ltr'><strong><em>means</em></strong></span> <span class='ocrx_word' id='word_1_405' title='bbox 3050 1885 3115 1945; x_wconf 79' lang='lat' dir='ltr'><strong><em>de</em></strong></span> <span class='ocrx_word' id='word_1_406' title='bbox 3146 1876 3343 1957; x_wconf 79' lang='lat' dir='ltr'><strong><em>populo</em></strong></span> <span class='ocrx_word' id='word_1_407' title='bbox 3372 1889 3470 1944; x_wconf 88' lang='lat' dir='ltr'><strong><em>isto</em></strong></span> <span class='ocrx_word' id='word_1_408' title='bbox 3496 1931 3512 1957; x_wconf 93' lang='lat'><strong><em>,</em></strong></span> 
     </span>
    </p>
   </div>
   <div class='ocr_carea' id='block_1_50' title="bbox 1905 1970 3513 2053">
    <p class='ocr_par' dir='ltr' id='par_1_50' title="bbox 1905 1970 3513 2053">
     <span class='ocr_line' id='line_1_50' title="bbox 1905 1970 3513 2053; baseline 0.008 -28"><span class='ocrx_word' id='word_1_409' title='bbox 1905 1981 1961 2025; x_wconf 85' lang='lat' dir='ltr'><strong><em>et</em></strong></span> <span class='ocrx_word' id='word_1_410' title='bbox 1984 1970 2361 2027; x_wconf 81' lang='lat' dir='ltr'><strong><em>misericordia</em></strong></span> <span class='ocrx_word' id='word_1_411' title='bbox 2388 1973 2595 2045; x_wconf 82' lang='lat' dir='ltr'><strong><em>indigni</em></strong></span> <span class='ocrx_word' id='word_1_412' title='bbox 2620 1985 2753 2029; x_wconf 88' lang='lat' dir='ltr'><strong><em>sunt</em></strong></span> <span class='ocrx_word' id='word_1_413' title='bbox 2781 1992 2803 2029; x_wconf 62' lang='grc' dir='ltr'>ε</span> <span class='ocrx_word' id='word_1_414' title='bbox 2830 1977 3238 2047; x_wconf 75' lang='lat' dir='ltr'><strong><em>nulliquesetati</em></strong></span> <span class='ocrx_word' id='word_1_415' title='bbox 3266 1996 3513 2053; x_wconf 84' lang='lat' dir='ltr'><strong><em>parcam,</em></strong></span> 
     </span>
    </p>
   </div>
   <div class='ocr_carea' id='block_1_51' title="bbox 1906 2066 3515 2142">
    <p class='ocr_par' dir='ltr' id='par_1_51' title="bbox 1906 2066 3515 2142">
     <span class='ocr_line' id='line_1_51' title="bbox 1906 2066 3515 2142; baseline 0.008 -23"><span class='ocrx_word' id='word_1_416' title='bbox 1906 2066 2002 2120; x_wconf 84' lang='lat' dir='ltr'><strong><em>sed</em></strong></span> <span class='ocrx_word' id='word_1_417' title='bbox 2034 2077 2089 2121; x_wconf 88' lang='lat' dir='ltr'><strong><em>et</em></strong></span> <span class='ocrx_word' id='word_1_418' title='bbox 2129 2066 2366 2137; x_wconf 80' lang='lat' dir='ltr'><strong><em>grandes</em></strong></span> <span class='ocrx_word' id='word_1_419' title='bbox 2407 2077 2464 2124; x_wconf 92' lang='lat' dir='ltr'><strong><em>et</em></strong></span> <span class='ocrx_word' id='word_1_420' title='bbox 2521 2071 2678 2139; x_wconf 75' lang='lat' dir='ltr'><strong><em>parvi</em></strong></span> <span class='ocrx_word' id='word_1_421' title='bbox 2727 2072 2933 2139; x_wconf 83' lang='lat' dir='ltr'><strong><em>pariter</em></strong></span> <span class='ocrx_word' id='word_1_422' title='bbox 2976 2073 3273 2130; x_wconf 84' lang='lat' dir='ltr'><strong><em>interibunt</em></strong></span> <span class='ocrx_word' id='word_1_423' title='bbox 3300 2115 3316 2142; x_wconf 93' lang='lat'><strong><em>,</em></strong></span> <span class='ocrx_word' id='word_1_424' title='bbox 3353 2080 3425 2131; x_wconf 85' lang='lat' dir='ltr'><strong><em>ita</em></strong></span> <span class='ocrx_word' id='word_1_425' title='bbox 3456 2086 3515 2132; x_wconf 92' lang='lat' dir='ltr'><strong><em>ut</em></strong></span> 
     </span>
    </p>
   </div>
   <div class='ocr_carea' id='block_1_52' title="bbox 1905 2161 3512 2240">
    <p class='ocr_par' dir='ltr' id='par_1_52' title="bbox 1905 2161 3512 2240">
     <span class='ocr_line' id='line_1_52' title="bbox 1905 2161 3512 2240; baseline 0.007 -26"><span class='ocrx_word' id='word_1_426' title='bbox 1905 2161 2180 2231; x_wconf 83' lang='lat' dir='ltr'><strong><em>sepultura</em></strong></span> <span class='ocrx_word' id='word_1_427' title='bbox 2233 2176 2450 2235; x_wconf 82' lang='lat' dir='ltr'><strong><em>quoque</em></strong></span> <span class='ocrx_word' id='word_1_428' title='bbox 2496 2174 2739 2221; x_wconf 85' lang='lat' dir='ltr'><strong><em>careant.</em></strong></span> <span class='ocrx_word' id='word_1_429' title='bbox 2778 2165 2889 2221; x_wconf 67' lang='lat' dir='ltr'><strong><em>Nec</em></strong></span> <span class='ocrx_word' id='word_1_430' title='bbox 2915 2183 2969 2221; x_wconf 84' lang='lat' dir='ltr'><strong><em>se</em></strong></span> <span class='ocrx_word' id='word_1_431' title='bbox 2989 2167 3257 2237; x_wconf 83' lang='lat' dir='ltr'><strong><em>incident,</em></strong></span> <span class='ocrx_word' id='word_1_432' title='bbox 3295 2171 3512 2240; x_wconf 87' lang='lat' dir='ltr'><strong><em>inquit,</em></strong></span> 
     </span>
    </p>
   </div>
   <div class='ocr_carea' id='block_1_53' title="bbox 1911 2254 3517 2333">
    <p class='ocr_par' dir='ltr' id='par_1_53' title="bbox 1911 2254 3517 2333">
     <span class='ocr_line' id='line_1_53' title="bbox 1911 2254 3517 2333; baseline 0.006 -26"><span class='ocrx_word' id='word_1_433' title='bbox 1911 2270 2073 2325; x_wconf 88' lang='lat' dir='ltr'><strong><em>neque</em></strong></span> <span class='ocrx_word' id='word_1_434' title='bbox 2096 2254 2363 2311; x_wconf 83' lang='lat' dir='ltr'><strong><em>calvitium</em></strong></span> <span class='ocrx_word' id='word_1_435' title='bbox 2413 2257 2501 2327; x_wconf 74' lang='lat' dir='ltr'><strong><em>ﬂet</em></strong></span> <span class='ocrx_word' id='word_1_436' title='bbox 2531 2254 2639 2329; x_wconf 79' lang='grc' dir='ltr'><strong><em>[Αι.</em></strong></span> <span class='ocrx_word' id='word_1_437' title='bbox 2693 2257 2940 2332; x_wconf 82' lang='lat' dir='ltr'><strong><em>Faciant]</em></strong></span> <span class='ocrx_word' id='word_1_438' title='bbox 2985 2275 3082 2333; x_wconf 83' lang='lat' dir='ltr'><strong><em>pro</em></strong></span> <span class='ocrx_word' id='word_1_439' title='bbox 3131 2262 3221 2315; x_wconf 86' lang='lat' dir='ltr'><strong><em>eis.</em></strong></span> <span class='ocrx_word' id='word_1_440' title='bbox 3278 2261 3394 2317; x_wconf 79' lang='lat' dir='ltr'><strong><em>Mos</em></strong></span> <span class='ocrx_word' id='word_1_441' title='bbox 3427 2262 3517 2317; x_wconf 82' lang='lat' dir='ltr'><strong><em>hic</em></strong></span> 
     </span>
    </p>
   </div>
   <div class='ocr_carea' id='block_1_54' title="bbox 1904 2346 3516 2424">
    <p class='ocr_par' dir='ltr' id='par_1_54' title="bbox 1904 2346 3516 2424">
     <span class='ocr_line' id='line_1_54' title="bbox 1904 2346 3516 2424; baseline 0.006 -24"><span class='ocrx_word' id='word_1_442' title='bbox 1904 2346 2006 2402; x_wconf 79' lang='lat' dir='ltr'><strong><em>fuit</em></strong></span> <span class='ocrx_word' id='word_1_443' title='bbox 2032 2348 2177 2419; x_wconf 89' lang='lat' dir='ltr'><strong><em>apud</em></strong></span> <span class='ocrx_word' id='word_1_444' title='bbox 2204 2349 2536 2417; x_wconf 83' lang='lat' dir='ltr'><strong><em>Veteres,et</em></strong></span> <span class='ocrx_word' id='word_1_445' title='bbox 2563 2365 2734 2421; x_wconf 80' lang='lat' dir='ltr'><strong><em>usque</em></strong></span> <span class='ocrx_word' id='word_1_446' title='bbox 2764 2350 2926 2406; x_wconf 89' lang='lat' dir='ltr'><strong><em>hodie</em></strong></span> <span class='ocrx_word' id='word_1_447' title='bbox 2957 2352 3010 2407; x_wconf 91' lang='lat' dir='ltr'><strong><em>in</em></strong></span> <span class='ocrx_word' id='word_1_448' title='bbox 3034 2353 3361 2421; x_wconf 75' lang='lat' dir='ltr'><strong><em>quibusdam</em></strong></span> <span class='ocrx_word' id='word_1_449' title='bbox 3394 2370 3516 2424; x_wconf 57' lang='lat' dir='ltr'><strong><em>per.</em></strong></span> 
     </span>
    </p>
   </div>
   <div class='ocr_carea' id='block_1_55' title="bbox 1904 2441 3506 2513">
    <p class='ocr_par' dir='ltr' id='par_1_55' title="bbox 1904 2441 3506 2513">
     <span class='ocr_line' id='line_1_55' title="bbox 1904 2441 3506 2513; baseline 0.002 -18"><span class='ocrx_word' id='word_1_450' title='bbox 1904 2450 2090 2497; x_wconf 89' lang='lat' dir='ltr'><strong><em>manet</em></strong></span> <span class='ocrx_word' id='word_1_451' title='bbox 2117 2441 2430 2497; x_wconf 71' lang='lat' dir='ltr'><strong><em>Judmorum</em></strong></span> <span class='ocrx_word' id='word_1_452' title='bbox 2454 2486 2468 2510; x_wconf 93' lang='lat'><strong><em>,</em></strong></span> <span class='ocrx_word' id='word_1_453' title='bbox 2502 2452 2562 2496; x_wconf 90' lang='lat' dir='ltr'><strong><em>ut</em></strong></span> <span class='ocrx_word' id='word_1_454' title='bbox 2591 2443 2645 2497; x_wconf 89' lang='lat' dir='ltr'><strong><em>in</em></strong></span> <span class='ocrx_word' id='word_1_455' title='bbox 2678 2441 2917 2499; x_wconf 86' lang='lat' dir='ltr'><strong><em>luctibus</em></strong></span> <span class='ocrx_word' id='word_1_456' title='bbox 2948 2443 3191 2499; x_wconf 82' lang='lat' dir='ltr'><strong><em>incidant</em></strong></span> <span class='ocrx_word' id='word_1_457' title='bbox 3222 2446 3460 2499; x_wconf 82' lang='lat' dir='ltr'><strong><em>lacertos</em></strong></span> <span class='ocrx_word' id='word_1_458' title='bbox 3492 2490 3506 2513; x_wconf 88' lang='lat'><strong><em>,</em></strong></span> 
     </span>
    </p>
   </div>
   <div class='ocr_carea' id='block_1_56' title="bbox 1901 2534 3513 2607">
    <p class='ocr_par' dir='ltr' id='par_1_56' title="bbox 1901 2534 3513 2607">
     <span class='ocr_line' id='line_1_56' title="bbox 1901 2534 3513 2607; baseline 0.001 -18"><span class='ocrx_word' id='word_1_459' title='bbox 1901 2541 1961 2589; x_wconf 86' lang='lat' dir='ltr'><strong><em>et</em></strong></span> <span class='ocrx_word' id='word_1_460' title='bbox 1987 2535 2267 2588; x_wconf 86' lang='lat' dir='ltr'><strong><em>calvitium</em></strong></span> <span class='ocrx_word' id='word_1_461' title='bbox 2315 2534 2549 2600; x_wconf 80' lang='lat' dir='ltr'><strong><em>faciant;</em></strong></span> <span class='ocrx_word' id='word_1_462' title='bbox 2602 2534 2751 2605; x_wconf 87' lang='lat' dir='ltr'><strong><em>quod</em></strong></span> <span class='ocrx_word' id='word_1_463' title='bbox 2798 2536 2967 2594; x_wconf 84' lang='lat' dir='ltr'><strong><em>etiam</em></strong></span> <span class='ocrx_word' id='word_1_464' title='bbox 2997 2534 3101 2590; x_wconf 76' lang='lat' dir='ltr'><strong><em>Job</em></strong></span> <span class='ocrx_word' id='word_1_465' title='bbox 3134 2536 3336 2595; x_wconf 82' lang='lat' dir='ltr'><strong><em>fecisse</em></strong></span> <span class='ocrx_word' id='word_1_466' title='bbox 3377 2536 3513 2607; x_wconf 85' lang='lat' dir='ltr'><strong><em>legi-</em></strong></span> 
     </span>
    </p>
   </div>
   <div class='ocr_carea' id='block_1_57' title="bbox 1902 2625 3513 2698">
    <p class='ocr_par' dir='ltr' id='par_1_57' title="bbox 1902 2625 3513 2698">
     <span class='ocr_line' id='line_1_57' title="bbox 1902 2625 3513 2698; baseline 0.002 -18"><span class='ocrx_word' id='word_1_467' title='bbox 1902 2641 2025 2680; x_wconf 86' lang='lat' dir='ltr'><strong><em>mus</em></strong></span> <span class='ocrx_word' id='word_1_468' title='bbox 2058 2625 2201 2698; x_wconf 82' lang='lat' dir='ltr'><strong><em>(Job.</em></strong></span> <span class='ocrx_word' id='word_1_469' title='bbox 2234 2642 2249 2681; x_wconf 82' lang='grc' dir='ltr'><strong>ι</strong></span> <span class='ocrx_word' id='word_1_470' title='bbox 2281 2637 2331 2682; x_wconf 86' lang='lat' dir='ltr'><strong><em>et</em></strong></span> <span class='ocrx_word' id='word_1_471' title='bbox 2376 2627 2531 2697; x_wconf 73' lang='lat' dir='ltr'><strong><em>nn).</em></strong></span> <span class='ocrx_word' id='word_1_472' title='bbox 2564 2625 2728 2683; x_wconf 81' lang='lat' dir='ltr'><strong><em>Unde</em></strong></span> <span class='ocrx_word' id='word_1_473' title='bbox 2752 2637 2807 2682; x_wconf 89' lang='lat' dir='ltr'><strong><em>et</em></strong></span> <span class='ocrx_word' id='word_1_474' title='bbox 2834 2627 3129 2696; x_wconf 74' lang='lat' dir='ltr'><strong><em>Propheta:</em></strong></span> <span class='ocrx_word' id='word_1_475' title='bbox 3157 2628 3361 2684; x_wconf 85' lang='lat' dir='ltr'><strong><em>dicitur</em></strong></span> <span class='ocrx_word' id='word_1_476' title='bbox 3392 2670 3407 2693; x_wconf 83' lang='lat'><strong><em>,</em></strong></span> <span class='ocrx_word' id='word_1_477' title='bbox 3443 2645 3513 2684; x_wconf 88' lang='lat' dir='ltr'><strong><em>ne</em></strong></span> 
     </span>
    </p>
   </div>
   <div class='ocr_carea' id='block_1_58' title="bbox 1901 2720 3511 2793">
    <p class='ocr_par' dir='ltr' id='par_1_58' title="bbox 1901 2720 3511 2793">
     <span class='ocr_line' id='line_1_58' title="bbox 1901 2720 3511 2793; baseline 0.004 -18"><span class='ocrx_word' id='word_1_478' title='bbox 1901 2720 2112 2792; x_wconf 88' lang='lat' dir='ltr'><strong><em>frangat</em></strong></span> <span class='ocrx_word' id='word_1_479' title='bbox 2138 2722 2282 2778; x_wconf 88' lang='lat' dir='ltr'><strong><em>inter</em></strong></span> <span class='ocrx_word' id='word_1_480' title='bbox 2310 2737 2406 2777; x_wconf 88' lang='lat' dir='ltr'><strong><em>cos</em></strong></span> <span class='ocrx_word' id='word_1_481' title='bbox 2432 2736 2628 2793; x_wconf 85' lang='lat' dir='ltr'><strong><em>panem</em></strong></span> <span class='ocrx_word' id='word_1_482' title='bbox 2662 2764 2676 2790; x_wconf 90' lang='lat'><strong><em>,</em></strong></span> <span class='ocrx_word' id='word_1_483' title='bbox 2722 2738 2824 2779; x_wconf 91' lang='lat' dir='ltr'><strong><em>nec</em></strong></span> <span class='ocrx_word' id='word_1_484' title='bbox 2852 2722 3191 2793; x_wconf 78' lang='lat' dir='ltr'><strong><em>ingrediatur</em></strong></span> <span class='ocrx_word' id='word_1_485' title='bbox 3219 2725 3287 2779; x_wconf 86' lang='lat' dir='ltr'><strong><em>ad</em></strong></span> <span class='ocrx_word' id='word_1_486' title='bbox 3312 2740 3511 2782; x_wconf 82' lang='lat' dir='ltr'><strong><em>ctmso-</em></strong></span> 
     </span>
    </p>
   </div>
   <div class='ocr_carea' id='block_1_59' title="bbox 1902 2814 3510 2890">
    <p class='ocr_par' dir='ltr' id='par_1_59' title="bbox 1902 2814 3510 2890">
     <span class='ocr_line' id='line_1_59' title="bbox 1902 2814 3510 2890; baseline 0.004 -21"><span class='ocrx_word' id='word_1_487' title='bbox 1902 2814 2120 2870; x_wconf 90' lang='lat' dir='ltr'><strong><em>landum</em></strong></span> <span class='ocrx_word' id='word_1_488' title='bbox 2169 2831 2269 2886; x_wconf 84' lang='lat' dir='ltr'><strong><em>pro</em></strong></span> <span class='ocrx_word' id='word_1_489' title='bbox 2314 2823 2531 2871; x_wconf 86' lang='lat' dir='ltr'><strong><em>mortuo</em></strong></span> <span class='ocrx_word' id='word_1_490' title='bbox 2557 2858 2573 2880; x_wconf 89' lang='lat'><strong><em>,</em></strong></span> <span class='ocrx_word' id='word_1_491' title='bbox 2602 2831 2784 2887; x_wconf 87' lang='lat' dir='ltr'><strong><em>neque</em></strong></span> <span class='ocrx_word' id='word_1_492' title='bbox 2816 2827 3005 2887; x_wconf 91' lang='lat' dir='ltr'><strong><em>potum</em></strong></span> <span class='ocrx_word' id='word_1_493' title='bbox 3057 2817 3296 2885; x_wconf 79' lang='lat' dir='ltr'><strong><em>tribuat,</em></strong></span> <span class='ocrx_word' id='word_1_494' title='bbox 3333 2836 3510 2890; x_wconf 90' lang='lat' dir='ltr'><strong><em>neque</em></strong></span> 
     </span>
    </p>
   </div>
   <div class='ocr_carea' id='block_1_60' title="bbox 1904 2905 3510 2977">
    <p class='ocr_par' dir='ltr' id='par_1_60' title="bbox 1904 2905 3510 2977">
     <span class='ocr_line' id='line_1_60' title="bbox 1904 2905 3510 2977; baseline 0.003 -16"><span class='ocrx_word' id='word_1_495' title='bbox 1904 2905 2249 2976; x_wconf 81' lang='lat' dir='ltr'><strong><em>ingrediatur</em></strong></span> <span class='ocrx_word' id='word_1_496' title='bbox 2278 2907 2501 2963; x_wconf 82' lang='lat' dir='ltr'><strong><em>domum</em></strong></span> <span class='ocrx_word' id='word_1_497' title='bbox 2532 2907 2799 2977; x_wconf 79' lang='lat' dir='ltr'><strong><em>convivii,</em></strong></span> <span class='ocrx_word' id='word_1_498' title='bbox 2851 2917 2907 2962; x_wconf 82' lang='lat' dir='ltr'><strong><em>et</em></strong></span> <span class='ocrx_word' id='word_1_499' title='bbox 2953 2923 3020 2963; x_wconf 85' lang='lat' dir='ltr'><strong><em>ne</em></strong></span> <span class='ocrx_word' id='word_1_500' title='bbox 3069 2910 3368 2966; x_wconf 83' lang='lat' dir='ltr'><strong><em>misceatur</em></strong></span> <span class='ocrx_word' id='word_1_501' title='bbox 3395 2912 3510 2976; x_wconf 87' lang='lat' dir='ltr'><strong><em>eis,</em></strong></span> 
     </span>
    </p>
   </div>
   <div class='ocr_carea' id='block_1_61' title="bbox 1901 2997 3509 3069">
    <p class='ocr_par' dir='ltr' id='par_1_61' title="bbox 1901 2997 3509 3069">
     <span class='ocr_line' id='line_1_61' title="bbox 1901 2997 3509 3069; baseline 0.006 -20"><span class='ocrx_word' id='word_1_502' title='bbox 1901 2998 1993 3064; x_wconf 90' lang='lat' dir='ltr'><strong><em>qui</em></strong></span> <span class='ocrx_word' id='word_1_503' title='bbox 2024 2997 2120 3052; x_wconf 84' lang='lat' dir='ltr'><strong><em>Dei</em></strong></span> <span class='ocrx_word' id='word_1_504' title='bbox 2152 3000 2439 3054; x_wconf 71' lang='lat' dir='ltr'><strong><em>sententiae</em></strong></span> <span class='ocrx_word' id='word_1_505' title='bbox 2472 3000 2761 3069; x_wconf 73' lang='lat' dir='ltr'><strong><em>prteparati</em></strong></span> <span class='ocrx_word' id='word_1_506' title='bbox 2808 3007 2957 3054; x_wconf 85' lang='lat' dir='ltr'><strong><em>sunt.</em></strong></span> <span class='ocrx_word' id='word_1_507' title='bbox 2991 2999 3050 3055; x_wconf 86' lang='lat' dir='ltr'><strong><em>Si</em></strong></span> <span class='ocrx_word' id='word_1_508' title='bbox 3084 3013 3271 3056; x_wconf 85' lang='lat' dir='ltr'><strong><em>autem</em></strong></span> <span class='ocrx_word' id='word_1_509' title='bbox 3304 3002 3409 3059; x_wconf 87' lang='lat' dir='ltr'><strong><em>hoc</em></strong></span> <span class='ocrx_word' id='word_1_510' title='bbox 3435 3002 3509 3058; x_wconf 83' lang='lat' dir='ltr'><strong><em>de</em></strong></span> 
     </span>
    </p>
   </div>
   <div class='ocr_carea' id='block_1_62' title="bbox 1901 3089 3502 3174">
    <p class='ocr_par' dir='ltr' id='par_1_62' title="bbox 1901 3089 3502 3174">
     <span class='ocr_line' id='line_1_62' title="bbox 1901 3089 3502 3174; baseline 0.006 -30"><span class='ocrx_word' id='word_1_511' title='bbox 1901 3089 2212 3161; x_wconf 87' lang='lat' dir='ltr'><strong><em>lugentibus</em></strong></span> <span class='ocrx_word' id='word_1_512' title='bbox 2236 3092 2468 3157; x_wconf 87' lang='lat' dir='ltr'><strong><em>dicitur,</em></strong></span> <span class='ocrx_word' id='word_1_513' title='bbox 2501 3093 2632 3162; x_wconf 89' lang='lat' dir='ltr'><strong><em>quid</em></strong></span> <span class='ocrx_word' id='word_1_514' title='bbox 2662 3093 2757 3147; x_wconf 85' lang='lat' dir='ltr'><strong><em>tiet</em></strong></span> <span class='ocrx_word' id='word_1_515' title='bbox 2801 3094 2871 3148; x_wconf 88' lang='lat' dir='ltr'><strong><em>de</em></strong></span> <span class='ocrx_word' id='word_1_516' title='bbox 2919 3092 3196 3174; x_wconf 55' lang='lat' dir='ltr'><strong><em>haereticis</em></strong></span> <span class='ocrx_word' id='word_1_517' title='bbox 3222 3137 3237 3162; x_wconf 92' lang='lat'><strong><em>,</em></strong></span> <span class='ocrx_word' id='word_1_518' title='bbox 3268 3112 3502 3167; x_wconf 86' lang='lat' dir='ltr'><strong><em>quorum</em></strong></span> 
     </span>
    </p>
   </div>
   <div class='ocr_carea' id='block_1_63' title="bbox 185 3179 3499 3258">
    <p class='ocr_par' dir='ltr' id='par_1_63' title="bbox 185 3179 3499 3258">
     <span class='ocr_line' id='line_1_63' title="bbox 185 3179 3499 3258; baseline 0.001 -16"><span class='ocrx_word' id='word_1_519' title='bbox 185 3202 298 3258; x_wconf 87' lang='lat' dir='ltr'><strong><em>que</em></strong></span> <span class='ocrx_word' id='word_1_520' title='bbox 328 3185 395 3241; x_wconf 89' lang='lat' dir='ltr'><strong><em>ad</em></strong></span> <span class='ocrx_word' id='word_1_521' title='bbox 441 3187 777 3258; x_wconf 87' lang='lat' dir='ltr'><strong><em>decrepitam</em></strong></span> <span class='ocrx_word' id='word_1_522' title='bbox 827 3194 1165 3244; x_wconf 79' lang='lat' dir='ltr'><strong><em>senectutem</em></strong></span> <span class='ocrx_word' id='word_1_523' title='bbox 1197 3187 1340 3244; x_wconf 86' lang='lat' dir='ltr'><strong><em>bella</em></strong></span> <span class='ocrx_word' id='word_1_524' title='bbox 1382 3188 1670 3244; x_wconf 87' lang='lat' dir='ltr'><strong><em>libidinum</em></strong></span> <span class='ocrx_word' id='word_1_525' title='bbox 1701 3205 1794 3245; x_wconf 83' lang='lat' dir='ltr'><strong><em>ex-</em></strong></span> <span class='ocrx_word' id='word_1_526' title='bbox 1820 3180 1865 3243; x_wconf 92' lang='lat' dir='ltr'>C</span> <span class='ocrx_word' id='word_1_527' title='bbox 1900 3179 2085 3240; x_wconf 77' lang='lat' dir='ltr'><strong><em>sermo</em></strong></span> <span class='ocrx_word' id='word_1_528' title='bbox 2104 3186 2277 3254; x_wconf 88' lang='lat' dir='ltr'><strong><em>serpit</em></strong></span> <span class='ocrx_word' id='word_1_529' title='bbox 2308 3193 2368 3239; x_wconf 92' lang='lat' dir='ltr'><strong><em>ut</em></strong></span> <span class='ocrx_word' id='word_1_530' title='bbox 2400 3199 2601 3240; x_wconf 77' lang='lat' dir='ltr'><strong><em>cancer</em></strong></span> <span class='ocrx_word' id='word_1_531' title='bbox 2622 3227 2639 3251; x_wconf 87' lang='lat'><strong><em>,</em></strong></span> <span class='ocrx_word' id='word_1_532' title='bbox 2674 3195 2731 3241; x_wconf 89' lang='lat' dir='ltr'><strong><em>et</em></strong></span> <span class='ocrx_word' id='word_1_533' title='bbox 2758 3185 3006 3256; x_wconf 79' lang='lat' dir='ltr'><strong><em>quatidie</em></strong></span> <span class='ocrx_word' id='word_1_534' title='bbox 3048 3196 3408 3256; x_wconf 81' lang='lat' dir='ltr'><strong><em>prosternunt</em></strong></span> <span class='ocrx_word' id='word_1_535' title='bbox 3446 3192 3499 3246; x_wconf 90' lang='lat' dir='ltr'><strong><em>iu</em></strong></span> 
     </span>
    </p>
   </div>
   <div class='ocr_carea' id='block_1_64' title="bbox 186 3278 1788 3354">
    <p class='ocr_par' dir='ltr' id='par_1_64' title="bbox 186 3278 1788 3354">
     <span class='ocr_line' id='line_1_64' title="bbox 186 3278 1788 3354; baseline 0.003 -20"><span class='ocrx_word' id='word_1_536' title='bbox 186 3278 490 3351; x_wconf 84' lang='lat' dir='ltr'><strong><em>periantur.</em></strong></span> <span class='ocrx_word' id='word_1_537' title='bbox 539 3280 652 3337; x_wconf 67' lang='lat' dir='ltr'><strong><em>Ger</em></strong></span> <span class='ocrx_word' id='word_1_538' title='bbox 704 3287 889 3335; x_wconf 87' lang='lat' dir='ltr'><strong><em>autem</em></strong></span> <span class='ocrx_word' id='word_1_539' title='bbox 952 3281 1227 3354; x_wconf 85' lang='lat' dir='ltr'><strong><em>Propheta</em></strong></span> <span class='ocrx_word' id='word_1_540' title='bbox 1278 3292 1533 3338; x_wconf 89' lang='lat' dir='ltr'><strong><em>arceatur</em></strong></span> <span class='ocrx_word' id='word_1_541' title='bbox 1561 3298 1788 3339; x_wconf 85' lang='lat' dir='ltr'><strong><em>uxorem</em></strong></span> 
     </span>
    </p>
   </div>
   <div class='ocr_carea' id='block_1_65' title="bbox 187 3372 1791 3447">
    <p class='ocr_par' dir='ltr' id='par_1_65' title="bbox 187 3372 1791 3447">
     <span class='ocr_line' id='line_1_65' title="bbox 187 3372 1791 3447; baseline 0.002 -18"><span class='ocrx_word' id='word_1_542' title='bbox 187 3372 392 3429; x_wconf 87' lang='lat' dir='ltr'><strong><em>ducere</em></strong></span> <span class='ocrx_word' id='word_1_543' title='bbox 422 3419 435 3443; x_wconf 94' lang='lat'><strong><em>,</em></strong></span> <span class='ocrx_word' id='word_1_544' title='bbox 463 3389 627 3429; x_wconf 88' lang='lat' dir='ltr'><strong><em>causa</em></strong></span> <span class='ocrx_word' id='word_1_545' title='bbox 654 3376 943 3445; x_wconf 84' lang='lat' dir='ltr'><strong><em>perspicua</em></strong></span> <span class='ocrx_word' id='word_1_546' title='bbox 968 3385 1054 3432; x_wconf 87' lang='lat' dir='ltr'><strong><em>est</em></strong></span> <span class='ocrx_word' id='word_1_547' title='bbox 1074 3418 1088 3442; x_wconf 91' lang='lat'><strong><em>,</em></strong></span> <span class='ocrx_word' id='word_1_548' title='bbox 1114 3376 1257 3447; x_wconf 89' lang='lat' dir='ltr'><strong><em>quod</em></strong></span> <span class='ocrx_word' id='word_1_549' title='bbox 1282 3376 1568 3434; x_wconf 87' lang='lat' dir='ltr'><strong><em>obsidione</em></strong></span> <span class='ocrx_word' id='word_1_550' title='bbox 1591 3379 1791 3445; x_wconf 89' lang='lat' dir='ltr'><strong><em>vicina,</em></strong></span> 
     </span>
    </p>
   </div>
   <div class='ocr_carea' id='block_1_66' title="bbox 190 3466 1789 3539">
    <p class='ocr_par' dir='ltr' id='par_1_66' title="bbox 190 3466 1789 3539">
     <span class='ocr_line' id='line_1_66' title="bbox 190 3466 1789 3539; baseline 0.002 -17"><span class='ocrx_word' id='word_1_551' title='bbox 190 3466 505 3537; x_wconf 87' lang='lat' dir='ltr'><strong><em>pestilentia</em></strong></span> <span class='ocrx_word' id='word_1_552' title='bbox 532 3509 547 3533; x_wconf 90' lang='lat'><strong><em>,</em></strong></span> <span class='ocrx_word' id='word_1_553' title='bbox 579 3475 635 3523; x_wconf 88' lang='lat' dir='ltr'><strong><em>et</em></strong></span> <span class='ocrx_word' id='word_1_554' title='bbox 663 3467 879 3539; x_wconf 90' lang='lat' dir='ltr'><strong><em>gladio,</em></strong></span> <span class='ocrx_word' id='word_1_555' title='bbox 913 3478 969 3524; x_wconf 90' lang='lat' dir='ltr'><strong><em>ct</em></strong></span> <span class='ocrx_word' id='word_1_556' title='bbox 1009 3467 1183 3537; x_wconf 80' lang='lat' dir='ltr'><strong><em>fame,</em></strong></span> <span class='ocrx_word' id='word_1_557' title='bbox 1219 3469 1463 3525; x_wconf 88' lang='lat' dir='ltr'><strong><em>universi</em></strong></span> <span class='ocrx_word' id='word_1_558' title='bbox 1493 3471 1789 3536; x_wconf 84' lang='lat' dir='ltr'><strong><em>intereant,</em></strong></span> 
     </span>
    </p>
   </div>
   <div class='ocr_carea' id='block_1_67' title="bbox 184 3559 1793 3634">
    <p class='ocr_par' dir='ltr' id='par_1_67' title="bbox 184 3559 1793 3634">
     <span class='ocr_line' id='line_1_67' title="bbox 184 3559 1793 3634; baseline 0.003 -19"><span class='ocrx_word' id='word_1_559' title='bbox 184 3569 246 3616; x_wconf 88' lang='lat' dir='ltr'><strong><em>et</em></strong></span> <span class='ocrx_word' id='word_1_560' title='bbox 298 3568 480 3614; x_wconf 88' lang='lat' dir='ltr'><strong><em>tantus</em></strong></span> <span class='ocrx_word' id='word_1_561' title='bbox 523 3559 594 3615; x_wconf 90' lang='lat' dir='ltr'><strong><em>sit</em></strong></span> <span class='ocrx_word' id='word_1_562' title='bbox 641 3576 903 3617; x_wconf 72' lang='lat' dir='ltr'><strong><em>utimerus</em></strong></span> <span class='ocrx_word' id='word_1_563' title='bbox 954 3561 1342 3630; x_wconf 88' lang='lat' dir='ltr'><strong><em>morientium,</em></strong></span> <span class='ocrx_word' id='word_1_564' title='bbox 1399 3572 1461 3619; x_wconf 91' lang='lat' dir='ltr'><strong><em>ut</em></strong></span> <span class='ocrx_word' id='word_1_565' title='bbox 1498 3563 1793 3634; x_wconf 68' lang='lat' dir='ltr'><strong><em>sepultura)</em></strong></span> 
     </span>
    </p>
   </div>
   <div class='ocr_carea' id='block_1_68' title="bbox 188 3636 1794 3725">
    <p class='ocr_par' dir='ltr' id='par_1_68' title="bbox 188 3636 1794 3725">
     <span class='ocr_line' id='line_1_68' title="bbox 188 3636 1794 3725; baseline 0.002 -18"><span class='ocrx_word' id='word_1_566' title='bbox 188 3636 446 3708; x_wconf 83' lang='lat' dir='ltr'><strong><em>vincatur</em></strong></span> <span class='ocrx_word' id='word_1_567' title='bbox 475 3649 745 3721; x_wconf 77' lang='lat' dir='ltr'><strong><em>cilicium,</em></strong></span> <span class='ocrx_word' id='word_1_568' title='bbox 779 3653 873 3709; x_wconf 88' lang='lat' dir='ltr'><strong><em>sed</em></strong></span> <span class='ocrx_word' id='word_1_569' title='bbox 903 3652 1078 3708; x_wconf 84' lang='lat' dir='ltr'><strong><em>instar</em></strong></span> <span class='ocrx_word' id='word_1_570' title='bbox 1113 3654 1442 3725; x_wconf 87' lang='lat' dir='ltr'><strong><em>sterquilinii</em></strong></span> <span class='ocrx_word' id='word_1_571' title='bbox 1465 3655 1794 3724; x_wconf 82' lang='lat' dir='ltr'><strong><em>jaceantca-</em></strong></span> 
     </span>
    </p>
   </div>
   <div class='ocr_carea' id='block_1_69' title="bbox 187 3745 1795 3819">
    <p class='ocr_par' dir='ltr' id='par_1_69' title="bbox 187 3745 1795 3819">
     <span class='ocr_line' id='line_1_69' title="bbox 187 3745 1795 3819; baseline 0.002 -18"><span class='ocrx_word' id='word_1_572' title='bbox 187 3745 392 3802; x_wconf 75' lang='lat' dir='ltr'><strong><em>davera</em></strong></span> <span class='ocrx_word' id='word_1_573' title='bbox 416 3789 430 3812; x_wconf 93' lang='lat'><strong><em>,</em></strong></span> <span class='ocrx_word' id='word_1_574' title='bbox 453 3746 770 3803; x_wconf 84' lang='lat' dir='ltr'><strong><em>volatilibus</em></strong></span> <span class='ocrx_word' id='word_1_575' title='bbox 789 3747 1092 3819; x_wconf 72' lang='lat' dir='ltr'><strong><em>bestiisque</em></strong></span> <span class='ocrx_word' id='word_1_576' title='bbox 1123 3747 1436 3804; x_wconf 87' lang='lat' dir='ltr'><strong><em>laceranda.</em></strong></span> <span class='ocrx_word' id='word_1_577' title='bbox 1470 3749 1536 3805; x_wconf 86' lang='lat' dir='ltr'><strong><em>Et</em></strong></span> <span class='ocrx_word' id='word_1_578' title='bbox 1570 3748 1675 3807; x_wconf 94' lang='lat' dir='ltr'><strong><em>hoc</em></strong></span> <span class='ocrx_word' id='word_1_579' title='bbox 1695 3764 1795 3805; x_wconf 91' lang='lat' dir='ltr'><strong><em>no-</em></strong></span> 
     </span>
    </p>
   </div>
   <div class='ocr_carea' id='block_1_70' title="bbox 186 3836 1794 3912">
    <p class='ocr_par' dir='ltr' id='par_1_70' title="bbox 186 3836 1794 3912">
     <span class='ocr_line' id='line_1_70' title="bbox 186 3836 1794 3912; baseline 0.001 -17"><span class='ocrx_word' id='word_1_580' title='bbox 186 3836 415 3895; x_wconf 87' lang='lat' dir='ltr'><strong><em>tandum</em></strong></span> <span class='ocrx_word' id='word_1_581' title='bbox 442 3880 457 3904; x_wconf 91' lang='lat'><strong><em>,</em></strong></span> <span class='ocrx_word' id='word_1_582' title='bbox 490 3838 635 3910; x_wconf 85' lang='lat' dir='ltr'><strong><em>quod</em></strong></span> <span class='ocrx_word' id='word_1_583' title='bbox 675 3840 1125 3912; x_wconf 72' lang='lat' dir='ltr'><strong><em>:rgrotationibus</em></strong></span> <span class='ocrx_word' id='word_1_584' title='bbox 1163 3852 1219 3897; x_wconf 87' lang='lat' dir='ltr'><strong><em>et</em></strong></span> <span class='ocrx_word' id='word_1_585' title='bbox 1268 3841 1430 3911; x_wconf 86' lang='lat' dir='ltr'><strong><em>longa</em></strong></span> <span class='ocrx_word' id='word_1_586' title='bbox 1475 3841 1794 3898; x_wconf 77' lang='lat' dir='ltr'><strong><em>inﬁrmitate</em></strong></span> 
     </span>
    </p>
   </div>
   <div class='ocr_carea' id='block_1_71' title="bbox 183 3930 1797 4006">
    <p class='ocr_par' dir='ltr' id='par_1_71' title="bbox 183 3930 1797 4006">
     <span class='ocr_line' id='line_1_71' title="bbox 183 3930 1797 4006; baseline 0.002 -18"><span class='ocrx_word' id='word_1_587' title='bbox 183 3931 506 3998; x_wconf 82' lang='lat' dir='ltr'><strong><em>tabescere,</em></strong></span> <span class='ocrx_word' id='word_1_588' title='bbox 543 3931 636 3988; x_wconf 87' lang='lat' dir='ltr'><strong><em>Dei</em></strong></span> <span class='ocrx_word' id='word_1_589' title='bbox 665 3930 742 3988; x_wconf 88' lang='lat' dir='ltr'><strong><em>ira</em></strong></span> <span class='ocrx_word' id='word_1_590' title='bbox 776 3933 869 3987; x_wconf 76' lang='lat' dir='ltr'><strong><em>sit.</em></strong></span> <span class='ocrx_word' id='word_1_591' title='bbox 897 3932 1053 3989; x_wconf 88' lang='lat' dir='ltr'><strong><em>Unde</em></strong></span> <span class='ocrx_word' id='word_1_592' title='bbox 1075 3943 1130 3990; x_wconf 92' lang='lat' dir='ltr'><strong><em>et</em></strong></span> <span class='ocrx_word' id='word_1_593' title='bbox 1155 3932 1339 3989; x_wconf 83' lang='lat' dir='ltr'><strong><em>Joram</em></strong></span> <span class='ocrx_word' id='word_1_594' title='bbox 1365 3932 1504 3988; x_wconf 84' lang='lat' dir='ltr'><strong><em>illius</em></strong></span> <span class='ocrx_word' id='word_1_595' title='bbox 1531 3934 1797 4006; x_wconf 77' lang='lat' dir='ltr'><strong><em>Josaphat</em></strong></span> 
     </span>
    </p>
   </div>
   <div class='ocr_carea' id='block_1_72' title="bbox 187 4022 1793 4097">
    <p class='ocr_par' dir='ltr' id='par_1_72' title="bbox 187 4022 1793 4097">
     <span class='ocr_line' id='line_1_72' title="bbox 187 4022 1793 4097; baseline 0.001 -15"><span class='ocrx_word' id='word_1_596' title='bbox 187 4023 506 4082; x_wconf 77' lang='lat' dir='ltr'><strong><em>inﬁmitate</em></strong></span> <span class='ocrx_word' id='word_1_597' title='bbox 546 4025 889 4082; x_wconf 81' lang='lat' dir='ltr'><strong><em>consumitur</em></strong></span> <span class='ocrx_word' id='word_1_598' title='bbox 920 4022 990 4092; x_wconf 85' lang='lat' dir='ltr'><strong><em>(il</em></strong></span> <span class='ocrx_word' id='word_1_599' title='bbox 1042 4026 1168 4080; x_wconf 86' lang='lat' dir='ltr'><strong><em>Par.</em></strong></span> <span class='ocrx_word' id='word_1_600' title='bbox 1210 4025 1350 4097; x_wconf 76' lang='lat' dir='ltr'><strong><em>xxi).</em></strong></span> <span class='ocrx_word' id='word_1_601' title='bbox 1385 4027 1452 4081; x_wconf 84' lang='lat' dir='ltr'><strong><em>Et</em></strong></span> <span class='ocrx_word' id='word_1_602' title='bbox 1499 4025 1793 4093; x_wconf 78' lang='lat' dir='ltr'><strong><em>Apostolus</em></strong></span> 
     </span>
    </p>
   </div>
   <div class='ocr_carea' id='block_1_73' title="bbox 186 4114 1794 4187">
    <p class='ocr_par' dir='ltr' id='par_1_73' title="bbox 186 4114 1794 4187">
     <span class='ocr_line' id='line_1_73' title="bbox 186 4114 1794 4187; baseline 0.001 -15"><span class='ocrx_word' id='word_1_603' title='bbox 186 4115 348 4172; x_wconf 89' lang='lat' dir='ltr'><strong><em>docet</em></strong></span> <span class='ocrx_word' id='word_1_604' title='bbox 375 4127 641 4187; x_wconf 66' lang='lat' dir='ltr'><strong><em>regi-utare</em></strong></span> <span class='ocrx_word' id='word_1_605' title='bbox 668 4132 762 4172; x_wconf 87' lang='lat' dir='ltr'><strong><em>eos</em></strong></span> <span class='ocrx_word' id='word_1_606' title='bbox 780 4125 847 4172; x_wconf 77' lang='lat' dir='ltr'><strong><em>at</em></strong></span> <span class='ocrx_word' id='word_1_607' title='bbox 866 4114 1169 4184; x_wconf 71' lang='lat' dir='ltr'><strong><em>tabescere,</em></strong></span> <span class='ocrx_word' id='word_1_608' title='bbox 1202 4124 1260 4172; x_wconf 89' lang='lat' dir='ltr'><strong><em>et</em></strong></span> <span class='ocrx_word' id='word_1_609' title='bbox 1284 4118 1424 4173; x_wconf 89' lang='lat' dir='ltr'><strong><em>mori</em></strong></span> <span class='ocrx_word' id='word_1_610' title='bbox 1444 4157 1459 4183; x_wconf 90' lang='lat'><strong><em>,</em></strong></span> <span class='ocrx_word' id='word_1_611' title='bbox 1491 4118 1581 4187; x_wconf 87' lang='lat' dir='ltr'><strong><em>qui</em></strong></span> <span class='ocrx_word' id='word_1_612' title='bbox 1605 4128 1794 4173; x_wconf 88' lang='lat' dir='ltr'><strong><em>sancta</em></strong></span> 
     </span>
    </p>
   </div>
   <div class='ocr_carea' id='block_1_74' title="bbox 186 4206 1033 4281">
    <p class='ocr_par' dir='ltr' id='par_1_74' title="bbox 186 4206 1033 4281">
     <span class='ocr_line' id='line_1_74' title="bbox 186 4206 1033 4281; baseline -0.005 -17"><span class='ocrx_word' id='word_1_613' title='bbox 186 4207 453 4264; x_wconf 78' lang='lat' dir='ltr'><strong><em>violarint</em></strong></span> <span class='ocrx_word' id='word_1_614' title='bbox 476 4208 524 4281; x_wconf 88' lang='lat' dir='ltr'><strong><em>(l</em></strong></span> <span class='ocrx_word' id='word_1_615' title='bbox 558 4206 685 4264; x_wconf 82' lang='lat' dir='ltr'><strong><em>Cor.</em></strong></span> <span class='ocrx_word' id='word_1_616' title='bbox 720 4208 827 4280; x_wconf 72' lang='lat' dir='ltr'><strong><em>si).</em></strong></span> <span class='ocrx_word' id='word_1_617' title='bbox 1024 4206 1033 4212; x_wconf 67' lang='grc'><em>⁴</em></span> 
     </span>
    </p>
   </div>
   <div class='ocr_carea' id='block_1_75' title="bbox 263 4298 1792 4373">
    <p class='ocr_par' dir='ltr' id='par_1_75' title="bbox 263 4298 1792 4373">
     <span class='ocr_line' id='line_1_75' title="bbox 263 4298 1792 4373; baseline 0.001 -19"><span class='ocrx_word' id='word_1_618' title='bbox 263 4299 446 4373; x_wconf 68' lang='lat' dir='ltr'><strong><em>(Vers.</em></strong></span> <span class='ocrx_word' id='word_1_619' title='bbox 472 4302 505 4357; x_wconf 83' lang='grc'><strong>5</strong></span> <span class='ocrx_word' id='word_1_620' title='bbox 526 4300 709 4373; x_wconf 81' lang='lat' dir='ltr'><strong><em>seqq.)</em></strong></span> <span class='ocrx_word' id='word_1_621' title='bbox 734 4300 865 4356; x_wconf 77' lang='lat' dir='ltr'><strong><em>Htrc</em></strong></span> <span class='ocrx_word' id='word_1_622' title='bbox 888 4300 1022 4355; x_wconf 81' lang='lat' dir='ltr'><strong><em>enim</em></strong></span> <span class='ocrx_word' id='word_1_623' title='bbox 1045 4301 1172 4355; x_wconf 81' lang='lat' dir='ltr'><strong><em>dicit</em></strong></span> <span class='ocrx_word' id='word_1_624' title='bbox 1194 4298 1488 4354; x_wconf 76' lang='lat' dir='ltr'><strong><em>Dominus:</em></strong></span> <span class='ocrx_word' id='word_1_625' title='bbox 1516 4298 1598 4355; x_wconf 82' lang='lat' dir='ltr'><strong><em>Ne</em></strong></span> <span class='ocrx_word' id='word_1_626' title='bbox 1620 4301 1792 4373; x_wconf 85' lang='lat' dir='ltr'><strong><em>ingre-</em></strong></span> 
     </span>
    </p>
   </div>
   <div class='ocr_carea' id='block_1_76' title="bbox 190 4391 1792 4463">
    <p class='ocr_par' dir='ltr' id='par_1_76' title="bbox 190 4391 1792 4463">
     <span class='ocr_line' id='line_1_76' title="bbox 190 4391 1792 4463; baseline -0.001 -14"><span class='ocrx_word' id='word_1_627' title='bbox 190 4392 354 4449; x_wconf 84' lang='lat' dir='ltr'><strong><em>diaris</em></strong></span> <span class='ocrx_word' id='word_1_628' title='bbox 367 4394 579 4447; x_wconf 75' lang='lat' dir='ltr'><strong><em>domum</em></strong></span> <span class='ocrx_word' id='word_1_629' title='bbox 592 4392 831 4458; x_wconf 75' lang='lat' dir='ltr'><strong><em>convivii,</em></strong></span> <span class='ocrx_word' id='word_1_630' title='bbox 847 4407 1011 4463; x_wconf 75' lang='lat' dir='ltr'><strong><em>neque</em></strong></span> <span class='ocrx_word' id='word_1_631' title='bbox 1034 4393 1197 4447; x_wconf 74' lang='lat' dir='ltr'><strong><em>vadas</em></strong></span> <span class='ocrx_word' id='word_1_632' title='bbox 1216 4392 1287 4445; x_wconf 82' lang='lat' dir='ltr'><strong><em>ad</em></strong></span> <span class='ocrx_word' id='word_1_633' title='bbox 1314 4391 1686 4462; x_wconf 79' lang='lat' dir='ltr'><strong><em>plangendum,</em></strong></span> <span class='ocrx_word' id='word_1_634' title='bbox 1712 4408 1792 4447; x_wconf 68' lang='lat' dir='ltr'><strong><em>nso</em></strong></span> 
     </span>
    </p>
   </div>
   <div class='ocr_carea' id='block_1_77' title="bbox 187 4484 1791 4559">
    <p class='ocr_par' dir='ltr' id='par_1_77' title="bbox 187 4484 1791 4559">
     <span class='ocr_line' id='line_1_77' title="bbox 187 4484 1791 4559; baseline -0.001 -19"><span class='ocrx_word' id='word_1_635' title='bbox 187 4503 286 4559; x_wconf 84' lang='lat' dir='ltr'><strong><em>que</em></strong></span> <span class='ocrx_word' id='word_1_636' title='bbox 312 4486 595 4542; x_wconf 70' lang='lat' dir='ltr'><strong><em>consoleris</em></strong></span> <span class='ocrx_word' id='word_1_637' title='bbox 618 4501 705 4541; x_wconf 89' lang='lat' dir='ltr'><strong><em>eos</em></strong></span> <span class='ocrx_word' id='word_1_638' title='bbox 732 4528 746 4551; x_wconf 90' lang='lat'><strong><em>,</em></strong></span> <span class='ocrx_word' id='word_1_639' title='bbox 779 4485 900 4556; x_wconf 83' lang='lat' dir='ltr'><strong><em>quin</em></strong></span> <span class='ocrx_word' id='word_1_640' title='bbox 948 4484 1143 4539; x_wconf 82' lang='lat' dir='ltr'><strong><em>abstuli</em></strong></span> <span class='ocrx_word' id='word_1_641' title='bbox 1161 4500 1339 4557; x_wconf 82' lang='lat' dir='ltr'><strong><em>pacem</em></strong></span> <span class='ocrx_word' id='word_1_642' title='bbox 1359 4500 1523 4538; x_wconf 77' lang='lat' dir='ltr'><strong><em>meum</em></strong></span> <span class='ocrx_word' id='word_1_643' title='bbox 1541 4499 1571 4539; x_wconf 89' lang='lat' dir='ltr'><strong><em>a</em></strong></span> <span class='ocrx_word' id='word_1_644' title='bbox 1598 4484 1791 4556; x_wconf 86' lang='lat' dir='ltr'><strong><em>populo</em></strong></span> 
     </span>
    </p>
   </div>
   <div class='ocr_carea' id='block_1_78' title="bbox 1904 3277 2819 3348">
    <p class='ocr_par' dir='ltr' id='par_1_78' title="bbox 1904 3277 2819 3348">
     <span class='ocr_line' id='line_1_78' title="bbox 1904 3277 2819 3348; baseline 0 -15"><span class='ocrx_word' id='word_1_645' title='bbox 1904 3277 2153 3333; x_wconf 77' lang='lat' dir='ltr'><strong><em>Ecclesia</em></strong></span> <span class='ocrx_word' id='word_1_646' title='bbox 2186 3277 2378 3334; x_wconf 88' lang='lat' dir='ltr'><strong><em>funera</em></strong></span> <span class='ocrx_word' id='word_1_647' title='bbox 2410 3278 2765 3348; x_wconf 76' lang='lat' dir='ltr'><strong><em>deceptorum</em></strong></span> <span class='ocrx_word' id='word_1_648' title='bbox 2789 3278 2819 3332; x_wconf 67' lang='grc' dir='ltr'>τ</span> 
     </span>
    </p>
   </div>
   <div class='ocr_carea' id='block_1_79' title="bbox 1975 3369 3499 3445">
    <p class='ocr_par' dir='ltr' id='par_1_79' title="bbox 1975 3369 3499 3445">
     <span class='ocr_line' id='line_1_79' title="bbox 1975 3369 3499 3445; baseline 0.001 -17"><span class='ocrx_word' id='word_1_649' title='bbox 1975 3370 2157 3445; x_wconf 77' lang='lat' dir='ltr'><strong><em>(Vera.</em></strong></span> <span class='ocrx_word' id='word_1_650' title='bbox 2190 3372 2224 3427; x_wconf 85' lang='lat'><strong>9</strong></span> <span class='ocrx_word' id='word_1_651' title='bbox 2250 3370 2435 3443; x_wconf 88' lang='lat' dir='ltr'><strong><em>seqq.)</em></strong></span> <span class='ocrx_word' id='word_1_652' title='bbox 2460 3370 2598 3438; x_wconf 80' lang='lat' dir='ltr'><strong><em>Quia</em></strong></span> <span class='ocrx_word' id='word_1_653' title='bbox 2612 3369 2723 3425; x_wconf 63' lang='lat' dir='ltr'><strong><em>nec</em></strong></span> <span class='ocrx_word' id='word_1_654' title='bbox 2750 3370 2877 3424; x_wconf 82' lang='lat' dir='ltr'><strong><em>dicit</em></strong></span> <span class='ocrx_word' id='word_1_655' title='bbox 2903 3371 3158 3426; x_wconf 80' lang='lat' dir='ltr'><strong><em>Dominus</em></strong></span> <span class='ocrx_word' id='word_1_656' title='bbox 3181 3376 3499 3430; x_wconf 72' lang='lat' dir='ltr'><strong><em>exercituum</em></strong></span> 
     </span>
    </p>
   </div>
   <div class='ocr_carea' id='block_1_80' title="bbox 1898 3463 3501 3536">
    <p class='ocr_par' dir='ltr' id='par_1_80' title="bbox 1898 3463 3501 3536">
     <span class='ocr_line' id='line_1_80' title="bbox 1898 3463 3501 3536; baseline 0.002 -17"><span class='ocrx_word' id='word_1_657' title='bbox 1898 3464 2041 3521; x_wconf 81' lang='lat' dir='ltr'><strong><em>Deus</em></strong></span> <span class='ocrx_word' id='word_1_658' title='bbox 2076 3463 2252 3521; x_wconf 82' lang='lat' dir='ltr'><strong><em>Israel</em></strong></span> <span class='ocrx_word' id='word_1_659' title='bbox 2274 3481 2293 3519; x_wconf 89' lang='lat'><strong><em>:</em></strong></span> <span class='ocrx_word' id='word_1_660' title='bbox 2321 3464 2457 3518; x_wconf 82' lang='lat' dir='ltr'><strong><em>Ecce</em></strong></span> <span class='ocrx_word' id='word_1_661' title='bbox 2486 3481 2579 3536; x_wconf 81' lang='lat' dir='ltr'><strong><em>ego</em></strong></span> <span class='ocrx_word' id='word_1_662' title='bbox 2606 3465 2840 3535; x_wconf 75' lang='lat' dir='ltr'><strong><em>auferant</em></strong></span> <span class='ocrx_word' id='word_1_663' title='bbox 2870 3468 2936 3518; x_wconf 79' lang='lat' dir='ltr'><strong><em>de</em></strong></span> <span class='ocrx_word' id='word_1_664' title='bbox 2971 3463 3090 3518; x_wconf 77' lang='lat' dir='ltr'><strong><em>loco</em></strong></span> <span class='ocrx_word' id='word_1_665' title='bbox 3115 3465 3219 3523; x_wconf 83' lang='lat' dir='ltr'><strong><em>isto</em></strong></span> <span class='ocrx_word' id='word_1_666' title='bbox 3247 3468 3303 3520; x_wconf 87' lang='lat' dir='ltr'><strong><em>in</em></strong></span> <span class='ocrx_word' id='word_1_667' title='bbox 3331 3468 3501 3524; x_wconf 85' lang='lat' dir='ltr'><strong><em>oculis</em></strong></span> 
     </span>
    </p>
   </div>
   <div class='ocr_carea' id='block_1_81' title="bbox 1895 3558 3507 3631">
    <p class='ocr_par' dir='ltr' id='par_1_81' title="bbox 1895 3558 3507 3631">
     <span class='ocr_line' id='line_1_81' title="bbox 1895 3558 3507 3631; baseline 0.002 -17"><span class='ocrx_word' id='word_1_668' title='bbox 1895 3561 2079 3614; x_wconf 79' lang='lat' dir='ltr'><strong><em>vestris</em></strong></span> <span class='ocrx_word' id='word_1_669' title='bbox 2095 3568 2144 3614; x_wconf 87' lang='lat' dir='ltr'><strong><em>et</em></strong></span> <span class='ocrx_word' id='word_1_670' title='bbox 2166 3560 2217 3613; x_wconf 89' lang='lat' dir='ltr'><strong><em>in</em></strong></span> <span class='ocrx_word' id='word_1_671' title='bbox 2246 3558 2426 3612; x_wconf 79' lang='lat' dir='ltr'><strong><em>diebus</em></strong></span> <span class='ocrx_word' id='word_1_672' title='bbox 2453 3558 2631 3613; x_wconf 66' lang='lat' dir='ltr'><strong><em>restria</em></strong></span> <span class='ocrx_word' id='word_1_673' title='bbox 2660 3573 2833 3612; x_wconf 77' lang='lat' dir='ltr'><strong><em>vocem</em></strong></span> <span class='ocrx_word' id='word_1_674' title='bbox 2858 3559 3057 3631; x_wconf 83' lang='lat' dir='ltr'><strong><em>gaudii,</em></strong></span> <span class='ocrx_word' id='word_1_675' title='bbox 3087 3569 3135 3613; x_wconf 88' lang='lat' dir='ltr'><strong><em>et</em></strong></span> <span class='ocrx_word' id='word_1_676' title='bbox 3162 3576 3333 3615; x_wconf 79' lang='lat' dir='ltr'><strong><em>vorem</em></strong></span> <span class='ocrx_word' id='word_1_677' title='bbox 3372 3563 3507 3619; x_wconf 67' lang='lat' dir='ltr'><strong><em>laeti-</em></strong></span> 
     </span>
    </p>
   </div>
   <div class='ocr_carea' id='block_1_82' title="bbox 1899 3649 3505 3719">
    <p class='ocr_par' dir='ltr' id='par_1_82' title="bbox 1899 3649 3505 3719">
     <span class='ocr_line' id='line_1_82' title="bbox 1899 3649 3505 3719; baseline 0.003 -14"><span class='ocrx_word' id='word_1_678' title='bbox 1899 3652 1985 3707; x_wconf 75' lang='lat' dir='ltr'><strong><em>tia:</em></strong></span> <span class='ocrx_word' id='word_1_679' title='bbox 2011 3667 2031 3706; x_wconf 90' lang='lat'><strong><em>:</em></strong></span> <span class='ocrx_word' id='word_1_680' title='bbox 2058 3667 2227 3706; x_wconf 84' lang='lat' dir='ltr'><strong><em>vocent</em></strong></span> <span class='ocrx_word' id='word_1_681' title='bbox 2245 3651 2444 3719; x_wconf 83' lang='lat' dir='ltr'><strong><em>sponsi,</em></strong></span> <span class='ocrx_word' id='word_1_682' title='bbox 2463 3660 2512 3705; x_wconf 85' lang='lat' dir='ltr'><strong><em>et</em></strong></span> <span class='ocrx_word' id='word_1_683' title='bbox 2533 3666 2703 3705; x_wconf 81' lang='lat' dir='ltr'><strong><em>vocem</em></strong></span> <span class='ocrx_word' id='word_1_684' title='bbox 2724 3666 2950 3717; x_wconf 74' lang='lat' dir='ltr'><strong><em>sponsa.</em></strong></span> <span class='ocrx_word' id='word_1_685' title='bbox 2977 3649 3045 3706; x_wconf 80' lang='lat' dir='ltr'><strong><em>Et</em></strong></span> <span class='ocrx_word' id='word_1_686' title='bbox 3074 3668 3191 3707; x_wconf 81' lang='lat' dir='ltr'><strong><em>cum</em></strong></span> <span class='ocrx_word' id='word_1_687' title='bbox 3220 3657 3505 3711; x_wconf 85' lang='lat' dir='ltr'><strong><em>annuntia-</em></strong></span> 
     </span>
    </p>
   </div>
   <div class='ocr_carea' id='block_1_83' title="bbox 1897 3743 3504 3818">
    <p class='ocr_par' dir='ltr' id='par_1_83' title="bbox 1897 3743 3504 3818">
     <span class='ocr_line' id='line_1_83' title="bbox 1897 3743 3504 3818; baseline 0.003 -18"><span class='ocrx_word' id='word_1_688' title='bbox 1897 3745 2029 3800; x_wconf 86' lang='lat' dir='ltr'><strong><em>veris</em></strong></span> <span class='ocrx_word' id='word_1_689' title='bbox 2058 3743 2252 3818; x_wconf 86' lang='lat' dir='ltr'><strong><em>populo</em></strong></span> <span class='ocrx_word' id='word_1_690' title='bbox 2294 3744 2414 3798; x_wconf 80' lang='lat' dir='ltr'><strong><em>huic</em></strong></span> <span class='ocrx_word' id='word_1_691' title='bbox 2444 3745 2619 3798; x_wconf 81' lang='lat' dir='ltr'><strong><em>omnia</em></strong></span> <span class='ocrx_word' id='word_1_692' title='bbox 2646 3743 2798 3798; x_wconf 83' lang='lat' dir='ltr'><strong><em>verba</em></strong></span> <span class='ocrx_word' id='word_1_693' title='bbox 2827 3744 2937 3799; x_wconf 69' lang='lat' dir='ltr'><strong><em>litvo</em></strong></span> <span class='ocrx_word' id='word_1_694' title='bbox 2958 3788 2973 3813; x_wconf 93' lang='lat'><strong><em>,</em></strong></span> <span class='ocrx_word' id='word_1_695' title='bbox 3017 3754 3067 3798; x_wconf 85' lang='lat' dir='ltr'><strong><em>et</em></strong></span> <span class='ocrx_word' id='word_1_696' title='bbox 3091 3746 3321 3801; x_wconf 64' lang='lat' dir='ltr'><strong><em>dixerint</em></strong></span> <span class='ocrx_word' id='word_1_697' title='bbox 3346 3748 3442 3803; x_wconf 77' lang='lat' dir='ltr'><strong><em>tibi</em></strong></span> <span class='ocrx_word' id='word_1_698' title='bbox 3484 3766 3504 3805; x_wconf 84' lang='lat'><strong><em>.°</em></strong></span> 
     </span>
    </p>
   </div>
   <div class='ocr_carea' id='block_1_84' title="bbox 1901 3835 3499 3907">
    <p class='ocr_par' dir='ltr' id='par_1_84' title="bbox 1901 3835 3499 3907">
     <span class='ocr_line' id='line_1_84' title="bbox 1901 3835 3499 3907; baseline 0.003 -16"><span class='ocrx_word' id='word_1_699' title='bbox 1901 3838 2074 3905; x_wconf 83' lang='lat' dir='ltr'><strong><em>Quare</em></strong></span> <span class='ocrx_word' id='word_1_700' title='bbox 2115 3839 2312 3892; x_wconf 88' lang='lat' dir='ltr'><strong><em>locutus</em></strong></span> <span class='ocrx_word' id='word_1_701' title='bbox 2342 3845 2417 3893; x_wconf 87' lang='lat' dir='ltr'><strong><em>est</em></strong></span> <span class='ocrx_word' id='word_1_702' title='bbox 2446 3835 2703 3891; x_wconf 89' lang='lat' dir='ltr'><strong><em>Dominus</em></strong></span> <span class='ocrx_word' id='word_1_703' title='bbox 2751 3852 2906 3907; x_wconf 80' lang='lat' dir='ltr'><strong><em>super</em></strong></span> <span class='ocrx_word' id='word_1_704' title='bbox 2947 3852 3042 3892; x_wconf 81' lang='lat' dir='ltr'><strong><em>nos</em></strong></span> <span class='ocrx_word' id='word_1_705' title='bbox 3100 3855 3251 3893; x_wconf 78' lang='lat' dir='ltr'><strong><em>autne</em></strong></span> <span class='ocrx_word' id='word_1_706' title='bbox 3300 3841 3499 3896; x_wconf 82' lang='lat' dir='ltr'><strong><em>malum</em></strong></span> 
     </span>
    </p>
   </div>
   <div class='ocr_carea' id='block_1_85' title="bbox 1895 3931 3501 4005">
    <p class='ocr_par' dir='ltr' id='par_1_85' title="bbox 1895 3931 3501 4005">
     <span class='ocr_line' id='line_1_85' title="bbox 1895 3931 3501 4005; baseline 0.002 -20"><span class='ocrx_word' id='word_1_707' title='bbox 1895 3932 2098 4005; x_wconf 85' lang='lat' dir='ltr'><strong><em>grande</em></strong></span> <span class='ocrx_word' id='word_1_708' title='bbox 2118 3932 2256 3986; x_wconf 86' lang='lat' dir='ltr'><strong><em>istud</em></strong></span> <span class='ocrx_word' id='word_1_709' title='bbox 2270 3933 2294 3987; x_wconf 74' lang='grc' dir='ltr'><strong><em>Ρ</em></strong></span> <span class='ocrx_word' id='word_1_710' title='bbox 2318 3947 2434 4002; x_wconf 70' lang='lat' dir='ltr'><strong><em>qua!</em></strong></span> <span class='ocrx_word' id='word_1_711' title='bbox 2464 3931 2713 4000; x_wconf 79' lang='lat' dir='ltr'><strong><em>iniquitas</em></strong></span> <span class='ocrx_word' id='word_1_712' title='bbox 2741 3941 2919 3985; x_wconf 78' lang='lat' dir='ltr'><strong><em>nostra</em></strong></span> <span class='ocrx_word' id='word_1_713' title='bbox 2940 3972 2954 3995; x_wconf 85' lang='lat'><strong><em>,</em></strong></span> <span class='ocrx_word' id='word_1_714' title='bbox 2980 3941 3030 3985; x_wconf 82' lang='lat' dir='ltr'><strong><em>et</em></strong></span> <span class='ocrx_word' id='word_1_715' title='bbox 3054 3932 3197 4003; x_wconf 75' lang='lat' dir='ltr'><strong><em>quod</em></strong></span> <span class='ocrx_word' id='word_1_716' title='bbox 3234 3944 3501 4001; x_wconf 77' lang='lat' dir='ltr'><strong><em>peccatum</em></strong></span> 
     </span>
    </p>
   </div>
   <div class='ocr_carea' id='block_1_86' title="bbox 1896 4021 3496 4097">
    <p class='ocr_par' dir='ltr' id='par_1_86' title="bbox 1896 4021 3496 4097">
     <span class='ocr_line' id='line_1_86' title="bbox 1896 4021 3496 4097; baseline 0 -17"><span class='ocrx_word' id='word_1_717' title='bbox 1896 4036 2150 4093; x_wconf 85' lang='lat' dir='ltr'><strong><em>nostrum,</em></strong></span> <span class='ocrx_word' id='word_1_718' title='bbox 2179 4025 2316 4097; x_wconf 85' lang='lat' dir='ltr'><strong><em>quod</em></strong></span> <span class='ocrx_word' id='word_1_719' title='bbox 2341 4024 2658 4096; x_wconf 82' lang='lat' dir='ltr'><strong><em>peccavimus</em></strong></span> <span class='ocrx_word' id='word_1_720' title='bbox 2694 4022 2919 4076; x_wconf 83' lang='lat' dir='ltr'><strong><em>Domino</em></strong></span> <span class='ocrx_word' id='word_1_721' title='bbox 2946 4021 3064 4077; x_wconf 89' lang='lat' dir='ltr'><strong><em>Deo</em></strong></span> <span class='ocrx_word' id='word_1_722' title='bbox 3092 4028 3311 4078; x_wconf 74' lang='lat' dir='ltr'><strong><em>nostra?</em></strong></span> <span class='ocrx_word' id='word_1_723' title='bbox 3341 4023 3496 4081; x_wconf 81' lang='lat' dir='ltr'><strong><em>Dices</em></strong></span> 
     </span>
    </p>
   </div>
   <div class='ocr_carea' id='block_1_87' title="bbox 1896 4114 3498 4186">
    <p class='ocr_par' dir='ltr' id='par_1_87' title="bbox 1896 4114 3498 4186">
     <span class='ocr_line' id='line_1_87' title="bbox 1896 4114 3498 4186; baseline 0 -15"><span class='ocrx_word' id='word_1_724' title='bbox 1896 4118 1967 4172; x_wconf 88' lang='lat' dir='ltr'><strong><em>ad</em></strong></span> <span class='ocrx_word' id='word_1_725' title='bbox 1986 4135 2072 4173; x_wconf 89' lang='lat' dir='ltr'><strong><em>eos</em></strong></span> <span class='ocrx_word' id='word_1_726' title='bbox 2104 4134 2122 4173; x_wconf 91' lang='lat'><em>:</em></span> <span class='ocrx_word' id='word_1_727' title='bbox 2155 4117 2290 4184; x_wconf 80' lang='lat' dir='ltr'><strong><em>Quia</em></strong></span> <span class='ocrx_word' id='word_1_728' title='bbox 2319 4114 2704 4184; x_wconf 69' lang='lat' dir='ltr'><strong><em>dereliquerant</em></strong></span> <span class='ocrx_word' id='word_1_729' title='bbox 2733 4131 2813 4170; x_wconf 85' lang='lat' dir='ltr'><strong><em>me</em></strong></span> <span class='ocrx_word' id='word_1_730' title='bbox 2837 4124 3011 4186; x_wconf 79' lang='lat' dir='ltr'><strong><em>patres</em></strong></span> <span class='ocrx_word' id='word_1_731' title='bbox 3059 4117 3241 4183; x_wconf 76' lang='lat' dir='ltr'><strong><em>vestri,</em></strong></span> <span class='ocrx_word' id='word_1_732' title='bbox 3282 4116 3357 4174; x_wconf 84' lang='lat' dir='ltr'><strong><em>ait</em></strong></span> <span class='ocrx_word' id='word_1_733' title='bbox 3384 4117 3498 4171; x_wconf 83' lang='lat' dir='ltr'><strong><em>Do-</em></strong></span> 
     </span>
    </p>
   </div>
   <div class='ocr_carea' id='block_1_88' title="bbox 1896 4208 3494 4281">
    <p class='ocr_par' dir='ltr' id='par_1_88' title="bbox 1896 4208 3494 4281">
     <span class='ocr_line' id='line_1_88' title="bbox 1896 4208 3494 4281; baseline 0.001 -17"><span class='ocrx_word' id='word_1_734' title='bbox 1896 4212 2067 4265; x_wconf 85' lang='lat' dir='ltr'><strong><em>minus</em></strong></span> <span class='ocrx_word' id='word_1_735' title='bbox 2098 4220 2181 4264; x_wconf 87' lang='lat' dir='ltr'><strong><em>:et</em></strong></span> <span class='ocrx_word' id='word_1_736' title='bbox 2207 4209 2443 4264; x_wconf 84' lang='lat' dir='ltr'><strong><em>abierunt</em></strong></span> <span class='ocrx_word' id='word_1_737' title='bbox 2466 4217 2579 4281; x_wconf 84' lang='lat' dir='ltr'><strong><em>post</em></strong></span> <span class='ocrx_word' id='word_1_738' title='bbox 2601 4208 2724 4262; x_wconf 84' lang='lat' dir='ltr'><strong><em>deos</em></strong></span> <span class='ocrx_word' id='word_1_739' title='bbox 2752 4208 2984 4274; x_wconf 79' lang='lat' dir='ltr'><strong><em>alienos,</em></strong></span> <span class='ocrx_word' id='word_1_740' title='bbox 3016 4218 3065 4264; x_wconf 78' lang='lat' dir='ltr'><strong><em>et</em></strong></span> <span class='ocrx_word' id='word_1_741' title='bbox 3095 4210 3381 4265; x_wconf 79' lang='lat' dir='ltr'><strong><em>servierunt</em></strong></span> <span class='ocrx_word' id='word_1_742' title='bbox 3400 4211 3494 4278; x_wconf 84' lang='lat' dir='ltr'><strong><em>eis,</em></strong></span> 
     </span>
    </p>
   </div>
   <div class='ocr_carea' id='block_1_89' title="bbox 1896 4300 3497 4372">
    <p class='ocr_par' dir='ltr' id='par_1_89' title="bbox 1896 4300 3497 4372">
     <span class='ocr_line' id='line_1_89' title="bbox 1896 4300 3497 4372; baseline -0.001 -14"><span class='ocrx_word' id='word_1_743' title='bbox 1896 4312 1944 4358; x_wconf 85' lang='lat' dir='ltr'><strong><em>et</em></strong></span> <span class='ocrx_word' id='word_1_744' title='bbox 1973 4303 2319 4357; x_wconf 84' lang='lat' dir='ltr'><strong><em>adoraverunt</em></strong></span> <span class='ocrx_word' id='word_1_745' title='bbox 2344 4318 2449 4367; x_wconf 86' lang='lat' dir='ltr'><strong><em>eos,</em></strong></span> <span class='ocrx_word' id='word_1_746' title='bbox 2475 4310 2615 4355; x_wconf 82' lang='lat' dir='ltr'><strong><em>etme</em></strong></span> <span class='ocrx_word' id='word_1_747' title='bbox 2641 4300 3055 4367; x_wconf 76' lang='lat' dir='ltr'><strong><em>dereliquerunt,</em></strong></span> <span class='ocrx_word' id='word_1_748' title='bbox 3073 4311 3121 4355; x_wconf 87' lang='lat' dir='ltr'><strong><em>et</em></strong></span> <span class='ocrx_word' id='word_1_749' title='bbox 3144 4302 3308 4372; x_wconf 84' lang='lat' dir='ltr'><strong><em>legem</em></strong></span> <span class='ocrx_word' id='word_1_750' title='bbox 3332 4319 3497 4357; x_wconf 83' lang='lat' dir='ltr'><strong><em>meam</em></strong></span> 
     </span>
    </p>
   </div>
   <div class='ocr_carea' id='block_1_90' title="bbox 1895 4393 3498 4465">
    <p class='ocr_par' dir='ltr' id='par_1_90' title="bbox 1895 4393 3498 4465">
     <span class='ocr_line' id='line_1_90' title="bbox 1895 4393 3498 4465; baseline -0.002 -16"><span class='ocrx_word' id='word_1_751' title='bbox 1895 4410 1999 4449; x_wconf 90' lang='lat' dir='ltr'><strong><em>non</em></strong></span> <span class='ocrx_word' id='word_1_752' title='bbox 2039 4396 2411 4449; x_wconf 86' lang='lat' dir='ltr'><strong><em>custodierunt.</em></strong></span> <span class='ocrx_word' id='word_1_753' title='bbox 2449 4393 2556 4448; x_wconf 83' lang='lat' dir='ltr'><strong><em>Sed</em></strong></span> <span class='ocrx_word' id='word_1_754' title='bbox 2586 4402 2634 4446; x_wconf 83' lang='lat' dir='ltr'><strong><em>et</em></strong></span> <span class='ocrx_word' id='word_1_755' title='bbox 2661 4406 2749 4446; x_wconf 77' lang='lat' dir='ltr'><strong><em>vos</em></strong></span> <span class='ocrx_word' id='word_1_756' title='bbox 2776 4395 2926 4464; x_wconf 80' lang='lat' dir='ltr'><strong><em>pejus</em></strong></span> <span class='ocrx_word' id='word_1_757' title='bbox 2964 4394 3170 4462; x_wconf 81' lang='lat' dir='ltr'><strong><em>operati</em></strong></span> <span class='ocrx_word' id='word_1_758' title='bbox 3199 4395 3323 4449; x_wconf 81' lang='lat' dir='ltr'><strong><em>estis</em></strong></span> <span class='ocrx_word' id='word_1_759' title='bbox 3340 4410 3498 4465; x_wconf 78' lang='lat' dir='ltr'><strong><em>quam</em></strong></span> 
     </span>
    </p>
   </div>
   <div class='ocr_carea' id='block_1_91' title="bbox 1896 4484 3497 4556">
    <p class='ocr_par' dir='ltr' id='par_1_91' title="bbox 1896 4484 3497 4556">
     <span class='ocr_line' id='line_1_91' title="bbox 1896 4484 3497 4556; baseline 0.004 -18"><span class='ocrx_word' id='word_1_760' title='bbox 1896 4496 2067 4556; x_wconf 86' lang='lat' dir='ltr'><strong><em>patres</em></strong></span> <span class='ocrx_word' id='word_1_761' title='bbox 2095 4488 2270 4541; x_wconf 76' lang='lat' dir='ltr'><strong><em>vestri.</em></strong></span> <span class='ocrx_word' id='word_1_762' title='bbox 2303 4485 2531 4552; x_wconf 83' lang='lat' dir='ltr'><strong><em>Quando</em></strong></span> <span class='ocrx_word' id='word_1_763' title='bbox 2584 4485 2892 4554; x_wconf 77' lang='lat' dir='ltr'><strong><em>peccaverit</em></strong></span> <span class='ocrx_word' id='word_1_764' title='bbox 2924 4484 3201 4552; x_wconf 76' lang='lat' dir='ltr'><strong><em>Ecclesia,</em></strong></span> <span class='ocrx_word' id='word_1_765' title='bbox 3247 4488 3497 4544; x_wconf 79' lang='lat' dir='ltr'><strong><em>aufertur</em></strong></span> 
     </span>
    </p>
   </div>
   <div class='ocr_carea' id='block_1_92' title="bbox 184 4566 3499 4647">
    <p class='ocr_par' dir='ltr' id='par_1_92' title="bbox 184 4566 3499 4647">
     <span class='ocr_line' id='line_1_92' title="bbox 184 4566 3499 4647; baseline -0 -13"><span class='ocrx_word' id='word_1_766' title='bbox 184 4578 317 4639; x_wconf 78' lang='lat' dir='ltr'><strong><em>ista.</em></strong></span> <span class='ocrx_word' id='word_1_767' title='bbox 351 4576 475 4632; x_wconf 82' lang='lat' dir='ltr'><strong><em>dicit</em></strong></span> <span class='ocrx_word' id='word_1_768' title='bbox 502 4576 789 4643; x_wconf 86' lang='lat' dir='ltr'><strong><em>Dominus,</em></strong></span> <span class='ocrx_word' id='word_1_769' title='bbox 819 4577 1295 4634; x_wconf 54' lang='lat' dir='ltr'><strong><em>misericordium“</em></strong></span> <span class='ocrx_word' id='word_1_770' title='bbox 1321 4576 1698 4631; x_wconf 78' lang='lat' dir='ltr'><strong><em>miserationes.</em></strong></span> <span class='ocrx_word' id='word_1_771' title='bbox 1720 4575 1790 4632; x_wconf 85' lang='lat' dir='ltr'><strong><em>Et</em></strong></span> <span class='ocrx_word' id='word_1_772' title='bbox 1814 4566 1868 4628; x_wconf 88' lang='grc' dir='ltr'><strong><em>Ι)</em></strong></span> <span class='ocrx_word' id='word_1_773' title='bbox 1895 4576 1964 4631; x_wconf 87' lang='lat' dir='ltr'><strong><em>de</em></strong></span> <span class='ocrx_word' id='word_1_774' title='bbox 2001 4592 2066 4631; x_wconf 90' lang='lat' dir='ltr'><strong><em>ea</em></strong></span> <span class='ocrx_word' id='word_1_775' title='bbox 2107 4590 2271 4639; x_wconf 75' lang='lat' dir='ltr'><strong><em>omne</em></strong></span> <span class='ocrx_word' id='word_1_776' title='bbox 2321 4576 2577 4647; x_wconf 84' lang='lat' dir='ltr'><strong><em>gaudium</em></strong></span> <span class='ocrx_word' id='word_1_777' title='bbox 2608 4585 2664 4629; x_wconf 83' lang='lat' dir='ltr'><strong><em>et</em></strong></span> <span class='ocrx_word' id='word_1_778' title='bbox 2712 4577 2970 4631; x_wconf 77' lang='lat' dir='ltr'><strong><em>universa</em></strong></span> <span class='ocrx_word' id='word_1_779' title='bbox 3015 4576 3205 4630; x_wconf 62' lang='lat' dir='ltr'><strong><em>iustitia</em></strong></span> <span class='ocrx_word' id='word_1_780' title='bbox 3232 4617 3248 4642; x_wconf 93' lang='lat'><strong><em>,</em></strong></span> <span class='ocrx_word' id='word_1_781' title='bbox 3290 4578 3362 4632; x_wconf 89' lang='lat' dir='ltr'><strong><em>de</em></strong></span> <span class='ocrx_word' id='word_1_782' title='bbox 3389 4595 3499 4647; x_wconf 86' lang='lat' dir='ltr'><strong><em>qua</em></strong></span> 
     </span>
    </p>
   </div>
   <div class='ocr_carea' id='block_1_93' title="bbox 185 4668 1785 4743">
    <p class='ocr_par' dir='ltr' id='par_1_93' title="bbox 185 4668 1785 4743">
     <span class='ocr_line' id='line_1_93' title="bbox 185 4668 1785 4743; baseline -0.004 -15"><span class='ocrx_word' id='word_1_783' title='bbox 185 4668 469 4728; x_wconf 77' lang='lat' dir='ltr'><strong><em>metientur</em></strong></span> <span class='ocrx_word' id='word_1_784' title='bbox 481 4669 703 4743; x_wconf 85' lang='lat' dir='ltr'><strong><em>grandes</em></strong></span> <span class='ocrx_word' id='word_1_785' title='bbox 727 4680 772 4724; x_wconf 86' lang='lat' dir='ltr'><strong><em>et</em></strong></span> <span class='ocrx_word' id='word_1_786' title='bbox 796 4670 940 4739; x_wconf 75' lang='lat' dir='ltr'><strong><em>parvi</em></strong></span> <span class='ocrx_word' id='word_1_787' title='bbox 955 4671 1158 4723; x_wconf 82' lang='lat' dir='ltr'><strong><em>interra</em></strong></span> <span class='ocrx_word' id='word_1_788' title='bbox 1177 4671 1298 4736; x_wconf 79' lang='lat' dir='ltr'><strong><em>ista,</em></strong></span> <span class='ocrx_word' id='word_1_789' title='bbox 1330 4682 1434 4724; x_wconf 74' lang='lat' dir='ltr'><strong><em>non</em></strong></span> <span class='ocrx_word' id='word_1_790' title='bbox 1456 4669 1785 4741; x_wconf 66' lang='lat' dir='ltr'><strong><em>sepeliantur,</em></strong></span> 
     </span>
    </p>
   </div>
   <div class='ocr_carea' id='block_1_94' title="bbox 184 4761 1786 4835">
    <p class='ocr_par' dir='ltr' id='par_1_94' title="bbox 184 4761 1786 4835">
     <span class='ocr_line' id='line_1_94' title="bbox 184 4761 1786 4835; baseline -0.001 -17"><span class='ocrx_word' id='word_1_791' title='bbox 184 4778 348 4833; x_wconf 76' lang='lat' dir='ltr'><strong><em>neque</em></strong></span> <span class='ocrx_word' id='word_1_792' title='bbox 374 4761 687 4835; x_wconf 84' lang='lat' dir='ltr'><strong><em>plangentur</em></strong></span> <span class='ocrx_word' id='word_1_793' title='bbox 709 4809 722 4831; x_wconf 92' lang='lat'><strong><em>,</em></strong></span> <span class='ocrx_word' id='word_1_794' title='bbox 748 4771 794 4816; x_wconf 87' lang='lat' dir='ltr'><strong><em>et</em></strong></span> <span class='ocrx_word' id='word_1_795' title='bbox 826 4777 930 4816; x_wconf 86' lang='lat' dir='ltr'><strong><em>non</em></strong></span> <span class='ocrx_word' id='word_1_796' title='bbox 952 4776 1012 4817; x_wconf 82' lang='lat' dir='ltr'><strong><em>se</em></strong></span> <span class='ocrx_word' id='word_1_797' title='bbox 1036 4762 1305 4825; x_wconf 80' lang='lat' dir='ltr'><strong><em>incident,</em></strong></span> <span class='ocrx_word' id='word_1_798' title='bbox 1338 4776 1502 4832; x_wconf 73' lang='lat' dir='ltr'><strong><em>neque</em></strong></span> <span class='ocrx_word' id='word_1_799' title='bbox 1519 4762 1786 4817; x_wconf 77' lang='lat' dir='ltr'><strong><em>calvitium</em></strong></span> 
     </span>
    </p>
   </div>
   <div class='ocr_carea' id='block_1_95' title="bbox 188 4853 1786 4929">
    <p class='ocr_par' dir='ltr' id='par_1_95' title="bbox 188 4853 1786 4929">
     <span class='ocr_line' id='line_1_95' title="bbox 188 4853 1786 4929; baseline -0.004 -17"><span class='ocrx_word' id='word_1_800' title='bbox 188 4857 273 4928; x_wconf 71' lang='lat' dir='ltr'><strong><em>ﬁet</em></strong></span> <span class='ocrx_word' id='word_1_801' title='bbox 297 4872 390 4929; x_wconf 88' lang='lat' dir='ltr'><strong><em>pro</em></strong></span> <span class='ocrx_word' id='word_1_802' title='bbox 413 4856 508 4911; x_wconf 86' lang='lat' dir='ltr'><strong><em>eis.</em></strong></span> <span class='ocrx_word' id='word_1_803' title='bbox 536 4853 603 4910; x_wconf 82' lang='lat' dir='ltr'><strong><em>Et</em></strong></span> <span class='ocrx_word' id='word_1_804' title='bbox 628 4871 729 4909; x_wconf 82' lang='lat' dir='ltr'><strong><em>non</em></strong></span> <span class='ocrx_word' id='word_1_805' title='bbox 760 4857 1001 4927; x_wconf 60' lang='lat' dir='ltr'><strong><em>[iungent</em></strong></span> <span class='ocrx_word' id='word_1_806' title='bbox 1018 4855 1157 4909; x_wconf 79' lang='lat' dir='ltr'><strong><em>inter</em></strong></span> <span class='ocrx_word' id='word_1_807' title='bbox 1183 4870 1267 4909; x_wconf 87' lang='lat' dir='ltr'><strong><em>eos</em></strong></span> <span class='ocrx_word' id='word_1_808' title='bbox 1286 4854 1483 4925; x_wconf 78' lang='lat' dir='ltr'><strong><em>lugenti</em></strong></span> <span class='ocrx_word' id='word_1_809' title='bbox 1508 4869 1693 4923; x_wconf 73' lang='lat' dir='ltr'><strong><em>panem</em></strong></span> <span class='ocrx_word' id='word_1_810' title='bbox 1715 4854 1786 4907; x_wconf 80' lang='lat' dir='ltr'><strong><em>ad</em></strong></span> 
     </span>
    </p>
   </div>
   <div class='ocr_carea' id='block_1_96' title="bbox 187 4928 1785 5019">
    <p class='ocr_par' dir='ltr' id='par_1_96' title="bbox 187 4928 1785 5019">
     <span class='ocr_line' id='line_1_96' title="bbox 187 4928 1785 5019; baseline -0.003 -13"><span class='ocrx_word' id='word_1_811' title='bbox 187 4928 563 5007; x_wconf 77' lang='lat' dir='ltr'><strong><em>consolandum</em></strong></span> <span class='ocrx_word' id='word_1_812' title='bbox 583 4966 740 5016; x_wconf 79' lang='lat' dir='ltr'><strong><em>super</em></strong></span> <span class='ocrx_word' id='word_1_813' title='bbox 761 4960 1025 5004; x_wconf 83' lang='lat' dir='ltr'><strong><em>mortuum</em></strong></span> <span class='ocrx_word' id='word_1_814' title='bbox 1046 4992 1061 5017; x_wconf 90' lang='lat'><strong><em>,</em></strong></span> <span class='ocrx_word' id='word_1_815' title='bbox 1091 4957 1137 5003; x_wconf 84' lang='lat' dir='ltr'><strong><em>et</em></strong></span> <span class='ocrx_word' id='word_1_816' title='bbox 1162 4963 1264 5002; x_wconf 81' lang='lat' dir='ltr'><strong><em>non</em></strong></span> <span class='ocrx_word' id='word_1_817' title='bbox 1289 4947 1487 5001; x_wconf 81' lang='lat' dir='ltr'><strong><em>dabunt</em></strong></span> <span class='ocrx_word' id='word_1_818' title='bbox 1512 4951 1587 5003; x_wconf 88' lang='lat' dir='ltr'><strong><em>eis</em></strong></span> <span class='ocrx_word' id='word_1_819' title='bbox 1604 4956 1785 5019; x_wconf 82' lang='lat' dir='ltr'><strong><em>potum</em></strong></span> 
     </span>
    </p>
   </div>
   <div class='ocr_carea' id='block_1_97' title="bbox 187 5022 1783 5113">
    <p class='ocr_par' dir='ltr' id='par_1_97' title="bbox 187 5022 1783 5113">
     <span class='ocr_line' id='line_1_97' title="bbox 187 5022 1783 5113; baseline -0.002 -14"><span class='ocrx_word' id='word_1_820' title='bbox 187 5022 361 5100; x_wconf 65' lang='lat' dir='ltr'><strong><em>salicis</em></strong></span> <span class='ocrx_word' id='word_1_821' title='bbox 409 5046 478 5099; x_wconf 84' lang='lat' dir='ltr'><strong><em>ad</em></strong></span> <span class='ocrx_word' id='word_1_822' title='bbox 517 5044 892 5099; x_wconf 82' lang='lat' dir='ltr'><strong><em>consolandum</em></strong></span> <span class='ocrx_word' id='word_1_823' title='bbox 918 5058 1076 5113; x_wconf 78' lang='lat' dir='ltr'><strong><em>super</em></strong></span> <span class='ocrx_word' id='word_1_824' title='bbox 1124 5051 1270 5113; x_wconf 80' lang='lat' dir='ltr'><strong><em>patre</em></strong></span> <span class='ocrx_word' id='word_1_825' title='bbox 1300 5059 1391 5097; x_wconf 73' lang='lat' dir='ltr'><strong><em>suo</em></strong></span> <span class='ocrx_word' id='word_1_826' title='bbox 1422 5050 1469 5096; x_wconf 82' lang='lat' dir='ltr'><strong><em>et</em></strong></span> <span class='ocrx_word' id='word_1_827' title='bbox 1498 5053 1682 5098; x_wconf 82' lang='lat' dir='ltr'><strong><em>matre.</em></strong></span> <span class='ocrx_word' id='word_1_828' title='bbox 1714 5042 1783 5096; x_wconf 82' lang='lat' dir='ltr'><strong><em>Et</em></strong></span> 
     </span>
    </p>
   </div>
   <div class='ocr_carea' id='block_1_98' title="bbox 184 5133 1780 5210">
    <p class='ocr_par' dir='ltr' id='par_1_98' title="bbox 184 5133 1780 5210">
     <span class='ocr_line' id='line_1_98' title="bbox 184 5133 1780 5210; baseline -0.003 -18"><span class='ocrx_word' id='word_1_829' title='bbox 184 5138 395 5193; x_wconf 77' lang='lat' dir='ltr'><strong><em>domum</em></strong></span> <span class='ocrx_word' id='word_1_830' title='bbox 431 5137 650 5192; x_wconf 80' lang='lat' dir='ltr'><strong><em>convivii</em></strong></span> <span class='ocrx_word' id='word_1_831' title='bbox 692 5152 798 5191; x_wconf 87' lang='lat' dir='ltr'><strong><em>non</em></strong></span> <span class='ocrx_word' id='word_1_832' title='bbox 833 5135 1145 5210; x_wconf 82' lang='lat' dir='ltr'><strong><em>ingredieris</em></strong></span> <span class='ocrx_word' id='word_1_833' title='bbox 1186 5133 1368 5207; x_wconf 69' lang='grc' dir='ltr'><strong><em>[ναις.</em></strong></span> <span class='ocrx_word' id='word_1_834' title='bbox 1420 5133 1780 5207; x_wconf 79' lang='lat' dir='ltr'><strong><em>ingrediaris].</em></strong></span> 
     </span>
    </p>
   </div>
   <div class='ocr_carea' id='block_1_99' title="bbox 214 5225 1781 5295">
    <p class='ocr_par' dir='ltr' id='par_1_99' title="bbox 214 5225 1781 5295">
     <span class='ocr_line' id='line_1_99' title="bbox 214 5225 1781 5295; baseline -0.004 -11"><span class='ocrx_word' id='word_1_835' title='bbox 214 5240 273 5285; x_wconf 86' lang='lat' dir='ltr'><strong><em>nt</em></strong></span> <span class='ocrx_word' id='word_1_836' title='bbox 308 5230 491 5284; x_wconf 85' lang='lat' dir='ltr'><strong><em>sedeas</em></strong></span> <span class='ocrx_word' id='word_1_837' title='bbox 537 5245 653 5283; x_wconf 88' lang='lat' dir='ltr'><strong><em>cum</em></strong></span> <span class='ocrx_word' id='word_1_838' title='bbox 697 5230 792 5294; x_wconf 85' lang='lat' dir='ltr'><strong><em>eis,</em></strong></span> <span class='ocrx_word' id='word_1_839' title='bbox 835 5238 883 5283; x_wconf 85' lang='lat' dir='ltr'><strong><em>et</em></strong></span> <span class='ocrx_word' id='word_1_840' title='bbox 913 5227 1159 5282; x_wconf 81' lang='lat' dir='ltr'><strong><em>comedas</em></strong></span> <span class='ocrx_word' id='word_1_841' title='bbox 1199 5235 1245 5281; x_wconf 89' lang='lat' dir='ltr'><strong><em>et</em></strong></span> <span class='ocrx_word' id='word_1_842' title='bbox 1285 5225 1451 5280; x_wconf 80' lang='lat' dir='ltr'><strong><em>bibas.</em></strong></span> <span class='ocrx_word' id='word_1_843' title='bbox 1483 5225 1781 5295; x_wconf 84' lang='lat' dir='ltr'><strong><em>Apostolus</em></strong></span> 
     </span>
    </p>
   </div>
   <div class='ocr_carea' id='block_1_100' title="bbox 256 5425 1789 5494">
    <p class='ocr_par' dir='ltr' id='par_1_100' title="bbox 256 5425 1789 5494">
     <span class='ocr_line' id='line_1_100' title="bbox 256 5425 1789 5494; baseline -0.01 -1"><span class='ocrx_word' id='word_1_844' title='bbox 256 5446 283 5475; x_wconf 71' lang='grc' dir='ltr'>ι</span> <span class='ocrx_word' id='word_1_845' title='bbox 310 5433 694 5492; x_wconf 71' lang='grc' dir='ltr'><strong><em>ϐοιιΐθτειιιῐυε</em></strong></span> <span class='ocrx_word' id='word_1_846' title='bbox 723 5433 782 5487; x_wconf 83' lang='lat' dir='ltr'><strong><em>S.</em></strong></span> <span class='ocrx_word' id='word_1_847' title='bbox 814 5430 1051 5486; x_wconf 84' lang='lat' dir='ltr'><strong><em>Basilius</em></strong></span> <span class='ocrx_word' id='word_1_848' title='bbox 1073 5446 1195 5487; x_wconf 89' lang='lat' dir='ltr'><strong><em>can.</em></strong></span> <span class='ocrx_word' id='word_1_849' title='bbox 1221 5427 1277 5489; x_wconf 67' lang='grc' dir='ltr'><strong><em>ι.</em></strong></span> <span class='ocrx_word' id='word_1_850' title='bbox 1303 5425 1395 5483; x_wconf 88' lang='lat' dir='ltr'><strong><em>ubi</em></strong></span> <span class='ocrx_word' id='word_1_851' title='bbox 1431 5425 1621 5483; x_wconf 85' lang='lat' dir='ltr'><strong><em>tertias</em></strong></span> <span class='ocrx_word' id='word_1_852' title='bbox 1650 5441 1789 5494; x_wconf 85' lang='lat' dir='ltr'><strong><em>nup-</em></strong></span> 
     </span>
    </p>
   </div>
   <div class='ocr_carea' id='block_1_101' title="bbox 184 5497 1784 5585">
    <p class='ocr_par' dir='ltr' id='par_1_101' title="bbox 184 5497 1784 5585">
     <span class='ocr_line' id='line_1_101' title="bbox 184 5497 1784 5585; baseline -0.009 -19"><span class='ocrx_word' id='word_1_853' title='bbox 184 5507 288 5566; x_wconf 78' lang='lat' dir='ltr'><strong><em>tias</em></strong></span> <span class='ocrx_word' id='word_1_854' title='bbox 310 5508 551 5585; x_wconf 61' lang='lat' dir='ltr'><strong><em>stupratas</em></strong></span> <span class='ocrx_word' id='word_1_855' title='bbox 575 5497 945 5585; x_wconf 52' lang='lat' dir='ltr'><strong><em>zinoiuepivm</em></strong></span> <span class='ocrx_word' id='word_1_856' title='bbox 971 5513 1132 5557; x_wconf 77' lang='lat' dir='ltr'><strong><em>vocat</em></strong></span> <span class='ocrx_word' id='word_1_857' title='bbox 1143 5545 1165 5585; x_wconf 43' lang='lat'><strong><em>.,</em></strong></span> <span class='ocrx_word' id='word_1_858' title='bbox 1190 5500 1784 5585; x_wconf 50' lang='lat' dir='ltr'><strong><em>itidignasque.cleuset,</em></strong></span> 
     </span>
    </p>
   </div>
   <div class='ocr_carea' id='block_1_102' title="bbox 180 5570 1788 5652">
    <p class='ocr_par' dir='ltr' id='par_1_102' title="bbox 180 5570 1788 5652">
     <span class='ocr_line' id='line_1_102' title="bbox 180 5570 1788 5652; baseline -0.008 -16"><span class='ocrx_word' id='word_1_859' title='bbox 180 5595 303 5652; x_wconf 71' lang='lat' dir='ltr'><strong><em>qum</em></strong></span> <span class='ocrx_word' id='word_1_860' title='bbox 326 5570 977 5652; x_wconf 56' lang='lat' dir='ltr'><strong><em>sn&#39;attsmiieoncutnr</em></strong></span> <span class='ocrx_word' id='word_1_861' title='bbox 1006 5572 1384 5652; x_wconf 43' lang='lat' dir='ltr'><strong><em>numine-El“</em></strong></span> <span class='ocrx_word' id='word_1_862' title='bbox 1398 5585 1522 5627; x_wconf 81' lang='lat' dir='ltr'><strong><em>can.</em></strong></span> <span class='ocrx_word' id='word_1_863' title='bbox 1560 5570 1630 5626; x_wconf 81' lang='lat'><strong><em>50</em></strong></span> <span class='ocrx_word' id='word_1_864' title='bbox 1666 5579 1788 5652; x_wconf 50' lang='lat' dir='ltr'><strong><em>tgn-</em></strong></span> 
     </span>
    </p>
   </div>
   <div class='ocr_carea' id='block_1_103' title="bbox 183 5641 1790 5725">
    <p class='ocr_par' dir='ltr' id='par_1_103' title="bbox 183 5641 1790 5725">
     <span class='ocr_line' id='line_1_103' title="bbox 183 5641 1790 5725; baseline -0.007 -19"><span class='ocrx_word' id='word_1_865' title='bbox 183 5641 342 5721; x_wconf 66' lang='lat' dir='ltr'><strong><em>(iuam</em></strong></span> <span class='ocrx_word' id='word_1_866' title='bbox 373 5651 817 5725; x_wconf 59' lang='lat' dir='ltr'><strong><em>p&#39;urréguara_rﬁc</em></strong></span> <span class='ocrx_word' id='word_1_867' title='bbox 848 5647 1118 5725; x_wconf 57' lang='lat' dir='ltr'><strong><em>inachaiae</em></strong></span> <span class='ocrx_word' id='word_1_868' title='bbox 1159 5642 1316 5697; x_wconf 82' lang='lat' dir='ltr'><strong><em>dicit.</em></strong></span> <span class='ocrx_word' id='word_1_869' title='bbox 1351 5641 1790 5725; x_wconf 40' lang='lat' dir='ltr'><strong><em>S.‘quoque.l_‘ia-</em></strong></span> 
     </span>
    </p>
   </div>
   <div class='ocr_carea' id='block_1_104' title="bbox 184 5710 1787 5792">
    <p class='ocr_par' dir='ltr' id='par_1_104' title="bbox 184 5710 1787 5792">
     <span class='ocr_line' id='line_1_104' title="bbox 184 5710 1787 5792; baseline -0.009 -14"><span class='ocrx_word' id='word_1_870' title='bbox 184 5710 488 5782; x_wconf 66' lang='lat' dir='ltr'><strong><em>iianzc&#39;nus</em></strong></span> <span class='ocrx_word' id='word_1_871' title='bbox 515 5710 668 5774; x_wconf 67' lang='lat' dir='ltr'><strong><em>Ut‘ui.</em></strong></span> <span class='ocrx_word' id='word_1_872' title='bbox 701 5721 794 5782; x_wconf 77' lang='lat'><strong><em>5|,</em></strong></span> <span class='ocrx_word' id='word_1_873' title='bbox 830 5713 1495 5792; x_wconf 48' lang='grc' dir='ltr'><strong><em>ιιξξίζδιηὶἃῐιι-πςαρανομίαν</em></strong></span> <span class='ocrx_word' id='word_1_874' title='bbox 1524 5710 1787 5792; x_wconf 72' lang='lat' dir='ltr'><strong><em>appellat,</em></strong></span> 
     </span>
    </p>
   </div>
   <div class='ocr_carea' id='block_1_105' title="bbox 183 5781 1789 5860">
    <p class='ocr_par' dir='ltr' id='par_1_105' title="bbox 183 5781 1789 5860">
     <span class='ocr_line' id='line_1_105' title="bbox 183 5781 1789 5860; baseline -0.012 -8"><span class='ocrx_word' id='word_1_875' title='bbox 183 5781 252 5854; x_wconf 81' lang='lat' dir='ltr'><strong><em>ne</em></strong></span> <span class='ocrx_word' id='word_1_876' title='bbox 270 5794 409 5847; x_wconf 83' lang='lat' dir='ltr'><strong><em>alios</em></strong></span> <span class='ocrx_word' id='word_1_877' title='bbox 435 5804 735 5846; x_wconf 85' lang='lat' dir='ltr'><strong><em>memorem</em></strong></span> <span class='ocrx_word' id='word_1_878' title='bbox 759 5781 1449 5860; x_wconf 64' lang='lat' dir='ltr'><strong><em>,tptibusprmrisis&#39;verbis</em></strong></span> <span class='ocrx_word' id='word_1_879' title='bbox 1474 5781 1789 5836; x_wconf 84' lang='lat' dir='ltr'><strong><em>adulterium</em></strong></span> 
     </span>
    </p>
   </div>
   <div class='ocr_carea' id='block_1_106' title="bbox 1891 4664 3497 4743">
    <p class='ocr_par' dir='ltr' id='par_1_106' title="bbox 1891 4664 3497 4743">
     <span class='ocr_line' id='line_1_106' title="bbox 1891 4664 3497 4743; baseline 0 -20"><span class='ocrx_word' id='word_1_880' title='bbox 1891 4666 2193 4739; x_wconf 77' lang='lat' dir='ltr'><strong><em>Apostolus</em></strong></span> <span class='ocrx_word' id='word_1_881' title='bbox 2214 4666 2350 4722; x_wconf 84' lang='lat' dir='ltr'><strong><em>dicit</em></strong></span> <span class='ocrx_word' id='word_1_882' title='bbox 2384 4682 2399 4720; x_wconf 89' lang='lat'><strong>:</strong></span> <span class='ocrx_word' id='word_1_883' title='bbox 2428 4664 2666 4721; x_wconf 75' lang='lat' dir='ltr'><strong><em>Gaudete</em></strong></span> <span class='ocrx_word' id='word_1_884' title='bbox 2697 4666 2928 4720; x_wconf 74' lang='lat' dir='ltr'><strong><em>:iteram</em></strong></span> <span class='ocrx_word' id='word_1_885' title='bbox 2957 4667 3075 4721; x_wconf 84' lang='lat' dir='ltr'><strong><em>dico</em></strong></span> <span class='ocrx_word' id='word_1_886' title='bbox 3095 4669 3318 4741; x_wconf 77' lang='lat' dir='ltr'><strong><em>gaudete</em></strong></span> <span class='ocrx_word' id='word_1_887' title='bbox 3338 4668 3497 4743; x_wconf 59' lang='lat' dir='ltr'><strong><em>(Phi-</em></strong></span> 
     </span>
    </p>
   </div>
   <div class='ocr_carea' id='block_1_107' title="bbox 1891 4757 3495 4830">
    <p class='ocr_par' dir='ltr' id='par_1_107' title="bbox 1891 4757 3495 4830">
     <span class='ocr_line' id='line_1_107' title="bbox 1891 4757 3495 4830; baseline 0.001 -17"><span class='ocrx_word' id='word_1_888' title='bbox 1891 4759 1985 4830; x_wconf 81' lang='lat' dir='ltr'><strong><em>lip.</em></strong></span> <span class='ocrx_word' id='word_1_889' title='bbox 2014 4775 2067 4815; x_wconf 81' lang='lat' dir='ltr'><strong><em>tv</em></strong></span> <span class='ocrx_word' id='word_1_890' title='bbox 2088 4799 2103 4827; x_wconf 92' lang='lat'><strong><em>,</em></strong></span> <span class='ocrx_word' id='word_1_891' title='bbox 2128 4759 2184 4830; x_wconf 69' lang='grc'><strong>4)</strong></span> <span class='ocrx_word' id='word_1_892' title='bbox 2209 4775 2223 4811; x_wconf 89' lang='lat'>:</span> <span class='ocrx_word' id='word_1_893' title='bbox 2245 4757 2364 4814; x_wconf 81' lang='lat' dir='ltr'><strong><em>Vox</em></strong></span> <span class='ocrx_word' id='word_1_894' title='bbox 2388 4757 2580 4828; x_wconf 87' lang='lat' dir='ltr'><strong><em>sponsi</em></strong></span> <span class='ocrx_word' id='word_1_895' title='bbox 2605 4767 2659 4812; x_wconf 90' lang='lat' dir='ltr'><strong><em>et</em></strong></span> <span class='ocrx_word' id='word_1_896' title='bbox 2678 4770 2785 4811; x_wconf 73' lang='lat' dir='ltr'><strong><em>vox</em></strong></span> <span class='ocrx_word' id='word_1_897' title='bbox 2813 4770 3034 4827; x_wconf 67' lang='lat' dir='ltr'><strong><em>sponsa</em></strong></span> <span class='ocrx_word' id='word_1_898' title='bbox 3051 4800 3065 4825; x_wconf 93' lang='lat'><strong><em>,</em></strong></span> <span class='ocrx_word' id='word_1_899' title='bbox 3089 4759 3162 4812; x_wconf 86' lang='lat' dir='ltr'><strong><em>de</em></strong></span> <span class='ocrx_word' id='word_1_900' title='bbox 3181 4774 3292 4828; x_wconf 72' lang='lat' dir='ltr'><strong><em>quo</em></strong></span> <span class='ocrx_word' id='word_1_901' title='bbox 3319 4760 3495 4827; x_wconf 73' lang='lat' dir='ltr'><strong><em>scrip-</em></strong></span> 
     </span>
    </p>
   </div>
   <div class='ocr_carea' id='block_1_108' title="bbox 1890 4847 3490 4921">
    <p class='ocr_par' dir='ltr' id='par_1_108' title="bbox 1890 4847 3490 4921">
     <span class='ocr_line' id='line_1_108' title="bbox 1890 4847 3490 4921; baseline -0.001 -13"><span class='ocrx_word' id='word_1_902' title='bbox 1890 4862 2001 4908; x_wconf 88' lang='lat' dir='ltr'><strong><em>tum</em></strong></span> <span class='ocrx_word' id='word_1_903' title='bbox 2034 4861 2118 4907; x_wconf 89' lang='lat' dir='ltr'><strong><em>est</em></strong></span> <span class='ocrx_word' id='word_1_904' title='bbox 2152 4869 2167 4906; x_wconf 89' lang='lat'>:</span> <span class='ocrx_word' id='word_1_905' title='bbox 2206 4850 2313 4919; x_wconf 82' lang='lat' dir='ltr'><strong><em>Qui</em></strong></span> <span class='ocrx_word' id='word_1_906' title='bbox 2342 4849 2493 4904; x_wconf 79' lang='lat' dir='ltr'><strong><em>habet</em></strong></span> <span class='ocrx_word' id='word_1_907' title='bbox 2526 4864 2779 4921; x_wconf 60' lang='lat' dir='ltr'><strong><em>sponsam</em></strong></span> <span class='ocrx_word' id='word_1_908' title='bbox 2820 4864 3045 4919; x_wconf 74' lang='lat' dir='ltr'><strong><em>sponsus</em></strong></span> <span class='ocrx_word' id='word_1_909' title='bbox 3071 4858 3145 4903; x_wconf 82' lang='lat' dir='ltr'><strong><em>est</em></strong></span> <span class='ocrx_word' id='word_1_910' title='bbox 3176 4847 3360 4920; x_wconf 66' lang='lat' dir='ltr'><strong><em>(loco.</em></strong></span> <span class='ocrx_word' id='word_1_911' title='bbox 3392 4866 3453 4906; x_wconf 85' lang='lat' dir='ltr'><strong><em>Ill</em></strong></span> <span class='ocrx_word' id='word_1_912' title='bbox 3475 4892 3490 4916; x_wconf 91' lang='lat'><strong><em>,</em></strong></span> 
     </span>
    </p>
   </div>
   <div class='ocr_carea' id='block_1_109' title="bbox 1887 4942 3489 5018">
    <p class='ocr_par' dir='ltr' id='par_1_109' title="bbox 1887 4942 3489 5018">
     <span class='ocr_line' id='line_1_109' title="bbox 1887 4942 3489 5018; baseline 0 -19"><span class='ocrx_word' id='word_1_913' title='bbox 1887 4945 2002 5018; x_wconf 72' lang='lat'><strong><em>29).</em></strong></span> <span class='ocrx_word' id='word_1_914' title='bbox 2034 4945 2092 5001; x_wconf 86' lang='lat' dir='ltr'><strong><em>Si</em></strong></span> <span class='ocrx_word' id='word_1_915' title='bbox 2118 4953 2307 5000; x_wconf 84' lang='lat' dir='ltr'><strong><em>autem</em></strong></span> <span class='ocrx_word' id='word_1_916' title='bbox 2331 4988 2344 5013; x_wconf 91' lang='lat'><strong><em>,</em></strong></span> <span class='ocrx_word' id='word_1_917' title='bbox 2380 4942 2598 5014; x_wconf 81' lang='lat' dir='ltr'><strong><em>inquit,</em></strong></span> <span class='ocrx_word' id='word_1_918' title='bbox 2640 4942 3075 5011; x_wconf 81' lang='lat' dir='ltr'><strong><em>interrogaverit</em></strong></span> <span class='ocrx_word' id='word_1_919' title='bbox 3116 4950 3171 4997; x_wconf 86' lang='lat' dir='ltr'><strong><em>te</em></strong></span> <span class='ocrx_word' id='word_1_920' title='bbox 3215 4943 3449 5012; x_wconf 86' lang='lat' dir='ltr'><strong><em>populus</em></strong></span> <span class='ocrx_word' id='word_1_921' title='bbox 3476 4985 3489 5012; x_wconf 84' lang='lat'><strong><em>,</em></strong></span> 
     </span>
    </p>
   </div>
   <div class='ocr_carea' id='block_1_110' title="bbox 1888 5032 3487 5109">
    <p class='ocr_par' dir='ltr' id='par_1_110' title="bbox 1888 5032 3487 5109">
     <span class='ocr_line' id='line_1_110' title="bbox 1888 5032 3487 5109; baseline -0.003 -14"><span class='ocrx_word' id='word_1_922' title='bbox 1888 5053 1987 5095; x_wconf 89' lang='lat' dir='ltr'><strong><em>cur</em></strong></span> <span class='ocrx_word' id='word_1_923' title='bbox 2018 5040 2120 5093; x_wconf 90' lang='lat' dir='ltr'><strong><em>ista</em></strong></span> <span class='ocrx_word' id='word_1_924' title='bbox 2175 5038 2451 5109; x_wconf 81' lang='lat' dir='ltr'><strong><em>patiatur,</em></strong></span> <span class='ocrx_word' id='word_1_925' title='bbox 2502 5046 2557 5091; x_wconf 88' lang='lat' dir='ltr'><strong><em>et</em></strong></span> <span class='ocrx_word' id='word_1_926' title='bbox 2621 5048 2821 5089; x_wconf 86' lang='lat' dir='ltr'><strong><em>causas</em></strong></span> <span class='ocrx_word' id='word_1_927' title='bbox 2864 5032 3217 5093; x_wconf 81' lang='lat' dir='ltr'><strong><em>miseriarum</em></strong></span> <span class='ocrx_word' id='word_1_928' title='bbox 3260 5049 3487 5091; x_wconf 83' lang='lat' dir='ltr'><strong><em>suarum</em></strong></span> 
     </span>
    </p>
   </div>
   <div class='ocr_carea' id='block_1_111' title="bbox 1884 5127 3491 5205">
    <p class='ocr_par' dir='ltr' id='par_1_111' title="bbox 1884 5127 3491 5205">
     <span class='ocr_line' id='line_1_111' title="bbox 1884 5127 3491 5205; baseline -0.002 -17"><span class='ocrx_word' id='word_1_929' title='bbox 1884 5132 2168 5205; x_wconf 66' lang='lat' dir='ltr'><strong><em>qumsierit</em></strong></span> <span class='ocrx_word' id='word_1_930' title='bbox 2203 5172 2217 5194; x_wconf 88' lang='lat'><strong><em>.</em></strong></span> <span class='ocrx_word' id='word_1_931' title='bbox 2259 5128 2623 5201; x_wconf 84' lang='lat' dir='ltr'><strong><em>respondebis</em></strong></span> <span class='ocrx_word' id='word_1_932' title='bbox 2650 5128 2703 5184; x_wconf 88' lang='lat' dir='ltr'><strong><em>ei</em></strong></span> <span class='ocrx_word' id='word_1_933' title='bbox 2750 5144 2767 5181; x_wconf 85' lang='lat'>:</span> <span class='ocrx_word' id='word_1_934' title='bbox 2803 5127 2943 5195; x_wconf 68' lang='lat' dir='ltr'><strong><em>Quia</em></strong></span> <span class='ocrx_word' id='word_1_935' title='bbox 2975 5128 3363 5200; x_wconf 81' lang='lat' dir='ltr'><strong><em>dereliqucrunt</em></strong></span> <span class='ocrx_word' id='word_1_936' title='bbox 3410 5147 3491 5184; x_wconf 75' lang='lat' dir='ltr'><strong><em>me</em></strong></span> 
     </span>
    </p>
   </div>
   <div class='ocr_carea' id='block_1_112' title="bbox 1886 5220 3589 5302">
    <p class='ocr_par' dir='ltr' id='par_1_112' title="bbox 1886 5220 3589 5302">
     <span class='ocr_line' id='line_1_112' title="bbox 1886 5220 3589 5302; baseline -0.002 -23"><span class='ocrx_word' id='word_1_937' title='bbox 1886 5235 2063 5297; x_wconf 85' lang='lat' dir='ltr'><strong><em>patres</em></strong></span> <span class='ocrx_word' id='word_1_938' title='bbox 2085 5225 2269 5293; x_wconf 69' lang='lat' dir='ltr'><strong><em>venri,</em></strong></span> <span class='ocrx_word' id='word_1_939' title='bbox 2310 5224 2385 5278; x_wconf 81' lang='lat' dir='ltr'><strong><em>ait</em></strong></span> <span class='ocrx_word' id='word_1_940' title='bbox 2426 5221 2705 5302; x_wconf 70' lang='lat' dir='ltr'><strong><em>Dominus,</em></strong></span> <span class='ocrx_word' id='word_1_941' title='bbox 2738 5220 2833 5291; x_wconf 83' lang='lat' dir='ltr'><strong><em>qui</em></strong></span> <span class='ocrx_word' id='word_1_942' title='bbox 2865 5220 3023 5276; x_wconf 78' lang='lat' dir='ltr'><strong><em>vobis</em></strong></span> <span class='ocrx_word' id='word_1_943' title='bbox 3051 5230 3301 5291; x_wconf 56' lang='lat' dir='ltr'><strong><em>praesunt</em></strong></span> <span class='ocrx_word' id='word_1_944' title='bbox 3322 5222 3491 5294; x_wconf 72' lang='lat'><strong><em>953</em></strong></span> <span class='ocrx_word' id='word_1_945' title='bbox 3584 5292 3589 5297; x_wconf 11' lang='grc' dir='ltr'><em>ἡ</em></span> 
     </span>
    </p>
   </div>
   <div class='ocr_carea' id='block_1_113' title="bbox 1893 5419 3497 5501">
    <p class='ocr_par' dir='ltr' id='par_1_113' title="bbox 1893 5419 3497 5501">
     <span class='ocr_line' id='line_1_113' title="bbox 1893 5419 3497 5501; baseline -0.005 -20"><span class='ocrx_word' id='word_1_946' title='bbox 1893 5425 2118 5482; x_wconf 82' lang='lat' dir='ltr'><strong><em>dicitur.</em></strong></span> <span class='ocrx_word' id='word_1_947' title='bbox 2144 5423 2351 5501; x_wconf 80' lang='lat' dir='ltr'><strong><em>Ex_h_is</em></strong></span> <span class='ocrx_word' id='word_1_948' title='bbox 2380 5423 2594 5501; x_wconf 82' lang='lat' dir='ltr'><strong><em>utique.</em></strong></span> <span class='ocrx_word' id='word_1_949' title='bbox 2632 5422 2724 5501; x_wconf 83' lang='lat' dir='ltr'><strong><em>qui</em></strong></span> <span class='ocrx_word' id='word_1_950' title='bbox 2754 5421 3074 5489; x_wconf 84' lang='lat' dir='ltr'><strong><em>nuptiarum</em></strong></span> <span class='ocrx_word' id='word_1_951' title='bbox 3117 5419 3332 5501; x_wconf 57' lang='lat' dir='ltr'><strong><em>hostem</em></strong></span> <span class='ocrx_word' id='word_1_952' title='bbox 3363 5419 3497 5501; x_wconf 72' lang='lat' dir='ltr'><strong><em>llic-</em></strong></span> 
     </span>
    </p>
   </div>
   <div class='ocr_carea' id='block_1_114' title="bbox 1894 5491 3496 5598">
    <p class='ocr_par' dir='ltr' id='par_1_114' title="bbox 1894 5491 3496 5598">
     <span class='ocr_line' id='line_1_114' title="bbox 1894 5491 3496 5598; baseline -0.002 1"><span class='ocrx_word' id='word_1_953' title='bbox 1894 5511 2199 5598; x_wconf 57' lang='lat' dir='ltr'><strong><em>oveua</em></strong></span> <span class='ocrx_word' id='word_1_954' title='bbox 2230 5494 2400 5598; x_wconf 54' lang='lat' dir='ltr'><strong><em>“se:</em></strong></span> <span class='ocrx_word' id='word_1_955' title='bbox 2432 5491 2886 5598; x_wconf 54' lang='lat' dir='ltr'><strong><em>amasium</em></strong></span> <span class='ocrx_word' id='word_1_956' title='bbox 2915 5500 3125 5559; x_wconf 61' lang='grc' dir='ltr'><strong><em>ἰωιο</em></strong></span> <span class='ocrx_word' id='word_1_957' title='bbox 3302 5491 3496 5558; x_wconf 50' lang='lat' dir='ltr'><strong><em>om&quot;</em></strong></span> 
     </span>
    </p>
   </div>
   <div class='ocr_carea' id='block_1_115' title="bbox 1892 5565 3495 5693">
    <p class='ocr_par' dir='ltr' id='par_1_115' title="bbox 1892 5565 3495 5693">
     <span class='ocr_line' id='line_1_115' title="bbox 1892 5565 3461 5643; baseline -0.014 -16"><span class='ocrx_word' id='word_1_958' title='bbox 1892 5565 2015 5639; x_wconf 69' lang='lat' dir='ltr'><strong><em>ejus</em></strong></span> <span class='ocrx_word' id='word_1_959' title='bbox 2042 5569 2205 5625; x_wconf 67' lang='lat' dir='ltr'><strong><em>tuerit</em></strong></span> <span class='ocrx_word' id='word_1_960' title='bbox 2231 5569 2543 5631; x_wconf 76' lang='lat' dir='ltr'><strong><em>sententia,</em></strong></span> <span class='ocrx_word' id='word_1_961' title='bbox 2580 5565 2909 5632; x_wconf 81' lang='lat' dir='ltr'><strong><em>intelligent.</em></strong></span> <span class='ocrx_word' id='word_1_962' title='bbox 2990 5630 3004 5641; x_wconf 45' lang='lat'><em>.</em></span> <span class='ocrx_word' id='word_1_963' title='bbox 3137 5630 3149 5642; x_wconf 43' lang='lat'><strong>.</strong></span> <span class='ocrx_word' id='word_1_964' title='bbox 3452 5634 3461 5643; x_wconf 34' lang='lat'>&#39;</span> 
     </span>
     <span class='ocr_line' id='line_1_116' title="bbox 1967 5630 3495 5693; baseline -0.005 1"><span class='ocrx_word' id='word_1_965' title='bbox 1967 5639 1995 5677; x_wconf 74' lang='grc' dir='ltr'><strong><em>ι’</em></strong></span> <span class='ocrx_word' id='word_1_966' title='bbox 2026 5639 2139 5693; x_wconf 90' lang='lat' dir='ltr'><strong><em>iloc</em></strong></span> <span class='ocrx_word' id='word_1_967' title='bbox 2188 5642 2408 5692; x_wconf 88' lang='lat' dir='ltr'><strong><em>nomine</em></strong></span> <span class='ocrx_word' id='word_1_968' title='bbox 2449 5644 2607 5690; x_wconf 87' lang='lat' dir='ltr'><strong><em>vocat</em></strong></span> <span class='ocrx_word' id='word_1_969' title='bbox 2641 5634 2701 5690; x_wconf 92' lang='lat' dir='ltr'><strong><em>S.</em></strong></span> <span class='ocrx_word' id='word_1_970' title='bbox 2735 5631 3074 5689; x_wconf 69' lang='lat' dir='ltr'><strong><em>Gaudentius</em></strong></span> <span class='ocrx_word' id='word_1_971' title='bbox 3099 5634 3215 5684; x_wconf 78' lang='lat' dir='ltr'><strong><em>dies</em></strong></span> <span class='ocrx_word' id='word_1_972' title='bbox 3246 5645 3308 5684; x_wconf 90' lang='lat' dir='ltr'><strong><em>ac</em></strong></span> <span class='ocrx_word' id='word_1_973' title='bbox 3338 5630 3495 5687; x_wconf 71' lang='lat' dir='ltr'><strong><em>[estt-</em></strong></span> 
     </span>
    </p>
   </div>
   <div class='ocr_carea' id='block_1_116' title="bbox 1896 5701 3493 5782">
    <p class='ocr_par' dir='ltr' id='par_1_116' title="bbox 1896 5701 3493 5782">
     <span class='ocr_line' id='line_1_117' title="bbox 1896 5701 3493 5782; baseline -0.004 -18"><span class='ocrx_word' id='word_1_974' title='bbox 1896 5712 2098 5782; x_wconf 14' lang='lat' dir='ltr'><strong><em>vitategs</em></strong></span> <span class='ocrx_word' id='word_1_975' title='bbox 2119 5709 2448 5782; x_wconf 76' lang='lat' dir='ltr'><strong><em>inferiarum</em></strong></span> <span class='ocrx_word' id='word_1_976' title='bbox 2476 5748 2491 5771; x_wconf 90' lang='lat'><strong><em>,</em></strong></span> <span class='ocrx_word' id='word_1_977' title='bbox 2519 5705 2770 5782; x_wconf 70' lang='lat' dir='ltr'><strong><em>interde</em></strong></span> <span class='ocrx_word' id='word_1_978' title='bbox 2802 5701 3131 5782; x_wconf 70' lang='lat' dir='ltr'><strong><em>idololatrim</em></strong></span> <span class='ocrx_word' id='word_1_979' title='bbox 3155 5710 3337 5771; x_wconf 87' lang='lat' dir='ltr'><strong><em>partes</em></strong></span> <span class='ocrx_word' id='word_1_980' title='bbox 3359 5718 3493 5760; x_wconf 80' lang='lat' dir='ltr'><strong><em>cen-</em></strong></span> 
     </span>
    </p>
   </div>
   <div class='ocr_carea' id='block_1_117' title="bbox 1898 5773 3065 5836">
    <p class='ocr_par' dir='ltr' id='par_1_117' title="bbox 1898 5773 3065 5836">
     <span class='ocr_line' id='line_1_118' title="bbox 1898 5773 3065 5836; baseline -0.01 0"><span class='ocrx_word' id='word_1_981' title='bbox 1898 5792 2000 5836; x_wconf 89' lang='lat' dir='ltr'><strong><em>set.</em></strong></span> <span class='ocrx_word' id='word_1_982' title='bbox 2036 5779 2171 5834; x_wconf 50' lang='lat' dir='ltr'><strong><em>V‘idc</em></strong></span> <span class='ocrx_word' id='word_1_983' title='bbox 2216 5778 2514 5833; x_wconf 77' lang='lat' dir='ltr'><strong><em>Ausonium</em></strong></span> <span class='ocrx_word' id='word_1_984' title='bbox 2548 5777 2646 5829; x_wconf 84' lang='lat' dir='ltr'><strong><em>iih.</em></strong></span> <span class='ocrx_word' id='word_1_985' title='bbox 2691 5773 3065 5828; x_wconf 66' lang='lat' dir='ltr'><strong><em>Paw&#39;ntalisnn.</em></strong></span> 
     </span>
    </p>
   </div>
  </div>
