3972 6330
557 299 665 357 785

1818 288 1876 345 S.
1920 286 2196 346 EUSEBII
2233 286 2608 346 lllERUNYMl

3751 291 3837 350 uti
3914 340 3915 376 ᾧ

555 417 610 471 in
698 410 967 470 Ecclesiis
995 449 1011 475 ,
1065 417 1120 464 et
1185 407 1444 462 abierunt
1492 414 1618 475 post
1684 403 1824 460 deos
1886 405 2145 471 alienos,
2177 409 2228 469 Α
2257 415 2444 462 nostro
2493 401 2746 464 accidere
2793 411 2996 482 populo
3027 424 3055 464 a
3097 409 3295 465 diebus
3342 407 3596 475 Neronis,
3649 405 3716 462 de
3755 423 3841 477 quo
3914 403 3915 412 “

553 522 784 576 quorum
822 504 960 556 Deus
983 512 1180 556 venter
1203 509 1311 568 est,
1347 510 1404 556 et
1433 499 1665 554 aVaritia
1707 507 1764 553 et
1809 499 2024 554 luxuria
2049 539 2066 566 ,
2097 509 2154 555 et

550 599 723 670 gloria
745 597 798 650 io
829 596 1154 652 coiilusione
1176 611 1368 650 eorum
1390 636 1407 663 ,
1433 592 1823 649 etservierunt
1843 593 1946 647 eis.
1975 594 2018 648 A
2041 609 2152 663 quo

551 693 700 747 enim
732 692 852 757 quis
874 691 1146 756 vincitur,
1190 689 1309 759 ejus
1335 700 1389 744 et
1425 704 1621 743 servus
1651 697 1756 744 est.
1796 687 1862 741 Et
1900 688 2154 743 adorave-

551 793 671 837 runt
694 798 782 837 eos
811 798 830 836 :
859 782 1060 836 Adorat
1093 781 1238 836 enim
1273 781 1651 851 unusquisque
1676 779 1823 850 quod
1849 779 2050 848 diligit.
2085 777 2157 832 Et

551 893 631 931 nte
652 876 1056 948 dereliquerunt,
1081 887 1126 929 cl
1151 877 1311 946 legem
1333 891 1497 929 meam
1521 892 1624 928 non
1650 875 2028 928 custodierunt.
2055 873 2155 930 Sa-

546 969 832 1025 cerdotum
865 976 954 1023 est
1001 970 1258 1038 proprie,
1314 984 1424 1022 non
1469 968 1651 1022 solum
1700 967 1932 1032 docere,
1972 966 2067 1021 sed
2099 973 2157 1022 et

549 1062 735 1117 facere
766 1061 942 1132 legem
977 1077 992 1114 :
1028 1070 1088 1114 ut
1127 1076 1474 1132 nequaquam
1510 1060 1692 1115 verbis
1737 1060 2018 1129 subjectus
2049 1060 2155 1115 sibi

549 1157 783 1227 papulos
813 1165 869 1209 et
899 1154 1172 1210 creditum
1195 1169 1448 1224 gregem,
1477 1153 1572 1208 sed
1605 1152 1874 1223 exemplis
1896 1153 2151 1207 doceant.

549 1251 629 1302 Ac
659 1264 726 1303 ne
764 1249 903 1300 l'orte
934 1245 1219 1311 dicerent,
1265 1246 1465 1314 injttSta
1499 1255 1583 1300 est
1606 1245 1881 1299 sententia
1916 1263 1930 1298 :
1970 1256 2154 1313 patres

547 1341 840 1397 comedere
869 1355 1026 1393 uvam
1057 1341 1308 1394 acerbam
1341 1339 1540 1410 (Infra,
1573 1339 1755 1409 xxxi).
1781 1351 1838 1393 et
1867 1339 2062 1394 dentes
2087 1340 2148 1393 [i-

547 1435 746 1490 liorutn
779 1435 1171 1504 obstupescere
1201 1435 1218 1505 (
1247 1432 1442 1488 Ezeclt.
1480 1430 1635 1504 svnt)
1662 1473 1677 1496 ,
1712 1431 1876 1487 infert
1907 1449 1919 1486 :
1964 1432 2072 1488 Sed
2103 1442 2154 1487 et

546 1543 634 1582 vos
667 1531 814 1601 pejus
845 1527 1042 1604 operati
1094 1527 1217 1580 esiis
1247 1541 1405 1595 quam
1448 1535 1618 1593 patres
1652 1525 1840 1591 vestri;
1885 1535 1944 1578 ut
1988 1539 2153 1594 super

548 1622 637 1677 bis
661 1623 750 1692 qui
778 1623 1026 1691 patribus
1055 1620 1242 1690 pejora
1277 1618 1660 1690 peccaverint,
1704 1617 1851 1687 jnsla
1879 1617 2150 1688 supplicia

549 1715 892 1771 delt-rantur.

2257 499 2452 554 Scribit
2500 501 2834 570 Apostolus:
2883 501 2951 558 Et
2996 503 3242 558 liberatus
3287 517 3402 556 sum
3448 501 3512 554 de
3563 516 3654 554 ore
3710 500 3839 553 leonis

2259 589 2318 663 (l
2348 590 2482 645 Tim.
2515 607 2586 658 tv,
2640 592 2764 664 l7).
2798 591 2826 632 δ
2859 610 3031 664 usque
3057 593 3125 648 ad
3160 591 3438 648 Maximini
3471 601 3742 658 tempora.
3776 591 3840 645 di-

2255 698 2424 740 cere:
2466 687 2742 756 quomodo
2775 686 3045 742 Dominus
3091 687 3346 742 misi-rtus
3377 685 3446 740 sit
3492 685 3696 754 popqu
3741 699 3839 749 suo,

2255 788 2312 834 et
2340 780 2620 836 reduxerit
2641 797 2737 836 eos
2767 781 2820 836 in
2857 791 3060 836 terram
3087 797 3266 838 suam.
3295 779 3446 836 [laud
3470 779 3702 833 dubium
3736 779 3841 847 quin

2256 873 2310 928 in
2346 873 2666 938 Ecclesiam,
2699 891 2862 945 qnam
2889 876 3043 932 dedit
3072 876 3317 946 patribus
3345 889 3561 940 eorum,
3596 871 3840 942 Apostolis

2256 974 2313 1020 et
2344 965 2659 1034 apostolicis
2692 968 2844 1022 viris.

2332 1059 2526 1132 (Vers.
2566 1061 2631 1116 l6
2673 1061 2862 1133 seqq.)
2895 1060 3031 1117 Ecce
3059 1079 3152 1134 ego
3195 1063 3396 1116 mittam
3424 1061 3708 1134 piscatores
3737 1059 3842 1112 ntul-

2259 1162 2357 1219 tos,
2406 1155 2529 1208 dicit
2575 1154 2844 1221 Dominus,
2897 1165 2945 1210 et
2991 1157 3330 1230 piscubuntur
3355 1173 3463 1210 eos.
3515 1153 3588 1208 Et
3619 1166 3729 1227 post
3755 1153 3841 1206 lucc

2259 1250 2458 1300 mittam
2487 1249 2563 1302 eis
2587 1251 2776 1304 multos
2806 1259 3094 1318 venatores,
3123 1259 3170 1304 et
3191 1253 3514 1304 venabantur
3535 1264 3622 1302 eos
3649 1249 3709 1302 de
3729 1249 3842 1301 omni

2260 1350 2456 1411 monte,
2482 1350 2530 1396 et
2561 1343 2626 1396 de
2645 1345 2786 1397 omni
2813 1342 2966 1408 colle,
2991 1355 3040 1398 et
3069 1344 3134 1397 de
3155 1345 3389 1398 cavernis
3431 1352 3719 1410 petrarum,
3743 1341 3843 1412 quia

2256 1433 2392 1489 oculi
2419 1437 2517 1490 ntei
2548 1454 2704 1508 super
2731 1453 2906 1492 omnes
2935 1439 3041 1492 tias
3069 1455 3266 1492 eorum.
3289 1436 3412 1492 Non
3429 1445 3550 1491 sunt
3573 1435 3842 1489 abscondita

2254 1545 2315 1582 ea
2353 1547 2384 1582 a
2424 1531 2556 1597 facie
2592 1529 2776 1602 [\'ulg.
2811 1531 3112 1586 abscondite
3141 1549 3174 1584 a
3205 1528 3362 1603 [acie]
3391 1547 3522 1591 mea,
3559 1539 3608 1583 et
3647 1528 3842 1598 nonfuit

2254 1623 2458 1674 occulta
2484 1623 2733 1693 iniquitas
2755 1640 2932 1678 corum
2952 1625 3017 1678 ab
3047 1625 3212 1679 oculis
3235 1625 3380 1678 meis.
3418 1623 3486 1677 Et
3523 1622 3734 1678 reddam
3758 1622 3843 1689 pri-

2254 1731 2394 1767 mum
2445 1715 2676 1787 duplices
2724 1717 3026 1787 iniquitates
3084 1727 3133 1772 et
3180 1729 3390 1785 peccata
3433 1733 3643 1781 eorum,
3694 1715 3843 1786 quibus

615 1807 810 1881 (Vera.
847 1805 974 1878 15.)
1010 1804 1139 1858 Ecce
1178 1805 1315 1858 enim
1359 1803 1590 1859 ambulat
1634 1805 1989 1875 unusquisque
2037 1812 2156 1876 post
2188 1816 2234 1876 Β
2264 1807 2448 1880 [ang.
2481 1808 2625 1882 quia]
2653 1812 3133 1864 contaminaverunt
3157 1827 3347 1864 terram
3370 1827 3544 1865 meam
3572 1811 3629 1864 in
3649 1807 3845 1862 mortici-

545 1901 854 1973 provt'tntem
871 1900 1045 1952 cordis
1063 1899 1145 1952 sui
1169 1897 1317 1966 muli,
1338 1907 1392 1951 ut
1413 1915 1492 1953 me
1515 1915 1614 1951 non
1636 1898 1838 1951 audiat.
1869 1895 1934 1950 Et
1954 1897 2160 1968 ejiciam

541 2009 631 2048 vos
651 1993 715 2048 de
742 2001 880 2045 terra
913 1993 1010 2044 hac
1037 1991 1088 2044 in
1115 2000 1307 2044 terram
1332 2006 1488 2059 quam
1508 1991 1759 2062 ignoratis
1785 2005 1891 2055 vos,
1920 1999 1965 2042 et
1989 2001 2158 2057 patres

540 2088 717 2153 vestri,
750 2097 796 2140 et
826 2087 1055 2140 servietis
1096 2084 1166 2138 ibi
1199 2083 1298 2137 diis
1327 2084 1512 2137 alienis
1535 2084 1618 2135 die
1648 2099 1711 2135 ac
1741 2091 1906 2144 nocte,
1935 2083 2023 2153 qui
2055 2098 2157 2135 non

542 2180 740 2236 dabunt
769 2179 909 2232 vobis
941 2177 1192 2250 requiem.
1238 2175 1422 2232 Semel
1453 2191 1484 2230 a
1519 2175 1745 2229 Domino
1775 2174 2049 2238 derelicti,
2083 2172 2158 2228 l'a-

541 2273 696 2331 ciunt
724 2290 787 2328 ea
812 2287 935 2343 qua;
960 2288 1067 2326 non
1097 2279 1438 2341 competunt,
1472 2280 1530 2324 ut
1559 2269 1753 2322 vadanl
1788 2279 1911 2337 post
1940 2267 2156 2322 deside-

540 2367 622 2422 ria
655 2364 846 2421 cordis
883 2365 966 2419 sui
1001 2362 1151 2442 mali,
1186 2365 1254 2418 de
1279 2379 1385 2430 quo
1413 2370 1622 2416 eseuot
1641 2362 2006 2431 cogitationes
2035 2373 2158 2427 pes-

537 2462 692 2517 sima:
717 2459 937 2531 (Matth.
985 2459 1104 2528 xv),
1129 2467 1182 2511 et
1210 2457 1415 2511 idcirco
1443 2457 1514 2510 de
1538 2455 1778 2511 Ecclesia
1806 2469 2152 2524 separantur,

534 2564 595 2610 ut
627 2552 830 2608 vadaut
875 2552 928 2606 in
977 2563 1184 2606 terram
1233 2550 1609 2620 longinquam,
1665 2563 1831 2616 quam
1865 2562 1966 2602 nec
2021 2546 2151 2614 ipsi,

535 2662 638 2703 nec
672 2658 857 2717 patres
887 2659 1076 2700 eorum
1112 2652 1376 2696 noverant
1405 2640 1718 2709 priusquam
1751 2648 2066 2708 peccarent,
2096 2645 2155 2691 ut

536 2741 612 2796 ibi
643 2739 884 2794 serviant
914 2737 1022 2792 diis
1051 2735 1270 2800 alienis,
1299 2733 1390 2803 qtti
1425 2750 1530 2787 non
1558 2741 1688 2786 sunt
1714 2731 1810 2798 dii,
1842 2731 1936 2786 sed
1961 2747 2150 2786 eorum

536 2845 802 2904 putantur
825 2845 1017 2886 errore
1046 2831 1137 2900 qui
1163 2844 1259 2883 eos
1290 2831 1496 2883 colunt.
1525 2827 1679 2892 Quod
1709 2833 1890 2880 autem
1928 2825 2148 2879 intulit:

540 2924 641 2982 Die
667 2941 729 2979 ac
756 2932 928 2990 nocte,
965 2931 1281 2992 perpetuam
1315 2921 1658 2991 peccantium
1689 2919 1925 2974 ostendit
1955 2918 2007 2972 in
2035 2931 2152 2972 sce-

535 3017 651 3074 lere
682 3016 1172 3088 perSeverantiant,
1200 3014 1326 3068 dum
1352 3021 1410 3068 et
1439 3015 1491 3066 iti
1521 3012 1714 3068 diebus
1739 3011 1774 3066 ﬂ
1796 3013 1980 3081 igitiis,
2015 3020 2070 3065 et
2097 3012 2149 3067 in

536 3113 793 3168 noctibus
839 3111 1046 3166 libidini
1080 3110 1350 3166 serviunt.
1405 3109 1508 3176 Qui
1553 3125 1655 3162 non
1697 3107 1915 3175 dabunt,
1951 3106 2147 3176 inquit,

2261 1901 2343 1954 nis
2362 1902 2620 1956 idolorum
2649 1919 2887 1968 suorum,
2918 1913 2966 1957 et
2989 1904 3455 1958 abominationibus
3483 1905 3596 1956 suis
3637 1900 3845 1967 impleve-

2261 2005 2381 2049 runt
2402 1995 2756 2052 [nereditatem
2778 2015 2965 2052 meam.
3005 1997 3228 2052 Diversa
3261 1996 3422 2064 hujus
3450 1995 3679 2065 capituli
3707 1995 3844 2049 inter-

2265 2089 2499 2158 pretatio
2539 2100 2643 2146 est.
2672 2091 2846 2146 Judaei
2880 2092 3027 2146 enim
3064 2099 3350 2146 autumant
3387 2090 3684 2161 significari
3709 2087 3842 2142 Chal-

2259 2181 2436 2248 da-os,
2471 2184 2564 2251 qni
2608 2183 2713 2238 sub
2759 2185 3093 2255 piscatorum
3123 2186 3345 2240 nomine
3385 2184 3777 2244 describuntur,
3798 2191 3840 2236 et

2259 2285 2448 2344 postea
2483 2275 2780 2344 Romanos,
2827 2277 2918 2347 qui
2953 2277 3309 2333 venatoribus
3350 2285 3755 2344 comparantur,
3799 2281 3840 2327 et

2257 2366 2327 2422 de
2357 2367 2637 2424 mootibus
2663 2370 3006 2440 collibusque
3036 2380 3091 2426 et
3119 2370 3370 2424 cavernis
3408 2379 3707 2440 petrarum,
3731 2364 3840 2421 infe

2259 2461 2418 2516 licem
2466 2463 2728 2534 populum
2781 2474 2906 2519 sunt
2956 2464 3170 2528 venati.
3219 2463 3332 2518 lloc
3376 2477 3562 2518 autem
3613 2461 3840 2517 Dominus

2257 2553 2458 2610 iecisse
2485 2571 2546 2610 se
2578 2557 2747 2612 dicit:
2776 2559 2900 2627 quia
2933 2556 3237 2625 respexerit
3273 2556 3390 2610 vias
3421 2569 3636 2622 earum,
3661 2564 3711 2610 et
3735 2549 3838 2608 red-

2254 2649 2457 2705 diderit
2501 2651 2846 2720 iniquitates,
2877 2652 3072 2723 quibus
3100 2651 3614 2708 contaminavr-raot
3646 2660 3835 2708 terram,

2255 2743 2551 2799 simulacra
2588 2755 2938 2811 venerantes,
2965 2755 3022 2801 et
3063 2747 3569 2802 aboininationibus
3601 2743 3837 2799 idolorum

2256 2837 2562 2906 polluerant
2583 2839 2956 2894 bwreditatem
2983 2839 3130 2909 ejus.
3153 2838 3341 2895 Nostri
3371 2846 3561 2894 autem
3589 2849 3775 2893 ret-tius
3797 2841 3838 2888 et

2255 2930 2474 2996 meliuS,
2518 2930 2636 2985 lu'c
2680 2929 2751 2985 de
2782 2933 2962 2986 futuro
2991 2933 3344 2987 vaticinatum
3391 2931 3719 3002 Prnpltetatn
3760 2942 3838 2998 pu-

2256 3031 2391 3078 tant.
2427 3027 2564 3091 Quia
2593 3028 2737 3080 enim
2769 3041 2932 3090 supra
2964 3028 3218 3083 diverat:
3248 3027 3520 3083 Rcducam
3551 3044 3638 3082 eos
3680 3027 3726 3079 in
3753 3035 3834 3077 ter-

2255 3132 2369 3168 ram
2398 3132 2571 3181 suam,
2601 3135 2754 3186 quam
2797 3117 2917 3173 dedi
2946 3119 3179 3190 patribus
3205 3136 3400 3177 eorum.
3437 3135 3589 3174 nunc
3630 3115 3837 3173 ostendit

537 3205 682 3260 vobis
712 3205 962 3276 requiem.
990 3202 1144 3257 Haud
1170 3202 1394 3255 dubium
1424 3201 1553 3268 quin
1582 3200 1754 3254 falsos
1777 3200 1911 3254 deos
1937 3197 2146 3268 signili-
2173 3202 2218 3267 ρ
2250 3211 2527 3280 quomodo
2559 3213 2853 3269 reducendi
2881 3216 3011 3277 sint,
3045 3215 3187 3285 quod
3221 3215 3456 3283 primum
3494 3214 3671 3269 mittat
3693 3213 3837 3279 Apus-

538 3308 650 3363 cet,
675 3298 745 3352 de
778 3297 977 3367 quibus
993 3297 1134 3351 dixit
1159 3313 1172 3349 :
1201 3294 1271 3349 Et
1288 3295 1516 3349 servietis
1536 3294 1608 3348 ibi
1633 3295 1732 3348 diis
1752 3294 1955 3348 alienis.
1976 3293 2148 3362 Quid-

537 3391 667 3464 quid
698 3407 829 3458 δι’κο
860 3405 1171 3460 peccamus,
1205 3387 1466 3458 quidquid
1497 3386 1588 3441 die
1615 3396 1670 3441 et
1711 3397 1874 3441 nocte
1897 3384 2147 3451 facimus,

531 3495 586 3542 et
613 3487 881 3540 malorum
912 3498 1140 3554 operum
1171 3493 1573 3552 perpetraturus,
1612 3479 1896 3549 imperium
1927 3488 2009 3533 est
2033 3476 2146 3531 dte-

532 3594 778 3642 ntunuin,
829 3577 918 3647 qni
971 3591 1266 3644 numquam
1317 3573 1474 3627 nobis
1522 3571 1653 3625 dant
1717 3573 1986 3641 requiem,
2049 3569 2147 3625 sed

528 3686 751 3738 semper
786 3669 1074 3738 impellunt
1105 3667 1319 3721 delictis
1354 3680 1553 3736 augere
1579 3663 1802 3729 delicta,
1851 3675 1906 3718 et
1951 3678 2146 3718 cumu-

534 3765 648 3819 lum
679 3761 859 3816 lacere
891 3767 1262 3829 peccatorum.

609 3853 808 3926 (Vers.
855 3851 944 3914 M,
982 3851 1096 3921 iii.)
1133 3848 1417 3917 Propterea
1460 3865 1576 3902 erce
1605 3847 1714 3901 dies
1744 3847 1972 3908 veniunt,
2021 3846 2148 3900 dicit

535 3946 812 4006 Dominus.
843 3954 889 3997 et
925 3959 1027 3996 non
1069 3951 1096 3979 ⁸
1129 3943 1326 3994 dicetur
1357 3939 1535 3994 ultra:
1572 3939 1710 3994 Vivit
1752 3938 2028 4003 Dominus,
2059 3939 2149 4009 qui

531 4038 716 4095 eduxit
737 4036 878 4109 ﬁlios
905 4035 1076 4091 Israel
1093 4036 1157 4088 de
1183 4046 1321 4088 terra
1349 4032 1606 4104 ﬂgypti;
1635 4033 1748 4096 sed,
1790 4032 1925 4086 Vivit
1960 4029 2145 4085 Domi-

535 4149 654 4198 nus,
686 4131 774 4201 qui
796 4129 971 4183 educit
1001 4127 1139 4198 ﬁlios
1169 4125 1336 4181 Israel
1363 4126 1428 4180 de
1477 4135 1616 4179 terra
1651 4123 1945 4193 Aquilonis,
1992 4132 2040 4177 et
2083 4124 2148 4176 de

532 4224 785 4279 universis
815 4223 966 4275 terris
985 4220 1054 4274 ad
1080 4237 1207 4286 quas
1238 4221 1365 4293 cjeci
1385 4235 1494 4285 eos,
1517 4227 1564 4272 et
1586 4218 1830 4272 reducam
1851 4233 1936 4270 eos
1962 4217 2015 4270 in
2043 4225 2148 4270 ter-

533 4333 648 4370 ram
676 4332 823 4369 suam
854 4330 1008 4384 quam
1029 4311 1151 4366 dedi
1175 4311 1406 4382 patribus
1425 4317 1620 4365 eorum.
1654 4308 1938 4366 Manifeste
1969 4309 2145 4365 futura

533 4407 719 4481 populi
751 4406 918 4461 Israel
944 4404 1216 4460 restitutio
1248 4405 1582 4472 praedicitnr,
1617 4415 1670 4460 et
1701 4414 1818 4472 post
1859 4403 2146 4472 captivita-

537 4512 647 4557 tem
683 4499 1096 4563 misericordia;
1121 4514 1240 4570 qua:
1267 4497 1417 4567 juxta
1451 4496 1684 4552 litteram
1715 4496 1818 4551 sub
1839 4496 2144 4551 Zorobabel

2257 3303 2419 3362 tolos.
2445 3305 2643 3374 quibus
2671 3304 2928 3360 Salvator
2957 3307 3099 3361 dixit
3127 3325 3139 3360 :
3183 3305 3358 3363 Venite
3383 3318 3500 3380 post
3550 3323 3646 3373 me,
3688 3315 3732 3359 et
3765 3307 3834 3373 fa-

2251 3399 2386 3452 ciam
2413 3415 2499 3451 vos
2521 3400 2637 3469 ﬁeri
2661 3401 2945 3468 piscatores
2969 3400 3240 3456 hominum
3271 3401 3500 3471 (Matth.
3534 3419 3605 3465 tv,
3634 3397 3749 3470 19).
3784 3398 3833 3452 Et

2253 3503 2441 3560 poSlea
2471 3503 2783 3557 venatores,
2829 3509 2968 3564 quos
3005 3495 3091 3550 vel
3122 3495 3536 3550 eccle~iastieos
3582 3500 3739 3558 viros,
3766 3491 3832 3546 vel

2251 3584 2491 3654 Angelos
2529 3601 2822 3654 possumus
2848 3591 3118 3657 accipere,
3161 3588 3252 3658 qui
3288 3600 3577 3659 postquam
3606 3593 3831 3642 consuto-

2251 3677 2509 3732 mationis
2553 3685 2772 3744 tempus
2801 3680 3106 3747 advenerit,
3139 3692 3409 3735 venentur
3437 3695 3664 3737 sanctos
3689 3692 3830 3747 quos-

2251 3784 2357 3840 que
2381 3770 2450 3824 de
2482 3771 2757 3828 montibus
2789 3771 3102 3836 dogmatnm
3133 3775 3500 3840 excelsornm,
3534 3783 3590 3828 et
3619 3773 3682 3828 de
3705 3769 3832 3826 culli-

2251 3861 2350 3916 htts
2407 3863 2671 3917 bonorum
2718 3880 2970 3933 Operum,
3027 3875 3078 3922 et
3130 3865 3200 3920 de
3247 3866 3500 3920 eavcrnis
3562 3876 3830 3936 petrarum,

2250 3956 2536 4022 Apostolis
2561 3965 2617 4010 et
2646 3957 2963 4026 apostolicis
2993 3959 3150 4012 viris.
3181 3957 3296 4012 Non
3323 3962 3496 4012 solum
3524 3961 3666 4014 enim
3704 3955 3829 4013 Chri-

2251 4057 2368 4102 stns
2399 4057 2572 4115 petra,
2613 4051 2706 4104 sed
2739 4061 2793 4106 ct
2825 4051 3073 4118 apostolo
3097 4050 3263 4124 935
3295 4051 3458 4106 Petro
3499 4052 3740 4116 donavit,
3785 4054 3829 4100 ut

2249 4151 2538 4196 vocaretur
2569 4142 2724 4197 Petra
2757 4143 2810 4213 (Ι
2837 4141 2957 4199 Cor.
3005 4159 3059 4209 ι,
3093 4143 3248 4198 Matt.
3284 4142 3430 4215 svi).
3465 4144 3526 4200 In
3559 4147 3709 4212 cujus
3724 4157 3828 4197 sen-

2246 4234 2399 4290 sibus
2422 4236 2855 4304 requiescenti-8,
2887 4247 3035 4294 recte
3062 4236 3320 4292 dicuntur
3353 4238 3606 4293 translati
3631 4252 3741 4293 esse
3772 4233 3827 4289 de

2249 4337 2423 4396 petra.
2453 4327 2817 4398 Ostenditque
2852 4330 2936 4386 vel
2971 4329 3282 4396 Apostolos,
3309 4329 3394 4384 vel
3423 4345 3523 4386 eos
3545 4333 3632 4402 qni
3669 4337 3826 4400 postea

2251 4428 2273 4458 ο
2300 4420 2478 4474 venati
2503 4430 2650 4482 sunt.
2675 4419 2931 4477 habuisse
2957 4431 3200 4490 peccata,
3225 4431 3278 4476 et
3306 4421 3585 4492 recepisse
3611 4420 3825 4490 duplices

2255 4511 2571 4583 iniquitates
2617 4528 2766 4568 suas.
2817 4513 3023 4568 Servus
3065 4515 3212 4570 enim
3242 4515 3330 4585 qui
3372 4515 3475 4569 scit
3522 4516 3822 4569 voluntatem

534 4602 592 4650 et
606 4593 733 4649 Iesu
753 4591 1021 4647 Pontilice
1044 4599 1100 4644 et
1119 4589 1255 4643 Ezra
1285 4605 1351 4644 ex
1377 4599 1533 4658 parte
1559 4587 1828 4655 completa
1849 4597 1935 4642 est
1961 4588 2143 4656 :josta

2253 4605 2451 4661 domini
2504 4607 2610 4672 sui,
2661 4617 2716 4661 ct
2766 4623 2872 4662 non
2928 4609 3057 4664 facit
3105 4584 3271 4672 eam,
3306 4607 3583 4674 vapulabit
3628 4606 3823 4662 multum

536 4684 962 4753 intelligentiam
994 4681 1334 4752 spiritualem
1362 4683 1546 4736 verius
1571 4692 1734 4752 alqne
1765 4681 2058 4748 perfectius
2085 4681 2138 4736 in

534 4775 753 4834 Christo
781 4774 1102 4845 complenda
1129 4771 1299 4844 954
1320 4772 1667 4826 deseribitnr.
1700 4771 1910 4839 Veniet,
1938 4772 2136 4841 inquit,

535 4881 750 4937 lCIIIpUs
799 4868 1018 4940 quando
1071 4881 1408 4937 nequaquam
1452 4865 1688 4928 dicetur,
1721 4864 1864 4933 quod
1908 4865 2142 4935 pupulas

532 4963 792 5019 reductus
823 4963 896 5014 sit
944 4960 1012 5015 de
1043 4958 1285 5031 Aﬂgypto
1325 4973 1421 5026 per
1458 4957 1678 5030 Moysen
1707 4968 1761 5014 et
1806 4959 2012 5017 Aaron.
2041 4958 2140 5013 sed

533 5055 792 5110 reductus
840 5052 909 5105 de
957 5063 1100 5105 terra
1148 5049 1455 5116 Aquilonis,
1497 5050 1646 5121 (Tyro
1678 5065 1806 5117 rege
1848 5049 2137 5103 Ρυνεειι-ιηιι

532 5152 751 5208 laxante
781 5147 1049 5218 captivos.
1085 5143 1150 5196 Et
1173 5144 1236 5196 de
1257 5145 1524 5207 universis,
1551 5145 1744 5214 inquit,
1774 5147 1924 5197 terris
1948 5162 1966 5198 :
1991 5144 2137 5214 quod

529 5258 874 5315 nequaquam
905 5239 1031 5308 Cyri
1065 5249 1330 5305 tempore,
1363 5237 1455 5290 sed
1489 5237 1677 5290 nltimo
1706 5237 1813 5290 line
1839 5238 2136 5304 complebi-

531 5349 642 5402 tttr,
676 5339 896 5394 dicente
921 5331 1229 5401 Apostolo:
1261 5330 1545 5402 Postquam
1569 5331 1930 5387 subintraverit
1970 5333 2138 5404 pleni-

531 5432 658 5486 tudo
683 5431 930 5504 gentium.
957 5438 1074 5482 tunc
1096 5425 1260 5479 omnis
1300 5423 1470 5479 Israel
1495 5422 1665 5479 salvus
1710 5426 1797 5495 [iet
1829 5428 1846 5495 (
1875 5426 2024 5481 Rom.
2057 5444 2132 5494 st,

530 5524 624 5592 25,
651 5525 776 5594 “26).
808 5522 1108 5578 Puswmus
1135 5519 1239 5576 hoc
1280 5530 1334 5575 et
1375 5519 1444 5574 de
1488 5522 1978 5590 persecutionibus,
2012 5539 2134 5593 quae

603 5714 627 5741 α
670 5705 786 5759 Duo
815 5718 974 5771 mss.,
1006 5713 1054 5759 et
1081 5720 1182 5758 non
1203 5703 1394 5759 dicent.
1428 5702 1548 5756 vit'it
1571 5697 1848 5764 Dominus.
1880 5711 1987 5759 etc.

601 5773 628 5816 ι’
668 5775 835 5834 Iidem
870 5790 1027 5840 mss.,
1057 5791 1218 5844 usque
1247 5774 1317 5828 ad
1347 5771 1661 5831 Maximiani
1686 5783 1933 5849 tempora.

2243 4697 2261 4768 (
2288 4697 2414 4752 Luc.
2447 4697 2569 4764 χιι).
2607 4698 3015 4769 Sciendnmque
3052 4701 3200 4772 quod
3234 4699 3286 4754 in
3317 4701 3586 4756 Hebraico
3615 4700 3822 4768 positum

2241 4789 2334 4850 sit.
2364 4791 2613 4861 primum,
2653 4801 2709 4846 et
2750 4792 2804 4848 in
2852 4793 3207 4864 Septuaginta
3241 4793 3484 4850 editione
3515 4792 3822 4865 pra‘termis-

2241 4898 2384 4938 sunt.
2417 4883 2649 4947 Quando
2678 4894 2860 4939 autem
2891 4884 3059 4940 dicit:
3093 4885 3329 4941 Reddam
3370 4888 3593 4955 primum
3618 4884 3822 4954 duplices

2242 4975 2565 5047 iniquitates,
2589 4984 2638 5030 et
2665 4988 2872 5044 peccata
2897 4996 3094 5036 torum.
3124 4981 3492 5043 siibostentlit,
3524 4980 3661 5048 qttcd
3689 4987 3820 5048 post-

2244 5083 2406 5137 qnam
2440 5070 2748 5137 receperint
2793 5072 2958 5136 mala,
2992 5073 3259 5142 recepturi
3309 5073 3418 5127 sint
3457 5082 3511 5126 et
3560 5072 3716 5128 bona.
3765 5066 3819 5122 lli

2244 5167 2424 5214 autem
2443 5158 2534 5229 qni
2556 5172 2742 5229 postea
2762 5162 3129 5218 transferendi
3159 5173 3306 5226 sunt,
3333 5167 3818 5218 contaminaverttnt

2243 5260 2444 5306 terram
2480 5252 2693 5307 Domini
2751 5255 2804 5310 iii
2856 5257 3159 5311 morticinis
3198 5257 3462 5311 idolorum
3501 5271 3730 5319 snomm,
3771 5259 3816 5306 et

2241 5344 2739 5402 abominationibus
2771 5348 2884 5402 suis
2917 5349 3276 5416 itnpleverunt
3303 5350 3669 5405 ba‘reditatvm
3693 5346 3808 5414 ejus,

2240 5446 2300 5489 ut
2334 5437 2513 5491 omnis
2545 5439 2778 5492 numdns
2807 5439 3058 5496 subditus
3089 5442 3180 5495 liat
3222 5441 3376 5497 Deo:
3419 5451 3473 5496 et
3504 5450 3808 5512 nequaquam

2235 5541 2337 5584 suo
2360 5532 2578 5598 merito,
2601 5533 2697 5589 sed
2722 5534 2866 5590 illius
2889 5535 3263 5592 misericordia
3287 5547 3658 5593 conservetur.
3675 5525 3806 5600 Quod

2318 5719 2341 5747 ο
2381 5707 2536 5767 Haud
2564 5712 3208 5785 recteobtinebatantea,
3236 5713 3461 5770 venandi
3483 5721 3618 5770 sunt.
