3972 6326
541 349 644 404 7s"!

1815 334 1874 392 S.
1921 329 2189 390 EUSEBII
2233 325 2612 386 lllERONYMl

3748 312 3849 380 138

536 478 667 528 meo,
697 474 855 532 usque
898 458 952 511 in
996 462 1248 509 retentum
1292 450 1510 505 ardebit.
1568 448 1639 505 Et
1664 448 1781 505 haec
1812 447 1867 503 in
1898 442 2137 523 Septua-
2166 458 2211 518 Α
2246 458 2407 514 posse
2432 442 2577 513 quod
2611 455 2719 496 non
2772 449 2970 512 potest.
3007 439 3072 494 Et
3093 440 3190 494 erit
3236 440 3386 510 quasi
3432 439 3640 512 myrice
3669 480 3685 503 ,
3736 454 3847 509 qua:

540 554 688 623 ginta
720 566 825 604 non
854 547 1153 613 habentur,
1186 542 1380 597 eadem
1434 541 1519 606 (ut
1560 538 1707 610 reor)
1758 553 1919 594 causa
1972 551 2136 611 quam

534 658 698 713 supra
729 642 995 701 diximus,
1024 654 1096 696 ne
1136 637 1348 693 scilicet
1382 644 1589 693 aeterna
1619 634 1674 687 in
1718 648 1816 688 eos
1865 631 2139 685 sententia

533 743 906 811 permaneret.
944 730 1297 803 Relinqueris,
1330 729 1433 795 ait,
1476 728 1589 781 sola
1613 726 1674 780 ab
1701 725 2005 781 hazreditate
2028 736 2138 791 tua,

536 844 692 900 quam
714 828 832 881 dedi
874 827 987 889 tibi,
1015 834 1063 879 et
1093 824 1285 878 servire
1310 831 1357 876 te
1398 820 1594 892 [nciam
1620 819 1843 873 inimicis
1896 818 1998 871 tuis
2021 859 2035 883 ,
2085 816 2135 871 in

536 931 673 979 terra
690 926 850 995 quam
872 922 1101 999 ignoras,
1124 919 1205 973 vel
1230 917 1332 971 sub
1356 916 1699 987 Babyloniis,
1716 914 1827 979 vel,
1857 922 1915 967 ιιι
1938 922 2023 967 est
2045 928 2139 967 vc-

540 1018 680 1083 rius,
716 1018 819 1070 sub
850 1013 1139 1069 Romanis.
1174 1008 1283 1081 Ipsi
1312 1009 1457 1065 enim
1504 1007 1909 1063 succenderunt
1955 1005 2136 1077 ignem

540 1122 597 1169 et
619 1110 1113 1167 ClcniellliSsilltltm
1160 1104 1451 1163 Dominum
1496 1104 1549 1158 in
1582 1102 1825 1157 furorem
1874 1115 2139 1172 provoca-

540 1214 668 1268 runt
698 1224 712 1259 :
740 1203 830 1275 qui
872 1201 979 1272 [ΑΙ.
1011 1196 1165 1271 quia]
1226 1196 1368 1268 ignis
1404 1194 1616 1253 furoris
1660 1194 1780 1265 ejus
1824 1192 2037 1248 ardebit
2085 1191 2139 1247 in

540 1308 835 1353 internum.
880 1292 1060 1348 Pudet
1107 1305 1193 1345 me
1221 1287 1589 1344 contentionis
1636 1295 1996 1349 nostrorum,
2046 1283 2137 1355 qui

539 1388 866 1443 llebraicam
893 1392 1128 1455 arguunt
1168 1382 1483 1436 veritatem.
1509 1378 1682 1434 .ludrci
1719 1388 1911 1433 contra
1951 1391 2012 1433 se
2060 1375 2140 1431 leo

540 1490 699 1550 gunt,
733 1486 789 1534 et
821 1477 951 1547 quid
991 1493 1096 1548 pro
1118 1491 1177 1531 se
1200 1475 1292 1539 sit,
1324 1474 1498 1529 nescit
1533 1471 1805 1527 Ecclesia.
1855 1467 2009 1525 Unde
2034 1483 2138 1523 nos

536 1574 629 1645 qui
657 1589 844 1629 sumus
870 1572 961 1626 lilii
990 1570 1374 1642 ApoStolorum
1401 1567 1751 1624 recordamur
1780 1565 2134 1635 iniquitatum

536 1669 739 1738 prioris
770 1666 979 1736 populi,
1000 1666 1219 1732 ctjuste
1247 1677 1343 1717 eos
1370 1675 1665 1731 perpessos
1688 1674 1812 1713 esse
1844 1665 2132 1714 testamur.

540 1762 778 1817 Possunt
825 1768 1005 1813 autem
1053 1756 1316 1825 excelsa,
1378 1770 1498 1826 qua:
1557 1751 1824 1809 Hebraice
1878 1749 2137 1807 dicuntur

535 1867 751 1909 ωιιοτιῐ
770 1848 987 1917 (nm),
1013 1859 1069 1904 et
1091 1860 1280 1904 contra
1297 1847 1586 1901 lucreticos
1603 1844 1796 1916 accipi,
1825 1844 1915 1917 qui
1939 1858 2133 1914 posue-

2249 536 2518 591 Ilebraice
2549 535 2749 590 dicitur
2775 550 2949 590 saoea
2982 531 3175 609 (nam?)
3199 576 3213 599 ,
3247 535 3363 589 sive
3395 546 3456 588 ut
3508 534 3850 602 interpreta-

2245 637 2332 682 tus
2361 637 2449 684 eet
2478 624 2872 701 Symmachus,
2904 626 3102 700 lignum
3130 626 3516 697 infructuosum
3563 627 3625 679 in
3667 624 3848 679 solitu-

2244 720 2382 775 dine.
2414 710 2481 774 Et
2509 738 2613 776 non
2647 719 2841 774 videbit
2869 736 2985 772 cum
3011 718 3239 772 venerint
3262 717 3399 771 bona
3423 761 3437 782 ,
3487 732 3616 787 qua:
3670 716 3845 771 visura

2242 822 2323 867 est
2344 810 2589 885 gentium
2644 810 2967 875 multitudo;
2997 809 3088 864 sed
3127 807 3379 863 habitabit
3422 807 3478 862 in
3508 808 3752 862 siccitate
3797 808 3844 860 in

2245 906 2473 958 deserto.
2513 900 2623 958 iloc
2654 902 2856 958 dicitur
2887 901 2955 955 de
2982 900 3189 971 populo
3215 898 3533 954 Judazorum
3564 899 3666 969 qui
3701 896 3847 951 habi-

2245 1000 2434 1055 tantia
2458 977 2700 1064 deserto,
2729 994 3050 1066 fructusque
3079 1006 3188 1049 non
3216 993 3455 1060 iaciunt,
3513 1003 3569 1049 et
3622 1003 3754 1048 sunt
3796 992 3844 1049 in

2242 1103 2387 1148 terra
2421 1089 2738 1160 salsuginis,
2770 1105 2891 1160 qua:
2920 1088 3103 1143 nullos
3120 1088 3334 1143 fructus
3355 1085 3550 1155 faciat,
3586 1094 3650 1141 et
3695 1085 3844 1141 iuba-

2238 1186 2479 1251 bitabili,
2514 1202 2632 1256 quae
2660 1186 2932 1257 hospitem
2969 1198 3077 1240 non
3110 1182 3494 1250 habet'Deum,
3532 1198 3643 1239 nec
3671 1180 3845 1254 Ange-

2238 1282 2417 1336 lorum
2456 1279 2707 1349 pr.esidia
2735 1322 2748 1345 ,
2807 1295 2908 1334 nec
2930 1278 3178 1348 Spiritus
3203 1278 3381 1333 sancti
3410 1276 3653 1348 gratiam
3682 1319 3699 1343 ,
3755 1288 3845 1330 nec

2240 1375 2529 1430 scientiam
2560 1375 2969 1444 magistrorum.

2310 1466 2491 1538 (Vers.
2520 1467 2576 1533 7,
2608 1462 2690 1538 8.)
2721 1463 3032 1519 Benedictus
3062 1464 3159 1527 vir,
3194 1463 3284 1539 qui
3323 1460 3545 1533 conﬁdit
3577 1460 3640 1516 in
3672 1459 3845 1514 Domi-

2239 1577 2306 1615 no
2336 1602 2351 1629 ,
2386 1568 2434 1614 et
2466 1559 2560 1614 erit
2593 1554 2844 1612 Dominus
2874 1566 2901 1595 ι
2927 1573 3045 1629 spes
3073 1557 3213 1628 (sive
3236 1553 3459 1627 ﬁducia)
3493 1557 3617 1630 ejus
3645 1572 3666 1609 :
3685 1554 3845 1628 959

2238 1670 2284 1714 et
2310 1661 2405 1715 erit
2432 1661 2583 1732 quasi
2600 1659 2824 1733 lignum,
2844 1659 2986 1729 quod
3008 1658 3452 1728 transplantatum
3478 1670 3558 1712 est
3581 1658 3730 1731 (sive
3750 1660 3846 1729 fru-

2237 1751 2498 1825 ctiferum)
2524 1768 2683 1825 super
2711 1769 2895 1823 aquas,
2925 1752 3064 1822 quod
3089 1752 3157 1805 ad
3187 1751 3454 1806 humorem
3502 1750 3674 1805 mittit
3704 1752 3841 1807 radi-

2238 1862 2318 1898 ces
2349 1862 2492 1915 suas,
2522 1855 2570 1897 et
2605 1862 2708 1899 non
2754 1845 2981 1907 timebit,
3023 1861 3137 1898 cum
3183 1846 3380 1899 venerit
3430 1854 3594 1901 (estus
3630 1861 3651 1900 :
3675 1856 3725 1900 et
3751 1848 3841 1901 erit

537 1958 663 2001 runt
693 1945 746 2000 in
779 1947 1056 2001 excelsum
1088 1958 1151 1995 os
1182 1956 1366 2009 suum,
1399 1949 1455 1993 et
1508 1940 1692 2011 lingua
1723 1952 1911 1993 eorum
1940 1934 2138 1990 transi—
2167 1945 2215 2003 Β
2241 1937 2427 2009 folium
2457 1941 2569 2015 ejus
2592 1938 2754 1993 viride
2791 1936 2934 2011 (sive
2958 1937 3249 1994 ramusculi
3278 1942 3391 2011 ejus
3418 1939 3845 2011 frondentes):et

537 2038 613 2092 vit
636 2053 802 2107 super
832 2048 1059 2090 terram.
1088 2034 1193 2102 Qui
1223 2034 1274 2088 in
1308 2040 1512 2087 tantam
1551 2031 1831 2087 vesaniam
1864 2043 2136 2103 prorupe-

537 2139 689 2201 runt,
716 2141 776 2193 ut
804 2130 906 2184 soli
937 2129 1143 2199 absque
1170 2126 1414 2197 Spiritus
1445 2126 1618 2181 sancti
1650 2127 1828 2195 gratia
1859 2136 2141 2178 remanse-

539 2224 649 2281 rint
676 2267 689 2289 ,
736 2216 789 2279 et
830 2221 1177 2297 perdiderint
1222 2218 1601 2273 ha'reditatem
1639 2216 1875 2283 Domini,
1902 2214 2137 2285 priorem

538 2317 797 2375 videlicet
815 2315 941 2370 lidei
972 2314 1288 2370 veritatem.
1318 2311 1476 2367 Unde
1501 2322 1555 2366 et
1581 2321 1850 2366 aeternum
1868 2304 2037 2380 958
2057 2302 2140 2362 eis

542 2422 766 2484 paratur
790 2408 1130 2476 incendium,
1161 2419 1215 2466 et
1256 2408 1495 2462 servitus
1525 2406 1863 2471 dmmonum,
1895 2404 1983 2477 qui
2013 2409 2141 2456 sunt

541 2504 748 2560 inimici
781 2514 835 2560 et
868 2503 1097 2557 ultores.

613 2599 795 2671 (Vers.
818 2600 873 2666 5,
909 2598 991 2670 6.)
1016 2596 1147 2651 Ha'c
1168 2595 1293 2652 dicit
1319 2593 1575 2649 Dominus
1603 2608 1622 2646 :
1653 2588 1963 2645 Maledictus
1984 2585 2138 2641 homo

538 2695 625 2764 qui
653 2691 868 2762 conﬁdit
901 2690 1042 2760 (sive
1071 2705 1213 2759 spem
1239 2685 1410 2756 habet)
1439 2686 1492 2738 in
1525 2680 1750 2750 homine,
1777 2690 1823 2735 et
1853 2681 1997 2751 ponit
2024 2695 2138 2732 car—

539 2802 653 2839 nem
679 2783 946 2837 brachium
973 2796 1145 2849 suum,
1178 2788 1266 2833 eta
1290 2776 1513 2833 Domino
1538 2774 1729 2830 recedit
1746 2791 1835 2831 cor
1857 2777 1990 2848 ejus.
2023 2766 2140 2827 Erit

539 2879 677 2931 enim
696 2876 843 2944 quasi
868 2874 1058 2946 mgrice
1088 2874 1142 2925 in
1170 2872 1402 2937 deserto,
1437 2878 1485 2923 et
1517 2887 1618 2923 non
1652 2867 1838 2922 videbit
1893 2884 2011 2921 cum
2056 2882 2142 2921 ve-

537 2972 673 3025 nerit
702 2969 931 3037 bonum;
957 2971 1047 3021 sed
1074 2964 1326 3018 habitabit
1366 2964 1421 3016 in
1453 2963 1683 3016 siccitate
1720 2962 1770 3014 in
1802 2960 2033 3027 deserto,
2086 2960 2139 3013 in

538 3081 675 3121 terra
695 3066 980 3136 salsuginis
1013 3075 1058 3118 et
1087 3060 1437 3117 inhabitabili.
1467 3059 1525 3114 Si
1561 3058 1890 3113 maledii-lus
1917 3068 1996 3111 est
2022 3072 2141 3111 om-

538 3166 623 3220 nis
649 3162 837 3228 homo,
866 3160 957 3233 qui
986 3158 1216 3217 conlidit
1246 3158 1299 3211 in
1323 3155 1571 3223 homine,
1603 3154 1803 3210 Paulus
1837 3164 2016 3208 autem
2041 3152 2139 3206 Sa-

538 3265 853 3313 mosatenus
880 3262 936 3309 et
960 3252 1253 3315 Photinus,
1279 3249 1538 3323 quamvis
1564 3258 1811 3303 sanctum
1836 3259 1890 3302 et
1922 3245 2138 3301 cunctis

2241 2032 2292 2084 in
2325 2040 2554 2103 tempore
2595 2031 2743 2102 (sive
2771 2029 2934 2105 anno)
2973 2031 3224 2085 siccitatis
3273 2049 3376 2086 non
3421 2032 3520 2085 erit
3564 2031 3844 2087 sollicitam

2242 2124 2379 2196 (siste
2409 2141 2510 2178 non
2535 2122 2754 2199 timebit)
2777 2141 2870 2178 nec
2892 2124 3177 2193 aliquando
3191 2124 3387 2179 desinet
3409 2128 3587 2197 facere
3596 2126 3839 2198 fructum.

2238 2213 2375 2271 Illud
2402 2218 2471 2272 de
2510 2214 2717 2272 Iudaeis
2749 2217 2950 2271 dictum
2980 2217 3052 2270 sit
3094 2225 3147 2270 et
3181 2217 3496 2285 hmreticis,
3563 2219 3666 2289 qui
3698 2234 3839 2289 spent

2244 2311 2446 2369 habent
2475 2312 2525 2365 in
2552 2311 2795 2377 homine,
2826 2311 2881 2365 in
2912 2310 3130 2365 Christo
3176 2309 3433 2366 videlicet
3483 2327 3592 2367 suo
3619 2356 3634 2377 ,
3691 2326 3839 2378 quem

2243 2424 2350 2462 non
2376 2408 2572 2463 Filium
2611 2408 2736 2475 Dei,
2773 2405 2872 2462 sed
2919 2423 3115 2477 purum
3154 2406 3436 2463 hominem
3488 2417 3688 2478 putant
3733 2423 3843 2464 esse

2241 2510 2555 2558 venturum.
2590 2501 2631 2556 E
2661 2504 2941 2557 contrario
2971 2504 3052 2558 vir
3083 2503 3510 2560 Ecclesiasticus
3538 2550 3554 2571 ,
3590 2505 3688 2577 qui
3719 2521 3843 2560 con-

2242 2596 2359 2651 ﬁdit
2388 2596 2439 2651 in
2465 2594 2717 2664 Domino,
2745 2597 2898 2657 audit
2920 2597 3057 2656 illud
3092 2615 3105 2652 :
3132 2596 3201 2652 Et
3228 2600 3431 2667 scitote,
3464 2601 3719 2668 quoniam
3747 2597 3844 2655 Do—

2243 2692 2415 2746 minus
2433 2693 2543 2762 ipse
2556 2700 2629 2745 est
2644 2688 2783 2745 Deus
2800 2690 2975 2764 (Psal.
3002 2707 3145 2760 XCIV,
3164 2692 3244 2764 '5).
3261 2690 3500 2749 Conlidit
3521 2691 3581 2747 in
3603 2690 3843 2754 Domino,

2242 2792 2296 2838 ct
2329 2782 2408 2838 illi
2440 2783 2585 2853 ligno
2604 2784 3034 2854 comparabitur.
3067 2784 3134 2839 de
3157 2800 3264 2856 quo
3293 2795 3344 2837 ct
3366 2784 3418 2837 in
3445 2787 3631 2856 primo
3650 2784 3842 2855 psalmo

2240 2884 2528 2930 cantatur:
2556 2875 2621 2929 Et
2646 2877 2741 2931 erit
2761 2886 3023 2948 tamquam
3046 2879 3263 2949 lignum,
3292 2877 3433 2947 quod
3458 2878 3759 2946 plantatum
3779 2887 3843 2930 est

2241 2985 2387 3024 secus
2415 2969 2668 3025 decursus
2701 2986 2977 3039 aquarum,
3013 2972 3153 3043 quod
3181 2976 3416 3044 fructum
3449 2988 3610 3027 suum
3643 2974 3775 3027 dabit
3794 2974 3839 3025 in

2244 3077 2466 3135 tempore
2487 3080 2602 3129 suo,
2641 3075 2689 3117 et
2719 3061 2907 3137 [alium
2938 3068 3049 3137 ejus
3077 3082 3179 3119 non
3209 3065 3418 3137 di‘fluet.
3466 3064 3649 3138 Super
3696 3080 3842 3134 aquas

2242 3165 2451 3223 autem,
2471 3154 2707 3226 Spiritus
2721 3157 2891 3211 sancti
2911 3156 3168 3226 gratiam,
3183 3156 3435 3210 diversas
3451 3156 3835 3213 donatione-sb.

2246 3247 2398 3316 Quod
2418 3249 2487 3302 ad
2518 3248 2788 3303 humorem
2811 3250 2969 3303 mittit
2999 3247 3203 3304 radices
3232 3267 3356 3304 suos
3400 3266 3419 3304 :
3454 3259 3516 3305 ut
3543 3268 3574 3304 a
3624 3250 3841 3306 Domino

534 3349 811 3405 excelsum
842 3345 1143 3403 virtutibus
1174 3341 1472 3413 prmdiccnt
1509 3339 1857 3407 Salyatorem
1887 3381 1901 3405 ,
1951 3351 2135 3393 tamen
2165 3332 2209 3394 C
2245 3343 2473 3412 accipiat
2495 3343 2821 3398 ubertatem.
2868 3343 2974 3399 Sed
3004 3355 3060 3398 et
3095 3343 3259 3398 aliter
3316 3360 3619 3414 possumus
3645 3345 3833 3410 dicere,

537 3447 815 3501 hominem
844 3441 1223 3504 conﬁtentur;
1265 3455 1399 3513 ergo
1442 3438 1719 3495 maledicti
1775 3450 1935 3494 erunt
1984 3451 2138 3508 spem

535 3541 805 3597 habentes
835 3540 889 3592 in
924 3537 1174 3595 homine.
1208 3534 1369 3604 Quod
1397 3535 1442 3593 si
1473 3534 1630 3589 nobis
1675 3534 1989 3605 oppositum
2027 3531 2140 3586 lue-

534 3632 627 3694 rit,
657 3629 803 3704 quod
827 3639 883 3685 et
924 3643 1026 3683 nos
1077 3626 1370 3683 credamus
1420 3626 1471 3680 in
1522 3640 1611 3689 eo,
1637 3623 1732 3696 qui
1769 3625 1899 3677 dicit
1933 3642 1944 3676 :
1983 3620 2139 3677 Nunc

532 3731 705 3774 autem
732 3720 966 3791 queritis
996 3735 1076 3771 me
1107 3718 1395 3791 interﬁcere
1431 3718 1709 3778 hominem.
1736 3717 1824 3788 qui
1874 3718 2137 3771 veritatem

533 3814 675 3866 vobis
689 3810 889 3865 locutus
904 3828 1038 3876 sum,
1061 3827 1219 3880 quam
1240 3810 1415 3863 audivi
1438 3827 1470 3862 α
1494 3808 1623 3873 Deo,
1637 3806 1735 3861 hoc
1752 3806 2016 3860 Abraham
2032 3824 2135 3860 non

532 3908 656 3974 fecit
684 3922 703 3959 :
734 3921 822 3958 vos
839 3905 1012 3974 facitis
1035 3902 1149 3976 [Αι.
1173 3901 1387 3975 fecistis]
1417 3919 1572 3969 opera
1588 3903 1750 3972 patris
1777 3902 1930 3955 vestri
1947 3899 2133 3971 (Joan.

532 4014 646 4058 vm.
679 3997 772 4069 40)
806 4015 819 4051 :
854 3996 1314 4067 respondebimus
1363 3995 1493 4049 illud
1541 3994 1982 4065 Apostolicorum
2021 4013 2032 4047 2
2070 3992 2135 4048 Et

530 4095 575 4148 si
605 4091 871 4147 Christum
899 4090 1189 4145 secundum
1221 4105 1429 4143 carnem
1456 4086 1741 4160 aliquando
1774 4086 2131 4165 cognorimus,

531 4186 622 4241 sed
640 4203 780 4240 nunc
794 4188 915 4260 jam
940 4202 1045 4239 non
1074 4185 1327 4239 novimus.
1362 4183 1606 4254 Denique
1644 4182 1787 4237 idem
1839 4181 2134 4253 Apostolus

534 4281 584 4332 in
623 4275 893 4349 principio
920 4275 1183 4346 Epistolas
1212 4290 1327 4329 sum
1350 4272 1544 4328 scribit
1578 4273 1646 4328 ad
1696 4270 1917 4328 Galatas
1945 4290 1958 4324 :
1989 4268 2136 4327 Pau-

532 4372 616 4426 lus
648 4370 924 4442 Apostolus
948 4383 1056 4427 non
1082 4368 1146 4423 ab
1173 4366 1469 4422 hominibus
1512 4364 1624 4447 [AL
1672 4364 1923 4441 homine],
1972 4382 2135 4437 neque

531 4480 626 4535 per
658 4463 939 4529 hominem,
987 4461 1078 4517 sed
1098 4479 1188 4535 per
1211 4457 1394 4517 Iesum
1418 4461 1699 4530 Christum,
1728 4470 1775 4515 et
1807 4459 1975 4517 Deum
2021 4458 2129 4515 Pa-

530 4569 679 4620 trem,
711 4559 799 4627 qui
828 4557 1100 4611 suscitavit
1126 4571 1243 4610 eum
1264 4572 1295 4609 a
1322 4555 1563 4623 mortuis,
1595 4562 1646 4608 et
1664 4555 1754 4625 qui
1784 4570 1981 4609 mecum
2011 4564 2132 4610 sunt

526 4665 703 4705 omnes
725 4654 913 4721 fratres
930 4647 1137 4722 (Galat.
1167 4665 1203 4713 ι,
1233 4648 1283 4714 1,
1312 4646 1395 4721 2).
1420 4648 1475 4703 Si
1504 4649 1649 4702 enim
1687 4663 1834 4703 mors
1871 4647 2129 4719 absorpta

2242 3436 2384 3506 quod
2408 3435 2476 3490 de
2504 3438 2754 3491 siccitate
2782 3436 3006 3513 Judaica
3041 3437 3291 3492 translati
3332 3439 3511 3496 simus
3556 3439 3617 3493 in
3682 3439 3840 3510 bapti-

2243 3530 2433 3582 smatis
2462 3530 2692 3599 gratiam
2725 3530 3141 3603 sempiternam.
3171 3524 3237 3583 Et
3268 3548 3403 3596 non,
3460 3528 3667 3602 inquit,
3704 3533 3837 3585 time-

2240 3620 2335 3685 bit,
2363 3637 2479 3674 cum
2506 3621 2696 3676 venerit
2728 3632 2905 3685 tostus,
2934 3623 3019 3676 vel
3055 3632 3272 3695 tempus
3304 3626 3726 3693 persecutionis,
3759 3623 3837 3678 vel

2240 3713 2358 3768 dies
2383 3715 2571 3789 jndicii
2609 3734 2621 3769 :
2654 3712 2720 3769 Et
2749 3717 2842 3769 erit
2873 3717 3062 3788 folium
3092 3720 3207 3793 ejus
3234 3717 3403 3771 viride
3425 3760 3441 3785 ,
3473 3719 3595 3773 sive
3623 3715 3833 3772 eruntin

2239 3823 2301 3861 eo
2332 3809 2616 3865 ramuscull
2651 3809 2955 3880 frondentes
2981 3825 3000 3863 :
3030 3819 3088 3864 ut
3111 3826 3404 3881 numquam
3447 3812 3646 3866 timeat
3692 3809 3834 3867 sicci-

2240 3905 2403 3953 tatem
2426 3943 2441 3967 ,
2477 3900 2570 3954 sed
2601 3910 2919 3957 cunctarum
2969 3900 3231 3956 virtutum
3263 3904 3535 3973 germinet
3588 3903 3827 3975 gratiam.

2239 3988 2484 4062 Cumque
2506 4001 2745 4060 tempus,
2781 3992 2897 4048 sive
2929 4009 3126 4058 annus,
3163 3994 3380 4050 venerit
3406 3996 3705 4061 siccitatis,
3735 4008 3830 4049 non

2239 4092 2467 4152 metuet,
2501 4085 2719 4157 quando
2751 4085 3012 4141 Dominus
3044 4087 3217 4142 iratus
3272 4087 3628 4144 mandaverit
3682 4085 3826 4143 nubi-

2240 4178 2361 4248 bus,
2399 4195 2469 4235 ne
2502 4180 2692 4249 pluant
2725 4195 2891 4251 super
2917 4180 3085 4237 lsrael
3113 4180 3524 4255 imbremf(Isai.
3554 4184 3638 4254 v).
3668 4180 3828 4253 Quod-

2236 4290 2342 4345 que
2368 4276 2650 4345 sequitur:
2677 4293 2769 4330 nec
2785 4276 2986 4330 desinet
3014 4276 3183 4348 facere
3205 4279 3456 4349 fructum,
3486 4288 3509 4316 ε
3535 4278 3672 4333 illud
3690 4278 3823 4333 locus

2236 4367 2330 4439 qui
2355 4367 2407 4424 in
2440 4366 2622 4424 Marco
2651 4369 2891 4439 scriptus
2919 4378 3025 4433 est,
3056 4369 3198 4441 quod
3232 4371 3443 4426 venerit
3476 4371 3740 4428 Dominus
3764 4367 3823 4423 ad

2238 4460 2426 4528 licum,
2456 4471 2511 4517 et
2542 4480 2648 4517 non
2674 4463 2953 4519 invenerit
2982 4464 3032 4519 in
3065 4480 3127 4520 ea
3157 4462 3413 4530 fructum,
3438 4467 3563 4536 quia
3594 4466 3821 4523 nondum

2235 4564 2354 4608 erat
2384 4564 2621 4624 tempus,
2654 4565 2709 4610 et
2741 4556 3086 4612 maledixerit
3113 4557 3181 4623 ei,
3218 4566 3278 4613 ut
3306 4558 3521 4615 fructus
3542 4574 3655 4613 non
3675 4559 3824 4614 iaciat

2233 4643 2287 4700 in
2318 4654 2603 4711 aeternum,
2633 4663 2908 4718 exponere
2940 4649 3134 4720 poterit
3190 4649 3383 4724 (.ilarc.
3421 4650 3521 4725 st).
3547 4652 3650 4722 Qui
3675 4652 3812 4708 enim

526 4752 609 4798 est
641 4744 693 4796 in
720 4720 952 4797 victoria
980 4742 1125 4813 (Use.
1161 4739 1275 4811 15),
1309 4720 1479 4811 quare
1512 4756 1620 4795 non
1670 4741 1855 4795 carnis
1903 4736 2129 4795 humili-
2155 4720 2210 4780 D
2235 4738 2460 4794 conlidit
2487 4739 2539 4794 in
2571 4738 2837 4809 Domino,
2887 4754 2943 4798 et
2979 4720 3242 4799 Dominus
3300 4757 3387 4800 est
3440 4720 3638 4803 liducia
3689 4747 3815 4817 ejus,

532 4846 638 4900 tas,
671 4852 794 4905 qua:
824 4846 1053 4909 propter
1085 4836 1379 4889 humanam
1407 4834 1637 4888 salutem
1684 4844 1968 4905 assumpta
2016 4841 2125 4901 est,

530 4930 587 4984 in
646 4927 955 4987 divinitatis
1016 4927 1297 4985 transierit
1359 4926 1745 4995 rnajestatem,
1808 4935 1869 4981 ut
1932 4920 2131 4985 fecerit

534 5032 825 5090 utrumque
853 5033 1057 5086 unum;
1090 5027 1146 5075 et
1174 5035 1281 5075 non
1310 5018 1610 5075 adoremus
1639 5025 1970 5082 creaturam,
2026 5017 2126 5074 sed

529 5115 870 5187 Creatorem,
898 5116 989 5186 qui
1013 5124 1097 5170 est
1115 5111 1441 5173 benedictus
1489 5114 1543 5172 in
1577 5114 1819 5170 saecula?
1870 5112 2128 5169 Maledic-

524 5226 616 5269 tus
641 5221 725 5269 est
756 5211 943 5281 igitur,
977 5224 1083 5267 non
1114 5209 1291 5269 solum
1318 5210 1411 5279 qui
1458 5225 1611 5284 spem
1643 5207 1812 5269 habet
1842 5209 1896 5265 in
1943 5207 2123 5267 homi-

523 5321 615 5369 ne,
649 5303 746 5360 sed
771 5303 867 5374 qui
897 5301 1050 5373 ponit
1079 5316 1302 5357 carnem
1329 5302 1612 5357 bracltium
1640 5316 1836 5369 suum,
1895 5300 1949 5355 id
1994 5310 2078 5355 est
2103 5340 2119 5365 ,

523 5396 898 5453 fortitudinem
926 5408 1106 5463 snam,
1139 5404 1194 5450 et
1225 5395 1490 5469 quidquid
1515 5395 1717 5468 egerit,
1746 5402 1851 5453 non
1902 5393 2123 5449 Domini

517 5489 851 5555 clementiae,
881 5487 978 5547 sed
1004 5503 1117 5543 sua:
1131 5488 1406 5560 putaverit
1430 5503 1552 5548 esse
1576 5488 1820 5547 virtutis.
1847 5485 1949 5557 Qui
1979 5486 2124 5543 enim

520 5580 625 5638 hoc
652 5583 785 5652 agit,
814 5596 848 5635 a
891 5580 1128 5635 Domino
1168 5581 1379 5637 recedit
1406 5596 1508 5638 cor
1553 5581 1704 5653 eius,
1755 5596 2015 5641 asserens
2065 5596 2126 5637 se

593 5702 616 5768 ς’
647 5688 1213 5768 hiss.._eri_t_quin_us
1244 5692 1460 5768 ﬁducia,
1485 5695 1590 5768 sive
1614 5712 1750 5768 spes.

587 5760 615 5798 δ
636 5756 885 5845 ,εειρριιξι
906 5760 1104 5826 Vatic.,
1138 5756 1413 5845 intelligo:
1441 5756 1535 5835 qui
1561 5779 1617 5823 et
1634 5756 1793 5838 paulo
1818 5778 1941 5845 post
1961 5790 2115 5833 cura-

517 5832 672 5889 tionis
696 5829 882 5895 bahet,
917 5846 1013 5898 pro
1042 5829 1434 5899 persecutionis.

2233 4834 2397 4888 etiam
2429 4832 2483 4887 in
2530 4842 2779 4903 tempore
2830 4834 3068 4891 Judaicm
3117 4836 3378 4892 siccitatis
3428 4856 3538 4893 non
3591 4848 3816 4901 metuet;

2232 4922 2328 4981 sed
2358 4941 2576 4995 semper
2605 4925 2794 4987 alieret
2826 4926 3084 4996 fructum,
3109 4929 3347 4986 credens
3370 4929 3424 4986 in
3457 4947 3604 4999 eum,
3630 4931 3719 5003 qui
3745 4945 3816 4986 se-

2232 5017 2338 5073 mel
2370 5032 2470 5088 pro
2493 5019 2651 5073 nobis
2682 5029 2931 5075 mortuus
2954 5029 3076 5087 est,
3110 5031 3166 5076 et
3224 5022 3366 5076 ultra
3423 5039 3533 5078 non
3595 5023 3816 5079 moritur

2228 5108 2408 5187 (Rom.
2442 5111 2538 5185 vr),
2570 5121 2627 5168 et
2653 5112 2788 5170 dit-it
2816 5131 2827 5166 :
2860 5112 2968 5186 Ego
2998 5130 3112 5169 sum
3136 5116 3240 5169 vita
3271 5113 3456 5186 (Joan.
3493 5132 3607 5184 xw,
3634 5114 3714 5189 6).

2303 5204 2483 5278 (Vers.
2522 5204 2577 5273 9,
2612 5202 2728 5275 10.)
2762 5203 2993 5262 Pravum
3014 5217 3088 5261 est
3116 5223 3204 5263 cor
3231 5210 3465 5264 omnium
3495 5208 3609 5282 [AL
3657 5206 3811 5263 banti-

2228 5298 2398 5371 num],
2426 5311 2473 5354 et
2504 5299 2860 5365 inscrutabile,
2886 5302 3004 5372 quis
3030 5312 3306 5374 cognoscet
3328 5301 3463 5356 illud
3484 5304 3511 5358 t
3563 5301 3671 5373 Ego
3713 5298 3809 5354 Do-

2228 5394 2400 5453 minus
2420 5403 2662 5449 scrutans
2684 5409 2792 5456 cor,
2816 5404 2864 5447 et
2887 5393 3112 5464 probans
3137 5411 3307 5458 renes,
3332 5396 3424 5466 qui
3450 5396 3519 5449 tto
3542 5396 3807 5463 unicuique

2217 5489 2376 5560 juxta
2398 5487 2507 5543 vias
2536 5504 2680 5553 suas,
2712 5496 2761 5543 et
2781 5490 2943 5562 juxta
2974 5490 3203 5561 fructum
3241 5488 3671 5546 adinventionum
3695 5502 3803 5543 sua-

2225 5595 2365 5634 rum.
2397 5578 2540 5635 LXX
2566 5598 2577 5633 :
2612 5578 2946 5652 Profundum
2972 5590 3049 5637 est
3067 5598 3158 5637 cor
3178 5599 3341 5651 super
3368 5584 3566 5650 omnia,
3594 5593 3640 5638 et
3662 5581 3800 5634 homo

2295 5700 2317 5729 ο
2359 5691 2451 5767 Sic
2481 5706 2642 5757 mss.,
2672 5692 2806 5748 illud
2830 5694 2977 5767 locus
3004 5695 3116 5767 qui,
3148 5703 3255 5753 etc.
3291 5695 3500 5754 Victor.
3532 5706 3709 5755 autem
3741 5690 3797 5753 ίιρ

2217 5760 2328 5818 tum
2351 5760 2523 5817 locum
2547 5778 2611 5819 es
2639 5776 2772 5839 mss.
2796 5763 2938 5821 aliis.
