3972 6348
200 380 335 440 789

715 384 1366 444 COMMENTARIORUM
1407 386 1474 444 ΙΝ
1513 385 1867 446 JEREMIAM
1907 384 2335 448 PROPHETAM
2377 391 2506 448 LIB.
2549 390 2639 448 ill.
2683 390 2838 449 CAP.
2880 393 3044 451 XVII.

3421 394 3528 452 790

206 511 326 587 est,
348 500 466 575 quis
485 506 758 575 cognoscet
777 488 1380 575 eum?et960c.ctcra
1395 492 1829 561 similiterWer-
1862 504 1900 564 ,Χ
1935 504 2148 570 leverit,
2187 500 2407 565 avolare
2432 504 2502 569 ab
2523 514 2620 573 eo,
2671 514 2729 562 et
2765 508 3000 564 alienum
3041 510 3322 580 parentem
3358 508 3528 580 relin-

212 594 360 651 bum
403 594 725 651 Hebraicum
761 594 951 665 (imm)
983 611 1116 651 suos
1145 609 1382 668 quatuor
1410 588 1603 659 litteris
1632 597 1830 654 scribi-

204 675 339 757 ‘tur,
359 702 532 742 nera
554 695 606 741 et
634 700 739 741 tum
767 697 821 740 et
847 703 945 743 vw
968 698 1022 742 et
1042 704 1145 745 ειη.
1173 688 1229 744 Si
1254 686 1421 761 igitur
1440 678 1652 761 legatur
1671 706 1826 765 suos,

208 778 383 833 homo
406 779 625 845 dicitur,
659 778 705 834 si
733 790 911 835 autem
941 798 1097 851 suos,
1128 782 1480 851 inscrutabile,
1507 786 1623 841 sive
1644 785 1828 859 despe-

210 869 393 925 rabile
426 888 444 924 :
468 887 536 925 eo
564 870 708 941 quod
743 873 924 933 nullus
948 889 1045 931 cor
1076 873 1357 931 hominum
1390 878 1570 934 valeat
1619 878 1832 934 inveni-

214 979 311 1019 re.
347 964 707 1043 Symmachus
741 970 870 1021 vero
903 966 1049 1022 hunc
1092 969 1269 1025 locum
1320 970 1392 1025 ita
1439 971 1830 1043 interpretatus

214 1064 312 1114 'est
348 1077 359 1112 :
397 1052 751 1114 Inscrutabile
778 1076 868 1113 cor
897 1062 1127 1116 omnium
1156 1079 1175 1116 :
1203 1063 1281 1117 uir
1303 1073 1475 1118 autem
1504 1064 1618 1136 quis
1644 1077 1718 1119 est
1742 1064 1832 1137 qui

207 1141 456 1206 inveniat
487 1152 671 1207 illud?
699 1152 889 1210 Solent
929 1162 954 1190 ⁸
993 1154 1211 1230 quidam
1261 1158 1473 1231 nostri,
1517 1156 1664 1213 bono
1704 1159 1828 1229 qui-

216 1245 355 1305 dem
381 1255 529 1315 voto,
563 1245 660 1304 sed
692 1264 801 1304 non
831 1248 1130 1304 secundum
1155 1250 1564 1319 scientiam,uti
1591 1252 1831 1309 ltocloco

210 1333 423 1391 contra
449 1326 690 1402 intimos,
726 1341 872 1408 quod
903 1338 1068 1394 homo
1093 1340 1169 1394 sit
1209 1339 1472 1395 Dominus
1503 1350 1668 1410 atque
1713 1341 1832 1398 Sal-

222 1437 413 1493 vator,
447 1429 749 1485 secundum
782 1430 1255 1501 dispensationem
1290 1433 1467 1488 carnis
1511 1440 1830 1509 assumptus,

221 1523 523 1594 nullusque
549 1522 1041 1594 possitnativitatis
1060 1526 1180 1593 ejus
1210 1527 1356 1585 scire
1382 1522 1833 1598 mysterium,se-

216 1615 467 1671 cundum
501 1610 638 1671 illud
666 1616 810 1689 quod
837 1618 1105 1688 scriptum
1140 1627 1223 1674 cst
1259 1635 1271 1672 :
1296 1615 1695 1674 Generationem
1717 1621 1830 1693 ejus

220 1711 345 1781 quis
371 1707 636 1764 enarrabit
658 1706 813 1781 (Isat'.
847 1723 962 1780 Lm,
987 1709 1093 1779 8)?
1124 1709 1228 1766 nisi
1252 1712 1406 1766 solus
1441 1711 1583 1767 Deus
1624 1712 1715 1782 Qui
1743 1727 1832 1766 ar-

221 1819 363 1857 cana
394 1803 646 1869 rimatur,
680 1813 735 1859 et
762 1800 941 1858 reddit
976 1803 1271 1875 unicuique
1317 1803 1620 1859 secundum
1662 1818 1829 1875 opera

1932 616 2122 672 quere.
2147 590 2529 672 liujuscemodi
2551 592 2748 658 divites
2775 607 2920 669 sunt,
2935 603 3026 679 qui
3043 604 3219 681 aliena
3238 592 3523 676 diripiunt,

1932 704 1986 750 et
2012 695 2215 767 absque
2244 695 2574 766 cogitatione
2608 684 2714 769 [ΑΙ.
2750 690 3164 773 recogitatione]
3188 698 3377 769 iudicii
3402 692 3526 769 Dei,

1934 788 2139 843 faciunt
2171 789 2391 851 divitias
2421 806 2527 846 non
2560 806 2681 850 cum
2708 792 3083 864 judicio,quas
3106 793 3158 848 in
3187 791 3369 853 medio
3398 794 3531 849 tem-

1934 896 2067 957 pore
2097 882 2433 965 relinquunt,
2467 884 2642 939 subita
2676 895 2853 943 morte
2879 880 3534 965 sulitractl[Al.substra-

1930 952 2017 1047 ti],
2048 952 2269 1044 quando
2302 952 2505 1030 dicitur
2547 976 2627 1032 eis
2660 994 2674 1032 :
2709 974 2884 1037 Stulte
2910 1019 2925 1047 ,
2972 976 3072 1032 hac
3112 952 3261 1031 nocte
3296 976 3530 1045 repetent

1933 1068 2163 1125 animum
2187 1078 2330 1122 tuam
2357 1086 2389 1122 a
2422 1079 2487 1139 te,
2512 1085 2627 1141 qua:
2655 1080 2827 1124 autem
2847 1070 3181 1142 praeparasti,
3209 1076 3357 1147 cujus
3379 1080 3532 1126 erunt

1934 1153 2090 1232 (Luc.
2127 1174 2224 1225 xu,
2254 1157 2397 1231 20)?
2445 1160 2689 1231 nihilque
2743 1159 3096 1231 insipientius
3130 1204 3146 1230 ,
3208 1178 3370 1235 quam
3417 1178 3529 1218 non

1937 1248 2229 1321 providere
2278 1249 2570 1311 novissima
2601 1294 2615 1317 ,
2668 1261 2724 1308 et
2778 1242 2964 1309 brevia
3003 1261 3197 1325 putare
3249 1265 3527 1329 perpetua.

1932 1338 2042 1397 Alii
2084 1358 2215 1399 vero
2247 1354 2301 1400 et
2330 1350 2556 1418 propter
2590 1344 2929 1417 superiorem
2957 1347 3240 1404 historiam
3268 1392 3283 1415 ,
3315 1356 3372 1403 et
3402 1364 3531 1419 pro-

1936 1445 2056 1506 pter
2084 1432 2310 1492 alteram
2335 1454 2436 1508 qua
2467 1436 2685 1500 dicunt,
2713 1436 2989 1515 perdicem
3035 1453 3159 1496 esse
3193 1440 3533 1512 pugnacissi-

1937 1546 2081 1584 mum
2110 1538 2163 1584 et
2187 1530 2549 1597 immundum,
2575 1528 2650 1585 ita
2676 1541 2734 1585 ut
2756 1524 2959 1589 victum
2985 1532 3217 1607 polluat,
3252 1528 3530 1589 diabolum

1936 1622 2038 1677 sub
2060 1620 2180 1693 ejus
2209 1621 2431 1679 nomine
2459 1622 2926 1693 interpretantur,
2983 1623 3128 1696 quod
3167 1625 3375 1687 alienas
3425 1624 3532 1681 sibi

1935 1712 2160 1771 divitias
2185 1715 2535 1787 congregarit
2561 1712 2754 1772 dicens
2784 1717 2851 1771 ad
2895 1713 3187 1773 Dominum
3216 1737 3228 1772 :
3264 1714 3390 1783 Hac
3420 1731 3535 1777 om-

1934 1809 2023 1861 nia
2047 1808 2139 1862 tibi
2164 1807 2320 1872 dabo,
2346 1809 2391 1862 si
2413 1807 2604 1863 cadens
2628 1804 2929 1864 aderaveris
2956 1826 3038 1864 me
3078 1804 3296 1885 (Matth.
3344 1828 3422 1879 tv,
3448 1810 3530 1889 9).

225 1913 357 1953 sua.
398 1892 591 1953 Melius
621 1906 804 1952 autem
845 1904 932 1953 est
954 1941 968 1965 ,
1001 1904 1059 1952 nt
1090 1897 1418 1966 simpliciter
1458 1896 1790 1971 accipiamus
1815 1938 1832 1966 ,
1867 1888 1911 1952 Β
1940 1900 2112 1969 Quem
2144 1902 2456 1974 relinquent
2478 1900 2682 1957 divitiw
2714 1917 2849 1970 suae,
2879 1918 3001 1973 qua:
3039 1903 3180 1960 male
3202 1898 3270 1959 ab
3292 1920 3363 1961 eo
3417 1892 3536 1961 iue-

229 1988 380 2063 quod
412 1990 593 2046 nullus
622 1990 1017 2062 cogitationum
1045 1999 1262 2046 secreta
1286 1998 1582 2061 cognoscat
1607 1989 1708 2045 nisi
1741 2007 1833 2045 so-

224 2085 317 2141 lus
350 2082 492 2145 Deus
519 2103 530 2138 :
560 2081 780 2140 dixerat
822 2084 966 2138 enim
1000 2099 1199 2156 supra:
1227 2082 1542 2139 Maledictus
1561 2082 1715 2140 homo
1740 2084 1830 2155 qui

227 2195 377 2248 spem
409 2176 558 2231 habet
580 2176 632 2235 in
664 2175 892 2232 homine.
927 2174 997 2232 Et
1021 2193 1051 2232 e
1082 2178 1359 2235 contrario
1390 2196 1401 2231 :
1431 2175 1831 2234 Benedictuseir

228 2272 322 2343 qui
359 2264 575 2341 conﬁdit
605 2271 659 2324 in
687 2268 929 2324 Domino.
957 2262 1112 2325 Unde
1157 2286 1226 2325 ne
1270 2261 1554 2326 hominum
1604 2281 1828 2349 putare-

239 2378 363 2418 mus
390 2368 603 2418 certum
632 2378 755 2417 esse
775 2361 1040 2437 judicium
1062 2404 1079 2430 ,
1113 2356 1326 2433 intulit,
1359 2363 1599 2418 omnium
1635 2378 1830 2433 ιιι-ορθ-

234 2455 458 2512 n‘todum
485 2456 651 2511 cor‘da‘
681 2462 805 2512 esse
828 2468 1116 2527 perversa,
1148 2455 1361 2511 dieente
1393 2450 1677 2511 Psalmista
1707 2473 1720 2509 :
1754 2448 1828 2511 Αὺ

228 2547 454 2602 occultis
475 2547 601 2602 meis
633 2547 828 2601 munda
856 2563 957 2615 me,
988 2557 1039 2601 et
1062 2546 1126 2600 ab
1151 2536 1335 2601 alienis
1378 2563 1532 2617 parre
1570 2563 1715 2602 serto
1743 2552 1831 2601 tuo

232 2636 411 2710 (Psal.
442 2648 599 2707 svnt,
626 2635 716 2711 l5)
749 2632 932 2693 :baud
964 2636 1188 2693 dubium
1221 2638 1352 2709 quin
1384 2636 1825 2709 cegitationihus.

233 2732 303 2789 Et
331 2735 383 2788 in
411 2732 611 2789 Genesi
644 2752 655 2787 :
690 2726 887 2787 Viden:
917 2741 1086 2786 autem
1119 2720 1260 2786 Deus
1284 2730 1425 2803 quod
1474 2730 1641 2786 multa
1678 2730 1830 2785 mali-

230 2826 307 2880 tia
352 2823 627 2880 hominum
668 2834 798 2880 esset
827 2826 882 2879 in
906 2830 1064 2889 terra,
1097 2832 1144 2879 et
1173 2828 1362 2879 cuncta
1384 2824 1630 2895 cogitatio
1657 2823 1828 2880 cordis

229 2923 427 2976 intenta
454 2932 583 2976 esset
611 2918 681 2974 ad
708 2921 903 2974 malum
936 2919 1076 2973 omni
1114 2928 1338 2991 tempore
1362 2914 1578 2987 (Cenes.
1622 2934 1671 2973 vt
1699 2963 1714 2987 ,
1747 2916 1824 2990 5).

233 3014 302 3069 Εῑ
322 3015 523 3069 iterum
560 3031 572 3067 :
604 3012 802 3069 Sensus
832 3011 966 3066 enim
993 3016 1040 3065 et
1061 3010 1306 3083 cogitatio
1338 3010 1551 3065 humani
1575 3010 1745 3065 cordis
1763 3005 1827 3065 ab

230 3105 587 3160 adolescentia
610 3122 704 3159 sua
727 3120 890 3174 prona
909 3115 1026 3158 sunt
1053 3099 1107 3156 in
1124 3103 1317 3157 nmium
1334 3096 1543 3175 (Cenes.
1568 3118 1681 3173 vttt,
1703 3096 1823 3175 2i).

230 3197 336 3253 Per
356 3212 476 3269 qua:
520 3197 783 3253 discimus
823 3198 997 3252 solum
1037 3192 1207 3251 Deum
1258 3204 1423 3251 ttoSse
1467 3194 1825 3266 cogitationes

1934 2003 2059 2050 rant
2095 2000 2473 2066 cnngrcgatae;
2525 2000 2582 2050 et
2639 2012 2736 2064 per
2790 1992 3091 2066 Apostolus
3138 2000 3538 2053 convertentur

1939 2084 2049 2157 [ΑΙ.
2078 2082 2451 2159 revertentur]
2488 2078 2555 2141 ad
2598 2086 2887 2142 Dominum
2924 2106 2937 2141 :
2966 2097 3022 2143 et
3052 2088 3143 2167 qui
3173 2086 3275 2144 sibi
3313 2089 3538 2144 videba-

1938 2184 2025 2232 tur
2050 2192 2175 2233 esse
2202 2172 2682 2249 prudentissimus,
2707 2178 2815 2234 erit
2855 2180 3101 2234 omnium
3137 2178 3348 2252 judicio
3399 2178 3537 2236 insi-

1933 2272 2109 2341 piens.
2143 2262 2408 2341 Quodque
2428 2276 2457 2323 n
2482 2264 2629 2326 LXX
2665 2266 2867 2326 dicitur
2892 2278 2904 2327 :
2934 2270 3192 2328 Clantduit
3221 2271 3429 2343 perdix,
3461 2273 3531 2329 ad
3567 2280 3574 2293 ‘

1934 2364 2318 2421 haereticorum
2354 2377 2641 2434 personam
2674 2362 3024 2420 referendum
3053 2372 3173 2432 est,
3204 2360 3349 2437 quod
3409 2381 3535 2435 per-

1933 2457 2026 2512 dix
2059 2456 2161 2512 iste
2183 2455 2438 2511 diabolus
2465 2452 2782 2511 clamaverit
2814 2464 2907 2526 per
2941 2454 3213 2527 principes
3242 2450 3537 2513 haeretico-

1933 2560 2076 2615 rum,
2095 2554 2149 2602 ct
2162 2560 2427 2620 congrege
2436 2539 2577 2604 verit
2598 2555 2718 2620 qiue
2737 2554 2844 2603 noti
2858 2549 3093 2619 peperit,
3110 2558 3164 2604 et
3179 2547 3531 2620 deceptorum

1931 2639 2040 2697 sibi
2067 2639 2475 2696 multitudinem
2505 2640 2878 2711 congregarit,
2905 2652 3025 2710 quae
3066 2646 3253 2713 pestea
3296 2641 3538 2697 dimittat

1930 2750 2053 2791 eum
2087 2753 2100 2790 :
2130 2740 2184 2791 et
2206 2733 2446 2790 omnium
2473 2730 2679 2805 judicio
2704 2732 3065 2790 stultissimus
3090 2734 3500 2805 comprobetur.

2003 2822 2182 2894 (νει-ε.
2210 2822 2298 2893 η,
2316 2825 2433 2897 13.)
2458 2821 2666 2882 Solium
2686 2826 2867 2900 gloria:
2886 2822 3177 2879 altitudinis
3193 2832 3225 2877 α
3247 2814 3533 2895 principio,

1931 2922 2076 2976 locus
2107 2918 2542 2991 sanctiﬁcationis
2585 2928 2796 2974 nostrae.
2830 2910 3164 2990 Exspe'c‘talio
3209 2910 3399 2983 lsi-del,
3425 2908 3537 2971 Do-

1927 3013 2087 3080 mine,
2116 3029 2292 3069 omnes
2321 3014 2413 3085 qui
2442 3024 2490 3067 te
2524 3010 2907 3082 derelinquunt,
2951 3006 3356 3077 confundentur,
3396 3016 3536 3063 rece-

1930 3106 2126 3173 dentes,
2155 3114 2177 3145 ο
2198 3107 2407 3159 interra
2421 3096 2831 3176 scribenturlAl.
2856 3097 3237 3174 describantur]
3255 3116 3274 3167 ;
3292 3099 3536 3172 quoniam

1890 3265 1893 3268 ἠ
1929 3196 2309 3268 dereliquerunl
2330 3213 2513 3253 venam
2543 3197 2693 3270 (sive
2722 3192 2950 3268 fantem)
2975 3204 3229 3268 aquarum
3260 3182 3536 3249 uiuentium

231 3302 443 3344 corum.
472 3287 529 3344 Si
562 3294 742 3342 autem
767 3287 833 3342 de
850 3282 1134 3343 Salvatore
1161 3285 1359 3342 dicitur
1386 3303 1402 3343 :
1442 3283 1631 3340 Viden:
1652 3294 1826 3341 autem
1850 3278 1898 3345 C
1936 3287 2228 3342 Dominum.
2260 3285 2487 3343 Perdice
2511 3274 2733 3356 propter
2755 3296 2905 3338 suam
2925 3278 3214 3337 stultitiam
3239 3276 3531 3347 derelicta,

228 3381 567 3452 cegitationes
593 3392 771 3436 earum
801 3379 951 3434 Iesus
976 3377 1130 3452 (Luc.
1164 3388 1242 3446 tit,
1269 3376 1384 3451 ii);
1419 3378 1709 3451 nullusque
1732 3394 1828 3453 po-

230 3482 338 3530 test
362 3472 548 3529 videie
578 3472 937 3543 cogitationes
953 3484 1168 3539 eorum,
1195 3469 1299 3527 nisi
1326 3472 1477 3527 solus
1497 3471 1672 3539 Deus;
1696 3484 1828 3543 ergo

230 3562 485 3621 Christus
516 3564 661 3620 Deus
683 3571 789 3632 est,
821 3563 917 3634 qui
952 3571 1228 3619 scrutatur
1269 3562 1467 3633 corda,
1528 3572 1583 3619 Et
1636 3564 1829 3633 probat

231 3672 430 3723 renes;
457 3670 509 3716 et
529 3656 703 3714 reddit
724 3658 1184 3730 unicuiqnejtma
1212 3666 1376 3730 opera
1402 3666 1497 3714 sua
1522 3652 1822 3732 (Psal.vu).

301 3754 486 3827 (Vers.
516 3751 633 3825 11.)
662 3751 860 3809 Pet-dia:
884 3752 1013 3823 fouit
1036 3753 1175 3826 (sive
1199 3752 1554 3825 congregavit)
1579 3762 1694 3825 qtae
1721 3766 1825 3808 non

232 3846 445 3919 peperit.
471 3843 569 3917 (Et
601 3848 658 3900 ul
691 3841 831 3900 LXX
862 3838 1299 3900 transtulerunt:
1325 3842 1580 3899 Clamauit
1618 3844 1825 3917 perdix,

231 3939 564 4014 congregavit
598 3952 714 4009 qua:
745 3954 849 3992 non
880 3937 1131 4011 peperit.)
1171 3934 1317 3991 Fecit
1356 3935 1564 3992 diuitias
1604 3952 1726 3998 suas
1760 3936 1828 4010 [A

240 4031 565 4102 Vulg.abest
591 4028 738 4103 suas]
766 4042 868 4083 non
894 4042 1008 4083 cum
1031 4029 1259 4102 judicio.
1299 4027 1362 4081 In
1391 4028 1607 4083 dimidio
1628 4028 1828 4083 dierum

234 4136 443 4179 suorum
474 4123 730 4193 relinquet
759 4137 848 4176 eas
872 4121 1011 4194 (sive
1039 4122 1091 4175 in
1121 4120 1340 4175 dimidio
1372 4122 1575 4176 dierum
1603 4125 1717 4195 ejus
1746 4139 1829 4178 re-

232 4217 463 4288 linquent
489 4216 627 4287 eum)
650 4222 700 4270 et
720 4215 777 4270 in
801 4217 1080 4270 nouissimo
1100 4229 1195 4269 suo
1233 4214 1328 4269 erit
1360 4215 1634 4285 insipiens.
1658 4214 1831 4273 Aiunt

231 4307 537 4377 Scriptores
569 4307 834 4363 naturalis
857 4306 1123 4374 historiae,
1154 4314 1266 4362 tam
1303 4307 1604 4363 bestiarum
1651 4319 1705 4365 et
1732 4326 1827 4366 vo-

232 4401 468 4470 lucrum,
494 4410 658 4473 quam
682 4400 939 4455 orbarum
964 4400 1366 4471 herbarumque
1397 4400 1654 4473 (quorum
1677 4404 1828 4474 prin-

229 4497 380 4567 cipes
394 4504 524 4550 sunt
541 4494 685 4566 apud
702 4494 945 4560 Grmcos,
970 4494 1295 4549 Aristoteles
1314 4502 1370 4549 et
1389 4492 1824 4567 Theophrastus,

232 4589 371 4659 apud
386 4600 488 4642 nos
500 4587 706 4643 Plinius
730 4585 1061 4657 Secundus),
1077 4585 1220 4642 hanc
1236 4584 1263 4625 δ
1280 4585 1514 4657 perdicis
1533 4600 1653 4645 csse
1665 4590 1826 4665 961

233 4688 508 4743 naturam,
543 4687 605 4735 ut
630 4690 734 4734 ora
765 4677 994 4733 ulterius
1025 4678 1278 4747 pet-dicis,
1308 4672 1361 4734 id
1390 4688 1494 4743 est,
1525 4677 1703 4737 aliena
1734 4681 1822 4738 ln-

232 4779 405 4839 retur,
437 4780 496 4825 et
518 4771 602 4827 eis
633 4769 849 4827 incubet
882 4769 1172 4841 foveatque
1199 4787 1212 4823 :
1246 4780 1479 4842 eumque
1502 4770 1645 4828 {eius
1694 4773 1825 4828 ado-

302 4963 329 4992 α
360 4952 441 5009 Ex
476 4952 562 5008 his
585 4952 969 5027 Tertullianns
1011 4964 1119 5007 non
1149 4953 1353 5027 uno_in
1402 4953 1524 5009 loco
1551 4972 1565 5010 :
1590 4954 1822 5027 Cypria.

232 5042 332 5081 nus
352 5026 448 5082 lib.
484 5041 520 5081 ιι
535 5025 749 5098 advers.
769 5023 991 5081 Iudaeos
1016 5038 1137 5098 cap.
1161 5024 1591 5098 _tti._Ln_ctantine
1607 5023 1825 5098 quoque

234 5098 324 5154 lib.
370 5113 423 5152 tv
457 5112 581 5167 cap.
618 5096 718 5158 13.
755 5110 967 5152 necnon
999 5095 1090 5169 alii
1143 5095 1210 5155 de
1254 5094 1568 5167 Latinorum
1622 5094 1823 5169 choro,

234 5185 370 5240 quos
403 5178 556 5223 notat
587 5182 882 5237 suppresso
913 5167 1152 5222 nomine.

303 5261 330 5300 δ
375 5258 525 5316 Hanc
558 5260 864 5316 alienorum
912 5276 1139 5315 ovorum
1172 5276 1391 5325 curam,
1433 5270 1489 5315 et
1525 5260 1825 5319 incubitum

236 5334 438 5405 perdici
468 5333 727 5390 tribuisse
754 5330 1126 5405 hristotelem,
1160 5328 1582 5402 Toupltrastum,
1606 5345 1697 5389 aut
1718 5335 1828 5390 Pli-

238 5403 410 5471 nium,
452 5412 719 5474 pt-rnegat
748 5403 1013 5469 Drusius,
1063 5403 1454 5475 Hieronymum
1501 5407 1709 5460 erroris
1740 5408 1829 5461 in-

234 5492 436 5533 cusans
462 5494 475 5532 :
504 5487 561 5532 at
590 5493 697 5533 non
727 5476 864 5531 dixit
886 5475 947 5531 S.
979 5475 1160 5546 Pater.
1194 5476 1244 5546 id
1270 5476 1337 5529 ub
1367 5478 1431 5530 iis
1451 5477 1673 5546 proprie
1694 5480 1831 5534 scri-

236 5547 322 5613 bi;
356 5545 451 5605 sed
481 5564 511 5602 a
544 5546 813 5619 Naturalis
842 5545 1083 5601 historim
1109 5543 1501 5619 scriptoribus,
1521 5543 1658 5619 quos
1684 5551 1830 5619 inter

238 5619 271 5674 ii
298 5620 599 5687 principem
630 5618 812 5673 locum
866 5624 1108 5672 teneant.
1144 5614 1214 5670 Et
1251 5631 1382 5671 vero
1422 5614 1674 5672 asserunt
1724 5618 1827 5676 Ec—

235 5690 526 5746 clesiastici
555 5687 1153 5763 unctoresupormulti:
1183 5688 1504 5763 Hippolytus
1534 5700 1742 5763 martyr
1773 5694 1828 5747 in

235 5763 438 5818 Catena
472 5763 525 5815 in
553 5761 781 5829 .ierem.,
817 5760 1156 5832 Epiphanius
1181 5760 1590 5832 inPhysiologo
1617 5760 1737 5831 cap.
1768 5764 1825 5831 9,

237 5833 560 5890 Ambrosius
586 5833 683 5889 lib.
730 5847 779 5889 vt
821 5830 1146 5902 Hennemer.
1184 5847 1308 5902 cap.
1336 5830 1372 5886 3
1402 5841 1465 5886 et
1501 5832 1667 5902 epist.
1689 5830 1826 5889 *onm

239 5905 332 5975 48,
366 5903 696 5960 Philastrius
740 5901 962 5958 Prmi‘at.
1010 5903 1061 5957 in
1092 5901 1190 5957 lib.
1225 5901 1295 5959 de
1333 5901 1625 5971 il:ercsih.,
1649 5903 1833 5981 Augu-

1931 3381 2272 3453 exspectatio
2305 3380 2496 3446 Israel,
2530 3380 2583 3434 id
2613 3383 2719 3446 est,
2750 3376 2931 3448 populi
2964 3377 3061 3432 Dei
3092 3380 3148 3432 et
3178 3375 3458 3431 credentis
3478 3370 3537 3430 In

1932 3477 2184 3545 Domino,
2213 3477 2329 3545 ipse
2357 3486 2441 3530 est
2468 3476 2558 3544 qui
2590 3470 2716 3530 iecit
2746 3471 2928 3528 omnia
2953 3487 2968 3525 :
3002 3472 3159 3545 cujus
3188 3468 3384 3524 solium
3414 3467 3533 3540 glo-

1932 3571 2138 3626 riosum
2175 3574 2262 3625 est
2282 3577 2339 3624 et
2360 3565 2635 3624 excelsum
2662 3570 2691 3620 ti
2719 3563 3009 3636 principio,
3037 3561 3299 3633 locusque
3323 3548 3533 3617 sanati-

1932 3654 2201 3716 iicationis
2244 3658 2487 3714 omnium
2534 3653 2901 3721 credentium,
2952 3663 3014 3709 ut
3058 3662 3167 3708 non
3204 3650 3260 3707 in
3311 3646 3432 3706 loco
3463 3648 3537 3706 sit

1932 3755 2213 3822 Dominus,
2249 3746 2344 3809 sed
2375 3758 2432 3807 ut
2464 3750 2557 3807 ubi
2607 3748 2698 3806 ille
2729 3746 2915 3816 fuerit,
2966 3748 3119 3802 locus
3162 3742 3534 3801 sanctiﬁcata:

1931 3848 2022 3903 sit.
2053 3846 2096 3902 E
2128 3845 2407 3902 contrario
2430 3843 2524 3914 qui
2552 3838 2942 3911 derelinquunt
2966 3836 3280 3905 Dominum,
3305 3832 3534 3893 conluu-

1930 3939 2130 3996 dentur
2160 3936 2482 3994 confusione
2515 3943 2801 4005 perpetua,
2833 3942 2895 3990 et
2926 3929 3269 3998 recedentes,
3296 3928 3411 3986 sive
3438 3930 3535 3985 de-

1930 4035 2199 4089 clinantes
2226 4031 2294 4087 ab
2324 4044 2415 4098 eo,
2446 4030 2758 4086 scribentur
2797 4027 2852 4083 in
2889 4037 3054 4091 terra,
3098 4023 3267 4081 deleti
3295 4023 3364 4081 tie
3391 4024 3533 4080 libro

1928 4122 2248 4181 virentium.
2281 4123 2435 4179 Sicut
2461 4122 2633 4187 enim,
2667 4120 2756 4189 qui
2792 4126 2970 4191 putest
2995 4128 3117 4173 cum
3147 4114 3416 4187 Apostolo
3442 4114 3530 4172 di-

1929 4232 2055 4276 cere
2081 4237 2094 4270 :
2123 4212 2316 4272 Noster
2333 4225 2504 4270 autem
2530 4212 2879 4286 municipatus
2920 4212 2974 4265 in
3018 4207 3144 4265 caelo
3164 4210 3239 4263 est
3261 4202 3530 4281 (Philipp.

1928 4313 2034 4387 tu),
2068 4314 2121 4369 in
2160 4311 2479 4369 ralestihus
2508 4308 2801 4365 scribitur:
2831 4308 2912 4362 Sic
2940 4306 3029 4376 qui
3071 4299 3401 4387 derelinquit
3423 4301 3534 4356 Do-

1930 4385 2158 4473 minum,
2188 4404 2271 4461 vel
2301 4404 2538 4460 declinat
2564 4400 2633 4459 ab
2665 4414 2751 4469 eo,
2788 4399 3062 4455 scribetur
3092 4398 3147 4453 in
3180 4385 3345 4477 932
3380 4404 3525 4451 terra

1929 4509 2049 4555 cum
2084 4498 2187 4559 his,
2215 4497 2305 4567 qui
2336 4504 2556 4552 terrena
2604 4493 2850 4565 sapiunt.
2881 4491 3172 4562 (inlisaque
3215 4488 3529 4552 munire-ta,

1929 4602 2027 4646 cur
2053 4587 2366 4645 scribantur
2412 4588 2465 4641 in
2493 4588 2639 4641 terra
2664 4601 2678 4640 :
2711 4584 2836 4654 quia
2877 4578 3293 4653 dereliquerunt
3322 4578 3528 4635 fontem

1850 4666 1905 4728 D
1931 4683 2054 4738 vitae
2078 4681 2389 4743 Dominum,
2422 4681 2543 4735 sive
2568 4675 2772 4733 fontem
2801 4680 3062 4748 aquarum
3087 4674 3384 4733 viventium
3418 4662 3530 4730 bo-

1934 4775 2161 4839 minttm,
2185 4773 2276 4843 qui
2295 4769 2538 4842 loquitur
2558 4770 2610 4824 itt
2636 4764 2963 4841 Eirangellot
2990 4764 3187 4841 Siquis
3208 4764 3339 4836 sitit,
3362 4767 3534 4824 ueniat

1925 4956 2056 5011 stin.
2097 4959 2286 5010 contra
2323 4952 2584 5008 Faustum
2613 4951 2712 5007 lib.
2743 4956 2840 5007 sui
2871 4960 2996 5020 cap.
3037 4948 3125 5023 19,
3160 4940 3404 5008 isidorus
3434 4944 3533 5011 ιιι).

1925 5027 2075 5095 Orig.
2102 5041 2178 5082 ιιι
2211 5038 2332 5094 cap.
2361 5027 2415 5085 7ὁ
2451 5036 2617 5093 atque
2645 5025 2761 5078 alii.
2797 5024 3003 5079 Locum
3042 5033 3224 5079 tamen
3257 5025 3539 5093 rquivoco

1930 5100 2124 5155 iecisse
2153 5098 2335 5153 volunt
2378 5097 2565 5151 Critici
2598 5097 2938 5165 recentiores
2966 5098 3200 5165 positum
3242 5097 3345 5155 nhs
3381 5097 3539 5153 iure.

1931 5174 2037 5225 mia
2062 5185 2260 5225 nomen
2294 5177 2452 5256 N‘t‘tp,
2493 5170 2638 5245 quod
2674 5165 3034 5222 reddiderunt
3064 5165 3233 5238 LXX,
3266 5183 3332 5231 ex
3361 5168 3537 5237 iisque

1929 5263 2149 5331 Latini,
2178 5262 2437 5335 perdicem
2464 5302 2478 5323 ,
2514 5262 2643 5335 quia
2690 5277 2815 5335 eum
2854 5261 3180 5335 vocabulum
3224 5278 3331 5319 non
3373 5263 3537 5335 liabe-

1934 5344 2099 5402 rent,
2140 5330 2255 5404 quo
2305 5346 2458 5387 nvem
2510 5330 2659 5387 illam
2694 5330 2975 5400 l'Iuroptrls
3015 5336 3253 5404 igneiam
3296 5330 3539 5403 appella-

1935 5410 2082 5469 rent,
2113 5420 2276 5472 quun
2310 5405 2610 5459 simillimae
2646 5410 2707 5459 et
2744 5405 2930 5473 specie
2959 5405 3221 5467 proxima!
3248 5406 3364 5456 avis
3396 5416 3534 5456 nun—

1936 5478 2228 5546 cupatione
2284 5477 2369 5531 usi
2433 5482 2582 5533 sunt.
2646 5473 3155 5546 VideABocbartnm
3205 5473 3274 5530 de
3329 5474 3531 5546 script.

1936 5544 2303 5613 animalibus,
2324 5558 2372 5601 et
2403 5547 2654 5603 lluetium
2683 5547 2737 5601 in
2773 5544 2925 5603 Notis
2947 5545 3011 5599 ad
3036 5546 3258 5613 Origen.
3284 5544 3374 5601 ubi
3405 5546 3536 5603 i’im

1934 5618 2234 5706 convenire
2259 5610 2535 5706 obserlvat‘,
2566 5628 2921 5687 quascumque
2947 5614 3016 5670 de
3035 5623 3173 5706 ship
3212 5610 3424 5670 ilebrati
3453 5624 3536 5671 at-

1935 5702 2042 5761 que
2073 5690 2282 5744 Arabes
2312 5690 2556 5743 tradunt.

2011 5773 2032 5799 ο
2051 5761 2271 5816 Addunt
2288 5776 2419 5814 mss.
2444 5776 2475 5812 a
2500 5768 2567 5821 te.
2593 5757 3045 5828 quemadmodum
3072 5759 3126 5812 in
3150 5757 3541 5831 Vulgata'ipsa-

1934 5848 2041 5899 (llic
2073 5832 2499 5901 llieronymiana
2528 5831 2787 5891 versione
2811 5831 3067 5900 habetur,
3097 5831 3331 5888 Hebrum
3348 5838 3541 5886 tamen

1936 5911 2087 5960 textu
2118 5908 2405 5961 renuente.
