3972 6340
467 292 566 350 791

1735 279 1793 335 8.
1837 277 2116 336 EUSEBII
2160 272 2540 331 HIERONIMI

3664 268 3773 326 798

467 406 536 462 ad
562 424 642 463 me
662 418 712 462 et
736 407 912 460 bibat:
939 405 1028 474 qui
1049 403 1208 456 credit
1236 401 1290 455 in
1320 416 1422 467 me,
1446 402 1576 454 sicut
1604 397 1727 451 dicit
1750 395 2046 464 Scriptura,
2079 402 2132 464 Α
2157 389 2262 444 dite
2287 388 2495 443 verbum
2526 385 2759 451 Domini,
2789 401 2930 456 reges
2955 382 3120 450 Juda,
3150 393 3198 439 et
3233 388 3398 439 ontnis
3441 382 3590 438 Juda
3632 381 3772 454 (sive

467 501 690 574 ﬂumina
708 497 774 551 de
790 506 964 552 ventre
982 499 1095 566 ejus
1117 495 1280 565 ﬂuent
1307 507 1454 564 aqute
1474 491 1618 546 vitae.
1637 488 1754 545 Hoc
1780 497 1949 542 autem
1977 487 2058 541 di-

465 594 542 647 xit
563 592 625 644 de
645 590 872 660 Spiritu,
893 604 1042 659 quem
1055 587 1317 658 accepturi
1338 584 1759 640 erantcredentes
1774 579 2057 654 (Joan.vtl,

464 685 556 753 37,
577 684 702 754 se).

535 777 714 848 (Vers.
751 777 864 844 14.)
901 776 1049 831 Sana
1076 791 1177 837 me,
1211 773 1447 840 Domine,
1486 781 1533 826 et
1553 771 1777 825 sanabor
1800 787 1818 824 :
1861 769 2061 822 salvum

463 887 549 928 me
570 874 677 942 fac,
707 880 753 924 et
780 872 952 922 salvus
981 884 1066 922 ero
1088 885 1106 922 :
1136 867 1382 936 quoniam
1409 865 1522 918 laus
1562 881 1675 918 mea
1716 873 1769 916 tu
1790 879 1862 916 es.
1906 861 2061 916 Multi

464 964 660 1020 medici
686 965 736 1016 in
760 964 1049 1033 Evaltgelio
1071 959 1285 1033 (Matth.
1313 962 1386 1030 Ix)
1415 961 1881 1014 lttntnorrltousam
1905 971 2064 1010 cura-

467 1069 679 1118 verant,
702 1073 822 1127 qua:
859 1071 1075 1110 omnem
1103 1053 1461 1108 substantiam
1493 1065 1644 1106 suam
1677 1051 1987 1120 perdiderat
2008 1048 2062 1104 in

466 1150 570 1216 eis,
603 1158 660 1204 et
689 1159 869 1203 tamen
900 1163 928 1201 a
963 1147 1112 1201 nullo
1153 1147 1330 1198 curari
1376 1144 1577 1212 potuit,
1608 1143 1709 1199 nisi
1745 1145 1813 1198 ab
1844 1159 1930 1212 eo,
1973 1142 2064 1210 qui

465 1258 629 1296 verus
661 1251 742 1295 est
775 1241 1036 1308 tnedicus,
1076 1248 1134 1292 et
1167 1238 1322 1306 cujus
1363 1236 1568 1290 Sanitas
1599 1238 1652 1290 in
1703 1238 1894 1306 pennis
1925 1236 2061 1306 ejus.

470 1325 634 1390 Unde
657 1341 714 1387 et
735 1347 877 1386 nunc
897 1332 1208 1401 Prophetas
1227 1331 1429 1399 populo
1447 1345 1634 1400 paSSus
1663 1329 1976 1400 opprobria,
2005 1339 2064 1385 et

467 1426 667 1482 crebro
687 1425 901 1481 insidiis
947 1425 1374 1492 circumventus,
1403 1425 1558 1478 abeo
1580 1423 1757 1477 curari
1787 1434 1842 1477 et
1883 1424 2066 1478 Salvus

470 1519 588 1573 ﬁeri
615 1522 788 1588 cupit,
817 1533 974 1582 CII|US
1001 1533 1129 1572 vera
1160 1517 1296 1577 laus,
1327 1532 1564 1586 veraque
1587 1516 1854 1569 nit-dicina
1884 1526 1990 1569 est.

543 1610 724 1688 (Vers.
775 1611 844 1667 15
876 1612 1054 1680 seqq.)
1083 1609 1216 1664 Ecce
1260 1611 1360 1680 ipsi
1389 1609 1567 1663 dicunt
1606 1609 1674 1662 ad
1716 1625 1836 1663 me:
1867 1607 1967 1664 Ubi
1993 1617 2067 1662 est

471 1707 673 1760 verbum
700 1703 956 1760 Domini?
988 1704 1194 1759 Veniat.
1229 1703 1340 1778 Ego
1360 1717 1531 1759 autem
1555 1723 1656 1760 non
1681 1722 1796 1760 sum
1835 1705 2067 1759 turbatus

2163 481 2372 554 Judaza)
2397 480 2668 550 cunctique
2697 480 3018 533 habitatores
3062 476 3375 544 Jerusalem,
3406 478 3498 548 qui
3539 475 3772 548 ingredi-

2163 576 2294 629 mini
2324 590 2415 644 per
2443 581 2619 644 portas
2646 571 2760 626 ltas.
2795 572 3089 640 thniatn,
3122 571 3317 641 inquit,
3347 571 3514 625 verba
3560 581 3654 623 tua
3679 584 3772 623 att-

2164 669 2282 725 dire
2302 676 2678 732 contemnunt,
2707 681 2806 720 nec
2828 664 2894 718 ad
2919 673 2971 718 te
2995 664 3242 729 Veniunt,
3271 672 3328 718 ut
3351 660 3768 732 requiranttu

2167 765 2236 820 sit
2264 764 2527 818 sententia
2559 759 2668 834 [ΑΙ.
2697 757 2989 832 sapientia]
3021 759 3141 825 Dei,
3195 770 3250 814 tu
3286 775 3450 829 perge
3478 757 3546 812 ad
3595 760 3766 811 locum

2165 854 2603 920 celeberrimum,
2639 856 2719 907 vel
2771 863 2980 922 portatu
3040 851 3250 921 templi,
3310 851 3396 904 vel
3444 851 3625 913 urbis,
3677 863 3770 919 per

2166 966 2304 1022 quas
2336 964 2492 1021 rcges
2523 961 2578 1004 et
2606 961 2770 1003 omne
2815 947 3009 1017 vulgus
3035 945 3339 1014 ingreditur
3379 951 3437 997 et
3466 941 3768 1012 egreditur,

2169 1055 2228 1099 ut
2259 1046 2584 1100 necessitate
2609 1054 2876 1112 cogantur
2896 1039 3106 1104 audire,
3134 1048 3190 1094 et
3213 1040 3546 1107 importune,
3577 1051 3774 1106 oppor-

2169 1148 2298 1194 tune
2335 1137 2600 1207 ρτειτιιῑευε
2630 1135 2852 1190 verbum
2888 1133 3103 1188 Domini
3136 1134 3178 1201 (I
3205 1130 3344 1185 Tim.
3373 1133 3487 1199 tv):
3517 1145 3622 1184 nec
3669 1129 3775 1184 ulla

2169 1230 2311 1300 apud
2343 1245 2441 1286 eos
2486 1239 2764 1284 remane-at
2793 1228 3101 1294 excusatio,
3151 1226 3297 1296 quod
3331 1225 3456 1281 ideo
3485 1239 3599 1279 non
3630 1221 3778 1278 fece-

2170 1324 2302 1386 rint.
2331 1324 2456 1393 quia
2487 1338 2592 1377 non
2624 1323 2916 1377 autlierint.

2243 1415 2420 1487 (Vers.
2439 1415 2511 1470 20
2536 1417 2714 1484 seqq.)
2747 1413 2878 1468 Hcce
2904 1414 3030 1469 dicit
3058 1413 3343 1468 Dominus:
3365 1413 3640 1468 Custodite
3666 1411 3784 1467 ani-

2172 1527 2282 1565 mas
2304 1521 2518 1574 vestras,
2551 1522 2596 1563 et
2627 1509 2788 1563 nolite
2835 1524 3044 1578 portare
3074 1509 3304 1580 pondera
3339 1509 3394 1561 in
3427 1509 3514 1560 die
3552 1506 3778 1573 sabbati,

2172 1618 2267 1656 nec
2296 1603 2534 1667 interatis
2571 1618 2661 1668 per
2706 1611 2884 1673 portas
2928 1599 3244 1655 Jerusalem.
3290 1598 3360 1654 Et
3404 1600 3569 1654 nolite
3595 1601 3787 1666 ejicere

2173 1710 2331 1748 onera
2359 1693 2422 1746 de
2452 1694 2690 1746 domibus
2736 1695 2913 1746 vestris
2948 1693 3001 1746 in
3023 1692 3110 1746 die
3136 1679 3354 1755 sabbati,
3394 1700 3442 1746 et
3471 1706 3627 1744 omne
3651 1707 3784 1762 opus

469 1810 517 1855 te
538 1811 795 1866 pastorem
832 1815 1048 1870 sequens
1070 1799 1218 1865 (sive
1259 1815 1361 1851 non
1388 1798 1619 1852 laboravi
1659 1815 1872 1867 sequens
1895 1796 1993 1869 te),
2024 1807 2066 1851 et

2178 1804 2278 1841 non
2308 1790 2528 1851 facietis,
2555 1798 2601 1841 et
2626 1786 2924 1856 santi/icate
2955 1786 3089 1839 diem
3117 1785 3338 1852 sabbati,
3386 1793 3521 1838 sicut
3560 1784 3788 1858 prwceps'

470 1891 604 1945 diem
643 1891 868 1944 hominis
893 1907 994 1943 non
1025 1890 1348 1946 desideravi:
1387 1901 1442 1944 tu
1476 1895 1595 1945 scis.
1626 1891 1777 1958 Quod
1809 1906 2069 1962 egressum

470 1995 542 2038 est
571 1987 635 2040 de
675 1985 820 2039 labiis
861 1985 1011 2050 meis,
1041 1997 1236 2037 rectum
1276 1984 1376 2054 fuit
1403 1986 1457 2038 in
1495 1993 1773 2053 conspectu
1806 1994 1892 2038 tuo
1924 1984 2071 2055 (sive

473 2089 594 2134 ante
621 2080 809 2150 {aciem
836 2088 978 2133 tuam
998 2079 1136 2151 est).
1173 2078 1299 2132 Non
1329 2080 1400 2134 sis
1421 2125 1424 2130 .
1443 2081 1573 2134 milii
1616 2081 1910 2148 formidini,
1957 2096 2072 2152 spes

473 2189 587 2227 mea
614 2185 667 2227 tu
696 2176 749 2228 in
781 2173 864 2227 die
884 2173 1189 2244 afﬂictionis
1219 2173 1361 2246 (~ive
1410 2190 1512 2227 non
1536 2173 1635 2243 ﬁas
1668 2174 1796 2226 mihi
1843 2173 2069 2238 alienus,

471 2283 688 2340 parcens
741 2268 868 2321 mihi
895 2268 952 2320 in
999 2268 1081 2319 die
1110 2266 1377 2339 pessimo).
1422 2267 1523 2333 Qui
1576 2283 1684 2322 non
1716 2277 1904 2335 putant
1935 2282 2084 2321 ven--

473 2369 623 2427 tura,
675 2374 798 2429 qua:
846 2358 986 2412 dicta
1031 2367 1180 2424 sunt,
1227 2359 1523 2428 loquuntur
1569 2358 1638 2413 ad
1695 2357 2070 2428 Prophetam:

477 2451 578 2507 Ubi
617 2462 691 2506 est
743 2453 948 2506 verbum
995 2450 1246 2507 Domini?
1313 2451 1531 2506 Veniat:
1579 2451 2072 2508 dissimulationem

469 2549 800 2612 sententiae,
877 2546 1196 2603 dilationem
1251 2548 1611 2602 arbitrantes.
1665 2546 1773 2602 Illis
1847 2555 2070 2612 autem,

472 2640 690 2710 inquit,
748 2639 849 2693 ista
893 2637 1208 2693 dicentibus
1235 2683 1249 2707 ,
1307 2653 1410 2707 ego
1448 2654 1556 2692 non
1608 2653 1728 2692 sum
1781 2637 2032 2693 turbatus
2059 2680 2074 2702 ,

476 2746 580 2787 nec
611 2732 850 2787 laboravi
880 2740 933 2786 te
961 2740 1236 2802 pastorem
1268 2744 1530 2802 sequens,
1555 2731 1691 2798 sive,
1722 2742 1845 2802 post
1874 2740 1966 2786 tua
1997 2733 2079 2786 in-

474 2823 737 2894 grediens
765 2824 1012 2894 vestigia.
1058 2821 1169 2876 Nec
1201 2821 1304 2876 hoc
1351 2823 1423 2877 fui
1473 2823 1580 2878 line
1621 2835 1936 2889 contentus,
1979 2825 2076 2880 sed

477 2915 622 2971 diem
647 2914 882 2970 hominis
914 2931 1023 2969 non
1055 2915 1381 2982 desideravi,
1416 2917 1498 2971 vel
1538 2917 1706 2971 vitam
1753 2917 2071 2989 longiorem,

478 3010 564 3064 vel
593 3022 857 3078 prospera
894 3023 1124 3078 quaeque
1156 3007 1314 3077 hujus
1344 3008 1554 3064 smeuli.
1604 3011 1893 3081 Ipsumque
1923 3019 2078 3067 vocat

476 3109 695 3168 testem,
727 3116 890 3170 quem
911 3111 969 3155 et
993 3099 1234 3168 judicent
1261 3119 1274 3154 :
1306 3098 1383 3154 Tu
1406 3104 1564 3155 nosti.
1599 3101 1888 3173 Sequitur:
1924 3103 2078 3171 Quod

2171 1882 2408 1950 patribus
2433 1881 2647 1934 vestris:
2683 1879 2747 1934 Et
2788 1897 2889 1934 non
2927 1881 3230 1944 audierunt,
3270 1895 3361 1934 nec
3398 1879 3790 1933 inclinaverunt

2173 1989 2351 2027 aurem
2382 1989 2547 2037 suam,
2577 1982 2626 2026 et
2653 1972 3026 2026 induraverunt
3054 1973 3306 2026 cervicem
3342 1987 3492 2025 suam
3522 1975 3606 2043 (et
3637 1969 3788 2041 quod

2175 2065 2230 2120 in
2266 2066 2533 2121 Ilebrnico
2559 2079 2664 2120 llOlI
2699 2065 2951 2127 habetur,
2983 2082 3141 2137 super
3181 2073 3356 2135 patres
3382 2062 3554 2134 suos),
3591 2081 3655 2119 ne
3683 2081 3782 2118 au-

2175 2160 2348 2214 dirent
2377 2176 2476 2222 nte,
2499 2169 2548 2213 et
2567 2175 2630 2213 ne
2649 2159 2940 2228 acciperent
2968 2158 3323 2226 disciplinam.
3350 2156 3417 2213 Et
3441 2159 3565 2224 erit,
3591 2158 3782 2229 inquit,

2173 2255 2221 2308 si
2245 2253 2518 2307 audieritis
2547 2268 2648 2319 me,
2677 2252 2801 2306 dicit
2833 2248 3114 2319 Dominus,
3144 2260 3199 2304 ut
3222 2266 3326 2305 non
3356 2252 3600 2322 inferatis
3628 2267 3788 2306 onera

2177 2365 2268 2420 per
2289 2361 2467 2419 portas
2487 2350 2710 2404 civitatis
2735 2349 2896 2420 hujus
2925 2351 2979 2404 in
2998 2350 3081 2404 dic
3109 2350 3310 2405 sabbati
3339 2365 3358 2404 :
3399 2358 3449 2404 et
3476 2349 3523 2404 si
3546 2349 3787 2419 sanctifi-

2179 2444 2416 2496 caveritis
2461 2444 2599 2496 diem
2633 2442 2854 2510 sabbati,
2889 2459 2953 2497 ne
2991 2444 3199 2516 faciatis
3248 2444 3303 2496 in
3333 2459 3393 2496 ea
3433 2457 3588 2495 omne
3629 2458 3782 2513 opus,

2177 2535 2535 2602 ingredientur
2555 2551 2647 2604 per
2669 2547 2847 2605 portas
2864 2534 3089 2590 civitatis
3109 2535 3268 2605 hujus
3289 2549 3434 2606 reges
3459 2543 3506 2587 et
3526 2533 3788 2605 principes

2177 2629 2407 2684 sedentes
2432 2647 2527 2701 sup
2543 2646 2584 2683 ιν
2603 2629 2790 2684 solium
2812 2628 3018 2684 David:
3040 2639 3088 2685 et
3109 2630 3445 2685 ascendentes
3467 2630 3521 2682 in
3544 2629 3786 2682 curribus

2179 2729 2224 2774 et
2252 2721 2420 2792 equis,
2451 2721 2555 2789 ipsi
2578 2731 2626 2776 et
2657 2723 2913 2792 principes
2942 2737 3142 2789 eorum,
3186 2721 3285 2776 viri
3323 2720 3473 2775 Juda
3502 2730 3552 2775 et
3579 2720 3789 2776 habita-

2181 2824 2314 2868 tores
2337 2814 2651 2881 Jerusalem,
2679 2826 2726 2870 et
2752 2817 3068 2871 habitabitur
3089 2817 3270 2872 civitas
3301 2818 3412 2872 hate
3439 2819 3493 2871 in
3520 2818 3788 2888 sempitern

2181 2922 2327 2961 nam.
2361 2905 2429 2961 Et
2470 2908 2668 2963 venient
2714 2909 2778 2962 de
2821 2909 3121 2965 civitatibus
3165 2907 3330 2974 Juda,
3365 2918 3413 2964 et
3444 2912 3511 2963 de
3560 2911 3787 2964 circuitu

2180 3002 2494 3068 Jerusalem,
2521 3015 2568 3060 et
2599 3007 2663 3061 de
2693 3016 2829 3061 terra
2860 3005 3154 3076 Benjaotin,
3198 3017 3247 3061 et
3288 3008 3352 3060 de
3383 3006 3788 3077 campestribus,

2180 3106 2227 3152 et
2255 3099 2320 3152 de
2341 3100 2588 3154 montosis
2610 3097 2719 3172 [ΑΙ.
2744 3098 3074 3172 montuOsis],
3102 3112 3150 3154 et
3187 3099 3252 3154 ab
3271 3108 3473 3162 austro,
3513 3108 3793 3167 portantes

479 3194 742 3266 egressum
770 3196 934 3246 est‘de
971 3194 1122 3247 labiis
1153 3195 1297 3261 meis,
1345 3202 1542 3248 rectum
1584 3197 1684 3266 fuit
1711 3197 1762 3248 in
1803 3205 2081 3263 conspectu
2108 3188 2154 3252 C
2186 3190 2546 3246 holocaustum
2585 3204 2630 3247 et
2662 3195 2896 3248 victimas
2921 3194 3064 3262 (sive
3101 3193 3468 3264 tltymiamata)
3499 3200 3549 3245 et
3579 3191 3796 3260 sacri/i-

479 3295 605 3353 tuo;
636 3297 694 3340 ut
725 3302 1020 3357 numquam
1067 3287 1323 3342 mentitus
1351 3287 1444 3352 sit,
1478 3299 1533 3341 et
1559 3284 1772 3343 Dunini
1819 3289 2079 3343 voluntati

477 3381 710 3435 adversa
734 3398 840 3434 non
881 3381 1103 3435 dixerit.
1131 3379 1252 3434 Non
1275 3381 1346 3434 sis
1392 3380 1541 3448 mihi,
1586 3383 1779 3452 inquit,
1809 3392 1863 3436 tu
1900 3383 2082 3454 {armi-

480 3471 614 3536 dini,
637 3488 756 3542 spes
777 3489 888 3527 mea
909 3474 961 3527 in
985 3472 1070 3527 die
1087 3473 1411 3543 afflictionis.
1438 3473 1593 3542 Quod
1619 3475 1965 3544 perSpicuutn
1995 3482 2082 3530 est

476 3565 630 3644 juxta
665 3566 1011 3622 Hebraicum.
1044 3565 1204 3621 Juxta
1249 3567 1301 3620 id
1343 3582 1495 3633 vero,
1535 3567 1678 3636 quod
1729 3566 2079 3638 Septuaginta

487 3659 883 3714 transtulerunt
912 3660 1158 3714 dicentes
1184 3678 1196 3712 :
1234 3658 1318 3713 Ne
1338 3661 1434 3729 ﬁas
1462 3661 1590 3714 mihi
1617 3659 1839 3727 alienus,
1864 3679 2080 3730 parcens

485 3758 513 3787 ιι
536 3750 667 3803 mihi
686 3750 836 3803 indie
855 3752 1018 3816 malo,
1041 3759 1126 3806 est
1145 3766 1368 3806 sensas:
1401 3751 1478 3807 Ne
1503 3768 1692 3821 parcas
1709 3754 1838 3808 mihi
1860 3755 1912 3808 in
1943 3772 2078 3822 prte-

483 3845 624 3898 senti
655 3843 879 3911 saeculo,
903 3843 1046 3914 quod
1079 3845 1280 3899 malum
1311 3854 1429 3910 est;
1461 3846 1557 3900 sed
1588 3845 1752 3901 redde
1778 3848 2076 3917 mihijusta

485 3947 708 4008 peceata
733 3952 876 4002 mea.
910 3946 970 3992 ut
991 3937 1236 4009 requiem
1266 3937 1493 3994 habeam
1515 3941 1926 4010 sempiternam.
1950 3941 2080 3998 Scio

482 4027 628 4084 enim
649 4027 812 4101 963
832 4029 1092 4097 scriptum
1117 4047 1131 4084 :
1156 4029 1322 4096 Quem
1343 4030 1512 4103 diligit
1530 4031 1802 4094 Dominus.
1829 4034 2077 4104 corripit:

481 4123 711 4194 ﬂagellat
741 4136 918 4176 autem
939 4138 1142 4177 omnem
1166 4124 1357 4194 ﬁlium,
1381 4141 1529 4194 quem
1554 4126 1734 4195 recipit
1766 4124 1953 4197 (Hebr.
1981 4142 2075 4192 xu,

479 4215 559 4286 6).
585 4215 708 4270 Dies
727 4229 908 4271 autem
933 4218 1129 4284 malos,
1150 4219 1238 4274 vel
1260 4235 1422 4274 omne
1445 4220 1701 4275 sarculum
1724 4229 1830 4287 est,
1857 4220 1939 4276 vel
1959 4220 2076 4278 dies

472 4306 686 4376 judicii,
721 4308 806 4364 his
835 4311 925 4379 qui
960 4322 1184 4381 propter
1217 4324 1440 4382 peccata
1471 4315 1810 4370 cruciantur.

554 4399 738 4472 (Vers.
771 4402 888 4473 18.)
920 4401 1346 4475 Confundantur,
1376 4409 1464 4478 qui
1493 4419 1872 4480 persequuntur
1899 4428 1998 4479 me,
2030 4422 2077 4465 et

475 4507 581 4545 non
611 4494 904 4564 confundar
930 4510 1044 4566 ego.
1083 4493 1318 4551 Pavcant
1347 4497 1448 4565 illi,
1482 4507 1532 4552 et
1559 4516 1663 4554 non.
1704 4518 1917 4570 paveam
1954 4520 2071 4574 ego.

2182 3285 2320 3338 cium
2341 3283 2509 3356 964
2528 3286 2668 3357 (sive
2695 3284 2909 3356 manna)
2936 3295 2982 3339 et
2997 3286 3134 3350 llius,
3160 3293 3206 3338 et
3229 3286 3452 3355 inferant
3465 3281 3794 3338 oblationem

2186 3377 2323 3447 (~ive
2339 3377 2565 3447 laudem)
2584 3380 2636 3430 in
2655 3378 2863 3433 domum
2880 3375 3110 3430 Domini.
3128 3375 3189 3433 Si
3201 3388 3369 3431 autem
3390 3392 3492 3430 non
3510 3376 3794 3430 audieritis

2183 3485 2286 3533 me,
2335 3479 2390 3523 ut
2415 3471 2745 3536 sancti/icetis
2773 3471 2908 3524 diem
2937 3470 3159 3534 sabbati,
3208 3482 3254 3524 et
3286 3485 3349 3523 ne
3377 3469 3596 3541 portetis
3628 3484 3790 3533 onus,

2182 3572 2230 3615 et
2274 3579 2337 3617 ne
2363 3564 2597 3633 infer-alis
2626 3582 2717 3637 per
2755 3574 2931 3637 pirtas
2975 3562 3270 3620 Jerusalem
3314 3565 3367 3617 in
3419 3565 3506 3617 die
3553 3563 3790 3628 sabbati,

2181 3659 2492 3711 succendam
2539 3659 2713 3732 ignem
2739 3660 2792 3714 in
2831 3659 2993 3728 portis
3039 3661 3176 3729 ejus,
3219 3667 3266 3713 et
3305 3658 3569 3712 devorabit
3600 3659 3794 3713 domos

2182 3744 2498 3814 Jerusalem,
2528 3759 2577 3803 et
2596 3766 2696 3803 non
2722 3751 3092 3823 eastinguetnr.
3119 3750 3196 3806 Ne
3215 3762 3548 3820 pra-ceptum
3568 3750 3789 3806 sabbati

2184 3839 2544 3896 instauratum
2575 3858 2672 3913 per
2701 3841 2996 3898 Jeretniam
3050 3846 3100 3898 in
3134 3842 3331 3898 frustra
3382 3843 3786 3913 discerperent,

2185 3942 2356 3988 totum
2391 3950 2596 4005 ponere
2619 3937 2840 4007 placuit,
2873 3947 2930 3992 ut
2951 3939 3110 3994 simul
3140 3940 3321 3994 omnia
3352 3953 3784 4008 cegnoscamus.

2181 4024 2427 4082 Custodit
2452 4030 2690 4085 animam
2722 4046 2897 4098 suam,
2921 4030 3013 4102 qui
3039 4047 3148 4086 non
3179 4041 3359 4100 portat
3387 4033 3628 4101 pondera
3651 4047 3784 4102 pec-

2189 4131 2434 4176 catorum
2468 4123 2522 4177 in
2553 4124 2642 4179 die
2667 4125 2868 4196 quietis
2902 4135 2955 4181 et
2984 4125 3196 4182 sabbati
3224 4145 3236 4181 :
3265 4142 3369 4182 nec
3394 4127 3559 4182 infert
3595 4141 3661 4182 ea
3687 4141 3790 4196 per

2182 4225 2371 4284 portas
2396 4215 2723 4285 Jerusalem,
2772 4234 2908 4289 quas
2939 4219 3168 4274 virtutes
3201 4219 3465 4275 debetnns
3503 4220 3782 4285 accipere.

2182 4305 2252 4361 Et
2289 4307 2469 4378 nolite,
2515 4310 2714 4380 inquit,
2747 4313 2933 4384 ejicere
2978 4328 3138 4365 onera
3182 4312 3245 4366 de
3289 4312 3528 4366 domibus
3576 4311 3782 4368 vestris.

2181 4400 2298 4456 Non
2331 4401 2476 4456 enim
2510 4403 2774 4473 portanda
2805 4411 2953 4469 sunt,
2981 4404 3076 4460 sed
3106 4407 3323 4476 penitus
3353 4405 3684 4476 abjicieuda.
3710 4403 3787 4460 Et

2182 4507 2344 4548 onme
2375 4509 2512 4564 opus
2541 4510 2611 4550 ne
2638 4495 2870 4564 faciatis,
2902 4497 2990 4552 vel
3020 4497 3245 4565 servile,
3278 4499 3364 4554 vel
3413 4498 3542 4553 illud
3573 4498 3642 4552 de
3669 4513 3786 4568 quo

473 4581 647 4637 lnduc
674 4600 827 4654 super
845 4601 933 4640 eos
957 4586 1092 4640 diem
1112 4589 1440 4660 afflictionis,
1463 4600 1510 4645 et
1537 4592 1734 4661 duplici
1755 4596 2072 4649 contritione
2095 4576 2148 4636 Ῐ)
2175 4587 2437 4657 Scriptum
2470 4598 2554 4643 εει
2581 4606 2592 4641 :
2627 4586 2766 4643 Esca
2791 4591 2975 4658 ventri,
3005 4600 3051 4644 et
3077 4602 3250 4645 venter
3278 4592 3408 4646 escis
3433 4609 3452 4646 :
3503 4589 3650 4646 Deus
3675 4607 3779 4645 ttu-

471 4683 676 4730 contere
726 4693 835 4733 eos.
895 4678 1229 4750 lmprecatur
1268 4683 1560 4737 adversum
1607 4698 1703 4739 eos
1756 4685 2020 4756 Propheta
2050 4727 2067 4751 ,

469 4769 562 4838 qui
611 4771 943 4838 exprobrant
968 4772 1018 4827 ei
1057 4773 1279 4828 verbum
1325 4773 1562 4840 Domini,
1618 4777 1917 4834 etdicont:
1972 4778 2074 4834 Ubi

468 4871 546 4916 est
572 4865 776 4918 verbum
805 4862 1058 4921 Domini?
1085 4868 1290 4933 veniat;
1324 4877 1384 4922 ut
1402 4868 1806 4925 confundantur
1828 4871 1921 4942 qui
1945 4888 2070 4942 per-

467 4968 772 5026 sequuntur
794 4973 941 5026 eutn,
966 4968 1021 5014 et
1046 4962 1370 5016 erubescant
1392 4971 1447 5016 et
1468 4963 1692 5018 redeant
1713 4964 1780 5018 ad
1803 4966 2065 5021 salutem:

466 5056 526 5102 ut
557 5046 633 5102 illi
663 5061 898 5114 paveant
926 5054 1275 5122 mentientes,
1304 5062 1361 5109 et
1385 5071 1491 5110 non
1522 5056 1625 5111 iste
1654 5057 1746 5127 qui
1776 5073 1900 5112 vera
1925 5073 2064 5130 prte-

461 5133 616 5192 dicit.
643 5138 887 5210 Cumque
915 5141 1034 5196 dies
1085 5143 1306 5198 ultionis
1333 5144 1646 5212 advenerit,
1690 5147 1895 5218 duplici
1927 5166 2062 5205 con-

457 5229 681 5286 tritione
710 5241 956 5288 conterat
985 5232 1093 5306 [ΑΙ.
1122 5237 1366 5310 contere]
1390 5255 1506 5306 ρος,
1535 5239 1676 5295 fame
1700 5251 1756 5296 et
1781 5241 1985 5312 gladio.

529 5319 714 5392 (Vers.
749 5323 845 5384 l9,
879 5323 998 5396 20.)
1031 5324 1163 5380 Hcce
1183 5327 1307 5381 dicit
1343 5327 1597 5385 Dominus
1617 5332 1687 5386 ad
1704 5349 1816 5388 me:
1845 5333 1990 5388 Vade
2010 5345 2059 5390 et

455 5425 536 5469 sta
561 5416 614 5469 in
636 5426 788 5488 porta
816 5417 956 5490 (sive
982 5421 1036 5473 iu
1067 5422 1252 5494 portis)
1284 5420 1516 5492 ﬁliorum
1539 5427 1753 5495 populi:
1782 5444 1874 5498 per
1892 5445 2053 5500 quam

455 5505 596 5576 (sive
619 5524 711 5578 per
738 5509 890 5579 quas)
925 5512 1289 5584 ingrediuntur
1316 5531 1456 5588 reges
1484 5515 1652 5582 Juda,
1691 5529 1739 5573 et
1769 5520 2048 5590 egrediun-

453 5607 558 5665 tur,
589 5600 643 5652 in
673 5605 871 5656 cunctis
898 5607 1058 5675 portis
1085 5605 1398 5676 Jerusalem,
1437 5621 1484 5664 et
1511 5610 1650 5665 dices
1678 5611 1748 5666 ad
1785 5628 1912 5670 eos:
1938 5613 2047 5667 Au-

2175 4689 2275 4734 tent
2299 4692 2347 4734 et
2370 4683 2504 4735 [tunc
2533 4691 2579 4735 et
2600 4680 2751 4736 illam
2776 4683 3006 4738 destruet
3037 4682 3078 4753 (I
3105 4683 3227 4738 Cor.
3258 4700 3337 4750 vr,
3365 4685 3490 4754 13);
3519 4687 3615 4740 sed
3638 4685 3777 4740 illud

2174 4788 2310 4842 opus
2339 4775 2700 4843 operandam,
2732 4776 2802 4830 de
2829 4792 2939 4847 quo
2977 4777 3226 4832 Salvator
3256 4777 3496 4848 loquitur
3521 4794 3539 4835 :
3570 4778 3777 4848 Opera-

2173 4871 2303 4924 mini
2328 4887 2476 4942 opus,
2506 4871 2645 4940 quod
2673 4889 2776 4927 non
2806 4874 2935 4945 perit
2965 4871 3151 4944 (Joan.
3178 4889 3250 4939 vt,
3282 4875 3399 4942 27).
3435 4872 3777 4944 Santiﬁcate,

2175 4963 2369 5034 inquit,
2403 4963 2539 5018 diem
2567 4965 2788 5030 sabbati,
2836 4977 2894 5019 ut
2947 4980 3110 5021 onme
3141 4974 3359 5036 tempus
3404 4966 3528 5020 vita:
3573 4978 3778 5022 nostm

2173 5055 2228 5110 in
2284 5039 2713 5111 sanctiﬁcatione
2757 5058 3041 5121 ducamus,
3093 5055 3238 5111 sicut
3286 5055 3531 5112 fecerunt
3589 5066 3775 5127 patres

2172 5150 2347 5203 nostri
2381 5148 2678 5215 Abraham,
2704 5149 2874 5217 Isaac,
2906 5162 2960 5204 et
2986 5148 3176 5204 Jacob.
3207 5149 3457 5220 Cumque
3496 5152 3598 5204 ista
3631 5166 3774 5221 prae-

2171 5241 2381 5311 ceperit
2405 5242 2564 5311 Dens,
2598 5258 2703 5297 non
2733 5242 3138 5297 inclinaverunt
3160 5258 3346 5297 aurem
3367 5259 3545 5309 suam,
3568 5243 3771 5300 mentis

2165 5338 2372 5406 utique,
2390 5353 2498 5391 non
2516 5338 2729 5400 carnis;
2755 5337 2849 5392 sed
2871 5337 3062 5391 indura
3072 5349 3268 5392 verunt
3285 5339 3562 5393 cervicem
3587 5354 3763 5404 suam,

2163 5428 2474 5500 rejicientes
2497 5429 2684 5499 jugum
2708 5428 2892 5499 chis,
2921 5441 2973 5485 et
3002 5443 3097 5499 per
3121 5428 3496 5498 metaphoram
3528 5426 3765 5486 indoini-

2154 5531 2331 5577 torum
2359 5523 2677 5578 animalium
2705 5521 2968 5576 habentes
2998 5521 3437 5577 similitudinem.
3469 5521 3764 5580 Videamus

2149 5615 2292 5686 quod
2321 5616 2393 5672 sit
2421 5615 2706 5686 prtemium
2743 5629 2956 5683 eorum,
2989 5614 3081 5685 qui
3109 5629 3216 5669 non
3247 5626 3474 5686 portant
3500 5629 3676 5672 onera
3705 5615 3760 5671 in

521 5770 546 5797 η
569 5735 770 5818 Deerat
788 5765 935 5824 mihi.
955 5771 1104 5836 quod
1124 5772 1383 5839 supplent
1400 5739 1531 5830 mss.
1554 5740 1914 5845 quorum‘ope
1938 5745 2254 5846 huiusmodi
2276 5777 2381 5833 alia
2412 5768 2635 5834 levioris
2675 5762 2937 5834 momenti
2965 5777 3222 5849 superius
3247 5777 3620 5848 castigantur.
