3972 6348
155 315 268 386 793

651 327 1308 387 COMMENTARIORUM
1351 329 1417 384 ΙΝ
1454 326 1811 386 JEREMIAM
1848 326 2272 384 PROPHE’I‘AM
2314 327 2442 384 LIB.
2487 327 2578 385 ιν.
2619 327 2772 386 CAP.
2815 327 3004 385 XVIII.

3368 328 3477 388 794

153 442 250 500 die
273 441 582 513 sabbati,et
603 440 942 498 sanctiﬁcant
963 440 1540 512 illum.lngredientur,
1564 440 1757 512 inquit,
1788 453 1838 515 Α
1869 441 2073 496 nostris
2110 450 2136 479 ἰ
2174 441 2389 512 legitur.
2425 440 2495 496 Et
2526 443 2676 510 thus,
2709 440 2778 497 de
2806 457 2916 514 quo
2946 441 3212 514 scriptum
3247 451 3370 500 est:
3402 442 3473 501 Ut

153 552 252 610 per
278 546 458 604 portas
480 535 702 590 civitatis
728 535 888 609 hujus
909 550 1078 609 reges,
1120 550 1350 606 quorum
1389 549 1486 589 cor
1513 538 1563 588 in
1598 549 1759 588 manu

157 631 262 687 Dei
305 639 411 695 est,
444 642 493 686 et
529 630 618 700 qui
649 638 882 698 regnant.
920 630 1243 700 corporibus
1269 630 1380 684 suis
1411 627 1594 699 (Prov.
1625 627 1760 699 χχι),

109 789 130 800 ,
153 735 207 780 et
233 725 501 796 principes
529 725 762 778 sedentes
802 739 960 794 super
988 723 1178 777 solium
1229 721 1422 785 David,
1457 729 1514 775 ut
1558 719 1761 775 Christi

155 817 452 873 imitentur
493 818 826 886 exemplum,
861 826 908 870 et
946 819 1283 870 ascendentes
1313 815 1365 867 in
1414 814 1673 877 curribus,
1717 823 1763 867 et

154 910 328 981 equis.
353 909 423 964 de
449 910 646 980 quibus
672 913 940 979 scriptum
963 918 1080 965 est:
1109 907 1306 964 Curras
1326 906 1423 962 Dei
1450 909 1619 963 decem
1646 907 1764 961 mil-

152 1005 318 1066 libus.
361 1004 641 1070 multiplex
671 1003 837 1058 millia
873 1004 1186 1066 (celantium,
1218 1002 1472 1056 Dominus
1515 1005 1567 1055 in
1595 1003 1668 1056 eis
1706 1002 1763 1056 in

149 1094 316 1152 Sinni
346 1097 399 1149 in
429 1106 608 1149 sancto
640 1094 819 1166 (Psal.
859 1111 1023 1157 LXVII.
1052 1095 1165 1162 18).
1198 1094 1266 1150 Ει
1301 1094 1458 1149 alibi:
1496 1093 1762 1166 Equitatio

149 1201 246 1246 tua
269 1192 410 1244 salus
431 1190 613 1260 (Abac.
637 1206 716 1256 ιιι,
733 1191 813 1260 8).
837 1189 1032 1246 Omnis
1054 1191 1138 1244 vir
1157 1189 1245 1261 qui
1261 1189 1552 1244 conliletur
1567 1189 1759 1257 Deum,

148 1293 208 1339 et
232 1285 326 1352 qui
354 1282 562 1336 habitat
581 1284 632 1335 in
655 1281 1184 1351 Jerusaletn,dequa
1204 1284 1401 1337 dictum
1425 1292 1536 1338 est:
1563 1280 1764 1336 Factus

145 1390 233 1435 est
263 1381 318 1432 in
361 1377 540 1434 Solem
573 1378 681 1452 [AL
707 1377 1047 1451 Jerusalem].
1096 1379 1147 1432 id
1177 1388 1283 1444 est,
1327 1379 1380 1432 in
1429 1394 1576 1450 pace,
1621 1379 1761 1432 locus

149 1475 293 1545 ejus,
327 1480 376 1524 et
402 1471 654 1526 habitatio
682 1473 796 1536 eius
825 1472 880 1524 in
911 1470 1040 1525 Sion
1073 1469 1250 1543 (Psal.
1281 1485 1448 1538 uxv,
1475 1471 1557 1530 ‘2).
1586 1481 1642 1526 et
1667 1474 1763 1524 ba-

148 1562 420 1618 bitahitnr
440 1562 681 1618 Ecclesia
701 1563 797 1617 Dei
827 1561 883 1617 in
913 1571 1200 1618 aeternum.
1219 1562 1430 1617 Venient
1453 1563 1517 1617 de
1538 1564 1758 1618 civitati-

152 1655 251 1708 bus
281 1653 448 1719 Juda,
488 1664 541 1709 et
582 1655 646 1707 de
692 1656 921 1708 circuitu
940 1652 1254 1721 Jerusalem,
1305 1656 1372 1709 de
1419 1657 1618 1726 quibus
1645 1657 1758 1725 jam

149 1744 418 1814 diximus,
442 1756 492 1799 et
515 1748 579 1801 de
601 1756 738 1802 terra
757 1746 1056 1820 Benjamin,
1076 1764 1166 1818 qut
1189 1749 1332 1802 lilius
1355 1758 1439 1803 est
1465 1767 1482 1796 ι
1498 1751 1673 1804 it'tutis
1705 1758 1760 1805 et

1866 535 1994 606 quid
2035 533 2167 589 mihi
2203 536 2322 589 (ltus
2360 533 2566 602 a/fertis
2610 534 2675 590 de
2717 534 2860 592 Saba
2904 535 3108 608 (Supra
3149 551 3224 603 νι,
3250 535 3387 607 20)?
3414 537 3481 593 Et

1866 625 2103 681 inferent
2157 627 2468 681 oblationem
2496 669 2510 692 ,
2567 643 2687 697 qnte
2739 626 3007 682 llebraice
3051 627 3254 684 dicitur
3299 642 3478 684 τιιουΑ

1890 719 2074 791 nm),
2107 732 2160 773 et
2185 721 2236 774 in
2253 722 2542 792 gratiarum
2558 723 2813 775 actionem
2835 724 2972 776 verti
2995 730 3196 790 potest,
3229 729 3282 774 et
3305 735 3468 791 quant

1865 817 2073 872 laudem
2102 815 2244 872 LXX
2287 819 2707 873 transtulerunt.
2746 816 2811 872 In
2851 818 3061 872 domum
3093 815 3286 877 David,
3322 814 3465 872 haud

1865 909 2089 965 dubium
2115 911 2245 977 quin
2274 912 2325 964 in
2358 911 2683 966 Ecclesiam.
2713 909 2841 965 Ha-c
2861 921 2986 964 sunt
3012 910 3233 980 praemia
3259 924 3472 975 eorum,

1861 1005 1948 1076 qui
1981 1003 2324 1058 sanetilicant
2353 1004 2669 1068 sabbatum,
2695 1015 2746 1058 et
2779 1005 2927 1058 nullo
2958 1003 3202 1073 pondere
3232 1018 3469 1073 prmgra-

1865 1106 2077 1151 vantur.
2114 1095 2208 1152 Sin
2242 1107 2444 1163 autem,
2484 1097 2682 1162 inquit,
2733 1112 2838 1150 non
2866 1095 3151 1150 audieritis
3197 1104 3467 1164 prmcopta

1865 1205 2008 1258 mea,
2037 1188 2065 1228 δ
2094 1201 2144 1245 et
2178 1187 2420 1244 feceritis
2447 1202 2568 1260 qua:
2600 1203 2707 1242 non
2734 1187 2982 1242 facienda
3014 1187 3268 1241 mandavi
3295 1205 3309 1240 :
3333 1187 3468 1242 Suc-

1861 1283 2076 1338 cendant
2107 1285 2275 1354 ignem
2301 1283 2355 1336 in
2387 1283 2547 1351 portis
2575 1284 2716 1354 ejus,
2754 1280 2803 1333 id
2829 1291 2936 1340 est,
2960 1279 3288 1346 Jerusalem,
3314 1279 3467 1334 illum

1863 1375 1930 1431 de
1957 1391 2062 1444 quo
2092 1375 2323 1429 dicitur:
2359 1375 2546 1428 Omnes
2569 1372 2925 1428 adulterantes
2951 1371 3117 1445 966
3141 1372 3292 1443 quasi
3311 1371 3473 1424 cliba-

1862 1486 1962 1524 nus
1988 1469 2150 1522 corda
2181 1485 2362 1523 eorum
2393 1467 2547 1539 (Ose.
2583 1483 2676 1532 vn,
2723 1466 2816 1537 4):
2859 1470 2948 1534 qui
2989 1468 3220 1521 devorat
3249 1465 3466 1534 domos,

1863 1559 1978 1616 sive
2016 1561 2166 1615 vicos
2193 1559 2524 1624 Jerusalem,
2549 1571 2570 1594 "
2595 1573 2732 1629 quos
2755 1559 2863 1631 [ΑΙ.
2889 1558 3056 1631 quod]
3082 1557 3221 1613 LXX
3243 1555 3469 1633 ἆμφοδα,

1861 1653 2054 1723 Aquila
2087 1663 2142 1707 et
2168 1651 2531 1726 Symmachus
2554 1648 2578 1689 ἀ
2602 1653 2800 1730 βάρεις,
2833 1651 2885 1705 id
2913 1660 3000 1706 est
3025 1652 3242 1705 turritas
3266 1653 3471 1718 domos,

1861 1748 2204 1815 interpretati
2262 1755 2412 1812 sunt,
2469 1746 2933 1816 appellanturque
2977 1745 3247 1800 llebraice
3297 1759 3476 1800 ΑιιιιΑ-

147 1837 416 1903 deXIera-,
447 1847 493 1915 et
532 1841 594 1894 de
632 1841 1026 1912 campestribus,
1080 1840 1227 1910 qund
1255 1842 1520 1897 l‘lehraice
1561 1844 1762 1898 dicitur
1790 1850 1838 1912 Β
1866 1859 2002 1899 nom
2035 1844 2318 1910 (humu).
2355 1843 2416 1897 Et
2449 1858 2742 1912 numquam
2783 1841 2887 1896 hoc
2917 1842 3301 1915 exstinguetur
3333 1849 3357 1876 ο
3387 1839 3471 1895 ἰη-

148 1943 394 1986 seruem
421 1908 657 2003 (355w),
688 1908 989 2002 etvplanam
1025 1908 1268 1988 historiae
1293 1934 1564 2004 signiﬁCat
1597 1935 1754 1990 iutcl~

148 2021 465 2092 ligentiam,
489 2034 535 2078 et
559 2023 624 2079 de
649 2027 917 2092 montosis,
950 2027 1181 2082 excelsis
1213 2026 1464 2082 videlicet
1491 2028 1760 2098 dogmati-

149 2114 284 2180 bus,
309 2117 443 2170 etab
457 2116 677 2182 Austro,
701 2120 770 2174 de
791 2135 898 2190 quo
913 2121 1173 2190 scriptum
1196 2132 1279 2176 est
1296 2140 1312 2177 °.
1333 2120 1472 2177 Deus
1489 2124 1552 2176 ab
1566 2123 1756 2186 Austro

151 2208 317 2262 t'eniet
346 2209 532 2280 (Abac.
564 2225 644 2274 ιιι,
676 2210 755 2282 5).
792 2210 948 2268 Unde
975 2213 1129 2268 calor
1155 2223 1209 2268 et
1240 2214 1396 2282 plena
1439 2215 1554 2282 lux,
1585 2225 1640 2270 et
1669 2217 1757 2272 ubi

145 2315 316 2356 omne
359 2300 529 2373 frigus
558 2304 889 2374 expellitur:
943 2303 1244 2372 l’ortantes,
1290 2305 1386 2374 ait,
1431 2306 1754 2374 holocausta,

141 2394 371 2466 seipsos
408 2409 795 2454 consecrantes
845 2399 976 2467 Deo,
1029 2409 1075 2454 et
1120 2401 1401 2467 victimam,
1433 2401 1548 2455 sive
1592 2402 1754 2473 965

150 2485 478 2558 thymiama,
520 2498 578 2544 ut
619 2489 842 2546 dicant:
892 2491 1226 2560 Sacriﬁcium
1274 2492 1497 2548 Domino
1542 2498 1758 2567 spiritus

151 2581 532 2636 contribulatus
564 2581 742 2656 (Psal.
773 2600 826 2648 L,
857 2583 966 2655 l9).
1004 2585 1087 2650 Et,
1117 2583 1310 2639 Christi
1337 2587 1494 2641 bonus
1523 2587 1652 2641 odor
1672 2604 1759 2641 su-

152 2689 269 2727 mus
296 2675 352 2728 in
377 2677 519 2730 omni
547 2680 662 2731 loco
692 2677 746 2748 (l
773 2677 895 2734 Cor.
922 2693 984 2746 ιι,
1021 2679 1140 2749 15).
1191 2679 1255 2733 Ει
1292 2680 1450 2735 alibi:
1487 2679 1760 2754 Dirigatur

154 2768 326 2822 oratio
343 2784 459 2824 mea
483 2771 616 2825 sicut
640 2775 906 2825 incensum
937 2773 990 2825 in
1017 2781 1295 2842 conspectu
1319 2783 1407 2827 tuo
1427 2771 1603 2844 (Psal.
1627 2789 1751 2843 CXL,

152 2857 236 2929 2).
274 2859 340 2914 Ει
367 2863 716 2924 sacrilicium.
754 2878 850 2929 pro
878 2879 986 2933 quo
1013 2862 1150 2918 LXX
1197 2865 1372 2934 ipsum
1399 2867 1621 2920 verbum
1651 2867 1757 2922 Hc-

155 2950 400 3007 braicutn
432 2971 662 3023 posuere
690 2970 868 3010 usus
901 2954 1128 3028 (nmis).
1171 2957 1316 3028 quod
1355 2957 1590 3027 pessima
1621 2974 1753 3014 con.

156 3045 472 3112 suetudine,
505 3047 675 3102 immo
714 3046 1046 3118 scriptorum
1089 3050 1436 3120 negligentia,
1471 3068 1664 3106 manna
1698 3054 1750 3108 in

233 3194 259 3222 ι
283 3185 457 3242 Vatic.
491 3196 550 3242 et
577 3187 810 3244 Cisterc.
835 3187 1178 3244 intersernnt
1208 3189 1373 3244 libris.
1407 3191 1602 3246 Adhuc
1624 3208 1757 3248 vero

154 3261 402 3312 cernitur
431 3275 586 3314 error
614 3263 718 3315 iste
751 3260 838 3316 hic
862 3275 910 3315 et
936 3275 1060 3327 cap.
1086 3277 1268 3328 sunt,
1293 3262 1347 3318 5.
1376 3275 1424 3314 et
1459 3263 1687 3321 Baiurb.
1718 3282 1756 3326 ι,

158 3329 252 3383 10.
291 3329 462 3385 Penes
491 3330 883 3386 Theodoritnm
909 3332 1181 3387 interdum
1215 3339 1480 3399 scriptum
1519 3336 1760 3390 invenies

235 3402 346 3467 υαά,
378 3402 655 3474 interdum
683 3405 846 3474 μαννά
890 3423 902 3458 :
950 3403 1203 3458 .leretnizr
1230 3406 1438 3460 scilicet
1479 3421 1590 3470 xu,
1622 3408 1679 3465 5.
1707 3417 1761 3460 et

202 3471 551 3549 arnebidoco
590 3471 830 3528 laudato.
865 3476 1295 3549 Chrystrslntnus
1331 3491 1548 3545 qunque
1588 3479 1759 3549 μαναά

152 3541 282 3610 legit
321 3543 714 3600 E\hortatione
760 3549 933 3613 prima
968 3541 1033 3599 ad
1068 3541 1416 3602 Theodorum
1436 3541 1556 3609 cap.
1588 3541 1672 3615 ἰιι,
1707 3559 1761 3602 et

198 3617 423 3688 anu-acido
460 3615 697 3671 Danielis
741 3631 864 3686 cap.
911 3632 970 3671 tt.
1026 3616 1158 3672 Vide
1211 3629 1358 3673 ιιιιιιη
1407 3621 1664 3688 sequenti
1704 3621 1756 3674 in

153 3635 423 3738 Eant-man
460 3635 697 3671 uattlells
741 3635 864 3686 cap.
911 3635 970 3671 ιι.
1033 3635 1158 3672 vnn:
1211 3635 1358 3673 tumo
1407 3635 1664 3688 sequenti
1705 3635 1754 3674 tn

155 3687 433 3809 “ﬁatut.
481 3702 601 3757 cap.
639 3703 745 3742 xcv
791 3699 844 3745 et
890 3703 1014 3742 XLVI
1057 3691 1292 3745 nominis
1325 3690 1487 3760 hujus
1532 3691 1754 3760 exposi-

181 3771 385 3811 IOHBIII.

231 3825 258 3865 δ
291 3827 345 3904 In
377 3827 782 3904 Vatic._,__et_non
803 3831 1051 3904 feceritis,
1081 3849 1199 3904 qua:
1223 3833 1461 3903 facienda
1491 3833 1753 3888 mandavi.

232 3909 254 3936 °
300 3901 440 3976 θελοι
481 3899 900 3976 ΙΑΧΧΪΑμφόδα.
927 3904 1072 3976 Cave
1094 3899 1289 3959 lauda.
1322 3905 1408 3960 hic
1434 3907 1753 3976 opinionem

153 3984 326 4042 quam
351 3970 608 4041 ingerunt
632 3970 893 4029 Erasinus
933 3985 988 4028 et
1012 3975 1312 4042 Mat-ianus,
1331 3970 1580 4031 dicentes
1610 3974 1756 4030 LXX

154 4056 279 4124 cum
301 4041 496 4108 Aquila
521 4052 583 4124 ei.
611 4043 1354 4124 Symmachointerpretatos
1385 4047 1754 4124 luisseﬁo'mttc

153 4115 208 4167 id
247 4123 366 4178 est,
398 4115 616 4168 turritas
655 4115 856 4172 domos.
906 4116 1019 4171 Nec
1060 4127 1217 4186 putes
1267 4135 1392 4174 cum
1428 4115 1658 4173 Nubilto'
1698 4123 1752 4172 in

164 4246 754 4274 m

1859 1939 2134 2002 cendinm,
2154 1940 2372 1993 dicente
2389 1936 2654 2002 Apostolo
2676 1954 2689 1990 :
2717 1934 3139 2007 Unittscujusque
3164 1950 3292 2006 opus
3312 1935 3470 2006 quale

1856 2035 1944 2097 sit,
1971 2034 2106 2103 ignis
2139 2033 2370 2098 probabit
2395 2032 2448 2104 (1
2482 2031 2604 2087 Cor.
2631 2047 2712 2096 ιιι,
2741 2031 2849 2101 l3).
2880 2029 3197 2085 Etiterum:
3227 2028 3290 2086 Si
3313 2029 3464 2100 cujus

1860 2143 1989 2193 opus
2019 2128 2228 2190 arserit,
2257 2127 2622 2181 detrimentum
2655 2125 2907 2192 patietur,
2940 2126 3051 2194 ipse
3089 2134 3262 2176 autent
3287 2123 3464 2177 salvus

1857 2222 1978 2284 erit,
2012 2222 2088 2276 sic
2114 2232 2281 2274 tamen
2309 2220 2460 2292 quasi
2489 2235 2580 2292 per
2604 2221 2774 2291 ignem
2796 2215 2988 2289 (lbid.,
3023 2215 3133 2287 15).
3157 2215 3252 2272 Sin
3280 2226 3460 2270 autem

1859 2317 2032 2370 nostri
2061 2315 2412 2386 judaizantes
2443 2304 2890 2384 explanationem
2917 2311 3180 2381 tropicam
3213 2308 3466 2380 repudia-

1859 2409 1993 2475 rint,
2019 2417 2114 2462 aut
2138 2406 2310 2462 Judrei
2341 2422 2464 2462 esse
2506 2413 2796 2476 cogentur,
2825 2411 2881 2458 et
2909 2418 3032 2458 cum
3072 2401 3464 2456 observatione

1860 2500 2069 2556 sabbati
2123 2499 2524 2555 circumcidere
2565 2499 2853 2567 praeputia,
2907 2505 3002 2549 aut
3057 2493 3464 2564 reprehendere

1859 2605 2013 2651 certe
2042 2595 2406 2658 Salvatoretn,
2455 2593 2548 2664 qui
2587 2593 2749 2663 jussit
2791 2592 2845 2645 in
2876 2589 3106 2644 sabbato
3139 2585 3464 2660 paralytico,

1862 2697 1921 2742 ut
1944 2696 2189 2758 portaret
2215 2687 2472 2742 lectulum
2495 2702 2680 2747 suum,
2701 2683 3048 2754 Evangelista
3063 2681 3278 2737 dit-eme
3298 2698 3311 2734 :
3335 2679 3465 2734 Pro-

1863 2793 2042 2854 pterea
2066 2781 2231 2852 magis
2252 2777 2428 2833 Judaei
2454 2777 2746 2848 qmrrebant
2772 2791 2889 2854 eum
2921 2775 3227 2843 interﬁcere,
3254 2787 3357 2826 non
3383 2786 3468 2825 so-

1863 2872 1973 2926 lum
1995 2875 2119 2944 quia
2133 2873 2360 2927 solvebat
2381 2871 2675 2932 sabbatum,
2692 2871 2782 2924 sed
2800 2882 2846 2922 et
2875 2867 3085 2922 Patrem
3107 2883 3256 2921 suum
3271 2863 3467 2919 dicebat

1863 2963 2054 3032 Deum,
2082 2964 2332 3035 (aqualem
2360 2981 2414 3020 se
2440 2965 2640 3035 faciens
2665 2961 2775 3017 Deo
2805 2958 2987 3032 (Joan.
3013 2974 3069 3027 ν,
3096 2957 3212 3029 18).

1784 3202 1830 3265 (ζ
1864 3197 2011 3251 notis
2031 3196 2303 3251 versionis
2351 3194 2496 3250 LXX
2527 3194 2630 3250 hoc
2668 3194 2973 3246 allirmasse
3021 3190 3414 3261 Hieronymum
3446 3203 3460 3254 ;

1862 3283 1986 3338 quia
2018 3283 2082 3322 ex
2127 3268 2231 3322 lide
2253 3270 2494 3321 omnium
2527 3267 3463 3338 exenqilatinm_tnannscrtplot-nm

1861 3332 2039 3393 sancti
2085 3339 2356 3396 Ductorus.
2419 3332 2766 3405 perspicuum
2811 3345 2894 3388 est
2935 3334 3112 3403 ipsum
3161 3332 3362 3400 legisse
3403 3332 3456 3405 in

1863 3407 2008 3464 LXX
2036 3419 2087 3463 et
2116 3410 2321 3482 dixisse
2349 3402 2609 3482 Ἀμφοδὰ.
2650 3407 2704 3462 id
2743 3415 2847 3473 εει,
2889 3402 3047 3469 bitna,
3083 3413 3270 3457 etnon
3302 3402 3462 3456 turri-

1864 3491 1943 3534 tas
1983 3482 2185 3534 damns.
2240 3481 2504 3536 bitumini.

1935 3549 1962 3589 ἀ
1995 3553 2356 3607 ιυιιιιΙθιιιιιιδ
2401 3571 2449 3604 ιιι
2483 3553 2644 3618 epist.
2666 3548 2776 3622 765,.
2808 3549 2872 3602 ad
2904 3546 3254 3613 Principiam.
3285 3546 3465 3622 Ῑξάρςς.

1859 3623 1961 3699 ait,
1993 3623 2197 3677 verbum
2229 3615 2625 3699 estimxo'opiov
2654 3621 2971 3699 Dalmatium,
3009 3627 3058 3672 et
3107 3632 3266 3699 usque
3302 3615 3462 3699 lnidie

1863 3693 2049 3747 domus
2089 3710 2152 3748 ea:
2186 3695 2326 3748 omni
2365 3688 2838 3767 ptt'tTte'conclustc,
2865 3701 2911 3745 et
2953 3693 3005 3743 in
3045 3692 3250 3767 modum
3288 3688 3460 3767 (edi/1"-

1862 3773 1991 3818 cata:
2029 3768 2273 3831 turrium,
2311 3759 2374 3818 ac
2411 3767 2650 3821 mwnium
2696 3763 3040 3836 publicorum.
3066 3761 3244 3834 βάρεις
3283 3759 3466 3830 appel-

1861 3837 2057 3890 lantur.
2094 3837 2295 3892 lit-cule
2329 3854 2460 3906 ,qnte
2495 3840 2544 3891 in
2581 3841 2724 3890 hunc
2755 3837 2931 3889 locum
2963 3842 3380 3895 annutavunus,
3413 3838 3466 3883 et

1859 3908 2233 3962 Couttncnlar.
2269 3911 2320 3962 in
2353 3912 2524 3965 Alnos
2550 3925 2670 3975 cap.
2698 3923 2738 3974 ι,
2771 3906 2826 3960 ‘2.

1935 3987 1958 4015 θ
1989 3978 2318 4034 Sullecinms
2337 3997 2368 4035 e
2393 3995 2523 4035 mss.
2550 3968 2870 4041 incendium,
2897 3974 3038 4047 quod
3062 3987 3262 4029 nomen
3286 3986 3316 4026 a
3337 3968 3469 4026 Vul-

1857 4050 1999 4119 gatis
2031 4050 2326 4105 exciderat.

1121 4374 1606 4485 LIBER
1683 4375 2126 4504 QUI/4R
2147 4375 2476 4486 TU‘S.

225 4707 584 4782 965-966
608 4706 836 4777 Semper
864 4704 1116 4761 diabolus
1137 4705 1282 4762 bono
1308 4707 1459 4777 operi
1501 4706 1751 4762 imminet
1783 4714 1831 4774 ο
1858 4709 2153 4766 Jereniiam
2198 4725 2296 4781 per
2329 4709 2614 4766 intervalla
2647 4709 2962 4775 dietabam;
2997 4715 3057 4762 ut
3095 4704 3242 4778 quod
3274 4705 3468 4761 deerat

153 4799 338 4873 [Forte
367 4797 598 4872 invidet]
629 4809 685 4855 et
715 4799 913 4866 ubique
933 4799 1312 4869 gradientibus
1338 4800 1484 4869 ponit
1510 4800 1755 4866 laqueos,

151 4907 413 4951 narrante
448 4893 718 4960 Propheta
752 4894 819 4947 de
844 4892 1139 4948 satellitum
1167 4893 1286 4961 ejus
1314 4892 1529 4946 insidiis
1555 4909 1568 4945 :
1591 4890 1756 4946 Juxta

152 4987 385 5044 semitam
411 4986 722 5040 scandalum
753 4991 1035 5054 posuerunt
1062 4981 1190 5036 mihi
1221 4981 1395 5048 (Psal.
1425 4999 1647 5045 CXXXIX,
1674 4983 1754 5055 6),

150 5091 206 5136 et
236 5081 533 5151 Evangelia
579 5079 796 5153 (Matth.
832 5095 949 5144 xm,
982 5077 1150 5132 Marc.
1178 5093 1232 5132 tv
1261 5087 1308 5130 et
1338 5076 1470 5131 Luc.
1504 5079 1624 5144 vm)
1652 5079 1755 5134 hoc

150 5175 325 5245 ipsum
371 5174 585 5244 plenius
622 5173 954 5234 instruente,
987 5168 1130 5239 quod
1157 5170 1396 5224 volatilia
1439 5169 1561 5224 coeli
1597 5171 1750 5238 juxta

147 5268 290 5322 viam
338 5266 484 5338 jacta
512 5265 620 5339 [ΑΙ.
643 5263 870 5336 jactata]
898 5264 1105 5319 semina
1135 5264 1397 5334 diripiant
1449 5277 1614 5333 atque
1637 5263 1752 5318 (lis-

148 5359 402 5430 perdant.
433 5357 546 5412 Cur
574 5358 678 5413 hoc
707 5355 1000 5428 principio,
1030 5355 1201 5409 frater
1221 5353 1444 5421 Eusebi,
1470 5369 1601 5408 usus
1625 5351 1750 5419 sim,

145 5469 383 5526 sequens
431 5467 614 5508 sermo
660 5451 1010 5508 monstrabit.
1052 5449 1237 5505 Multis
1275 5461 1335 5505 et
1372 5451 1441 5505 de
1483 5461 1598 5505 toto
1648 5452 1753 5504 huc

144 5549 279 5604 orbe
314 5547 710 5604 conﬂuentium
771 5545 974 5609 turbis,
1015 5555 1071 5599 et
1107 5543 1440 5600 Sanctorum
1492 5543 1747 5599 Fratrum

144 5639 578 5709 monasteriique
631 5636 778 5693 euris
835 5647 1167 5706 occupatus,
1219 5635 1656 5692 Commentarios
1693 5635 1749 5690 in

1863 4805 2000 4870 otio,
2039 4814 2350 4871 superesset
2393 4802 2676 4857 industriae
2701 4819 2716 4867 ;
2745 4819 2867 4856 ctnn
2899 4800 3078 4855 subito
3106 4798 3334 4854 haeresis
3360 4795 3466 4868 Py-

1862 4897 2108 4967 lhagnrtc
2143 4904 2200 4951 et
2241 4894 2500 4959 Zenonis,
2553 4896 2832 4957 ἀπαθείας,
2866 4903 2922 4948 et
2955 4892 3372 4969 ἀναμαρτησῶις,
3407 4889 3462 4945 id

1859 4999 1975 5056 est,
2019 4987 2452 5059 intpassibilitatis
2483 4997 2529 5042 et
2553 4987 2930 5060 impeccantitc,
2956 5001 3077 5056 quae
3105 4987 3236 5040 olitu
3263 4987 3314 5040 in
3337 4985 3464 5040 Ori-

1857 5097 2018 5152 gene,
2047 5091 2101 5134 et
2131 5081 2334 5135 dudum
2364 5080 2417 5134 ιιι
2448 5080 2729 5147 discipulis
2755 5079 2876 5148 ejns
2905 5077 3178 5144 Gtunnio,
3209 5077 3467 5148 Evagrio-

1859 5187 1968 5243 que
1991 5181 2016 5208 ι
2049 5173 2292 5236 l’ontiCo,
2331 5181 2385 5226 el
2408 5169 2694 5226 Jnviniano
2720 5171 2964 5240 jugttlala
2988 5180 3093 5234 est,
3123 5168 3290 5239 (cepit
3317 5168 3462 5223 revi-

1861 5267 2092 5332 viscere,
2117 5278 2171 5321 et
2191 5282 2296 5319 non
2316 5269 2490 5319 solum
2515 5265 2566 5318 in
2594 5264 2927 5332 Occidentis,
2954 5266 3048 5318 sed
3075 5274 3131 5317 et
3151 5265 3202 5317 in
3222 5261 3465 5318 Orientis

1855 5347 2102 5429 partibus
2124 5359 2373 5424 sibilare,
2401 5367 2456 5413 et
2485 5357 2539 5411 in
2562 5356 2885 5427 quihusdam
2917 5355 3127 5420 insulis,
3159 5353 3460 5424 praecipue-

1853 5463 1962 5519 que
1992 5447 2199 5505 Sicilia:
2228 5459 2286 5505 et
2329 5448 2529 5519 Rhodi,
2559 5449 2840 5503 maculare
2887 5448 3200 5515 plerosque,
3227 5453 3284 5498 et
3312 5457 3460 5498 cres-

1851 5557 1976 5598 cere
2009 5556 2105 5612 per
2132 5541 2254 5597 dies
2283 5543 2528 5610 singulos
2551 5587 2564 5611 ,
2603 5541 2732 5595 dum
2765 5551 2980 5594 secreto
3011 5537 3239 5602 docent,
3267 5545 3324 5592 et
3352 5552 3452 5607 pu-

1855 5636 1996 5692 blice
2020 5635 2387 5708 967-968
2415 5642 2640 5706 negant.
2671 5634 2770 5690 Cui
2796 5629 3135 5702 respondere
3155 5629 3249 5686 diu
3275 5642 3462 5687 tacens

143 5814 152 5823 ε
215 5793 243 5822 ι
266 5782 530 5840 Additum
571 5779 792 5840 Pontico
815 5821 831 5849 ,
859 5779 1003 5852 quod
1054 5780 1109 5839 in
1160 5773 1295 5836 mss.
1329 5785 1439 5836 non
1470 5778 1720 5844 habetur,
1752 5787 1809 5837 et
1837 5777 2117 5836 studiosus
2141 5793 2415 5835 nonnemo
2436 5777 2701 5850 adiecerit
2721 5817 2736 5848 ,
2769 5774 2922 5846 rejici
2950 5773 3130 5831 denuo
3157 5775 3345 5833 malim
3385 5778 3451 5833 ad

142 5857 354 5928 pagina:
387 5854 597 5908 album.
617 5911 627 5920 ,
