3972 6322
566 327 673 390 795

1807 317 1863 374 5.
1908 313 2181 372 EUSEBH
2219 312 2602 373 HIERONYMI

3767 298 3866 355 79G

563 455 620 499 et
646 444 894 501 dolorem
925 437 1146 497 silentio
1164 437 1457 506 devoratis,
1485 436 1677 495 crebra
1709 434 1937 512 l'ratrmn
1969 449 2164 511 expos—
2195 437 2244 499 Α
2278 442 2481 506 potero,
2506 431 2572 489 ad
2599 430 2762 486 Hebr.
2782 408 2936 499 νυνι]
2968 422 3107 480 vobis
3131 394 3536 495 facerm-domus
3560 414 3752 474 Israel
3764 417 3867 472 hit

564 536 832 593 tutatioae
854 531 1172 601 compulsus
1196 546 1321 587 sum
1348 547 1361 585 :
1397 545 1500 587 nec
1522 540 1702 585 tamen
1735 530 2014 598 hucusque
2039 542 2162 598 pro-

561 624 705 694 rupi.
734 632 793 679 ut
821 631 1105 681 auctorum
1130 623 1349 681 nornina
1373 636 1662 693 pOnerem,
1692 621 1904 677 malens
1927 634 2022 677 eos
2044 635 2164 677 cor.

560 710 699 787 figi,
728 700 893 787 quam
933 715 1184 781 infamari
1216 713 1328 790 [ΑΙ.
1387 715 1636 789 imitari].
1681 714 1870 785 Neque
1899 715 2043 768 enim
2068 714 2167 768 lto-

567 810 794 879 miuum,
819 810 918 867 sed
950 809 1157 869 erroris
1180 809 1431 867 inimicus
1453 824 1572 864 sum
1600 826 1613 863 :
1636 808 1727 881 qui
1757 807 1887 862 mibi
1912 814 1970 863 ut
1991 807 2164 863 vicem

565 903 789 961 talionis
820 912 875 959 et
903 902 1201 975 genuinum
1230 902 1311 957 sui
1343 899 1554 959 doloris
1578 900 1688 976 [ΑΙ.
1720 898 1964 975 sudoris]
1995 898 2168 957 illide-

563 1006 709 1066 reut,
754 1008 973 1056 veteres
1003 997 1391 1071 magistrorum
1423 1011 1649 1052 suorum
1682 993 1986 1053 calumnias
2031 1008 2165 1050 con-

564 1090 887 1157 cinnantes,
922 1090 1189 1147 intactum
1222 1090 1469 1162 elingues
1494 1088 1604 1165 [AL
1638 1088 1934 1165 bilingues]
1974 1099 2026 1145 et
2061 1090 2165 1148 nti-

568 1184 680 1240 seri
704 1183 1071 1241 demonstrati
1105 1192 1250 1252 sunt,
1280 1193 1337 1239 ut
1366 1200 1435 1241 ne
1464 1180 1790 1241 maledicere
1813 1183 2031 1253 quidem
2053 1182 2169 1247 suis

571 1277 755 1333 verbis
786 1276 1085 1347 potuerint.
1128 1277 1366 1349 Quorum
1394 1286 1523 1333 tunc
1565 1280 1854 1346 temporis,
1886 1276 2049 1333 editis
2076 1276 2170 1335 ad-

571 1382 765 1424 versus
795 1383 892 1424 eos
932 1365 1114 1435 libris,
1149 1370 1341 1426 naenia:
1371 1370 1666 1428 conbustae
1690 1380 1818 1427 sunt
1844 1415 1859 1439 ,
1898 1385 2038 1445 quos
2076 1372 2170 1444 qui

569 1460 756 1532 legere
774 1461 1067 1530 voluerint,
1092 1462 1300 1535 liquido
1322 1464 1701 1535 pervidebuot,
1719 1479 1885 1521 canes
1910 1480 2007 1521 eos
2018 1465 2170 1535 juxta

571 1549 769 1609 lsaiam
815 1568 937 1609 esse
975 1563 1181 1623 mutos,
1211 1554 1303 1626 qui
1342 1555 1545 1613 latrare
1576 1558 1867 1614 nesciant:
1898 1558 2172 1615 habentes

570 1646 791 1714 quidem
824 1647 1165 1707 voluntatem
1196 1659 1249 1703 et
1280 1646 1486 1705 rabiem
1521 1650 1848 1721 mentiendi,
1875 1651 1972 1707 sed
1998 1661 2171 1708 artem

573 1737 811 1810 ﬁngendi
842 1750 897 1797 et
928 1740 1159 1798 latrantli
1188 1757 1297 1797 non
1327 1740 1588 1801 habentes
1614 1741 1770 1815 (Isai.
1797 1743 1928 1814 Lvt).
1959 1744 2172 1811 Quibus

2270 529 2543 587 Dominus.
2581 524 2713 583 Ecce
2743 523 2873 579 sicut
2902 525 3073 576 lutum
3108 519 3161 573 in
3188 534 3346 571 manu
3377 514 3551 588 ﬁguli,
3581 512 3671 569 sic
3701 529 3793 567 eos
3824 513 3868 567 in

2234 594 2424 685 κιιιιιιιιι
2454 642 2587 693 mea,
2628 624 2812 677 domus
2841 617 3030 677 Israel.
3064 616 3291 687 Repente
3311 610 3454 686 (sive
3477 610 3547 665 ad
3588 608 3863 683 summam)

2267 721 2453 791 loquar
2473 717 2747 772 adversum
2763 723 2965 788 gentem
2987 717 3033 763 et
3057 708 3329 762 aduersum
3356 720 3599 776 regnum,
3622 709 3685 756 ut
3705 700 3868 791 credis

2269 786 2377 873 celtt
2404 814 2543 887 (sive
2559 786 2818 883 auram)
2842 814 2890 865 et
2921 807 3207 868 destruam,
3229 808 3277 854 et
3299 796 3602 871 disperdam
3627 792 3791 849 illud.
3818 786 3869 849 st

2268 906 2623 983 paenitentiam
2650 902 2809 977 egerit
2834 914 2963 971 gens
3008 896 3111 959 illa
3134 912 3165 949 a
3196 894 3349 967 malo,
3371 907 3467 983 suo
3497 888 3646 959 quod
3676 888 3867 942 locutas

2268 980 2383 1061 sum
2403 1001 2677 1059 adversum
2720 1012 2859 1059 eam,
2888 1009 3042 1067 agam
3086 999 3135 1053 et
3177 1005 3269 1060 ego
3311 980 3685 1058 mouentium
3729 996 3870 1054 super
3942 1022 3943 1027 η

2273 1095 2411 1149 malo
2447 1091 2586 1164 quod
2611 1088 2835 1160 cogitavi
2875 1095 2931 1143 ut
2974 1085 3199 1155 [acerem
3227 1080 3294 1143 ei.
3320 1074 3398 1139 Et
3439 1077 3616 1138 subito
3646 1068 3789 1148 (sive
3814 1070 3871 1126 ad

2269 1162 2549 1255 summam)
2580 1180 2763 1253 loquar
2792 1178 2859 1233 de
2883 1183 3035 1249 gente
3059 1182 3105 1228 et
3133 1187 3315 1246 regno,
3346 1176 3402 1231 ut
3432 1162 3723 1238 wdiﬁccm,
3753 1173 3801 1220 et
3828 1170 3872 1217 ut

2270 1280 2497 1354 plantem
2521 1274 2675 1333 illud.
2711 1273 2772 1330 Si
2800 1271 2982 1345 fecerit
3008 1267 3203 1324 malum
3228 1266 3283 1319 in
3312 1256 3480 1319 oculis
3502 1259 3670 1329 meis,
3695 1267 3871 1354 utnon

2271 1350 2454 1427 audiat
2485 1384 2659 1427 uocem
2704 1381 2909 1431 meam,
2956 1359 3312 1435 pwnileutiam
3351 1370 3507 1433 agam
3547 1369 3718 1427 super
3756 1350 3876 1405 bona

2272 1465 2413 1538 quod
2440 1464 2642 1519 locutus
2676 1467 2878 1539 suntut
2920 1458 3141 1529 {acerem
3181 1452 3247 1513 ei.
3293 1449 3400 1508 Per
3429 1464 3630 1504 omnes
3664 1442 3875 1519 quidem

2275 1571 2470 1615 sensus
2496 1555 2563 1613 ad
2590 1553 2860 1624 judicium
2894 1559 2950 1609 et
2982 1547 3394 1618 intelligentiam
3423 1539 3597 1601 animi
3634 1539 3878 1610 perveni-

2277 1660 2386 1716 tur,
2416 1648 2626 1713 auditu,
2656 1646 2910 1710 odoratu,
2941 1651 3125 1717 gustu,
3162 1647 3332 1723 tactu,
3368 1636 3463 1695 sed
3506 1633 3688 1709 969
3717 1632 3876 1703 magis

2276 1749 2457 1798 mente
2492 1740 2781 1801 retinetur.
2802 1733 2944 1806 quod
2970 1733 3149 1789 oculis
3179 1730 3451 1786 cernitur.
3477 1726 3646 1783 Unde
3666 1724 3879 1799 iubetur

578 1828 772 1901 loquar
804 1832 1129 1902 compendio
1165 1851 1178 1888 :
1208 1833 1323 1893 Aut
1354 1835 1492 1890 bona
1523 1845 1650 1890 sunt
1677 1851 1799 1907 qua:
1831 1836 2060 1908 docetis,
2084 1847 2178 1894 aut
2212 1831 2251 1890 Β
2279 1834 2549 1906 Propheta
2581 1833 2647 1889 ad
2681 1832 2904 1888 domum
2932 1827 3083 1900 ﬁgttli
3115 1826 3217 1891 ire,
3250 1831 3307 1885 et
3330 1821 3404 1878 ibi
3434 1821 3667 1880 Domini
3701 1816 3876 1875 audire

581 1924 834 1982 mala..Si
864 1926 1030 1994 bona,
1056 1925 1335 1983 defendite
1378 1928 1552 1988 libere
1595 1948 1609 1983 :
1640 1930 1685 1984 si
1712 1930 1879 1997 mala,
1914 1930 2048 1999 quid
2086 1947 2178 1988 oc-

570 2019 720 2074 culte
752 2019 980 2074 miseros
1002 2020 1268 2091 jugulatis
1290 2036 1499 2093 errore,
1530 2031 1803 2093 rectaeque
1833 2022 1959 2079 ﬁdei
1985 2022 2051 2079 ad
2083 2022 2179 2078 de-

571 2112 859 2180 cipiendos
887 2112 1165 2181 simplices
1188 2128 1439 2185 quosque
1482 2114 1698 2184 jactatis
1739 2113 2178 2185 expositionem?

572 2220 694 2277 quae
722 2205 768 2260 si
798 2219 927 2261 vera
959 2215 1067 2273 est,
1099 2221 1196 2262 cur
1225 2206 1622 2273 absconditur?
1646 2208 1691 2262 si
1726 2208 1883 2274 falsa.
1915 2224 2014 2264 cur
2038 2209 2179 2266 scri-

576 2297 756 2354 bitur?
789 2297 944 2367 Rogo
968 2314 1092 2370 quae
1115 2308 1202 2355 est
1240 2298 1340 2356 ista
1372 2299 1618 2355 insania?
1647 2299 2007 2372 Prtecipiente
2046 2315 2178 2371 apo-

574 2391 723 2448 stolo
744 2392 799 2465 (Ι
834 2391 979 2448 Petr.
1013 2391 1119 2466 ttt),
1148 2402 1205 2448 ιιι
1233 2395 1405 2465 parati
1436 2396 1615 2451 simus
1635 2394 1701 2449 ad
1730 2392 2175 2457 satisfaciendum

576 2486 725 2541 omni
756 2487 1002 2555 poscenti
1038 2502 1140 2542 nos
1171 2486 1436 2543 rationem
1478 2486 1547 2542 de
1582 2503 1642 2541 ea
1672 2502 1793 2558 quae
1821 2488 1872 2540 in
1902 2485 2059 2543 nobis
2094 2496 2180 2541 est

572 2592 691 2649 spe,
720 2588 775 2632 et
807 2578 1077 2649 Propheta
1107 2579 1379 2634 clamante
1407 2597 1418 2631 :
1447 2578 1712 2648 Loquebar
1739 2578 1803 2633 de
1826 2577 1936 2651 [ΑΙ.
1969 2574 2049 2650 in]
2079 2588 2179 2632 tes-

573 2670 805 2724 timoniis
834 2670 937 2725 tuis
963 2671 1018 2724 in
1064 2680 1341 2740 conspectu
1370 2686 1578 2741 regum,
1606 2678 1654 2722 et
1687 2684 1791 2723 non
1822 2669 2178 2740 confundebar

574 2761 753 2835 (Psal.
781 2777 970 2831 cxvut,
996 2761 1110 2834 46),
1143 2763 1231 2817 isti
1252 2763 1529 2833 publicum
1556 2761 1786 2835 fugiunt,
1813 2770 1869 2821 et
1893 2772 2180 2820 susurrant

575 2859 629 2913 in
653 2858 870 2928 angulis
894 2858 1257 2926 perditorum,
1283 2857 1575 2931 delentque
1598 2859 1754 2930 quasi
1777 2873 1876 2931 pro
1898 2860 2032 2930 suis,
2057 2874 2178 2930 qua!

574 2967 675 3005 sua
701 2960 948 3005 metuunt
971 2951 1243 3008 conﬁteri.
1267 2950 1513 3023 Cumque
1533 2953 1865 3024 generaliter
1884 2952 2175 3008 adversum

573 3044 700 3099 vitia
723 3044 848 3113 quid
872 3054 926 3100 et
953 3046 1244 3101 haereticos
1265 3046 1592 3115 dixerimus,
1618 3063 1678 3101 se
1693 3047 1801 3117 peti
1832 3055 2173 3117 queruntur;

574 3136 883 3206 malumque
905 3136 1254 3192 conscientias
1294 3136 1637 3192 dissimulata
1679 3137 1772 3193 diu
1800 3137 2179 3208 indignatione

573 3230 952 3300 pronuntiant.
976 3228 1133 3299 Quod
1157 3234 1200 3285 si
1225 3226 1528 3286 cavendum
1554 3228 1714 3286 nobis
1730 3238 1835 3298 est,
1853 3246 1921 3287 oe
1934 3236 2175 3286 veterem

573 3322 774 3380 laedere
802 3323 1083 3380 videamur
1100 3331 1127 3362 ι
1149 3323 1643 3390 necessitudinem,
1665 3323 2176 3391 sisuperbissimam

574 3415 830 3471 hmresim
878 3415 1151 3486 spirituali
1184 3429 1445 3471 mucrone
1491 3422 1830 3481 truneemus,
1863 3429 1995 3486 ergo
2016 3414 2179 3470 susti-

576 3508 769 3564 nenda:
791 3516 952 3563 erunt
979 3507 1139 3563 nobis
1156 3521 1349 3565 cruces
1372 3506 1597 3577 prodilte
1631 3505 1775 3575 ﬁdei,
1808 3512 1863 3560 et
1887 3503 2177 3562 dicendum

572 3615 695 3655 cum
749 3600 1018 3668 Proltheta
1053 3617 1067 3653 :
1106 3598 1354 3655 Versatus
1384 3615 1497 3652 sum
1526 3599 1578 3652 in
1610 3598 1838 3666 miseria,
1871 3597 1997 3653 dum
2052 3597 2182 3653 mihi

578 3693 819 3761 inﬁgitur
844 3693 999 3762 spina
1030 3692 1050 3763 (
1078 3690 1227 3745 Psai.
1264 3709 1413 3756 nsi,
1437 3691 1516 3761 4).
1541 3691 1683 3758 Quin
1735 3693 1913 3761 potius
1957 3694 2182 3749 audiant

576 3784 711 3841 illud
743 3783 1129 3854 Apostolicum
1160 3805 1173 3839 :
1210 3784 1435 3841 Obedire
1459 3785 1572 3841 Deo
1601 3786 1765 3855 otagis
1797 3794 1997 3859 Oportet
2024 3802 2181 3859 quam

575 3877 872 3933 hominibus
895 3876 1036 3949 (Act.
1071 3894 1127 3946 v,
1160 3878 1261 3945 ειυς
1296 3877 1417 3935 Cal.
1449 3881 1512 3954 t).
1546 3880 1608 3938 Et
1641 3878 1841 3935 iterum
1876 3897 1889 3935 :
1921 3880 1983 3937 Si
2013 3880 2182 3935 homi-

574 3970 726 4026 nibus
746 3972 1030 4041 placerem,
1055 3970 1247 4026 Cltristi
1268 3988 1444 4028 seruus
1491 3990 1594 4028 non
1622 3990 1805 4028 essent.
1832 3973 2030 4030 Verum
2064 3974 2182 4032 haec

573 4066 626 4119 in
646 4066 889 4135 pr0prio,
907 4064 1011 4121 nisi
1028 4066 1314 4134 tacuerint,
1331 4080 1499 4136 opere
1516 4066 1544 4105 δ
1562 4068 1779 4138 plenius
1792 4083 2178 4137 exsequemur.

577 4355 787 4401 tantum
811 4363 933 4419 qua:
959 4348 1195 4404 obscura
1227 4350 1425 4405 iuerint
1453 4349 1834 4411 immorentur.

646 4526 806 4601 (Cap.
844 4526 1315 4585 XVIIl.—-Vers.l
1350 4529 1530 4602 seqq.)
1565 4528 1782 4583 Verbum
1806 4530 1949 4601 quod
1980 4534 2180 4600 factum

570 4632 646 4679 est
675 4623 745 4679 ad
772 4621 1053 4678 Ieremia»:
1082 4640 1113 4675 a
1147 4621 1391 4687 Domino,
1421 4623 1599 4678 dicens
1619 4622 1823 4695 :Surge
1847 4632 1896 4678 et
1929 4622 2181 4681 descende

567 4716 623 4770 iu
654 4716 870 4771 domum
900 4716 1071 4789 ﬁguli,
1102 4724 1151 4771 et
1168 4716 1238 4770 ibi
1270 4716 1453 4770 audies
1478 4715 1631 4771 verba
1661 4710 1798 4771 mea.
1831 4714 1897 4771 Et
1935 4717 2179 4772 descendi

568 4809 625 4865 in
648 4809 859 4867 domum
886 4808 1065 4881 ﬁguli.
1098 4820 1144 4865 et
1169 4825 1284 4865 ecca
1309 4810 1419 4879 ipse
1454 4809 1678 4879 faciebat
1706 4826 1837 4878 opus
1871 4826 2030 4881 super
2086 4826 2176 4865 ro-

569 4910 680 4954 tam
720 4900 866 4971 (sive
906 4899 1155 4972 lapides).
1188 4899 1257 4956 Et
1288 4901 1597 4971 dissipatum
1625 4911 1701 4957 est
1728 4918 1839 4968 uas,
1882 4903 2023 4974 quod
2062 4904 2178 4971 ipse

573 4992 797 5062 faciebat
835 5011 863 5049 e
899 4995 1008 5049 luto
1048 4997 1284 5052 manibus
1320 4998 1452 5053 suis.
1493 4994 1883 5070 Censet-susque
1932 4998 2090 5069 (sive
2129 5008 2178 5057 et

568 5088 799 5157 rursum)
830 5089 953 5157 fecit
983 5087 1116 5143 illud
1137 5105 1227 5143 vas
1256 5090 1500 5155 alterum,
1521 5091 1651 5145 sicut
1677 5088 1945 5162 placuerat
1975 5091 2029 5145 in
2051 5106 2179 5146 acu.-

569 5179 637 5235 lis
658 5182 770 5252 ejus
791 5188 843 5233 ut
868 5183 1081 5251 faceret.
1111 5181 1178 5236 Et
1198 5182 1393 5249 [aettem
1416 5194 1489 5239 est
1513 5183 1723 5239 verbum
1748 5182 1957 5238 Domini
1977 5183 2047 5238 ad
2069 5201 2172 5250 me,

568 5274 743 5330 dicens
772 5290 794 5330 :
819 5274 1091 5347 Numquid
1119 5277 1254 5331 sicut
1281 5276 1474 5347 ﬁgulus
1498 5278 1592 5332 iste
1613 5294 1716 5333 non
1747 5293 1956 5347 possunt
1978 5276 2171 5351 (Vulg.

642 5426 669 5455 ι
697 5416 880 5490 Potuit
904 5416 1179 5484 Pelagium
1207 5417 1348 5472 inter
1373 5414 1862 5490 etllleronymum,
1880 5432 2001 5470 cum
2025 5426 2174 5471 nter-

564 5502 670 5562 que
714 5488 902 5544 [locum
940 5498 1161 5562 ageret,
1209 5499 1301 5542 aut
1350 5500 1470 5543 cum
1520 5488 1725 5544 amicus
1770 5498 2003 5562 uterque
2027 5496 2173 5543 esset

568 5560 771 5628 Parthe,
800 5561 1183 5625 Demetriadis,
1210 5561 1510 5616 aliarumvt:
1534 5571 1854 5617 sanctarum
1878 5560 2168 5617 mulierum

567 5635 745 5701 aliqua
782 5632 1162 5685 intercessisse
1191 5632 1558 5686 necessitudo.
1581 5630 1959 5687 Verosimilius
1983 5637 2165 5685 tamen

566 5701 816 5773 videatur
838 5703 989 5773 inniti
1018 5702 1260 5758 Joannes
1283 5702 1802 5773 Jerosolymitanus,
1825 5716 1936 5771 quo
1962 5718 2070 5755 nou
2090 5702 2165 5758 ita

568 5770 781 5843 pridem
805 5771 979 5825 amico
1006 5774 1372 5844 Hieronymus
1394 5770 1668 5839 utebatur,
1692 5773 1802 5845 jam
1836 5770 1895 5829 ιιι
1922 5772 2165 5843 Pelagia-

571 5854 767 5899 norum
793 5850 1079 5912 patrouum
1106 5845 1418 5900 accusabat.
1704 5880 1709 5883 ι
1930 5856 1938 5873 ί

2278 1938 2575 2001 praecepta.
2605 1926 2879 2001 Cumque,
2918 1924 3022 1989 ait,
3054 1918 3427 1993 pert-exissem
3463 1923 3522 1973 et
3562 1910 3880 1971 descendis.

2280 2039 2396 2083 sem
2426 2024 2478 2079 in
2504 2021 2724 2077 domum
2750 2017 2924 2089 ﬁguli.
2942 2015 3178 2072 faciebat
3202 2015 3317 2083 ipse
3331 2024 3469 2083 opus
3483 2024 3665 2079 super
3687 2017 3874 2072 rotam,

2278 2132 2442 2187 quam
2475 2112 2619 2171 LXX
2639 2112 2792 2169 verbi
2818 2109 3177 2181 ambiguitate
3204 2104 3449 2173 seducti,
3474 2103 3693 2178 lapides
3714 2115 3878 2157 trans-

2279 2208 2540 2271 tulerunt,
2573 2220 2773 2262 ιιιΑιιιιι
2806 2200 3033 2276 (manu)
3064 2199 3212 2259 enim
3246 2213 3349 2270 pro
3390 2197 3671 2268 qualitate
3701 2195 3801 2250 loci
3829 2203 3876 2249 et

2278 2300 2597 2358 diversitate
2630 2294 3125 2368 pronuntiationis,
3161 2301 3218 2350 et
3246 2308 3521 2366 organum,
3557 2288 3614 2345 id
3642 2298 3753 2355 est,
3778 2296 3874 2341 rota

2279 2392 2426 2466 ﬁguli
2457 2402 2708 2458 vocatur,
2734 2398 2790 2445 et
2817 2388 3041 2460 lapides.
3063 2386 3334 2456 Cumque,
3363 2385 3568 2456 inquit,
3596 2395 3871 2440 cernerent
3942 2448 3943 2455 γ

2280 2504 2420 2545 vase
2439 2487 2558 2545 luto
2578 2487 2719 2553 ﬁeri,
2744 2485 2926 2545 subito
2942 2483 3270 2554 dissipatum
3300 2491 3406 2546 est.
3437 2481 3540 2535 hoc
3565 2479 3671 2536 Dei
3694 2485 3872 2547 agente

2280 2581 2649 2654 providentia,
2674 2589 2731 2633 ttt
2756 2593 2949 2657 manus
2977 2574 3210 2635 artiﬁcis
3232 2572 3359 2631 dum
3397 2571 3673 2639 nesciret,
3703 2582 3870 2625 errore

2280 2692 2381 2733 suo
2427 2673 2746 2747 parabolam
2800 2672 3085 2742 liguraret.
3132 2667 3480 2737 Rursumque
3514 2664 3615 2747 ille
3672 2661 3869 2733 ﬁgulus,

2280 2769 2371 2841 qui
2396 2744 2493 2827 vas
2518 2746 2720 2829 e‘loto,
2756 2777 2871 2820 rota
2898 2770 3182 2825 currente,
3211 2758 3549 2829 perdiderat,
3582 2744 3716 2812 fecit
3739 2750 3869 2809 aliud

2282 2862 2387 2917 sibi
2432 2868 2491 2919 ut
2532 2860 2582 2915 ei
2619 2858 2793 2915 visum
2841 2865 2947 2913 est.
3000 2853 3310 2924 Statimque
3343 2852 3617 2915 Dominus
3655 2850 3724 2907 ad
3752 2847 3869 2904 Pro-

2282 2955 2502 3025 phetam
2543 2972 2555 3009 :
2585 2952 2644 3009 Si
2673 2950 2898 3023 ﬁgulus,
2932 2950 3031 3015 ait,
3067 2950 3211 3003 hanc
3243 2946 3406 3002 habet
3432 2954 3797 3016 potestatem,
3822 2948 3868 2995 ιιι

2282 3064 2349 3104 ex
2373 3048 2565 3103 eodem
2595 3047 2709 3101 luto
2731 3060 2944 3099 rursum
2964 3043 3130 3097 faciat
3155 3041 3300 3113 quod
3329 3039 3494 3095 fuerit
3513 3038 3864 3108 dissipatum:

2282 3154 2383 3212 ego
2415 3141 2469 3196 in
2503 3139 2682 3205 vobis,
2707 3138 2797 3210 qui
2830 3145 3092 3207 quantum
3122 3132 3176 3190 in
3208 3134 3367 3189 vobis
3398 3140 3505 3197 est,
3537 3131 3776 3202 periisse
3796 3129 3866 3183 vi-

2282 3233 2522 3299 demini,
2554 3230 2659 3288 hoc
2691 3232 2874 3288 lacere
2902 3236 3011 3287 no‘o
3049 3226 3280 3300 potero?
3310 3218 3382 3283 Et
3426 3235 3485 3281 ut
3517 3225 3758 3282 liberum
3803 3222 3865 3278 si-
3942 3284 3943 3293 χ

2279 3329 2566 3400 gniﬁcaret
2605 3324 2933 3387 arbitrium,
2965 3323 3097 3379 dicit
3151 3331 3319 3385 seet
3363 3321 3506 3378 mala
3558 3318 3866 3377 annuntiare

2280 3419 2429 3489 genti
2461 3429 2517 3474 et
2536 3430 2706 3487 regno
2736 3416 2842 3483 illi,
2872 3415 2959 3471 vel
2994 3415 3106 3480 illi;
3136 3424 3192 3470 et
3218 3428 3435 3469 rursum
3461 3413 3610 3467 bona
3640 3430 3654 3467 :
3686 3426 3781 3467 nec
3803 3418 3867 3464 ts-

2284 3524 2408 3571 tuen
2459 3510 2563 3567 hoc
2604 3508 2826 3565 evenire
2857 3507 3002 3580 quod
3035 3506 3153 3577 ipse
3187 3504 3534 3577 przedixerit;
3566 3503 3673 3560 sed
3696 3521 3728 3560 e
3753 3514 3863 3558 con-

2282 3604 2457 3661 trario
2481 3603 2624 3670 ﬁeri,
2651 3614 2708 3658 ut
2725 3612 2781 3661 et
2796 3602 2941 3657 bona
2966 3602 3123 3657 malis
3149 3601 3426 3666 eveniant,
3452 3601 3499 3656 si
3519 3603 3744 3672 egerint
3765 3612 3865 3666 pte-

2285 3694 2596 3762 nitentiam,
2645 3706 2702 3750 et
2752 3694 2913 3750 bonis
2966 3694 3138 3758 mala,
3186 3694 3230 3746 si
3266 3701 3389 3763 post
3421 3692 3863 3761 reprontissiones

2282 3788 2487 3848 fuerint
2533 3788 2600 3847 ad
2635 3800 2857 3864 peccata
2897 3788 3169 3846 movet-sl.
3207 3786 3275 3843 Et
3305 3787 3408 3842 hoc
3456 3786 3734 3853 dicimus,
3773 3798 3860 3839 non

2283 3883 2431 3959 quod
2462 3884 2677 3954 ignoret
2705 3884 2847 3940 Deus
2877 3878 2980 3939 hoc
3000 3881 3087 3938 vel
3111 3880 3265 3947 illud,
3290 3888 3507 3953 gentem
3534 3889 3633 3939 aut
3658 3890 3858 3950 regnum

2280 3988 2410 4032 esse
2434 3975 2729 4045 iacturum,
2752 3975 2848 4029 sed
2870 3972 3018 4045 quod
3047 3974 3285 4029 dimittat
3309 3973 3596 4028 hominem
3622 3968 3859 4027 voluntati

2284 4078 2421 4140 sum,
2453 4079 2512 4123 ιιι
2538 4070 2620 4125 vel
2654 4069 2898 4139 praemia,
2930 4068 3015 4122 Vel
3045 4076 3237 4137 pinnas
3266 4080 3361 4121 sua
3393 4065 3686 4122 voluntate
3709 4074 3759 4122 et
3779 4075 3861 4117 suo
3942 4140 3943 4147 γ

573 4157 726 4213 Nune
746 4167 985 4229 coeptum
1019 4160 1073 4213 in
1104 4158 1399 4215 Jeremiam
1429 4176 1719 4229 carpamus
1770 4163 1895 4228 iter,
1938 4170 1997 4217 et
2019 4176 2185 4231 quar—
2287 4165 2485 4219 merito
2515 4165 2770 4231 recipiat.
2802 4160 2914 4217 Nec
2939 4160 3123 4215 statim
3148 4168 3319 4214 totum
3348 4159 3450 4214 erit
3484 4153 3859 4228 hominisquod

576 4261 690 4305 tum
718 4252 769 4306 in
800 4267 924 4307 eum
956 4253 1214 4309 volumen
1246 4255 1486 4310 breviter
1512 4263 1976 4325 transcurrentes,
2013 4255 2065 4313 in
2096 4254 2183 4315 bis
2286 4258 2537 4321 eveniet;
2570 4257 2666 4315 sed
2692 4257 2809 4328 ejus
2834 4257 3022 4328 gratim
3051 4256 3143 4326 qui
3170 4263 3368 4310 cuncta
3396 4255 3635 4323 largitus
3661 4264 3739 4310 est
3766 4271 3779 4307 :
3802 4252 3859 4306 ita

2283 4350 2433 4408 enim
2464 4348 2689 4409 libertas
2714 4347 2927 4407 arbitrii
2956 4347 3287 4403 reservanda
3316 4355 3420 4415 est,
3455 4355 3514 4399 ut
3545 4348 3598 4400 in
3634 4344 3859 4401 omnibus

2287 4445 2519 4501 excellat
2552 4443 2727 4515 gratia
2762 4442 3065 4513 largitoris;
3098 4443 3251 4511 juxta
3280 4440 3411 4496 illud
3447 4439 3818 4511 prepheticum
3845 4450 3858 4490 :

2292 4536 2414 4591 Nisi
2444 4535 2693 4591 Dominus
2721 4534 3052 4607 wdiﬁcauerit
3077 4535 3307 4600 domum,
3332 4534 3384 4587 in
3410 4551 3602 4589 vanum
3631 4533 3861 4590 laborare-

2283 4635 2407 4684 ruut
2432 4628 2517 4696 qui
2554 4626 2821 4695 aediﬁcant
2854 4642 2989 4681 earn.
3023 4625 3144 4681 Nisi
3181 4622 3435 4683 Dominus
3464 4626 3767 4683 custodierit
3800 4621 3861 4675 ti-

2283 4716 2507 4788 vitatem,
2553 4720 2609 4774 in
2640 4736 2827 4774 vanum
2865 4718 3097 4793 vigilabit
3143 4718 3255 4791 [ΑΙ.
3292 4717 3493 4791 vigilat]
3537 4721 3630 4791 qui
3661 4715 3860 4775 custodit

2280 4830 2395 4869 eam
2438 4811 2612 4884 (Psal.
2651 4827 2835 4883 cum,
2869 4813 2920 4879 l,
2952 4810 3033 4885 2).
3080 4811 3196 4871 Non
3237 4809 3385 4868 enim
3418 4811 3661 4868 volentis
3707 4820 3858 4879 neque

2281 4905 2573 4965 currentis.
2608 4905 2701 4961 sed
2729 4905 3043 4963 miserantis
3067 4913 3153 4961 est
3178 4903 3274 4960 Dei
3305 4902 3487 4976 (Rom.
3511 4904 3617 4975 ιι).

2359 4997 2542 5070 (Vera.
2577 4997 2794 5070 “45.)
2822 4997 2978 5054 Nunc
3004 5012 3125 5070 ergo
3151 4997 3240 5052 dic
3266 4998 3377 5055 viro
3398 4994 3582 5061 ludat,
3610 5007 3658 5053 et
3677 4995 3858 5051 habits-

2281 5091 2380 5146 tori
2422 5089 2576 5165 [Μαι.
2615 5089 3015 5155 habitatoribus,
3059 5088 3285 5163 rectius]
3323 5090 3640 5155 Jerusalem,
3680 5090 3852 5148 dicens.

2289 5183 2415 5238 Haec
2450 5183 2591 5255 (sive
2629 5181 2726 5254 sic)
2765 5182 2891 5238 dicit
2934 5182 3187 5237 Dominus
3212 5200 3230 5238 :
3252 5181 3389 5239 Ecce
3412 5199 3507 5254 ego
3534 5183 3677 5254 ﬁngo
3700 5187 3856 5234 contra

2283 5293 2372 5333 vos
2396 5277 2591 5332 rnatum
2616 5285 2665 5332 et
2700 5276 2868 5347 cogito
2894 5284 3076 5332 contra
3103 5290 3190 5330 vos
3218 5276 3591 5347 cogitationem
3617 5292 3637 5329 :
3657 5280 3855 5328 revortar

2351 5414 2378 5455 ι)
2403 5413 2540 5471 Tres
2572 5414 2922 5476 Dialogorum
2950 5413 3153 5476 libros,
3182 5428 3320 5484 quos
3349 5412 3511 5483 paulo
3541 5420 3661 5481 post
3688 5414 3850 5484 contra
3942 5438 3943 5441 η

2278 5487 2600 5556 Pelagianos
2630 5487 2873 5555 scripsit,
2900 5486 3115 5540 videtur
3138 5475 3246 5539 lto'e
3280 5475 3403 5541 loco
3432 5475 3692 5556 minitari.
3710 5475 3847 5556 (Quod

2277 5549 2665 5615 enim'dixerst
2694 5549 2878 5627 modo,
2904 5557 3138 5623 Quorum
3177 5566 3298 5610 tunc
3334 5558 3581 5629 temporis
3601 5554 3751 5629 editis
3767 5549 3846 5629 edo

2274 5646 2448 5685 versus
2483 5646 2570 5684 eos
2603 5629 2748 5683 libris
2778 5620 2962 5683 naenia:
2997 5630 3280 5695 confutatur
3305 5620 3451 5695 sunt,
3493 5643 3600 5682 non
3629 5626 3694 5681 de
3721 5620 3845 5677 Pela-

2270 5704 2450 5766 gianis
2472 5710 2557 5758 est
2582 5699 2994 5770 accipiendum,
3025 5699 3123 5755 sed
3152 5699 3223 5754 de
3257 5713 3456 5757 eorum
3481 5696 3775 5769 magistris.
3798 5695 3841 5742 ιιι

2273 5772 2392 5847 ipse
2420 5782 2598 5842 vocat,
2632 5769 2850 5842 Ruﬁno,
2880 5769 3193 5838 Joviuiauo,
3221 5780 3331 5827 etc.
