3972 6324
98 382 223 439 797

621 382 1266 441 COMMENTARIORUH
1312 386 1377 441 IN
1415 383 1763 442 .IEREMIMI
1802 386 2227 444 PliOPHETAM
2267 387 2399 443 LIB.
2440 388 2531 444 IV.
2574 385 2730 444 CAP.
2775 384 2966 443 XVIII.

1960 14 1995 27 ⁷-
2024 18 2263 27 -_——————
2358 17 2723 29 —————*——
2746 18 2761 25 -
2802 18 2823 27 ο
2900 18 3003 27 οι-η-
3038 18 3163 27 -—-—
3218 18 3231 25 ρ

3342 385 3469 453 J98

104 510 203 553 tur
249 499 627 573 mtusquisque
663 516 695 555 a
742 500 823 552 via
866 516 959 552 sua
994 498 1162 567 mala,
1197 508 1244 553 et
1270 498 1479 575 dirigite
1509 501 1615 554 vias
1644 518 1746 555 ves-
1781 510 1826 568 Α
1857 500 2205 577 derelinquit.
2240 518 2361 575 quae
2389 501 2629 558 omnium
2664 510 2980 561 sanctorum
3011 511 3137 556 sunt
3168 502 3309 558 tritae
3340 518 3467 560 ves-

102 602 223 646 tros
253 602 310 646 et
344 593 532 647 studia
561 601 740 647 vestra.
777 592 877 661 Qui
907 592 1172 659 dixerunt,
1204 593 1587 660 desperauimus
1612 593 1752 668 (sive

104 687 607 759 confortabimur)
633 731 649 754 ,
697 697 811 758 post
852 688 1194 756 cogitationes
1232 690 1370 743 enim
1411 699 1614 745 nostras
1652 688 1754 744 ibi-

103 797 273 847 mus,
320 793 380 836 et
430 782 789 854 unusquisque
824 783 1136 853 pravitatem
1164 782 1307 849 (sive
1347 784 1488 853 quod
1529 782 1750 855 placuit)

106 877 308 931 cordis
353 876 452 931 sui
493 875 621 930 mali
661 875 771 948 [ΑΙ.
811 877 1066 950 placuerit
1108 878 1252 933 cordi
1274 895 1371 932 suo
1400 877 1561 955 malo]
1587 880 1749 952 facie-

105 987 259 1025 mus.
311 967 465 1024 Ideo
507 969 617 1025 lucc
658 969 782 1023 dicit
829 968 1084 1026 Dominus
1122 988 1141 1025 :
1178 968 1508 1045 Interrogate
1553 982 1750 1045 gentes,

106 1065 236 1134 quis
291 1063 510 1117 audivit
559 1061 687 1116 talia
735 1062 1044 1129 horribilia,
1093 1079 1208 1135 qua:
1252 1065 1372 1134 fecit
1415 1065 1567 1119 nimis
1607 1066 1751 1137 virgo

106 1156 350 1212 Israel?
383 1156 585 1227 Implet
619 1157 881 1212 Dominus
918 1157 1236 1226 parabolam
1269 1172 1428 1229 quam
1461 1165 1516 1211 ct
1545 1173 1753 1213 sermo-

109 1251 310 1318 nibus,
350 1259 419 1305 et
449 1257 672 1320 aspectu
703 1248 986 1317 docuerat,
1017 1261 1067 1304 et
1094 1249 1261 1322 970
1287 1249 1422 1305 dicit
1453 1268 1464 1303 :
1500 1248 1632 1304 Ecce
1657 1267 1751 1323 ego

107 1346 266 1420 ﬁngo
308 1354 509 1398 contra
554 1361 642 1399 vos
686 1344 904 1409 malum,
952 1343 1107 1414 quasi
1152 1343 1351 1414 ﬁgulus
1381 1343 1553 1398 Iulum
1589 1361 1603 1397 :
1639 1359 1753 1401 ma-

112 1438 236 1493 lum
282 1446 489 1493 autem
527 1437 683 1507 juxta
714 1436 907 1491 Isaiam
942 1435 1036 1508 qui
1069 1436 1198 1492 dit-it
1235 1452 1248 1491 :
1283 1434 1509 1491 Faciens
1540 1444 1746 1511 pacem,

107 1544 162 1587 et
193 1549 402 1589 creans
436 1533 629 1586 malum
659 1530 792 1604 (Isa.
830 1547 957 1596 XLV,
988 1530 1069 1604 7).
1099 1531 1217 1586 Non
1245 1531 1387 1601 quod
1418 1547 1516 1604 per
1546 1547 1607 1587 se
1635 1547 1748 1586 ma-

110 1631 229 1684 lum
268 1630 371 1696 sit,
420 1628 520 1684 sed
552 1627 694 1699 quod
723 1627 1052 1697 patientibus
1081 1627 1281 1682 malum
1312 1642 1434 1683 esse
1462 1626 1733 1682 videatur.

111 1722 185 1777 Et
215 1721 405 1791 ragito
449 1731 633 1776 contra
664 1737 753 1777 vos
782 1721 1169 1794 cogitationem,
1206 1719 1257 1774 id
1290 1730 1393 1786 eSt,
1426 1735 1524 1789 pro
1550 1719 1747 1776 merito

114 1812 338 1869 inferre
392 1814 753 1869 sententiam.
809 1811 1011 1867 Mutate
1051 1827 1219 1883 opera
1244 1854 1259 1879 ,
1300 1822 1349 1866 et
1392 1812 1597 1885 dirigite
1638 1812 1747 1867 vias

112 1920 347 1976 vestras,
395 1918 460 1962 ttt
498 1916 553 1964 et
590 1908 867 1979 prosperis
893 1921 1054 1978 pmna
1088 1914 1343 1962 mutetur.
1378 1906 1508 1977 Qui,
1541 1907 1739 1977 inquit,
1772 1912 1821 1973 Β

112 2002 362 2059 dixerun
393 2003 700 2058 tcontrario
726 2001 1207 2070 :Confortabimur,
1229 2000 1282 2053 in
1309 2000 1464 2053 malis
1490 1999 1746 2057 videlicet

109 2097 414 2164 operibus,
450 2096 567 2150 sive
590 2092 739 2164 juxta
763 2093 1039 2163 Aquilam,
1071 2092 1476 2163 desperavimus,
1509 2091 1738 2162 ctjuxta

113 2186 569 2262 Symmachum,
616 2186 931 2258 defecimus,
981 2184 1127 2256 quod
1181 2196 1473 2255 utrumque
1518 2182 1747 2240 offendit

112 2281 331 2347 Deum;
380 2290 446 2335 ttt
488 2289 581 2335 aut
623 2294 962 2350 nequaquam
1010 2293 1071 2333 se
1118 2288 1271 2349 putet
1314 2292 1475 2347 posse
1515 2276 1742 2341 salvari,

117 2385 212 2429 aut
254 2374 325 2429 ad
378 2372 709 2444 placandum
752 2371 923 2426 Deum
964 2371 1149 2425 animo
1191 2368 1479 2426 defecisse.
1521 2367 1587 2423 Et
1630 2378 1745 2438 post

112 2470 509 2543 cogitationes,
554 2467 763 2539 inquit,
819 2456 1023 2522 nostras
1071 2467 1281 2521 ibimus.
1335 2465 1437 2523 Ubi
1489 2473 1568 2520 est
1612 2478 1744 2535 ergo

117 2570 142 2597 η
168 2562 387 2631 absque
435 2560 532 2617 Dei
576 2561 751 2632 gratia
778 2560 954 2615 Iibcrii
980 2559 1192 2615 arbitrii
1228 2568 1487 2629 potestas.
1521 2564 1576 2613 et
1607 2572 1732 2628 pro-

117 2654 252 2722 pria:
286 2652 568 2726 judicium
612 2653 939 2720 voluntatis,
987 2666 1112 2707 cum
1157 2649 1382 2722 grandis
1422 2650 1631 2705 offensa
1673 2651 1744 2706 sit

116 2746 214 2802 Dei
259 2748 420 2817 sequi
475 2747 842 2818 cogitationes
885 2759 1012 2800 suas
1051 2755 1106 2801 et
1156 2742 1309 2815 pravi
1343 2743 1522 2799 cordis
1562 2744 1742 2799 facere

119 2840 519 2895 voluntatem?
558 2840 857 2909 Propterea
902 2837 1093 2899 infert.
1145 2837 1380 2893 dicens:
1412 2836 1744 2906 Interrogare

119 2942 335 3002 gentes,
383 2943 433 2988 et
482 2949 659 2987 omnes
702 2934 755 2986 in
799 2933 1021 2986 circuitu
1060 2933 1328 2996 nationes,
1368 2932 1490 3003 quis
1528 2930 1738 2998 fecerit,

116 3027 240 3094 qnis
281 3026 537 3082 audierit
578 3024 738 3083 idalis
783 3026 1053 3089 serviens,
1095 3040 1212 3097 quo:
1249 3024 1369 3093 fecit
1417 3023 1567 3078 nimis
1598 3025 1741 3097 virgo

124 3116 329 3176 Israel?
365 3119 646 3192 Virginem
676 3128 860 3175 autem
890 3128 1069 3183 vocat,
1098 3134 1165 3173 eo
1190 3118 1334 3188 quod
1367 3118 1455 3171 nni
1486 3117 1601 3172 Deo
1625 3132 1743 3171 ser-

124 3212 307 3276 vierit.
354 3213 591 3269 dicente
620 3213 896 3283 Propheta
934 3231 947 3265 :
984 3212 1157 3266 Notus
1185 3213 1236 3264 in
1267 3209 1461 3265 Iudaea
1490 3209 1656 3274 Deus,
1686 3210 1739 3264 in

122 3303 293 3360 Israel
321 3324 581 3381 magnum
610 3323 795 3361 nomen
826 3310 936 3376 ejus
967 3304 1144 3373 (Psal.
1179 3321 1337 3372 Lxxv,
1371 3302 1451 3377 2).

193 3396 377 3462 (Vers.
433 3396 548 3468 14.)
581 3395 851 3468 Numquid
877 3396 1079 3468 deﬁciet
1109 3396 1172 3450 de
1198 3405 1345 3468 petra
1375 3395 1491 3468 agri
1529 3394 1621 3448 nia:
1649 3391 1739 3448 Li-

124 3489 246 3545 boni
278 3507 296 3544 :
334 3500 429 3546 aut
461 3490 619 3546 avelli
648 3502 867 3558 possunt
898 3507 1044 3561 aqua:
1073 3499 1414 3560 erumpentes.
1452 3488 1663 3563 frigida:
1691 3497 1740 3542 et

127 3582 455 3652 detinentes?
499 3582 641 3640 LXX
678 3601 690 3637 :
720 3582 993 3654 Numquid
1024 3583 1264 3653 deﬁcient
1291 3582 1352 3635 de
1381 3591 1526 3654 petra
1559 3582 1734 3649 ubera,

124 3684 213 3729 aut
251 3678 345 3731 nix
371 3677 436 3731 de
468 3675 698 3742 Libano,
732 3686 823 3729 aut
867 3675 1149 3731 declinabit
1175 3692 1310 3745 aqua
1337 3676 1583 3729 violenter
1608 3674 1733 3729 sub-

128 3766 233 3822 lata
276 3771 479 3824 vento?
539 3769 671 3825 Tale
718 3767 848 3840 quid
893 3777 949 3822 et
994 3768 1122 3823 illud
1167 3766 1529 3839 Virgilianum
1576 3777 1735 3822 sonat

127 3857 332 3931 (Eclog.
367 3878 403 3928 ι,
438 3860 513 3916 60
536 3861 698 3932 seqq.)
737 3879 750 3915 :

218 3953 348 4015 Ante
375 3950 523 4015 leves
542 3963 665 4014 ergo
685 3958 948 4015 pascentur
968 3950 1239 4015 initetberer
1260 3953 1420 4015 cervi,

220 4012 281 4061 Et
296 4015 426 4062 freta
452 4012 733 4062 destituent
751 4014 907 4063 nudos
929 4014 982 4062 in
1003 4014 1170 4063 littore
1195 4014 1382 4075 pisces,

218 4075 372 4134 Quam
393 4082 569 4126 nostro
583 4075 719 4125 illius
742 4076 935 4126 labatur
962 4083 1168 4138 pectore
1193 4077 1380 4127 vultus.

131 4155 198 4211 Et
225 4158 278 4212 in
309 4161 422 4216 alio
455 4160 577 4215 loco
607 4159 853 4232 (:Eueid.
886 4177 926 4227 ι,
959 4162 1058 4218 θη
1091 4162 1298 4233 seqq.):

218 4248 273 4316 in
295 4249 426 4316 freta
451 4252 570 4302 dum
592 4252 725 4303 ﬂuvii
752 4262 977 4316 current,
994 4253 1114 4316 dum
1138 4254 1388 4316 montibus
1412 4255 1605 4305 umbra:

220 4309 539 4379 Lustrabtmt,
568 4327 789 4364 convexa
814 4309 1280 4379 polus'dmn_sidera
1306 4324 1496 4379 pascet,

214 4370 432 4438 Semper
456 4377 612 4425 honos
637 4370 918 4440 nomenque
943 4385 1081 4427 tuum
1096 4370 1368 4442 laudesque
1387 4370 1678 4431 manebunt.

130 4473 434 4547 Quomodo,
482 4480 678 4551 inquit,
713 4480 803 4535 nix
835 4479 904 4536 de
933 4480 1126 4536 Libani
1161 4476 1564 4545 summitatibus
1592 4481 1730 4539 deti-

1856 597 2002 669 tigiis
2046 597 2343 655 colentium
2392 599 2581 653 Deum.
2628 597 2722 655 Isti
2761 612 2895 652 vero
2936 595 3357 655 ambulaverunt
3397 598 3453 654 in

1855 688 2050 745 itinere
2074 704 2183 744 non
2217 688 2366 753 trito,
2400 700 2456 745 et
2482 689 2677 745 relicto
2703 687 2852 744 cultu
2877 688 3000 756 Dei,
3037 686 3181 744 idola
3209 689 3456 749 venerati

1855 789 2002 847 sunt,
2033 791 2258 852 propter
2290 797 2411 850 qua:
2442 781 2676 837 infertur
2708 796 2867 852 plena
2899 796 3020 851 qua:
3050 779 3302 854 sequitur
3334 801 3351 838 :

1926 869 2105 942 (Vers.
2152 871 2268 943 l6.)
2300 870 2367 928 Ut
2409 872 2553 940 ﬁeret
2596 884 2736 928 terra
2761 889 2940 927 eorum
2967 873 3023 926 in
3055 873 3460 944 desolationem,

1854 971 1903 1019 et
1941 964 1996 1017 in
2032 963 2247 1023 sibilum
2281 966 2652 1036 sempiternum
2676 1012 2689 1035 ,
2731 966 2897 1020 omnis
2938 966 3029 1041 qui
3068 968 3298 1040 praterit
3338 966 3463 1041 [AL

1854 1054 2198 1131 praeterierit]
2242 1075 2333 1131 per
2377 1076 2487 1112 eam
2514 1099 2528 1125 ,
2581 1058 2902 1130 obstupescet
2949 1070 2996 1113 et
3042 1062 3258 1116 movebit
3308 1070 3465 1134 caput

1853 1165 2021 1207 suum.
2070 1150 2131 1205 Et
2175 1152 2302 1224 quia
2344 1152 2789 1224 dereliquerunt,
2836 1152 2941 1219 ait,
2986 1153 3194 1209 cultum
3235 1155 3356 1222 Dei,
3400 1163 3463 1217 et

1856 1256 2047 1312 pravas
2093 1240 2417 1298 idololatria:
2464 1242 2688 1298 semitas
2732 1251 2864 1299 sunt
2905 1244 3125 1313 secuti;
3171 1256 3462 1317 propterea

1855 1342 1996 1390 terra
2039 1350 2229 1391 eorum
2275 1328 2497 1392 redacta
2532 1345 2616 1392 est
2648 1338 2701 1395 in
2737 1334 3091 1393 solitudinem
3123 1340 3258 1397 etin
3292 1334 3465 1398 mira-

1850 1426 2030 1482 culum
2076 1427 2320 1482 omnium
2352 1427 2709 1497 sibilumque,
2743 1429 2817 1484 ita
2846 1436 2904 1483 ut
2931 1430 3023 1500 qui
3058 1438 3258 1491 terram
3288 1447 3464 1503 quon-

1851 1516 1995 1584 dam,
2032 1528 2087 1574 et
2120 1519 2308 1573 urbem
2337 1518 2779 1575 ﬂorentissimam
2815 1519 3056 1576 viderint
3086 1519 3140 1577 in
3173 1522 3459 1582 desertum

1851 1616 1905 1665 et
1946 1610 2135 1665 cinere
2174 1626 2296 1667 esse
2334 1611 2653 1682 collapsam,
2697 1610 3044 1669 admirentur
3084 1621 3140 1670 et
3165 1623 3444 1684 stupeant,

1850 1711 1903 1757 et
1943 1701 2141 1757 anima-
2189 1701 2568 1758 confusionem
2594 1745 2608 1768 ,
2654 1713 2809 1775 gestu
2852 1706 3100 1775 carparis
3143 1705 3387 1763 indicent
3428 1725 3448 1767 ε

1850 1792 1955 1849 hoc
2004 1803 2089 1849 est
2126 1793 2270 1849 enim
2315 1810 2538 1852 movere
2574 1806 2737 1866 caput
2765 1837 2781 1863 ,
2823 1805 2879 1852 et
2920 1808 3202 1868 stuporem
3255 1801 3459 1857 mentis

1848 1883 1875 1923 ι’
1907 1885 2127 1942 silentio
2155 1885 2555 1944 demonstrare.
2586 1886 2740 1955 Quod
2770 1888 2984 1959 plenius
3014 1900 3067 1945 et
3099 1892 3300 1946 rectius
3331 1893 3459 1963 post

1848 1981 2143 2037 adventum
2202 1980 2415 2038 Domini
2475 1982 2831 2054 intelligimus
2886 1998 3011 2039 esse
3068 1985 3450 2055 completum,

1846 2071 2066 2143 quando
2086 2073 2273 2128 nullus
2298 2070 2615 2130 Iudaeorum
2643 2082 2846 2129 terram
2876 2075 3146 2143 quondam
3172 2086 3227 2130 et
3250 2074 3453 2133 Urbem

1846 2177 2089 2223 sanctam
2119 2167 2327 2238 ingredi
2362 2166 2483 2240 lege
2512 2167 2877 2239 permittitur;
2903 2168 2996 2224 sed
3024 2184 3149 2224 cum
3174 2166 3243 2224 ad
3270 2168 3458 2241 planc-

1846 2270 1958 2316 tum
1987 2260 2260 2326 venerint,
2295 2262 2563 2316 mirantur
2593 2257 2648 2316 el
2676 2258 2883 2317 dellent
2914 2260 3178 2316 vaticinia
3210 2256 3456 2333 Prophe-

1847 2364 2046 2417 tarum,
2077 2366 2251 2424 opere
2277 2352 2574 2422 completa.

1918 2442 2102 2516 (Vers.
2134 2438 2251 2511 l7.)
2276 2440 2426 2499 Sicut
2450 2450 2625 2497 ventus
2650 2456 2808 2498 urens
2835 2443 3130 2515 dispergam
3159 2458 3244 2498 eos
3276 2459 3453 2499 coram

1844 2536 2055 2590 inimico
2085 2534 2224 2606 (sive
2264 2534 2536 2606 inimicis),
2578 2532 2791 2589 dorsum
2833 2538 2883 2589 et
2918 2551 3022 2590 non
3058 2532 3243 2608 faciem
3280 2546 3455 2593 osten-

1846 2626 1970 2682 dam
2013 2627 2086 2683 eis
2123 2626 2177 2682 in
2220 2628 2305 2682 die
2341 2625 2649 2697 perditionis
2676 2644 2879 2684 eorum.
2914 2627 3097 2697 Usque
3131 2629 3294 2685 hodie
3325 2647 3454 2688 sen-

1844 2717 2010 2775 tentia
2040 2718 2138 2775 ltei
2168 2728 2455 2789 permanet
2486 2720 2541 2774 in
2569 2716 2797 2775 ludatis.
2825 2716 2885 2775 In
2916 2729 3030 2776 toto
3058 2721 3189 2778 orbe
3212 2723 3451 2793 dispersi

1844 2821 1971 2867 sunt
2010 2825 2197 2867 coram
2239 2813 2461 2867 inimico
2500 2806 2744 2879 diabolo,
2785 2813 2868 2868 vel
2912 2812 3148 2870 inimicis
3189 2815 3455 2873 dtemoni-

1846 2904 1974 2971 bus;
2003 2913 2059 2960 et
2083 2920 2207 2960 cum
2232 2903 2427 2961 diebus
2456 2919 2520 2961 ac
2547 2905 2802 2960 noctibus
2830 2907 2883 2960 in
2912 2908 3204 2981 synagogls
3234 2908 3455 2967 Satanas

1846 2996 2104 3051 inVncent
2133 3012 2331 3052 nomen
2366 2998 2479 3059 Dei.
2507 2997 2732 3052 dorsum
2757 3009 2809 3053 ct
2834 3013 2941 3053 non
2967 2998 3163 3055 faciem
3188 3015 3339 3057 suam
3365 3017 3456 3058 os-

1844 3089 2015 3145 tendit
2044 3091 2125 3146 eis
2154 3088 2315 3155 Deus,
2351 3101 2408 3143 ut
2443 3090 2751 3161 intelligant
2780 3106 2904 3147 eum
2937 3106 3157 3163 semper
3191 3095 3455 3152 receden-

1844 3191 1979 3247 tem,
2004 3189 2059 3237 et
2086 3194 2380 3251 numquam
2410 3181 2475 3236 ad
2506 3196 2567 3237 se
2595 3183 2928 3240 venientem.
2960 3183 3089 3241 Dies
3117 3195 3301 3242 autem
3328 3203 3452 3257 per-

1767 3308 1810 3367 C
1844 3271 2067 3329 ditionis
2105 3272 2367 3340 Judaicm,
2410 3289 2573 3330 omne
2598 3283 2817 3346 tempus
2858 3287 2943 3331 est
2985 3282 3106 3347 post
3138 3279 3450 3348 passionem

1845 3369 2165 3434 Salvatoris,
2202 3383 2374 3440 usque
2404 3368 2469 3424 ad
2503 3368 2664 3425 tinem
2697 3370 2880 3426 saeculi
2911 3388 2926 3427 :
2956 3376 3013 3427 ttt
3042 3378 3325 3444 postquam
3355 3390 3448 3429 su-

1843 3462 2163 3518 bintraverit
2213 3456 2495 3532 plenitudo
2541 3464 2827 3534 gentium,
2880 3472 3010 3520 tunc
3057 3465 3237 3521 omnis
3281 3462 3450 3524 Israel

1841 3556 2025 3609 salvus
2058 3554 2148 3610 ﬂat
2174 3552 2351 3627 (liam.
2382 3556 2482 3629 tu).

1910 3648 2092 3720 (Vers.
2138 3648 2251 3721 l8.)
2300 3648 2361 3704 Et
2399 3650 2641 3705 dixerunt
2674 3667 2693 3706 ε
2736 3646 2917 3707 Venite
2954 3661 3001 3707 et
3032 3654 3315 3727 cogitemus
3342 3658 3443 3710 ad-

1840 3758 2012 3796 uersus
2054 3738 2335 3796 Jerentiam
2375 3743 2733 3814 cogitationes,
2777 3759 2881 3799 non
2918 3747 3058 3799 enim
3086 3745 3273 3817 peribit
3300 3747 3386 3802 lea:
3412 3763 3447 3801 a

1835 3833 2141 3901 sacerdote,
2190 3850 2354 3907 neque
2399 3836 2674 3890 consilium
2720 3854 2752 3890 a
2793 3838 3051 3905 sapiente,
3091 3856 3185 3895 nec
3209 3857 3381 3895 sermo
3409 3858 3442 3895 a

1834 3929 2106 4001 propheta.
2144 3928 2327 3984 Venite
2352 3940 2400 3985 et
2426 3932 2775 3999 percutiamus
2805 3948 2920 3986 eum
2947 3934 3000 3986 in
3032 3930 3232 4006 lingua,
3262 3943 3311 3988 et
3333 3950 3437 3989 non

1831 4022 2161 4077 attendamus
2200 4023 2268 4076 ad
2304 4025 2566 4078 universos
2605 4040 2868 4080 sermones
2909 4026 3040 4097 ejus.
3070 4024 3185 4097 ,Ista
3223 4034 3279 4082 et
3310 4035 3440 4083 tunc

1831 4112 2146 4170 Iudaeorum
2179 4124 2371 4170 contra
2409 4112 2730 4184 Jeremiam,
2763 4116 2883 4172 sive
2921 4114 3208 4172 Dominum
3239 4118 3434 4175 Salva-

1831 4218 2033 4269 torem.
2066 4216 2120 4262 et
2147 4204 2310 4264 hodie
2336 4208 2721 4265 ltmreticorum
2756 4220 2946 4266 contra
2978 4226 3173 4268 servos
3197 4208 3316 4285 ejus
3342 4230 3441 4270 co-

1831 4300 2022 4370 gitatio
2064 4313 2167 4367 est,
2215 4312 2273 4356 ut
2312 4299 2618 4358 calumnias
2665 4313 2904 4371 struant,
2948 4314 3005 4360 et
3042 4312 3264 4361 sanctos
3292 4306 3439 4364 viros

1830 4394 2182 4450 accusatione
2204 4397 2564 4465 prteveniaat,
2594 4411 2695 4452 nec
2719 4396 2965 4467 cogitent
2988 4397 3116 4467 quid
3139 4396 3216 4454 illi
3242 4398 3446 4455 verita-

1831 4487 1902 4543 tis
1928 4488 2252 4559 loquantur,
2291 4488 2386 4543 sed
2416 4488 2541 4559 quid
2572 4490 2671 4560 ipsi
2703 4496 2919 4545 struant
2943 4484 3110 4563 972
3138 4491 3439 4560 mendacii;

133 4580 254 4623 cere
283 4586 389 4627 non
424 4580 638 4644 potest;
677 4588 779 4629 nec
811 4573 938 4638 ullo,
972 4586 1031 4628 ut
1059 4576 1243 4629 omnis
1273 4576 1559 4644 liquescat,
1595 4572 1729 4630 solis
1826 4580 2031 4649 iactant
2072 4581 2220 4636 enim
2263 4581 2315 4636 in
2343 4580 2749 4649 Sacerdotibus,
2791 4590 2848 4637 et
2889 4583 2945 4638 in
2980 4580 3342 4654 sapientibus,
3380 4596 3438 4642 et

134 4659 324 4717 ardore
354 4675 669 4735 superatur,
702 4664 1043 4737 lluentesque
1072 4666 1139 4721 de
1170 4666 1444 4723 montibus
1470 4667 1598 4737 rivi,
1633 4683 1728 4723 ne—
1750 4694 1805 4755 Β
1829 4671 1884 4726 ἰη
1930 4670 2418 4743 pseudopmpbetis
2452 4672 2567 4729 suis
2605 4668 2785 4745 legem
2821 4680 2875 4730 et
2912 4674 3201 4730 consilium
3239 4674 3354 4743 Dei,
3382 4686 3442 4734 et

135 4767 392 4826 quaquam
444 4761 723 4816 siccantur
770 4757 821 4816 in
851 4760 1097 4816 fontibus
1131 4780 1143 4815 :
1178 4762 1257 4817 sic
1289 4779 1468 4819 meum
1500 4778 1724 4827 nomen,

136 4850 270 4917 quod
300 4869 395 4920 per
422 4870 482 4910 se
508 4855 703 4911 stabile
730 4864 836 4922 cst,
868 4866 1031 4927 atque
1060 4868 1405 4926 perpetuum,
1438 4874 1547 4914 non
1575 4869 1730 4930 pote—

138 4941 202 4995 rit
228 4942 530 5014 immutari,
563 4956 619 5003 et
650 4958 829 5004 tamen
861 4964 984 5004 cum
1017 4959 1215 5007 caetera
1246 4960 1452 5007 naturte
1478 4954 1727 5008 ordinem

137 5048 370 5108 servent,
395 5043 626 5115 populus
644 5058 801 5099 meus
819 5042 1022 5097 oblitus
1039 5050 1123 5097 est
1140 5044 1266 5099 mei.
1287 5043 1548 5114 Sequitur
1560 5046 1727 5102 enim:

203 5126 380 5199 (Vers.
407 5135 522 5206 15.)
553 5130 687 5202 Quia
713 5134 906 5189 oblitus
929 5142 1002 5189 est
1030 5135 1128 5189 mei
1155 5135 1378 5205 papulas
1406 5153 1568 5204 meus,
1593 5138 1730 5207 frus-

139 5223 215 5271 tra
251 5222 463 5280 libantes
504 5238 547 5281 et
586 5228 927 5301 impingentes
954 5227 1009 5281 in
1040 5229 1135 5282 viis
1165 5228 1297 5297 suis,
1328 5229 1381 5282 in
1412 5229 1601 5283 semitis
1627 5246 1724 5285 stes

138 5312 236 5364 culi
258 5314 392 5386 (sive
414 5322 765 5388 sempiternis)
790 5330 846 5374 ut
870 5319 1201 5375 ambularent
1230 5339 1322 5394 per
1347 5338 1434 5377 eas
1460 5323 1515 5376 in
1544 5324 1729 5379 itinere

141 5416 237 5457 non
278 5409 419 5465 trito.
463 5413 563 5479 Qui
605 5413 952 5469 obliviscitur
998 5414 1112 5478 Dei,
1156 5423 1211 5470 et
1250 5415 1510 5485 relinquit
1546 5415 1723 5483 illum,

141 5497 226 5562 qui
261 5497 386 5555 dicit
426 5521 440 5558 :
476 5505 638 5577 971
674 5501 788 5580 Ego
815 5523 928 5561 sum
959 5505 1041 5560 uia
1069 5506 1251 5569 (Joan.
1294 5523 1401 5570 xw,
1440 5506 1527 5576 6);
1563 5509 1724 5563 libat-

141 5599 241 5654 que
277 5592 380 5648 diis
418 5599 632 5666 alienis,
676 5601 925 5671 impingit
968 5600 1020 5655 in
1065 5600 1167 5656 viis
1211 5602 1345 5668 suis,
1380 5617 1722 5671 nequaquam

146 5675 254 5748 Dei.
293 5688 385 5744 sed
426 5698 556 5761 suis,
601 5703 657 5751 et
695 5695 951 5766 antiquas
989 5693 1469 5768 sempiterttasque
1498 5696 1723 5754 semitas

214 5817 590 5904 {Interserttut
617 5830 725 5889 duo
753 5848 886 5889 mss.
909 5833 1181 5904 glossema
1212 5835 1379 5900 istud,
1413 5832 1720 5891 Notandum

145 5899 311 5946 contra
336 5896 676 5977 Pelagianos.

1832 4766 2106 4836 eloquium
2140 4782 2479 4836 permanere,
2513 4766 2733 4824 dicente
2760 4767 3046 4839 Scriptura
3083 4787 3098 4824 :
3131 4767 3197 4825 In
3227 4785 3435 4839 perver-

1832 4874 1946 4912 sam
1972 4858 2200 4913 animam
2227 4875 2327 4914 non
2354 4858 2567 4915 intrabit
2596 4862 2854 4934 sapientia
2883 4861 3042 4935 (Sap.
3072 4877 3110 4927 ι,
3143 4861 3224 4935 Δ).

1907 4949 2088 5022 (Vers.
2122 4950 2191 5006 l9
2212 4949 2394 5023 seqq.)
2424 4953 2663 5019 Attende,
2699 4948 2937 5020 Domine,
2970 4953 3040 5007 ad
3067 4970 3149 5010 me
3181 4971 3200 5011 :
3232 4964 3280 5010 et
3311 4956 3441 5014 audi

1832 5061 2005 5099 vocem
2030 5044 2444 5100 adversariorum
2476 5060 2724 5101 meorum.
2762 5043 3031 5118 Numquid
3058 5046 3301 5104 redditur
3321 5047 3435 5123 [AL

1832 5134 2100 5210 reddetur]
2129 5155 2224 5211 pro
2250 5139 2382 5193 bono
2412 5139 2629 5205 malum,
2658 5138 2782 5209 quia
2811 5138 3054 5210 foderunt
3086 5144 3285 5213 foueam
3312 5143 3439 5197 ani-

1834 5244 1932 5284 nua
1972 5228 2137 5285 mete?
2178 5228 2473 5285 Recordare
2509 5230 2651 5299 quod
2680 5231 2904 5286 steterim
2931 5231 2986 5285 in
3015 5243 3293 5305 conspectu
3323 5242 3436 5303 tuo,

1834 5333 1889 5378 ut
1918 5322 2151 5394 loquerer
2176 5341 2269 5397 pro
2299 5323 2372 5378 eis
2398 5322 2610 5388 bonum,
2643 5332 2690 5377 et
2720 5336 2996 5379 auerterent
3024 5326 3436 5396 indignationem

1833 5424 1975 5471 tuam
2014 5415 2077 5471 ab
2121 5418 2213 5471 eis.
2263 5415 2551 5491 Propterea
2581 5419 2647 5471 da
2679 5417 2817 5485 ﬁlios
2844 5433 3025 5471 eorum
3052 5417 3109 5471 in
3140 5418 3354 5489 famam,
3386 5427 3437 5473 et

1833 5509 1999 5565 deduc
2021 5526 2107 5565 eos
2132 5513 2186 5566 in
2217 5529 2399 5566 manus
2424 5510 2607 5584 gladii.
2637 5509 2800 5566 Fiant
2824 5527 3015 5566 uxores
3037 5526 3216 5566 eorum
3241 5511 3435 5587 absque

1830 5600 2006 5656 liberis
2033 5616 2081 5656 et
2108 5602 2296 5667 virtute,
2318 5604 2367 5659 et
2398 5604 2494 5658 uiri
2520 5618 2699 5659 earum
2728 5600 3114 5672 interﬁciuntur
3138 5612 3323 5668 morte,
3339 5604 3436 5678 ju-

1832 5712 1980 5753 venes
2022 5714 2201 5755 eorum
2235 5699 2608 5770 confodiantur
2644 5697 2822 5771 gladio
2861 5700 2915 5753 in
2941 5697 3149 5768 praelia,
3183 5698 3465 5756 audiatur'

1898 5834 1927 5875 ι’
1947 5830 2139 5963 tNostri
2181 5851 2312 5893 mss.
2358 5847 2413 5894 et
2448 5836 2730 5908 Rabanus,
2778 5836 2931 5895 sibilo
2970 5851 3073 5911 pro
3101 5838 3312 5901 silentio
3342 5840 3430 5907 le-

1898 5926 1938 5963 Iﬂ
1975 5945 1988 5961 .
2983 5940 2989 5951 ί

1833 5924 1988 5993 εηηι.
2983 5940 2989 5951 ί
