3972 6340
519 310 631 368 799

1776 306 1835 363 S.
1878 305 2152 364 EUSEBII
2195 303 2568 362 HIERONYMI

3720 303 3840 361 800

525 424 724 481 clamor
761 428 822 481 de
866 425 1103 480 domibus
1140 440 1338 480 eorum.
1381 423 1440 480 In
1471 433 1657 497 typum
1683 422 1902 495 quidem
1935 421 2126 479 Salva-
2155 423 2204 488 Α
2230 423 2418 478 Audite
2437 422 2645 476 verbum
2678 421 2912 490 Domini,
2940 439 3083 497 reges
3111 423 3277 488 Juda,
3308 431 3357 476 et
3399 421 3719 476 habitatores
3743 417 3836 476 Je-

527 519 663 574 toris
705 517 822 572 haec
863 534 892 571 a
941 518 1142 588 populo
1185 517 1501 573 intimorum
1549 517 1816 573 Jeremias
1868 517 2122 571 universa

527 610 853 680 perpetitur,
890 609 980 680 qui
1023 620 1234 680 postea,
1265 610 1571 682 Babylonio
1601 610 1879 674 veniente,
1910 617 2128 662 vastan-

528 709 635 756 tur.
686 702 793 756 Sed
849 702 1063 772 plenius
1113 714 1277 771 atque
1327 703 1627 776 purl'ectius
1680 704 2026 772 complentur
2073 703 2126 756 in

524 790 765 861 Christo,
805 803 861 849 et
891 792 1000 866 [Αι.
1045 794 1365 868 οιιιιι]·υτ1›θ
1403 797 1692 856 subversa.
1734 795 1978 849 Romano
2010 793 2127 864 glav

525 884 618 940 dio
665 889 918 942 trucidati
968 897 1128 952 sunt,
1176 905 1284 943 non
1331 891 1402 944 ob
1448 889 1848 955 idololatriatn,
1895 904 2018 958 quae
2065 903 2133 942 eo

527 985 774 1046 tempore
817 996 922 1034 nou
969 991 1110 1044 erat,
1148 981 1245 1037 sed
1285 983 1356 1035 ob
1386 982 1821 1036 interfectionem
1855 980 1976 1036 Filii
2013 982 2129 1048 nvi,

525 1072 748 1141 quando
785 1083 1014 1126 cunctus
1056 1074 1220 1126 simul
1255 1074 1488 1142 populus
1518 1075 1883 1128 conclamavit
1915 1092 1927 1127 :
1961 1071 2130 1140 Tolle,

529 1163 656 1218 tolle
681 1164 836 1218 talem
864 1182 882 1220 :
914 1181 1086 1235 regem
1117 1183 1219 1220 non
1251 1166 1498 1220 habemus
1531 1168 1631 1220 nisi
1661 1165 1918 1222 Caesarem
1949 1164 2130 1237 (Joan.

478 1277 486 1282 -
529 1271 646 1316 Xlx.
696 1259 808 1328 15).
846 1258 915 1313 Ει
958 1260 1278 1326 imprecatio
1320 1276 1512 1316 eorum
1554 1271 1754 1316 mterna
1785 1261 2136 1316 damnatione

533 1352 802 1418 completa
835 1361 954 1419 est;
992 1352 1223 1424 Sanguis
1255 1356 1366 1427 ej-ts
1398 1371 1555 1423 super
1584 1371 1702 1419 nos,
1734 1365 1782 1409 et
1812 1371 1968 1420 super
1998 1353 2138 1424 ﬁlios

533 1453 736 1498 nostros
773 1444 988 1518 (Matth.
1033 1462 1203 1504 xxvn.
1244 1447 1362 1517 23).
1409 1447 1684 1502 Foderant
1728 1448 1871 1501 enim
1916 1446 2140 1501 Christo

535 1538 772 1601 lovvatn,
806 1549 864 1594 et
891 1541 1142 1596 dixerant
1181 1560 1193 1596 :
1222 1542 1536 1610 Aul'eramus
1564 1559 1681 1596 eum
1709 1541 1773 1595 de
1799 1553 1938 1596 terra
1965 1542 2139 1595 vaen-

539 1632 666 1687 tium
698 1631 832 1692 (Isa.
879 1650 987 1696 LIII.
1022 1635 1100 1706 8).
1134 1637 1235 1701 Qui
1273 1644 1438 1690 tzttttzu
1467 1653 1592 1706 erga
1622 1652 1720 1692 eos
1751 1634 2142 1689 misericordia:

540 1723 664 1791 fuit,
711 1735 736 1763 ⁸
772 1737 831 1781 ut
867 1737 1018 1782 stans
1059 1728 1110 1782 in
1139 1738 1435 1798 conspectu
1466 1729 1666 1792 Patris,
1700 1729 2016 1798 loqueretur
2045 1741 2142 1796 pro

2226 516 2476 570 rusalem.
2509 515 2616 570 Pro
2640 515 2922 585 Iaguncula
2948 516 3119 588 ﬁguli,
3150 529 3272 585 qum
3304 513 3578 568 iiebraice
3634 512 3841 568 dicitur

2227 626 2422 667 nocnoc
2447 612 2669 694 (papa).
2697 610 2841 666 LXX
2882 609 3136 665 doliolnm
3181 611 3604 671 transtulerunt,
3639 622 3694 664 et
3742 624 3839 676 pro
3892 617 3896 621 ‘

2230 713 2379 776 porta
2401 705 2570 770 ﬁctili,
2606 704 2818 773 Aquila,
2845 701 3204 775 Symmachus
3233 712 3289 756 et
3313 701 3627 755 Tlteodmio
3659 701 3839 771 ipsum

2231 796 2454 849 verbum
2486 805 2785 863 posuerunt
2817 795 3136 850 chraimnn
3183 811 3418 850 usustru
3448 801 3670 864 (Πνῠτι)
3698 812 3710 847 :
3739 810 3842 864 pro

2232 905 2340 958 quo
2365 888 2507 944 LXX
2531 891 2682 958 juxta
2713 906 2921 945 morem
2940 905 3096 944 suu-u
3129 906 3225 956 pro
3254 890 3598 960 aspiratione
3628 904 3772 944 nam
3805 901 3843 950 rt

2234 982 2451 1049 litterae,
2484 986 2814 1039 addiderunt
2838 1000 2926 1039 cut
2949 984 3222 1049 Graecum,
3247 993 3307 1037 nt
3329 983 3581 1039 dicerent
3598 984 3845 1038 Cliorsitl:

2237 1093 2335 1147 pro
2360 1077 2556 1146 Arsitlt,
2586 1082 2718 1132 sicut
2759 1080 2888 1134 illttd
2919 1088 3004 1132 est
3031 1094 3130 1148 pro
3171 1077 3408 1139 Hebron,
3467 1078 3734 1148 Chebron,
3788 1087 3847 1134 et

2237 1184 2338 1238 pro
2363 1168 2564 1232 Jeriho,
2599 1169 2834 1224 Jericlto.
2884 1169 3010 1225 Vult
3063 1179 3242 1223 autem
3295 1170 3579 1238 Scriptura
3626 1170 3844 1238 divina,

2240 1279 2348 1318 non
2383 1266 2557 1318 solum
2581 1264 2804 1318 auribus
2843 1263 3027 1318 doceri
3085 1263 3370 1332 populum,
3401 1263 3496 1317 sed
3546 1273 3602 1316 et
3645 1265 3846 1319 oculis.

2243 1359 2410 1429 Magis
2439 1359 2584 1414 enim
2612 1360 2628 1428 (
2659 1371 2715 1412 ttt
2741 1359 2852 1430 jatn
2880 1358 3117 1412 diximus
3145 1358 3162 1427 )
3194 1368 3375 1412 mente
3405 1357 3678 1411 retinetur
3702 1356 3851 1422 quod

2242 1452 2383 1508 visu.
2414 1466 2573 1521 quam
2606 1451 2749 1521 quod
2771 1451 2958 1504 auditu
2988 1450 3053 1502 ad
3087 1452 3323 1503 animum
3354 1450 3603 1516 pervt-nit
3634 1466 3647 1502 :
3673 1447 3850 1516 Tolle,

2245 1543 2438 1612 ittqttit,
2495 1545 2850 1616 lagunculam,
2903 1543 3018 1597 sive
3048 1543 3300 1595 doliolunt
3334 1552 3572 1608 testeum,
3603 1552 3654 1596 et
3681 1543 3748 1596 de
3775 1557 3856 1594 se-

2246 1639 2474 1692 nioribus
2499 1635 2680 1704 populi
2708 1652 2768 1690 ac
2799 1635 3142 1691 Sacerdotum
3161 1678 3176 1701 ,
3204 1645 3253 1689 et
3283 1635 3528 1705 egredere
3561 1634 3632 1686 ad
3659 1634 3854 1688 uallem

2247 1731 2344 1800 ﬁlii
2379 1733 2602 1798 ianuam,
2628 1730 2697 1784 de
2722 1745 2826 1798 qua
2855 1745 3013 1796 supra
3044 1727 3310 1793 dtxitnus,
3336 1727 3391 1780 in
3424 1743 3527 1797 qua
3554 1739 3679 1781 erat
3697 1726 3858 1781 delu-

539 1817 620 1873 eis
649 1820 876 1882 bonum,
913 1830 969 1874 ttt
993 1831 1270 1876 averteret
1297 1823 1722 1893 indignationem
1754 1836 1908 1874 suam
1941 1819 2010 1872 ab
2037 1819 2139 1884 eis,
2173 1807 2220 1864 Β
2248 1823 2403 1876 brum
2424 1823 2465 1876 Β
2485 1824 2574 1887 ial,
2599 1832 2652 1876 et
2675 1837 2888 1885 nemus,
2920 1837 2986 1877 ac
3012 1823 3168 1876 Iurtts
3195 1819 3348 1874 Siloe
3379 1819 3625 1875 fontibus
3661 1821 3856 1890 irriga-

544 1923 600 1964 uI
634 1911 686 1964 iu
719 1927 883 1968 cruce
912 1930 1126 1984 quoque
1148 1914 1355 1970 diceret
1391 1932 1406 1968 :
1439 1913 1622 1982 Pater,
1647 1915 1856 1988 ignosce
1884 1913 1991 1978 eis;
2019 1910 2144 1984 quid

544 2006 680 2061 enim
727 2007 959 2074 faciunt,
1005 2009 1242 2063 nesciunt
1285 2008 1440 2080 (an.
1487 2026 1654 2076 XXIII,
1699 2010 1814 2080 54).
1860 2011 2144 2066 Manifesta

543 2102 1008 2168 transcurrimus,
1065 2112 1122 2157 ut
1173 2103 1227 2158 in
1288 2103 1698 2159 obscurioribus
1756 2107 2146 2168 immoremur,

548 2206 888 2260 nequaquam
921 2193 1280 2250 deliramenta
1308 2196 1667 2267 quorumdam
1698 2207 1752 2253 et
1776 2198 2147 2266 captivitatem

549 2284 792 2340 caelestis
829 2284 1137 2341 Jerusalem
1177 2287 1626 2358 interpretantes,
1667 2290 1762 2344 sed
1811 2290 2150 2360 perspicuam

551 2375 835 2433 historiam
890 2390 944 2435 et
1000 2381 1499 2438 manifestissitnam
1561 2383 1949 2453 prolilictiam,
2004 2383 2152 2436 omni

553 2470 844 2526 verborum
875 2481 931 2529 et
958 2488 1215 2529 sensuum
1247 2475 1581 2530 confidentia
1613 2484 2026 2546 persequentes.

629 2565 812 2636 (Vers.
855 2565 948 2628 22.
987 2567 1103 2630 '23.)
1139 2567 1379 2624 Adduces
1419 2572 1555 2624 enim
1595 2585 1752 2637 super
1791 2586 1875 2622 eos
1906 2570 2156 2622 latronem

551 2667 786 2727 repente,
825 2660 947 2729 quia
991 2660 1228 2713 (oderunt
1271 2664 1470 2730 foveant
1511 2675 1566 2713 ut
1601 2669 1845 2727 caperent
1874 2675 1975 2726 me,
2007 2669 2054 2712 et
2081 2659 2160 2712 la-

555 2769 713 2824 queos
749 2752 1132 2808 absconderant
1173 2752 1387 2820 pedibus
1427 2753 1576 2806 meis.
1602 2751 1678 2806 Tu
1700 2760 1892 2815 autem,
1921 2751 2157 2812 Domine,

557 2846 659 2900 κίε
695 2857 845 2899 omne
885 2843 1158 2899 consilium
1196 2861 1371 2898 eorum
1411 2847 1680 2898 adversum
1722 2861 1802 2898 me
1838 2845 1892 2897 in
1920 2855 2155 2897 mortem.

563 2937 648 2993 Ne
687 2937 987 3010 propitieris
1022 2937 1287 3008 iniquitati
1326 2953 1524 3000 eorum,
1558 2948 1604 2992 et
1635 2947 1894 3008 peccatum
1923 2951 2100 2989 eorum
2131 2952 2162 2987 a

559 3031 693 3101 facie
733 3039 825 3084 tua
866 3047 967 3085 non
1007 3031 1261 3085 deleatur.
1298 3029 1454 3085 Fiant
1483 3043 1779 3085 corruentes
1806 3030 1948 3101 (sive
1976 3030 2166 3096 impin-

559 3121 822 3194 gentes)in
852 3134 1128 3193 conspectu
1159 3133 1268 3188 tuo,
1297 3125 1351 3178 in
1383 3134 1610 3192 tempore
1639 3125 1828 3192 furoris
1857 3125 1932 3178 tui
1959 3122 2165 3177 abutere

559 3216 635 3299 eis
665 3219 802 3284 (sve
834 3216 921 3285 [ac
957 3217 1009 3270 in
1038 3217 1156 3286 eis).
1191 3217 1246 3271 Si
1282 3216 1352 3271 de
1385 3216 1623 3272 Jeremia
1661 3217 2046 3287 intelligimus,
2078 3231 2165 3270 re-
2189 3186 2236 3248 Ο

567 3308 846 3377 peotintttn
878 3308 1144 3363 latronem
1176 3309 1482 3364 referamus
1512 3309 1578 3364 ad
1608 3308 2115 3364 Nabttclitulonosor
2148 3325 2161 3361 :

564 3401 612 3454 si
656 3400 726 3456 de
767 3401 1070 3466 Salvatore,
1115 3404 1258 3473 quod
1303 3412 1358 3458 et
1401 3403 1603 3468 verius,
1649 3412 1705 3456 et
1738 3403 1936 3456 melius
1964 3410 2068 3466 est,
2098 3400 2163 3455 ad

568 3491 872 3548 Romanum
912 3499 1233 3550 exercitum.
1282 3493 1350 3548 Et
1388 3511 1455 3548 ne
1496 3493 1699 3563 injusta
1745 3492 1995 3548 videatur
2034 3507 2163 3546 seu-

567 3588 733 3642 tentia
773 3588 891 3653 Dei,
941 3591 1186 3659 exponit,
1435 3589 1563 3650 qttid
1605 3587 1835 3643 fecerint
1859 3599 2049 3642 eontra
2081 3587 2169 3641 Fi-

568 3679 698 3734 lium
742 3680 835 3735 Dei
875 3681 1174 3743 Christum,
1215 3692 1268 3735 et
1297 3680 1426 3750 quid
1459 3680 1603 3748 passi
1636 3680 1768 3734 sint.
1799 3681 1955 3746 Quod
1987 3688 2164 3732 autem

570 3773 755 3833 infert,
787 3788 851 3826 ne
875 3773 1170 3841 propitieris
1197 3773 1459 3844 iniquitati
1487 3788 1684 3841 eorum,
1714 3779 1760 3825 et
1787 3780 2056 3843 peccatum
2082 3787 2168 3824 eo-

569 3881 685 3920 rum
707 3884 738 3918 a
769 3867 906 3938 facie
937 3878 1025 3919 tua
1052 3883 1154 3920 non
1182 3864 1438 3930 deleatur,
1467 3881 1808 3935 nequaquam
1842 3864 2006 3932 priori
2037 3881 2168 3918 sen-

573 3959 758 4014 tentia:
798 3961 1138 4014 contrarium
1182 3969 1286 4022 est,
1322 3959 1372 4012 iit
1411 3973 1513 4029 qui
1551 3975 1646 4027 pro
1679 3957 1878 4028 populo
1903 3958 2165 4026 depreca-

572 4063 660 4108 tttr
703 4053 951 4119 Patrem;
993 4053 1086 4108 sed
1119 4061 1401 4124 postquam
1432 4055 1620 4108 datum
1657 4065 1871 4121 tempus
1901 4055 2168 4123 pteniten-

569 4143 660 4198 tirc
707 4145 998 4214 pra-teriit,
1048 4155 1102 4200 et
1152 4146 1228 4199 illi
1281 4146 1332 4200 itt
1380 4161 1480 4200 suo
1529 4145 1741 4201 scelere
1793 4155 2166 4216 perseverant,

568 4233 598 4274 1ο
629 4237 884 4306 populiet
901 4237 1167 4304 seniores,
1195 4254 1300 4294 non
1333 4247 1440 4292 tam
1472 4254 1568 4308 pro
1594 4253 1655 4294 se
1685 4238 1987 4307 puniuntur
2005 4255 2167 4310 quam

571 4345 674 4400 pro
728 4330 895 4397 aliis,
954 4345 1022 4385 ne
1075 4330 1305 4386 iuultutn
1365 4343 1648 4402 peccatum
1701 4333 1920 4389 cteteris
1975 4345 2171 4390 noceat

571 4422 842 4493 exemplo.
885 4423 1148 4494 Quodque
1189 4423 1350 4480 infert
1388 4442 1402 4480 :
1443 4423 1602 4480 Fiant
1638 4426 2012 4498 impingentes,
2057 4427 2172 4483 sive

572 4524 886 4579 corruentes,
931 4516 985 4568 in
1028 4525 1307 4588 conspectu
1350 4527 1458 4582 tuo,
1507 4515 1652 4570 illius
1693 4513 1883 4585 Isaias,
1923 4528 1978 4571 et
2025 4516 2167 4572 Petri

2251 1927 2354 1972 Ius.
2390 1918 2504 1984 Ipsa
2538 1927 2740 1979 autem,
2766 1915 2958 1983 inquit.
2997 1913 3157 1968 vallis
3180 1913 3329 1982 juxta
3361 1922 3576 1983 portam
3605 1923 3855 1980 est,qu:e

2251 2010 2519 2065 llebraice
2547 2023 2776 2064 mnst'rn
2805 2007 3046 2078 (mo-tn),
3082 2007 3186 2061 hoc
3225 2018 3328 2074 est,
3384 2006 3565 2077 ﬁctilis
3610 2004 3859 2074 appella-

2254 2112 2359 2158 tur.
2391 2103 2454 2158 Et
2488 2105 2810 2172 prtedtcabts,
2843 2103 2928 2157 vel
2953 2104 3086 2172 leges
3109 2101 3180 2155 ibi
3207 2100 3518 2170 uerba,qna3
3544 2116 3642 2169 ego
3673 2100 3859 2163 loquar

2254 2209 2417 2254 tecum
2447 2216 2464 2254 :
2489 2211 2544 2252 ut
2569 2199 2640 2253 ibi
2670 2198 2960 2252 audiantur
2988 2212 3108 2266 quin
3138 2195 3385 2250 dicturus
3433 2209 3577 2249 sum.
3608 2193 3740 2249 Ideo
3767 2209 3859 2248 au-

2258 2303 2363 2347 tent
2394 2296 2412 2360 (
2449 2302 2506 2347 ut
2530 2293 2640 2362 jam
2695 2288 2984 2361 diximus)
3014 2297 3069 2344 et
3101 2289 3444 2358 priuilicaliis,
3482 2296 3539 2342 et
3568 2287 3857 2351 clamabis,

2256 2387 2485 2456 etleges
2515 2386 2753 2457 ponitur,
2805 2385 2928 2455 quia
2973 2383 3200 2438 verbum
3257 2381 3589 2437 llebraicum
3649 2395 3857 2436 CARATH

2261 2479 2484 2567 (HNP),
2517 2478 2615 2533 tria
2661 2479 2776 2533 haec
2804 2478 3092 2548 signiﬁcat.
3147 2475 3388 2547 Vultque
3440 2491 3562 2547 quae
3608 2475 3859 2531 dieturus

2259 2584 2367 2639 est,
2395 2585 2451 2627 et
2482 2587 2640 2642 reges
2665 2570 2798 2626 Jttda
2832 2570 3039 2635 audire,
3071 2579 3128 2624 et
3159 2569 3503 2623 habitatores
3523 2567 3855 2632 Jt-rIIsaletn,

2262 2664 2314 2719 id
2355 2671 2476 2730 est,
2524 2673 2579 2717 et
2623 2663 2847 2731 stirpem
2899 2663 3144 2732 regiam,
3176 2669 3234 2714 et
3291 2675 3510 2715 omnem
3564 2659 3859 2730 populum,

2263 2765 2321 2811 ut
2386 2753 2552 2828 974
2606 2753 3003 2811 inexcusabilcs
3057 2754 3205 2820 sint,
3259 2753 3352 2823 qui
3411 2752 3607 2808 audire
3663 2751 3853 2807 nolue-

2265 2849 2399 2905 rint.

2337 2941 2519 3013 (νει-ε.
2547 2939 2695 3012 4-6.)
2739 2939 2867 3008 Hinc
2889 2939 3012 2992 dicit
3052 2934 3313 2991 Dominus
3355 2935 3681 2990 exercituum
3713 2933 3848 2989 Dens

2267 3035 2480 3092 Israel:
2511 3036 2642 3091 Ecce
2691 3052 2782 3108 ego
2814 3035 3055 3088 inducam
3102 3028 3492 3101 afﬂictionem(
3523 3029 3643 3084 sive
3674 3028 3817 3081 mala
3846 3029 3859 3097 )

2267 3146 2424 3198 super
2477 3130 2646 3182 locum
2695 3129 2849 3179 istum
2877 3141 2894 3178 :
2926 3126 2998 3177 ita
3030 3134 3085 3176 ut
3113 3123 3280 3176 omnis
3309 3122 3398 3187 qui
3444 3121 3675 3173 audierit
3731 3121 3863 3172 illam

2272 3225 2412 3294 (sive
2437 3223 2528 3276 illa
2555 3221 2575 3294 )
2607 3223 2832 3276 tinniant
2882 3234 3032 3272 aures
3057 3219 3193 3289 ejus,
3223 3233 3282 3270 eo
3308 3215 3446 3285 quod
3491 3213 3862 3286 dereliquerint

2271 3333 2370 3379 me,
2392 3324 2439 3369 et
2467 3315 2693 3370 alienum
2720 3312 2934 3381 fecerint
2957 3309 3131 3364 locum
3160 3311 3337 3373 istum,
3369 3317 3412 3361 et
3443 3306 3728 3360 libaueriut
3749 3309 3800 3358 in
3813 3319 3864 3358 eo

2271 3410 2372 3463 diis
2397 3407 2602 3467 alienis
2637 3416 2762 3476 quos
2780 3405 3072 3460 nescierunt
3103 3403 3202 3468 ipsi
3226 3410 3272 3454 et
3303 3411 3474 3470 patres
3503 3414 3689 3452 eorum
3721 3407 3772 3452 et
3795 3411 3864 3449 re-

2270 3518 2358 3574 ges
2375 3500 2405 3554 J
2417 3501 2540 3554 uda.
2565 3498 2632 3552 Et
2661 3497 2980 3570 repleverunt
3020 3496 3187 3548 locum
3237 3494 3394 3547 istum
3423 3491 3685 3562 sanguine
3730 3491 3862 3542 inn0«

2272 3605 2506 3660 centum,
2551 3604 2600 3648 ct
2639 3593 3024 3658 tediﬁcaverunt
3080 3588 3284 3642 excelsa
3323 3583 3640 3649 Baalini,ad
3668 3583 3862 3635 contbuo

2271 3689 2457 3743 rendos
2475 3686 2614 3757 ﬁlios
2636 3701 2757 3739 suos
2781 3687 2898 3755 igne
2914 3682 2966 3735 in
2984 3680 3348 3734 holocaustum
3371 3675 3616 3745 Baulim;
3635 3689 3752 3745 qua:
3775 3688 3863 3726 non

2271 3780 2644 3855 prwcepi(sive
2673 3777 2915 3849 cogitavi)
2933 3815 2948 3838 ,
2979 3791 3072 3828 nec
3103 3772 3306 3827 locutus
3333 3786 3479 3838 sum,
3509 3785 3602 3821 nec
3626 3769 3860 3822 ascende-

2272 3884 2392 3928 runt
2425 3878 2475 3924 in
2499 3887 2585 3926 cor
2623 3886 2809 3923 meum.
2859 3867 2926 3922 Et
2957 3866 3103 3920 hunc
3135 3865 3315 3919 locum
3347 3865 3515 3916 stulte
3558 3861 3779 3930 quidam
3805 3856 3861 3911 ad

2273 3965 2554 4021 οωιεειριιι
2589 3961 2836 4017 referunt
2871 3957 3202 4013 Jerusalem.
3227 3954 3380 4023 Quod
3409 3968 3477 4008 ne
3504 3967 3730 4024 semper
3781 3948 3860 4003 ad-

2275 4070 2612 4117 moneamus,
2638 4053 2740 4107 hoc
2777 4061 2984 4106 tantum
3035 4049 3240 4103 dixisse
3271 4044 3508 4100 sufﬁciat
3552 4063 3564 4098 :
3601 4043 3861 4098 vitandam

2277 4145 2584 4204 istiusmodi
2613 4144 3049 4216 explanationem
3073 4155 3220 4204 esse,
3252 4139 3418 4192 itnmo
3439 4136 3724 4205 lurresim,
3757 4147 3862 4204 qua:

2276 4241 2565 4299 manifesta
2597 4239 2886 4300 subvertit,
2916 4247 2969 4291 et
3001 4232 3306 4306 praestigias
3331 4232 3591 4303 quasdam
3619 4227 3861 4284 Ecclesiis

2274 4333 2478 4390 Christi
2510 4343 2737 4387 conatur
2765 4327 3048 4384 inducere.
3083 4324 3226 4380 Nulli
3264 4333 3445 4378 autem
3489 4323 3717 4376 dubiqu
3749 4320 3859 4391 quin

2277 4427 2332 4481 in
2353 4424 2581 4493 Temple
2610 4422 2728 4489 Dei,
2763 4419 2892 4475 Baal
2927 4418 3136 4473 idolum
3170 4417 3474 4488 posuerint,
3501 4414 3617 4468 sive
3645 4414 3702 4468 in
3728 4413 3863 4465 delu—

2277 4519 2378 4575 bro
2407 4517 2550 4587 quod
2573 4524 2692 4570 erat
2717 4515 2769 4568 in
2798 4513 2938 4567 valle
2966 4510 3062 4565 lilii
3100 4512 3335 4569 Ennom.
3361 4509 3454 4562 ubi
3485 4517 3541 4561 et
3564 4509 3721 4561 lucus
3744 4503 3855 4561 Baal

572 4607 803 4676 apostoli
839 4607 1016 4663 simile
1051 4620 1158 4669 est,
1203 4606 1271 4662 Et
1311 4624 1412 4661 non
1454 4608 1756 4678 itnpingetis
1788 4608 1920 4662 sicut
1953 4609 2010 4662 in
2036 4609 2172 4680 lapi-
2199 4578 2250 4638 Β
2277 4621 2333 4666 et
2368 4626 2458 4664 ara
2490 4611 2608 4676 ejus
2633 4607 2748 4672 luit,
2774 4619 2938 4675 super
2967 4619 3126 4672 quam
3155 4603 3574 4657 immolaverunt
3595 4607 3654 4653 et
3681 4601 3853 4653 incen-

573 4700 688 4754 dent
717 4699 1056 4767 oﬂ'ensionis,
1081 4711 1129 4756 et
1164 4713 1363 4768 petram
1394 4702 1633 4756 scandali
1664 4699 1826 4771 (Isai.
1861 4717 1978 4767 \‘lll,
2015 4702 2081 4756 ib
2114 4722 2127 4766 ;
2154 4701 2168 4754 Ι

574 4791 692 4848 Pet.
716 4794 1047 4865 tt,8).Cujus
1073 4803 1128 4848 et
1156 4795 1205 4848 in
1234 4795 1458 4864 psalmis
1483 4794 1750 4864 Propheta
1779 4795 2023 4849 meminit
2043 4792 2174 4848 :La-

573 4891 762 4962 pident,
783 4908 931 4961 quem
953 4890 1352 4959 reprobaverunt
1369 4891 1708 4955 wdi/icantes,
1729 4888 1815 4942 hic
1828 4889 1996 4957 factus
2027 4897 2100 4942 est
2118 4890 2169 4942 in

575 4991 733 5049 caput
762 4984 964 5055 anguli.
993 4981 1274 5036 ADomino
1292 4983 1487 5053 factum
1501 4990 1574 5036 est
1589 4979 2172 5049 hoc(l’sal.cxvn,‘22).

651 5071 825 5141 (Cap.
858 5072 1000 5128 XIX.
1024 5103 1095 5115 —
1119 5073 1273 5128 Vers.
1310 5075 1334 5128 1
1367 5085 1545 5144 seqq.)
1591 5072 1859 5126 Hrecdicit
1880 5071 2171 5126 Dominus:

594 5165 753 5233 Vade,
783 5179 804 5206 ε
837 5177 884 5220 et
910 5183 1053 5220 sume
1084 5169 1413 5240 lagunculam
1427 5169 1573 5242 ﬁguli
1605 5178 1813 5222 testeant
1835 5177 1886 5222 et
1911 5168 1975 5220 de
2003 5169 2171 5220 senio-

578 5261 721 5316 ribus
741 5263 942 5334 populi,
974 5273 1022 5317 et
1051 5262 1115 5315 de
1140 5262 1427 5316 senioribus
1458 5263 1825 5329 Sacerdotem,
1851 5272 1900 5315 et
1929 5262 2173 5332 egredere

579 5356 648 5408 ad
677 5353 860 5408 vallem
887 5356 986 5426 ﬁlii
1017 5355 1242 5418 Ennom,
1271 5369 1388 5425 qua:
1416 5365 1487 5408 est
1509 5357 1668 5427 juxta
1696 5355 1963 5407 introitum
2014 5366 2175 5425 porta:

579 5448 754 5516 ﬁctilis
780 5449 916 5522 (sive
942 5446 1210 5518 CItarsitIt)
1237 5463 1252 5512 ;
1282 5458 1330 5502 et
1367 5447 1676 5520 prtedicabis
1708 5447 1726 5517 (
1755 5447 1872 5501 sive
1901 5445 2170 5513 clamabis,

579 5541 667 5595 vel
691 5540 828 5611 leges
859 5541 880 5608 )
907 5540 980 5594 ibi
1007 5539 1188 5607 verba,
1237 5557 1356 5611 qua?
1385 5556 1481 5613 ego
1525 5536 1710 5612 loquar
1739 5540 1810 5593 ad
1840 5551 1908 5606 te,
1933 5549 1980 5597 et
2009 5542 2148 5596 dices
2167 5559 2189 5599 .'

655 5709 681 5738 ⁸
714 5701 880 5756 iidem
922 5717 1078 5764 mss.,
1115 5710 1166 5755 et
1201 5700 1345 5755 stetit
1376 5701 1431 5754 in
1470 5709 1744 5767 conspectu
1777 5699 1976 5763 Patris,
2008 5711 2065 5755 ut
2095 5703 2174 5755 lo-

584 5783 946 5895 gueregugpro
972 5773 1045 5827 eis
1074 5772 1287 5838 bonum,
1316 5782 1364 5827 et
1395 5777 1637 5826 averteret
1671 5772 2080 5840 indignationem
2106 5773 2174 5826 il-

627 5857 685 5894 us
709 5854 740 5893 α
877 5881 887 5893 .

627 5857 685 5894 us
709 5854 770 5893 av
796 5854 887 5894 ω.

2277 4703 2479 4757 derunt
2508 4700 2648 4752 lilios
2675 4712 2829 4753 suos.
2856 4698 2989 4762 Qum
3027 4695 3292 4749 Dominus
3322 4707 3423 4746 nec
3452 4691 3733 4760 cogitavit,
3773 4699 3859 4743 nec

2278 4795 2491 4849 locutus
2519 4802 2624 4858 ρει,
2659 4805 2759 4844 nec
2805 4789 3172 4843 ascenderunt
3209 4787 3261 4840 in
3287 4801 3383 4840 cor
3412 4784 3553 4853 ejus.
3596 4781 3719 4838 Non
3765 4794 3859 4850 quo

2280 4887 2422 4943 Deus
2464 4884 2641 4940 futura
2673 4882 2954 4945 nescierit,
2985 4881 3080 4936 sed
3103 4880 3246 4950 quod
3270 4877 3488 4947 indigna
3533 4889 3634 4929 sua
3685 4874 3857 4930 notitia

2282 4985 2537 5052 ignorare
2562 4994 2623 5034 se
2661 4979 2827 5046 dicat,
2855 4976 3008 5046 juxta
3060 4974 3188 5029 illud
3241 4971 3627 5040 Erangelicum
3656 4985 3670 5021 :
3697 4967 3860 5022 Disce-

2274 5069 2774 5140 diteantc,0perarii
2797 5069 3100 5136 iniquitatis,
3135 5067 3306 5119 nescio
3329 5082 3414 5119 uos
3437 5063 3590 5137 (Luc.
3622 5081 3719 5120 xm
3754 5060 3855 5130 Ξῖ).

2274 5167 2437 5221 Novit
2459 5165 2602 5219 enim
2654 5161 2912 5216 Dominus
2939 5175 3035 5214 eos
3065 5159 3154 5226 qui
3186 5162 3416 5214 suisuut
3450 5159 3516 5230 (ll
3546 5158 3685 5212 Tim.
3716 5162 3751 5228 ).
3785 5154 3857 5212 Et.

2279 5260 2378 5325 Qui
2409 5260 2632 5330 ignorat,
2684 5251 3005 5325 ignorabitur
3040 5250 3082 5320 (l
3114 5248 3233 5304 Cor.
3279 5265 3390 5315 xw,
3423 5250 3539 5319 58).
3577 5247 3680 5302 Vel
3731 5254 3860 5300 certe

2277 5351 2711 5430 ἀνθρωποπάθως,
2731 5358 2787 5402 et
2806 5345 2918 5400 inec
2932 5343 3121 5399 deDeo
3148 5344 3489 5413 accipienda,
3522 5343 3666 5396 sicut
3681 5339 3856 5398 ctalia.

2274 5447 2462 5501 Omnis
2483 5454 2662 5497 autem
2712 5439 3001 5492 ltmreticus
3029 5436 3357 5505 derelinqutt
3401 5437 3596 5498 Deum,
3649 5432 3844 5490 etalie-

2263 5555 2393 5597 num
2423 5537 2551 5592 facit.
2573 5535 2753 5589 locum
2781 5530 3114 5585 habitatione
3151 5529 3270 5595 Dei,
3319 5545 3484 5600 quem
3537 5542 3638 5583 sua
3687 5520 3854 5581 fraude

2354 5697 2385 5738 Β
2409 5697 2603 5764 Verba,
2625 5695 2801 5766 populi
2814 5707 2875 5746 ac
2885 5691 3136 5766 seniores,
3153 5692 3206 5746 in
3224 5691 3458 5766 Cisterc.
3476 5707 3582 5746 ms.
3598 5707 3708 5746 non
3729 5695 3848 5766 sunt.

2287 5781 2384 5891 ...ὅθ
2426 5760 2634 5888 Votng
2662 5766 2848 5834 Accipe
2875 5762 3212 5831 lagunculam
3245 5763 3394 5832 ﬁguli
3423 5772 3639 5818 testeum
3659 5781 3690 5817 a
3712 5760 3852 5813 καίοι

2317 5861 2327 5895 l
2370 5855 2447 5895 us.
2472 5851 2500 5892 Ε
2529 5851 2575 5893 Cé

2433 5881 2447 5908 ,
2472 5876 2575 5893 ιιι-ωε
