3972 6332
139 277 242 338 801

653 279 1309 340 COMMENTARIORUM
1350 279 1416 337 IN
1457 277 1807 338 JEBEMIAM
1852 276 2272 338 PROPHETAM
2311 279 2441 336 LIB.
2485 279 2575 337 IV.
2616 280 2770 337 CAP.
2811 279 2960 338 XIX.

3353 279 3466 338 803

139 390 420 460 polluerit,
455 400 512 447 et
537 390 670 448 libat
692 393 798 449 diis
832 393 1051 460 alienis,
1083 409 1224 466 quos
1255 408 1358 449 nec
1379 393 1496 463 ipse
1513 402 1756 458 noverat,
1787 397 1841 456 Α
1864 394 1930 449 de
1961 394 2280 467 Babylonia,
2323 395 2419 451 sed
2465 394 2535 451 de
2583 395 2824 451 Romana
2874 395 3072 450 dicitur
3125 395 3462 465 captivitate.

133 503 243 543 nec
275 498 456 556 patres
483 487 622 555 ejus,
658 489 905 558 Apostoli
935 489 1193 544 videlicet
1220 499 1274 543 et
1304 487 1597 556 apostolici
1625 487 1751 552 viti;

133 596 298 650 reges
321 590 505 636 autem
533 580 695 643 Joda,
725 581 826 635 hoc
846 590 950 645 est,
986 579 1366 635 haereticorum
1405 579 1749 648 patriarcluc,

133 673 372 744 implent
401 675 580 729 locum
611 673 886 745 quondam
920 673 1040 741 Dei,
1071 674 1336 743 sanguine
1385 671 1750 741 dCCcptoruttt

135 777 198 824 et
229 766 631 824 innocentium.
665 767 774 820 Nisi
801 767 945 820 enim
979 765 1175 820 stultus
1205 776 1260 821 et
1291 764 1524 834 simplex
1568 761 1752 829 luerit,

136 873 252 915 non
284 859 392 913 cito
417 858 775 913 subvertitur.
807 857 874 912 Et
917 856 1192 912 :edilicant
1250 856 1470 912 excelsa
1518 855 1750 924 Baalim,

135 953 272 1009 dum
302 953 371 1007 de
398 952 720 1006 sublimibus
749 951 1036 1019 disputare
1058 967 1119 1007 se
1146 952 1358 1006 dicunt.
1406 951 1473 1006 Et
1523 951 1755 1006 combu-

140 1057 272 1104 runt
335 1046 475 1101 lilios
528 1060 658 1100 suos
713 1045 881 1108 idolo,
911 1061 1048 1116 quos
1095 1045 1147 1099 in
1189 1044 1384 1099 haeresi
1426 1052 1750 1112 genuerunt.

139 1141 282 1208 Quae
304 1140 481 1193 omnia
515 1139 772 1209 ignorare
799 1154 856 1192 se
881 1127 1016 1193 dicii
1048 1137 1335 1205 Dominus,
1367 1151 1467 1192 nec
1500 1149 1751 1206 umquam

138 1231 464 1288 aSCendisse
489 1230 542 1284 in
576 1229 958 1300 cogitationem
991 1246 1169 1284 suam.

220 1326 240 1395 (
273 1323 428 1378 Ver-t.
460 1323 514 1378 6.
544 1324 562 1393 )
610 1321 894 1394 PrOpterea
920 1338 1036 1376 ecce
1066 1321 1175 1375 dies
1200 1322 1430 1385 veniunt,
1480 1321 1606 1375 dicit
1645 1318 1756 1374 Do-

147 1417 351 1482 mitius,
398 1425 448 1472 et
491 1434 592 1470 non
623 1415 886 1470 vocabitur
915 1417 1057 1470 locus
1081 1416 1180 1470 istc
1203 1416 1428 1486 amplius
1453 1413 1749 1484 Tlmpltelt,

141 1520 198 1566 et
227 1508 377 1564 rallis
403 1508 502 1571 ﬁlii
548 1507 770 1576 Ennom,
819 1508 910 1562 sed
932 1508 1080 1562 vallis
1126 1508 1415 1562 occisionis.
1445 1505 1584 1561 LXX
1614 1523 1625 1558 :
1659 1504 1755 1559 Id-

144 1603 294 1656 circo
347 1617 458 1655 ecce
483 1601 592 1654 dies
617 1601 848 1665 veniunt,
881 1599 1005 1653 dicit
1039 1597 1316 1662 Dominus,
1340 1610 1388 1652 et
1416 1615 1517 1652 non
1549 1598 1756 1652 vocabi-

145 1704 237 1750 tur
267 1695 409 1750 locus
432 1696 526 1747 iste
551 1693 774 1765 amplius
793 1693 945 1746 ruina
975 1702 1020 1746 ct
1047 1691 1384 1769 πολυάνδριον
1409 1692 1505 1759 [illi
1523 1689 1749 1754 Ennom,

1862 491 1986 544 Post
2013 490 2348 562 Babylonios
2374 491 2596 561 quippe,
2617 502 2668 545 et
2693 491 2827 544 urbs
2852 491 3173 556 instaurata,
3199 497 3256 545 et
3285 506 3463 556 popu-

1857 583 1942 638 lus
2003 583 2262 638 reductus
2314 584 2366 638 itt
2421 582 2686 650 Judaeam,
2736 593 2794 639 et
2823 583 3167 638 abundantia:
3213 583 3460 650 pristinae

1857 681 2140 732 resulutns
2189 686 2291 732 est.
2349 677 2475 732 Post
2524 678 2894 745 captivitatem
2943 688 3150 745 autem,
3194 691 3316 746 quae
3352 675 3455 731 sub

1859 767 2200 837 Vespasiano
2231 779 2285 823 et
2310 769 2454 834 Tito,
2492 778 2548 824 et
2571 780 2758 840 postea
2791 769 2989 824 accidit
3013 769 3117 825 sub
3149 768 3443 835 lladriano,

1855 877 2026 931 usque
2063 862 2129 916 ad
2151 864 2674 918 consummationem
2703 863 2888 918 saeculi
2921 864 3092 919 ruina:
3139 861 3446 918 Jerusalem

1854 970 2223 1025 permansura:
2250 955 2414 1028 sunt[
2445 955 2531 1012 Al.
2566 964 2981 1027 permanserunt
3011 957 3052 1029 ],
3111 971 3441 1025 quamquam

1853 1048 1957 1103 sibi
1985 1048 2159 1105 Juda-i
2179 1065 2400 1104 auream
2430 1057 2589 1120 atque
2617 1060 2939 1116 gemmatam
2968 1050 3274 1106 Jerusalem
3294 1050 3450 1105 resti-

1854 1143 2110 1198 tuendam
2141 1155 2350 1209 putent,
2380 1159 2701 1214 rursumque
2723 1145 2994 1209 victimas,
3020 1153 3076 1198 et
3109 1146 3374 1200 sacrilicia
3398 1154 3456 1201 et

1854 1236 2105 1304 canjngia
2137 1247 2476 1299 Sanctorum,
2507 1246 2559 1290 et
2583 1251 2806 1304 regnum
2832 1236 2883 1290 in
2909 1237 3072 1292 terris
3104 1237 3314 1291 Domini
3339 1237 3465 1295 Sal-

1858 1331 2090 1384 vatoris.
2118 1330 2249 1398 Quae
2278 1330 2405 1386 licet
2436 1331 2730 1403 not1976
2751 1347 3069 1399 sequamur,
3104 1340 3280 1386 tamen
3311 1331 3466 1385 dam-

1857 1439 1989 1478 nare
2015 1440 2118 1476 non
2151 1438 2461 1493 possumus,
2495 1438 2622 1494 quia
2649 1424 2806 1479 inulti
2836 1424 3340 1480 ecclesiasticornm
3383 1424 3469 1481 vi-

1857 1531 2068 1580 rorum,
2101 1523 2158 1572 et
2181 1514 2208 1553 b
2237 1515 2502 1588 Martyres
2547 1517 2644 1571 ista
2677 1517 2960 1572 dixerunt.
2999 1517 3067 1572 Et
3094 1520 3468 1587 unusquisque

1857 1610 1908 1665 in
1937 1625 2037 1662 suo
2065 1625 2226 1664 sensu
2259 1609 2516 1678 abundet,
2542 1620 2595 1663 ct
2647 1611 2858 1665 Domini
2905 1620 3099 1666 cuncta
3125 1611 3334 1681 judicio
3365 1626 3454 1668 re-

1856 1710 2145 1756 serventur
2173 1702 2350 1771 (Rom.
2383 1701 2518 1767 xlv).
2542 1701 2834 1769 Quomodo
2860 1712 3037 1760 autem
3068 1719 3165 1758 vas
3196 1704 3384 1770 lictile,
3411 1710 3469 1760 et

145 1791 243 1843 sed
275 1785 612 1862 πολυάνδριον
645 1786 941 1841 occisionis.
977 1785 1108 1851 Qna'
1139 1789 1211 1838 sit
1240 1787 1398 1838 \allis
1429 1785 1522 1838 lilii
1549 1784 1759 1839 Ennom

1877 1803 2099 1849 testeum
2131 1795 2174 1847 si
2202 1793 2430 1848 tractum
2474 1795 2653 1857 fuerit.
2693 1795 2746 1850 in
2775 1796 3052 1864 antiquam
3085 1798 3323 1865 speciem
3358 1812 3466 1854 non

145 1897 276 1954 qui»
310 1877 576 1933 Ilehraice
623 1877 823 1932 dicitur
853 1893 1098 1933 occusou
1124 1875 1396 1950 (mam),
1429 1877 1570 1931 unde
1591 1885 1645 1930 et
1670 1893 1758 1950 ge-

157 1972 399 2026 hennam
422 1971 753 2040 appellatam
779 1970 944 2042 975
979 1982 1219 2040 putatur,
1247 1979 1274 2008 ει
1308 1985 1470 2038 supra
1499 1971 1758 2024 diximus.

151 2064 330 2121 Miror
374 2072 553 2118 autem
583 2062 711 2134 quid
740 2063 842 2117 sibi
876 2064 1148 2117 voluerint
1175 2061 1317 2116 LXX
1345 2077 1442 2132 pro
1473 2077 1759 2117 ruorns‘ru

157 2158 349 2228 (nam)
395 2155 705 2222 διάπτωσιν,
760 2155 863 2210 hoc
907 2165 1012 2218 est,
1065 2155 1275 2208 ruinam
1327 2168 1550 2224 ponere,
1581 2164 1635 2206 et
1664 2168 1762 2222 pro

153 2252 314 2319 valle,
346 2249 704 2324 πολυάνδριον,
733 2248 876 2318 quod
917 2248 1190 2314 signiﬁcat
1217 2248 1446 2301 virorum
1469 2245 1767 2300 multitudi-

157 2359 318 2397 nem:
352 2343 452 2397 nisi
481 2343 620 2396 forte
655 2357 723 2396 ex
761 2356 828 2396 eo
853 2341 998 2411 quod
1029 2340 1100 2395 ibi
1137 2340 1366 2410 populus
1394 2340 1681 2406 corruerit,
1711 2349 1768 2395 et

157 2450 306 2491 cmsa
334 2436 407 2491 sit
427 2435 706 2489 hominum
741 2432 1054 2500 multitudo,
1081 2433 1163 2487 vel
1198 2431 1574 2502 spiritualiter,
1595 2431 1648 2485 in
1672 2446 1764 2486 er-

159 2543 291 2583 rore
343 2527 690 2593 idololatriae,
744 2525 831 2581 vel
877 2527 1029 2594 juxta
1076 2526 1338 2593 litteram,
1383 2541 1414 2580 a
1469 2525 1767 2596 Babylonio

161 2625 436 2692 exercitu,
492 2623 636 2695 quod
682 2623 735 2678 in
764 2623 1227 2694 consequentibus
1257 2621 1602 2679 manifestius
1626 2625 1767 2695 legi-

162 2726 278 2773 tur.

239 2812 261 2881 (
296 2809 450 2865 Vcrs.
479 2811 512 2865 7
565 2825 717 2881 seqq.
750 2809 770 2876 )
815 2809 878 2864 Et
909 2807 1172 2878 dissipabo
1201 2809 1480 2863 consilium
1518 2807 1673 2864 Iuda:
1721 2817 1768 2862 et

163 2903 465 2961 Jerusalem
495 2906 548 2959 in
580 2905 694 2959 loco
717 2906 835 2971 isto,
856 2913 901 2957 et
924 2903 1216 2958 subvertam
1243 2920 1329 2958 eos
1353 2903 1532 2974 gladio
1573 2905 1625 2955 in
1648 2919 1772 2957 con-

165 3009 342 3070 spectu
385 2999 712 3053 inimicomm
757 3014 988 3063 suorum,
1040 3005 1086 3050 et
1130 2997 1182 3050 in
1230 3013 1390 3050 manu
1433 2997 1769 3065 quwrentium

166 3092 370 3143 animus
391 3107 590 3151 eorum,
616 3098 663 3142 et
694 3087 827 3142 dabo
857 3089 1108 3141 cadavera
1138 3103 1314 3140 eorum
1352 3101 1518 3140 escam
1550 3083 1773 3139 volatili-

1863 1895 2042 1953 potest
2085 1884 2369 1939 reformari
2396 1903 2408 1939 :
2438 1886 2516 1939 sic
2543 1896 2598 1940 et
2627 1889 2853 1956 populus
2883 1887 3198 1943 Juda-orum
3222 1897 3278 1944 et
3296 1889 3461 1946 Jeruo

1861 1979 2034 2032 salem
2067 1977 2355 2042 subversa,
2408 1988 2606 2034 statum
2661 1981 2945 2048 pristinum
3004 1998 3109 2036 non
3163 1981 3463 2041 habebunt.

1867 2071 2108 2137 Denique
2131 2087 2346 2126 cassum
2376 2085 2458 2127 est
2486 2072 2645 2129 hodie
2671 2089 2866 2130 nomen
2901 2075 3070 2143 ipsius
3105 2075 3361 2145 civitatis,
3394 2086 3451 2133 et

1864 2161 1934 2214 ab
1957 2161 2102 2217 Elin
2135 2162 2405 2217 Hadriano
2449 2163 2593 2218 [Elia
2643 2164 2869 2230 dicitur,
2899 2178 2950 2221 et
2978 2183 3100 2222 cum
3130 2167 3469 2228 habitatione

1867 2251 2117 2321 pristina,
2151 2255 2437 2323 pristinum
2470 2271 2685 2326 quoque
2715 2272 2913 2312 nomen
2953 2259 3162 2324 amisit,
3195 2259 3262 2314 ad
3288 2261 3458 2318 drcu-

1868 2343 2102 2399 tiendam
2127 2347 2437 2415 superbiam
2471 2347 2836 2403 habitatorum
2864 2350 3008 2420 ejus.
3043 2351 3256 2406 Saocta-
3282 2363 3466 2412 autem

1867 2436 2058 2491 Crucis
2085 2447 2139 2492 et
2162 2437 2601 2494 Resurrectionis
2630 2440 2914 2510 vocabula,
2939 2457 3044 2496 non
3071 2443 3265 2498 urbem
3296 2444 3471 2515 signi-

1871 2531 2060 2596 licant,
2089 2533 2182 2586 sed
2212 2532 2387 2586 locum
2415 2551 2426 2587 :
2453 2548 2550 2587 nec
2576 2533 2884 2588 divitiarum
2903 2535 3174 2606 quondam
3203 2539 3476 2608 tnagnitu-

1870 2623 2078 2686 dinem,
2114 2638 2210 2692 per
2237 2640 2397 2691 quam
2423 2626 2585 2695 periit
2609 2625 2838 2694 papulas
2862 2627 3197 2696 Judtcormn,
3225 2628 3321 2685 sed
3351 2633 3474 2702 glo-

1874 2714 2009 2769 riam
2038 2715 2365 2784 sanctitatis,
2407 2731 2566 2786 qttam
2617 2727 2802 2771 nostra
2835 2720 3172 2788 paupercula
3230 2725 3478 2790 possidet.

1874 2807 2173 2875 Bethleem,
2208 2824 2312 2862 non
2337 2809 2548 2865 habens
2577 2825 2770 2866 aurum
2794 2822 2846 2867 et
2869 2827 3130 2882 gemmas,
3155 2815 3251 2871 sed
3282 2831 3475 2886 panem

1875 2899 1970 2968 qui
1995 2901 2045 2953 in
2075 2915 2138 2954 ea
2168 2912 2328 2954 nattts
2354 2909 2468 2956 est.

1947 2990 2128 3063 (Vers.
2166 2991 2282 3058 12.)
2324 2991 2389 3044 Et
2430 2993 2494 3055 in,
2521 2991 2791 3064 Tltoplteth
2821 2997 3134 3066 sepeliantur
3165 2998 3304 3072 (sive
3332 3017 3477 3071 sepe-

1879 3081 2054 3151 limt),
2078 3098 2136 3134 eo
2165 3083 2303 3149 quod
2321 3099 2422 3136 non
2449 3083 2514 3136 sit
2530 3083 2666 3139 alius
2688 3085 2833 3140 locus
2851 3089 2921 3140 ad
2954 3089 3332 3158 sepeliendum.
3384 3091 3477 3149 Sic

168 3181 264 3236 bus
315 3182 431 3236 cali
460 3190 506 3236 et
537 3181 714 3234 bestiis
742 3191 910 3241 teme,
945 3186 988 3232 et
1031 3195 1219 3250 ponam
1247 3179 1506 3232 civitatem
1558 3178 1691 3231 lianc
1718 3177 1771 3230 in
1800 3163 1846 3226 C
1880 3173 2068 3243 faciam
2093 3172 2207 3227 loco
2228 3173 2370 3242 huic,
2399 3179 2470 3228 ait
2498 3175 2774 3242 Dominus,
2798 3191 2843 3233 et
2865 3178 3243 3238 habitatoribus
3265 3187 3398 3257 ejus,
3427 3195 3477 3240 et

183 3289 448 3345 stnporcm
460 3281 506 3327 et
522 3273 574 3326 in
603 3271 834 3326 sibilum.
869 3270 1049 3325 Omnis
1064 3271 1153 3340 qui
1177 3273 1402 3338 praeterit
1426 3270 1534 3342 [AL
1559 3280 1772 3342 prseter-

173 3366 341 3440 ierit]
372 3383 470 3437 ρετ
499 3383 613 3419 eam
645 3365 963 3437 obstupescet
983 3407 996 3425 ,
1031 3373 1075 3417 et
1105 3365 1329 3417 sibilabil
1351 3381 1502 3430 super
1536 3365 1773 3417 universa

168 3457 332 3532 plaga
358 3463 471 3533 ejus
528 3456 595 3511 Et
624 3458 808 3512 cibabo
837 3474 920 3511 eos
941 3457 1183 3511 carnibus
1209 3458 1437 3522 ﬁliorum
1459 3473 1692 3523 suorum,
1725 3463 1772 3510 et

169 3553 415 3606 carnibus
475 3551 704 3621 ﬁliarum
754 3565 968 3604 suarum
997 3590 1012 3613 ,
1058 3558 1106 3603 et
1146 3549 1496 3620 unusquisque
1567 3563 1776 3602 carnem

170 3645 326 3700 amici
357 3644 440 3698 sui
462 3642 712 3711 comedet,
741 3644 794 3696 in
821 3642 1090 3696 obsidione
1117 3651 1166 3696 et
1197 3647 1248 3694 tu
1289 3642 1557 3713 angustia,
1592 3641 1644 3693 iu
1672 3658 1775 3713 qua

170 3738 483 3794 caucludent
523 3754 606 3792 eos
636 3738 837 3791 inimici
881 3753 1078 3804 eorum,
1111 3745 1158 3789 et
1198 3736 1286 3803 qui
1308 3747 1545 3800 quaerunt
1572 3739 1775 3792 animas

173 3847 374 3888 eorum.
441 3829 775 3900 Quamquam
808 3829 924 3883 hinc
951 3838 1007 3882 el.
1039 3828 1090 3880 in
1120 3826 1419 3897 Babylonia
1459 3831 1779 3896 Captivitale

173 3925 444 3981 accidi-se
492 3926 694 3994 popqu
747 3926 1083 3988 noverimus,
1137 3932 1318 3975 tamen
1358 3923 1574 3992 plenius
1639 3924 1780 3978 rele-

173 4029 367 4074 ruutur
394 4017 459 4070 ad
485 4029 726 4085 tempora
755 4013 1318 4078 Salv:itoris,qnando
1345 4015 1556 4070 obsessi
1592 4027 1716 4069 sunt
1749 4031 1778 4071 a

170 4112 512 4177 Vestiasiano
529 4112 736 4176 et'l‘ito,
763 4120 819 4164 et
838 4110 1033 4164 civitas
1052 4125 1265 4173 eorum,
1283 4109 1536 4164 Iladriani
1568 4123 1780 4181 tempo-

174 4206 352 4273 ribus,
378 4207 430 4260 in
457 4218 694 4261 mlcrnos
721 4204 937 4260 cineres
966 4203 1206 4271 collapsa
1238 4211 1342 4265 cst,
1376 4210 1434 4258 ut
1457 4204 1544 4272 qui
1573 4204 1782 4259 obtule-

175 4308 300 4355 rant
322 4299 464 4352 tilios
491 4313 620 4353 suos
641 4297 826 4362 idolis,
851 4295 951 4366 ipsi
975 4311 1072 4350 eos
1095 4305 1280 4364 postea
1305 4295 1462 4351 lamis
1485 4299 1785 4352 necessita-

176 4404 230 4449 te
253 4393 545 4461 eotupulsi,
578 4393 629 4444 in
672 4391 919 4446 ciborum
953 4403 1108 4442 usqu
1143 4396 1441 4448 verterent.
1478 4406 1785 4458 carnesque

174 4487 423 4541 omnium
480 4484 742 4539 darentur
791 4481 1099 4536 volatilibus
1154 4483 1300 4543 cmli,
1340 4491 1399 4536 et
1430 4482 1619 4537 bestiis
1669 4493 1780 4538 ter-

175 4594 291 4634 rte:
323 4587 385 4632 ut
412 4579 501 4650 qui
531 4578 746 4633 Domini
798 4579 1118 4635 muneribus
1167 4579 1320 4634 abusi
1349 4576 1564 4631 fuerant
1597 4578 1648 4630 itt
1677 4575 1779 4630 im-
1807 4554 1863 4616 D

177 4674 462 4742 pietatem,
496 4678 554 4725 et
573 4671 793 4740 propria
827 4671 1039 4726 viscera
1061 4671 1222 4726 idolis
1255 4669 1628 4735 immolarant,
1653 4684 1784 4725 vett-

176 4774 292 4820 trcs
343 4777 474 4818 suos
515 4764 762 4833 sepulcra
811 4761 1054 4818 lacerent
1105 4763 1421 4819 liberorum.

251 4857 454 4931 (Vcrs.
493 4857 579 4920 10,
618 4855 748 4928 ll.)
789 4856 857 4922 Et
888 4866 1116 4912 conteres
1170 4855 1504 4928 lagunculam
1530 4856 1583 4909 in
1616 4856 1783 4910 oculis

178 4953 425 5019 virorum,
454 4952 542 5020 qui
568 4951 738 5014 ibunt,
761 4950 838 5006 vel
882 4951 1212 5019 egrediantur
1252 4959 1436 5003 tecum.
1467 4949 1534 5003 Et
1559 4949 1695 5003 dices
1715 4949 1784 5002 ad

180 5063 268 5102 eos
317 5045 491 5101 :llcrc
529 5045 656 5098 dicit
703 5045 958 5100 Dominus
988 5044 1352 5098 exercituum:
1393 5042 1484 5097 Sic
1521 5051 1781 5097 conteram

179 5140 433 5209 papuluat
455 5141 634 5202 istum,
658 5146 705 5191 et
745 5139 1003 5192 civitatem
1021 5139 1175 5206 hanc,
1211 5138 1345 5190 sicut
1381 5135 1666 5188 conteritur
1699 5149 1786 5187 vas

179 5231 354 5304 ﬁguli,
375 5231 514 5302 quod
535 5247 637 5285 non
655 5239 822 5301 potest
847 5230 986 5284 ultra
1008 5229 1316 5284 instaurari.
1358 5226 1655 5298 Perspicue
1680 5240 1786 5280 non

257 5447 281 5475 η
324 5436 464 5490 Vide
518 5435 796 5492 superius.
855 5434 994 5488 intra
1045 5448 1266 5489 sensum
1326 5425 1785 5500 interpunctionis

183 5509 319 5564 vitio
365 5508 707 5562 laborantem
742 5507 1101 5561 re~tituimns.

253 5580 281 5620 ι’
322 5581 377 5635 S.
414 5579 690 5636 Justiuum
732 5579 1026 5649 Martyrem
1084 5574 1300 5649 proprie
1351 5570 1786 5649 oota_ri,_nullus

180 5652 394 5714 dubito,
417 5650 578 5720 cujus
597 5651 710 5703 haec
741 5641 940 5704 iti~edit
967 5641 1132 5702 menti
1165 5641 1438 5700 senti-otia
1476 5646 1526 5698 itt
1558 5641 1784 5709 Dialogo

181 5739 304 5781 cum
334 5719 654 5792 Tryphone.
678 5720 788 5776 Nec
817 5730 903 5775 est
931 5719 1077 5792 quod
1119 5732 1417 5792 memorem
1443 5728 1786 5792 c:cteros__cc-

181 5785 522 5855 clasiasti'c'os
553 5801 898 5856 tt-actatorcs,
948 5789 1209 5846 Irenaeum
1243 5788 1336 5844 lib.
1360 5804 1392 5841 v
1415 5789 1634 5842 advers.
1668 5785 1785 5839 Hae-

1878 3285 2067 3338 ponam
2086 3269 2343 3322 civitatem
2367 3271 2517 3323 istam
2537 3271 2670 3324 sicut
2695 3271 2964 3342 Thapltetlt
2987 3276 3128 3343 (sive
3151 3291 3204 3330 ut
3221 3279 3472 3348 ruinam),

1878 3375 1922 3418 et
1944 3374 2094 3419 erunt
2114 3365 2296 3419 domus
2316 3365 2610 3422 Jerusalem
2639 3378 2687 3422 ct
2717 3370 2900 3424 domus
2923 3387 3100 3443 regum
3135 3369 3300 3438 Iuda,
3343 3375 3475 3426 sicut

1881 3460 2021 3512 locus
2075 3457 2344 3529 Tltopltetlt
2389 3460 2532 3530 (sive
2575 3461 2977 3534 ruime).0uod
3018 3473 3200 3519 autem
3250 3465 3301 3517 in
3333 3461 3478 3520 LXX

1880 3550 2116 3604 insertnr
2149 3569 2160 3604 :
2196 3550 2382 3605 Omnes
2414 3553 2595 3607 domus
2629 3570 2805 3625 regum
2827 3552 2994 3615 Juda,
3017 3555 3150 3609 sicut
3174 3556 3319 3612 locus
3345 3554 3483 3610 Tho-

1881 3643 2056 3712 p/tt'llt,
2089 3642 2142 3697 itt
2169 3643 2437 3699 llebraico
2470 3661 2574 3699 non
2606 3645 2851 3702 habetur.
2887 3648 2952 3702 Et
2973 3648 3220 3717 sequitur
3249 3667 3262 3702 :

1954 3734 2156 3807 (Vcrs.
2189 3737 2319 3804 15.)
2359 3736 2657 3792 Immundre
2697 3755 2873 3792 omnes
2919 3741 3129 3803 domus,
3180 3740 3234 3794 itt
3259 3755 3483 3810 quorum

1882 3827 2216 3898 domatibus(
2240 3831 2354 3884 sive
2400 3829 2544 3883 tectis
2572 3830 2590 3899 )
2620 3831 3047 3896 sacriﬁcaverunt
3101 3831 3238 3885 omni
3283 3829 3484 3887 militia

1882 3920 2016 3983 caeli,
2049 3929 2097 3973 et
2121 3921 2404 3975 libaverant
2446 3921 2694 3975 libamina
2738 3920 2844 3976 dtis
2884 3922 3082 3975 alienis.
3116 3920 3270 3989 Quod
3319 3936 3482 3992 supra

1883 4013 2116 4068 dixi-rat.
2146 4013 2266 4067 Non
2295 4017 2556 4068 vocabitur
2579 4016 2722 4070 locus
2740 4018 2836 4070 iste
2854 4016 3074 4086 amplius
3105 4015 3400 4086 'I’Itoplte:h,
3433 4026 3480 4071 et

1885 4106 2033 4159 vallis
2063 4106 2159 4175 filii
2192 4105 2300 4178 [AL
2334 4107 2564 4176 ﬁliorum
2591 4107 2609 4180 ]
2643 4107 2866 4175 Ennom,
2902 4109 2994 4162 sed
3015 4108 3162 4162 vallis
3183 4109 3479 4178 occisionis,

1888 4221 2029 4260 nunc
2060 4207 2209 4272 ponit
2241 4206 2604 4272 manifestius,
2631 4206 2774 4279 quod
2804 4216 2946 4277 tanta
2972 4208 3026 4262 in
3059 4209 3178 4279 ipso
3202 4208 3485 4263 locolutu-

1893 4322 1952 4361 ra
1980 4309 2052 4361 sit
2071 4307 2270 4370 ca-des,
2306 4317 2364 4362 ut
2388 4307 2459 4364 ibi
2484 4308 2777 4364 acervatim
2830 4308 3060 4378 populus
3087 4307 3402 4378 sepeliatur,
3435 4319 3490 4366 ct

1890 4407 2041 4460 lucus
2073 4406 2190 4479 [ΑΙ.
2219 4406 2407 4480 locus]
2429 4407 2700 4476 quondam
2730 4408 3033 4478 religioiiis,
3082 4409 3175 4464 liat
3225 4409 3489 4464 tumultus

1890 4521 2253 4566 mortuorum.
2284 4510 2402 4580 Ipsa
2425 4525 2641 4580 quoque
2663 4511 2876 4575 civitas,
2907 4525 3026 4578 qua:
3057 4509 3185 4564 huic
3231 4509 3481 4564 imminet

1887 4616 2030 4678 loco,
2065 4615 2155 4667 liat
2179 4611 2605 4683 sicut'l‘hophet,
2633 4627 2732 4682 pro
2757 4627 2864 4683 quo
2886 4607 3027 4666 LXX
3058 4611 3269 4664 ruinam
3309 4618 3488 4664 trans-

1887 4717 2144 4770 tulerunt.
2177 4713 2378 4768 Domus
2408 4727 2623 4783 quoque
2649 4713 2950 4767 Jerusalem
2973 4752 2989 4777 ,
3035 4725 3335 4782 regumque
3386 4725 3481 4780 pa-

1888 4817 2037 4885 latia,
2071 4815 2124 4870 in
2158 4815 2344 4871 ruinas
2364 4812 2575 4870 similes
2597 4823 3010 4868 convertantur.
3048 4810 3336 4878 Causaque
3362 4811 3489 4868 red-

1888 4918 2058 4985 ditur,
2090 4933 2157 4974 eo
2188 4915 2332 4987 quod
2360 4915 2650 4970 immunda:
2677 4914 2907 4978 fuerint,
2937 4923 2992 4968 et
3021 4912 3350 4968 idololatria:
3374 4916 3494 4985 pol-

1891 5021 2016 5077 lutae
2045 5020 2282 5085 scelere,
2313 5033 2411 5088 pro
2441 5031 2508 5072 eo
2528 5014 2670 5085 quod
2700 5014 2752 5069 in
2784 5012 3100 5069 domatibus
3125 5024 3181 5070 et
3212 5014 3368 5070 tectis
3396 5032 3497 5072 ea-

1894 5137 2036 5189 rum,
2083 5119 2184 5174 soli
2232 5124 2288 5172 et
2324 5117 2467 5169 lunae
2509 5122 2566 5169 et
2613 5112 2788 5169 stellis
2837 5112 2961 5168 C(Bii
2995 5113 3422 5181 immolaverint,
3445 5125 3502 5174 et

1899 5223 2059 5278 thura
2095 5215 2464 5280 iocenderint;
2497 5227 2598 5270 nec
2619 5212 2724 5269 hoc
2753 5211 2958 5268 iuerint.
2989 5229 3185 5270 errore
3223 5215 3495 5284 contenti,

1891 5437 1998 5478 res.
2026 5438 2148 5493 cap.
2174 5422 2267 5488 32,
2297 5420 2696 5490 Tortttlliannm
2725 5417 2821 5493 ljh.
2873 5417 2944 5472 de
2968 5417 3396 5493 _Spe___lldeliom
3448 5429 3506 5477 et

1891 5496 1987 5549 lih.
2023 5487 2297 5548 utcontra
2329 5487 2688 5554 Marcionem,
2734 5487 3075 5542 Lactantium
3107 5489 3206 5544 lib.
3239 5504 3500 5560 vttrat-p.

1889 5567 1958 5620 Q-i
1985 5575 2041 5619 et.
2068 5564 2159 5629 ‘26,
2186 5575 2350 5629 atque
2394 5563 2532 5616 altos
2573 5562 2693 5630 ejus
2745 5562 3046 5630 sentcntiae,
3098 5575 3259 5628 quam
3307 5559 3502 5622 Papias

1894 5635 2340 5706 llierapolitanus
2407 5629 2614 5702 primus
2677 5630 2904 5706 invexit.
2941 5629 3195 5706 ﬂii-ron.
3238 5647 3502 5704 perquam

1891 5700 2137 5764 "tonsae
2165 5707 2238 5761 ob
2262 5700 2564 5760 sanctitatis
2593 5703 2870 5769 meritum,
2904 5700 2974 5757 ab
3008 5701 3110 5758 hac
3152 5716 3343 5758 eorum
3356 5700 3505 5764 ἀυε-

1892 5781 2031 5837 trina
2060 5779 2356 5834 cavendum
2385 5782 2588 5832 monet.
