  <div class='ocr_page' id='page_1' title='image "/cluster/home/n/w/nwhite01/storage/ocr_20150623/24/uva.x000826571/409.png"; bbox 0 0 3972 6344; ppageno 0'>
   <div class='ocr_carea' id='block_1_1' title="bbox 624 191 3863 272">
    <p class='ocr_par' dir='ltr' id='par_1_1' title="bbox 624 191 3863 272">
     <span class='ocr_line' id='line_1_1' title="bbox 624 191 3863 272; baseline -0 0"><span class='ocrx_word' id='word_1_1' title='bbox 624 204 737 272; x_wconf 69' lang='lat' dir='ltr'><strong>sos</strong></span> <span class='ocrx_word' id='word_1_2' title='bbox 1875 208 1932 267; x_wconf 88' lang='lat' dir='ltr'><strong>s.</strong></span> <span class='ocrx_word' id='word_1_3' title='bbox 1976 208 2248 268; x_wconf 72' lang='lat' dir='ltr'><strong>unseen</strong></span> <span class='ocrx_word' id='word_1_4' title='bbox 2289 191 2680 271; x_wconf 75' lang='lat' dir='ltr'><strong>ﬁlERONYtll</strong></span> <span class='ocrx_word' id='word_1_5' title='bbox 3448 191 3453 193; x_wconf 69' lang='grc'><em>’</em></span> <span class='ocrx_word' id='word_1_6' title='bbox 3800 213 3863 272; x_wconf 74' lang='lat' dir='ltr'><strong><em>ut</em></strong></span> 
     </span>
    </p>
   </div>
   <div class='ocr_carea' id='block_1_2' title="bbox 619 324 3864 403">
    <p class='ocr_par' dir='ltr' id='par_1_2' title="bbox 619 324 3864 403">
     <span class='ocr_line' id='line_1_2' title="bbox 619 324 3864 403; baseline -0.002 -16"><span class='ocrx_word' id='word_1_7' title='bbox 619 330 718 387; x_wconf 83' lang='lat' dir='ltr'><strong>sed</strong></span> <span class='ocrx_word' id='word_1_8' title='bbox 742 329 1148 388; x_wconf 83' lang='lat' dir='ltr'><strong>immolaveriut</strong></span> <span class='ocrx_word' id='word_1_9' title='bbox 1171 326 1538 394; x_wconf 67' lang='lat' dir='ltr'><strong>dremonibus,</strong></span> <span class='ocrx_word' id='word_1_10' title='bbox 1565 334 1621 383; x_wconf 90' lang='lat' dir='ltr'><strong><em>et</em></strong></span> <span class='ocrx_word' id='word_1_11' title='bbox 1657 324 1918 385; x_wconf 78' lang='lat' dir='ltr'><strong>libamina</strong></span> <span class='ocrx_word' id='word_1_12' title='bbox 1980 326 2225 384; x_wconf 71' lang='lat' dir='ltr'><strong>fuderint</strong></span> <span class='ocrx_word' id='word_1_13' title='bbox 2252 340 2298 403; x_wconf 69' lang='grc' dir='ltr'><strong>Α</strong></span> <span class='ocrx_word' id='word_1_14' title='bbox 2332 326 2459 383; x_wconf 83' lang='grc' dir='ltr'><strong>Νοη</strong></span> <span class='ocrx_word' id='word_1_15' title='bbox 2485 326 2697 382; x_wconf 81' lang='lat' dir='ltr'><strong><em>Phasur</em></strong></span> <span class='ocrx_word' id='word_1_16' title='bbox 2732 327 2933 381; x_wconf 89' lang='lat' dir='ltr'><strong><em>vocavit</em></strong></span> <span class='ocrx_word' id='word_1_17' title='bbox 2980 325 3234 399; x_wconf 86' lang='lat' dir='ltr'><strong><em>Dominus</em></strong></span> <span class='ocrx_word' id='word_1_18' title='bbox 3283 343 3473 383; x_wconf 81' lang='lat' dir='ltr'><strong>nomen</strong></span> <span class='ocrx_word' id='word_1_19' title='bbox 3526 338 3691 395; x_wconf 85' lang='lat' dir='ltr'><strong><em>tuum,</em></strong></span> <span class='ocrx_word' id='word_1_20' title='bbox 3715 330 3787 383; x_wconf 83' lang='lat' dir='ltr'><strong>sed</strong></span> <span class='ocrx_word' id='word_1_21' title='bbox 3807 348 3864 399; x_wconf 79' lang='lat' dir='ltr'><strong>po-</strong></span> 
     </span>
    </p>
   </div>
   <div class='ocr_carea' id='block_1_3' title="bbox 620 419 3863 495">
    <p class='ocr_par' dir='ltr' id='par_1_3' title="bbox 620 419 3863 495">
     <span class='ocr_line' id='line_1_3' title="bbox 620 419 3863 495; baseline -0.002 -14"><span class='ocrx_word' id='word_1_22' title='bbox 620 425 725 481; x_wconf 88' lang='lat' dir='ltr'><strong>diis</strong></span> <span class='ocrx_word' id='word_1_23' title='bbox 751 423 948 480; x_wconf 89' lang='lat' dir='ltr'><strong>alienis</strong></span> <span class='ocrx_word' id='word_1_24' title='bbox 980 422 1287 495; x_wconf 83' lang='lat' dir='ltr'><strong><em>(Saplton.t</em></strong></span> <span class='ocrx_word' id='word_1_25' title='bbox 1316 422 1361 493; x_wconf 92' lang='lat'><strong>).</strong></span> <span class='ocrx_word' id='word_1_26' title='bbox 2167 444 2175 452; x_wconf 65' lang='grc' dir='ltr'><strong>ν</strong></span> <span class='ocrx_word' id='word_1_27' title='bbox 2330 435 2503 475; x_wconf 85' lang='lat' dir='ltr'><strong><em>vorem</em></strong></span> <span class='ocrx_word' id='word_1_28' title='bbox 2534 420 2784 493; x_wconf 78' lang='lat' dir='ltr'><strong>undique.</strong></span> <span class='ocrx_word' id='word_1_29' title='bbox 2824 419 2892 474; x_wconf 88' lang='lat' dir='ltr'><strong><em>Et</em></strong></span> <span class='ocrx_word' id='word_1_30' title='bbox 2924 421 3012 475; x_wconf 88' lang='lat' dir='ltr'><strong>hic</strong></span> <span class='ocrx_word' id='word_1_31' title='bbox 3038 429 3146 476; x_wconf 88' lang='lat' dir='ltr'><strong>tam</strong></span> <span class='ocrx_word' id='word_1_32' title='bbox 3201 437 3397 476; x_wconf 88' lang='lat' dir='ltr'><strong>nomen</strong></span> <span class='ocrx_word' id='word_1_33' title='bbox 3435 421 3736 491; x_wconf 92' lang='lat' dir='ltr'><strong>pontiﬁcis,</strong></span> <span class='ocrx_word' id='word_1_34' title='bbox 3759 438 3863 493; x_wconf 76' lang='lat' dir='ltr'><strong>quae</strong></span> 
     </span>
    </p>
   </div>
   <div class='ocr_carea' id='block_1_4' title="bbox 688 510 3863 586">
    <p class='ocr_par' dir='ltr' id='par_1_4' title="bbox 688 510 3863 586">
     <span class='ocr_line' id='line_1_4' title="bbox 688 510 3863 586; baseline 0 -17"><span class='ocrx_word' id='word_1_35' title='bbox 688 515 877 585; x_wconf 76' lang='lat' dir='ltr'><strong>(Vera.</strong></span> <span class='ocrx_word' id='word_1_36' title='bbox 908 513 994 583; x_wconf 73' lang='grc' dir='ltr'><strong>Η,</strong></span> <span class='ocrx_word' id='word_1_37' title='bbox 1030 514 1142 586; x_wconf 77' lang='grc'><strong>15.)</strong></span> <span class='ocrx_word' id='word_1_38' title='bbox 1172 513 1322 569; x_wconf 84' lang='lat' dir='ltr'><strong><em>Venit</em></strong></span> <span class='ocrx_word' id='word_1_39' title='bbox 1344 524 1523 569; x_wconf 78' lang='lat' dir='ltr'><strong><em>auten</em></strong></span> <span class='ocrx_word' id='word_1_40' title='bbox 1545 510 1802 569; x_wconf 83' lang='lat' dir='ltr'><strong><em>Jeremias</em></strong></span> <span class='ocrx_word' id='word_1_41' title='bbox 1826 513 1889 568; x_wconf 90' lang='lat' dir='ltr'><strong>de</strong></span> <span class='ocrx_word' id='word_1_42' title='bbox 1920 510 2221 585; x_wconf 81' lang='lat' dir='ltr'><strong><em>Thopltetlt,</em></strong></span> <span class='ocrx_word' id='word_1_43' title='bbox 2332 513 2591 571; x_wconf 87' lang='lat' dir='ltr'><strong>tormenti</strong></span> <span class='ocrx_word' id='word_1_44' title='bbox 2639 527 2814 584; x_wconf 85' lang='lat' dir='ltr'><strong>genus</strong></span> <span class='ocrx_word' id='word_1_45' title='bbox 2843 512 3102 568; x_wconf 89' lang='lat' dir='ltr'><strong>similiter</strong></span> <span class='ocrx_word' id='word_1_46' title='bbox 3131 530 3325 569; x_wconf 84' lang='lat' dir='ltr'><strong>omnes</strong></span> <span class='ocrx_word' id='word_1_47' title='bbox 3360 522 3424 569; x_wconf 90' lang='lat' dir='ltr'><strong><em>ut</em></strong></span> <span class='ocrx_word' id='word_1_48' title='bbox 3467 528 3636 584; x_wconf 87' lang='lat' dir='ltr'><strong>supra</strong></span> <span class='ocrx_word' id='word_1_49' title='bbox 3665 515 3863 584; x_wconf 84' lang='lat' dir='ltr'><strong>interpre-</strong></span> 
     </span>
    </p>
   </div>
   <div class='ocr_carea' id='block_1_5' title="bbox 616 604 2222 679">
    <p class='ocr_par' dir='ltr' id='par_1_5' title="bbox 616 604 2222 679">
     <span class='ocr_line' id='line_1_5' title="bbox 616 604 2222 679; baseline -0.003 -17"><span class='ocrx_word' id='word_1_50' title='bbox 616 622 714 679; x_wconf 87' lang='lat' dir='ltr'><strong><em>qao</em></strong></span> <span class='ocrx_word' id='word_1_51' title='bbox 740 607 904 679; x_wconf 72' lang='lat'><strong>977</strong></span> <span class='ocrx_word' id='word_1_52' title='bbox 933 608 1150 664; x_wconf 83' lang='lat' dir='ltr'><strong><em>miserat</em></strong></span> <span class='ocrx_word' id='word_1_53' title='bbox 1213 624 1331 663; x_wconf 87' lang='lat' dir='ltr'><strong>eum</strong></span> <span class='ocrx_word' id='word_1_54' title='bbox 1382 604 1643 662; x_wconf 88' lang='lat' dir='ltr'><strong><em>Dominus</em></strong></span> <span class='ocrx_word' id='word_1_55' title='bbox 1681 606 1751 661; x_wconf 85' lang='lat' dir='ltr'><strong>ad</strong></span> <span class='ocrx_word' id='word_1_56' title='bbox 1777 605 2222 678; x_wconf 85' lang='lat' dir='ltr'><strong><em>prapltetandum,</em></strong></span> 
     </span>
    </p>
   </div>
   <div class='ocr_carea' id='block_1_6' title="bbox 614 698 2222 768">
    <p class='ocr_par' dir='ltr' id='par_1_6' title="bbox 614 698 2222 768">
     <span class='ocr_line' id='line_1_6' title="bbox 614 698 2222 768; baseline -0.003 -13"><span class='ocrx_word' id='word_1_57' title='bbox 614 710 665 755; x_wconf 91' lang='lat' dir='ltr'><strong>et</strong></span> <span class='ocrx_word' id='word_1_58' title='bbox 690 701 831 756; x_wconf 82' lang='lat' dir='ltr'><strong><em>stetit</em></strong></span> <span class='ocrx_word' id='word_1_59' title='bbox 877 702 932 756; x_wconf 81' lang='lat' dir='ltr'><strong><em>in</em></strong></span> <span class='ocrx_word' id='word_1_60' title='bbox 985 701 1127 763; x_wconf 86' lang='lat' dir='ltr'><strong><em>atrio</em></strong></span> <span class='ocrx_word' id='word_1_61' title='bbox 1177 702 1360 756; x_wconf 87' lang='lat' dir='ltr'><strong><em>domus</em></strong></span> <span class='ocrx_word' id='word_1_62' title='bbox 1414 698 1659 768; x_wconf 68' lang='lat' dir='ltr'><strong><em>Domini,</em></strong></span> <span class='ocrx_word' id='word_1_63' title='bbox 1681 707 1729 754; x_wconf 84' lang='lat' dir='ltr'><strong>et</strong></span> <span class='ocrx_word' id='word_1_64' title='bbox 1757 699 1890 753; x_wconf 66' lang='lat' dir='ltr'><strong><em>dixit</em></strong></span> <span class='ocrx_word' id='word_1_65' title='bbox 1922 698 1992 752; x_wconf 89' lang='lat' dir='ltr'><strong>ad</strong></span> <span class='ocrx_word' id='word_1_66' title='bbox 2020 713 2222 752; x_wconf 82' lang='lat' dir='ltr'><strong><em>omnem</em></strong></span> 
     </span>
    </p>
   </div>
   <div class='ocr_carea' id='block_1_7' title="bbox 618 788 2225 862">
    <p class='ocr_par' dir='ltr' id='par_1_7' title="bbox 618 788 2225 862">
     <span class='ocr_line' id='line_1_7' title="bbox 618 788 2225 862; baseline -0.002 -16"><span class='ocrx_word' id='word_1_67' title='bbox 618 792 870 862; x_wconf 82' lang='lat' dir='ltr'><strong><em>populum</em></strong></span> <span class='ocrx_word' id='word_1_68' title='bbox 889 807 909 848; x_wconf 89' lang='lat'><strong><em>:</em></strong></span> <span class='ocrx_word' id='word_1_69' title='bbox 941 790 1070 849; x_wconf 70' lang='lat' dir='ltr'><strong>Hac</strong></span> <span class='ocrx_word' id='word_1_70' title='bbox 1097 792 1226 849; x_wconf 88' lang='lat' dir='ltr'><strong><em>dicit</em></strong></span> <span class='ocrx_word' id='word_1_71' title='bbox 1256 791 1508 847; x_wconf 88' lang='lat' dir='ltr'><strong><em>Dominus</em></strong></span> <span class='ocrx_word' id='word_1_72' title='bbox 1535 792 1854 846; x_wconf 71' lang='lat' dir='ltr'><strong>exercituum</strong></span> <span class='ocrx_word' id='word_1_73' title='bbox 1877 788 2225 845; x_wconf 81' lang='lat' dir='ltr'><strong><em>Deuslsrael:</em></strong></span> 
     </span>
    </p>
   </div>
   <div class='ocr_carea' id='block_1_8' title="bbox 616 868 2228 960">
    <p class='ocr_par' dir='ltr' id='par_1_8' title="bbox 616 868 2228 960">
     <span class='ocr_line' id='line_1_8' title="bbox 616 868 2228 960; baseline -0.001 -21"><span class='ocrx_word' id='word_1_74' title='bbox 616 882 757 940; x_wconf 84' lang='lat' dir='ltr'><strong><em>Ecce</em></strong></span> <span class='ocrx_word' id='word_1_75' title='bbox 780 868 879 958; x_wconf 77' lang='lat' dir='ltr'><strong><em>ego</em></strong></span> <span class='ocrx_word' id='word_1_76' title='bbox 917 886 1163 943; x_wconf 79' lang='lat' dir='ltr'><strong>inducam</strong></span> <span class='ocrx_word' id='word_1_77' title='bbox 1187 903 1343 960; x_wconf 85' lang='lat' dir='ltr'><strong><em>super</em></strong></span> <span class='ocrx_word' id='word_1_78' title='bbox 1372 887 1632 942; x_wconf 84' lang='lat' dir='ltr'><strong><em>civitatem</em></strong></span> <span class='ocrx_word' id='word_1_79' title='bbox 1661 886 1818 953; x_wconf 80' lang='lat' dir='ltr'><strong><em>hanc,</em></strong></span> <span class='ocrx_word' id='word_1_80' title='bbox 1860 894 1908 941; x_wconf 88' lang='lat' dir='ltr'><strong>et</strong></span> <span class='ocrx_word' id='word_1_81' title='bbox 1937 901 2093 958; x_wconf 87' lang='lat' dir='ltr'><strong><em>super</em></strong></span> <span class='ocrx_word' id='word_1_82' title='bbox 2118 901 2228 938; x_wconf 85' lang='lat' dir='ltr'><strong><em>ont-</em></strong></span> 
     </span>
    </p>
   </div>
   <div class='ocr_carea' id='block_1_9' title="bbox 616 975 2220 1051">
    <p class='ocr_par' dir='ltr' id='par_1_9' title="bbox 616 975 2220 1051">
     <span class='ocr_line' id='line_1_9' title="bbox 616 975 2220 1051; baseline 0.001 -21"><span class='ocrx_word' id='word_1_83' title='bbox 616 993 706 1035; x_wconf 83' lang='lat' dir='ltr'><strong>nes</strong></span> <span class='ocrx_word' id='word_1_84' title='bbox 734 977 887 1034; x_wconf 81' lang='lat' dir='ltr'><strong><em>urbes</em></strong></span> <span class='ocrx_word' id='word_1_85' title='bbox 909 981 1025 1051; x_wconf 67' lang='lat' dir='ltr'><strong><em>eius</em></strong></span> <span class='ocrx_word' id='word_1_86' title='bbox 1055 979 1299 1034; x_wconf 83' lang='lat' dir='ltr'><strong><em>universa</em></strong></span> <span class='ocrx_word' id='word_1_87' title='bbox 1327 978 1487 1044; x_wconf 87' lang='lat' dir='ltr'><strong><em>mala,</em></strong></span> <span class='ocrx_word' id='word_1_88' title='bbox 1518 994 1633 1048; x_wconf 82' lang='lat' dir='ltr'><strong><em>qua:</em></strong></span> <span class='ocrx_word' id='word_1_89' title='bbox 1659 978 1863 1032; x_wconf 90' lang='lat' dir='ltr'><strong><em>locutus</em></strong></span> <span class='ocrx_word' id='word_1_90' title='bbox 1898 994 2013 1031; x_wconf 84' lang='lat' dir='ltr'><strong>sum</strong></span> <span class='ocrx_word' id='word_1_91' title='bbox 2033 975 2220 1031; x_wconf 79' lang='lat' dir='ltr'><strong><em>adver-</em></strong></span> 
     </span>
    </p>
   </div>
   <div class='ocr_carea' id='block_1_10' title="bbox 613 1071 2226 1143">
    <p class='ocr_par' dir='ltr' id='par_1_10' title="bbox 613 1071 2226 1143">
     <span class='ocr_line' id='line_1_10' title="bbox 613 1071 2226 1143; baseline -0.002 -16"><span class='ocrx_word' id='word_1_92' title='bbox 613 1085 732 1127; x_wconf 80' lang='lat' dir='ltr'><strong>sum</strong></span> <span class='ocrx_word' id='word_1_93' title='bbox 757 1087 890 1140; x_wconf 73' lang='lat' dir='ltr'><strong><em>eain,</em></strong></span> <span class='ocrx_word' id='word_1_94' title='bbox 921 1072 1165 1143; x_wconf 86' lang='lat' dir='ltr'><strong><em>quoniam</em></strong></span> <span class='ocrx_word' id='word_1_95' title='bbox 1189 1071 1561 1126; x_wconf 87' lang='lat' dir='ltr'><strong><em>induraverunt</em></strong></span> <span class='ocrx_word' id='word_1_96' title='bbox 1583 1071 1829 1126; x_wconf 76' lang='lat' dir='ltr'><strong>cervicem</strong></span> <span class='ocrx_word' id='word_1_97' title='bbox 1851 1087 2021 1135; x_wconf 84' lang='lat' dir='ltr'><strong><em>suam,</em></strong></span> <span class='ocrx_word' id='word_1_98' title='bbox 2049 1080 2226 1124; x_wconf 89' lang='lat' dir='ltr'><strong><em>utnon</em></strong></span> 
     </span>
    </p>
   </div>
   <div class='ocr_carea' id='block_1_11' title="bbox 613 1162 2225 1237">
    <p class='ocr_par' dir='ltr' id='par_1_11' title="bbox 613 1162 2225 1237">
     <span class='ocr_line' id='line_1_11' title="bbox 613 1162 2225 1237; baseline -0.002 -14"><span class='ocrx_word' id='word_1_99' title='bbox 613 1165 859 1223; x_wconf 79' lang='lat' dir='ltr'><strong><em>audirent</em></strong></span> <span class='ocrx_word' id='word_1_100' title='bbox 883 1182 1145 1224; x_wconf 82' lang='lat' dir='ltr'><strong><em>sermones</em></strong></span> <span class='ocrx_word' id='word_1_101' title='bbox 1164 1180 1326 1221; x_wconf 86' lang='lat' dir='ltr'><strong><em>meos.</em></strong></span> <span class='ocrx_word' id='word_1_102' title='bbox 1358 1165 1651 1236; x_wconf 81' lang='lat' dir='ltr'><strong>Postquam</strong></span> <span class='ocrx_word' id='word_1_103' title='bbox 1682 1164 1737 1222; x_wconf 91' lang='lat' dir='ltr'><strong>in</strong></span> <span class='ocrx_word' id='word_1_104' title='bbox 1767 1162 2055 1237; x_wconf 88' lang='lat' dir='ltr'><strong>&#39;l‘hopbetb</strong></span> <span class='ocrx_word' id='word_1_105' title='bbox 2086 1178 2225 1234; x_wconf 75' lang='lat' dir='ltr'><strong>prte-</strong></span> 
     </span>
    </p>
   </div>
   <div class='ocr_carea' id='block_1_12' title="bbox 614 1257 2227 1331">
    <p class='ocr_par' dir='ltr' id='par_1_12' title="bbox 614 1257 2227 1331">
     <span class='ocr_line' id='line_1_12' title="bbox 614 1257 2227 1331; baseline -0.005 -12"><span class='ocrx_word' id='word_1_106' title='bbox 614 1260 865 1319; x_wconf 77' lang='lat' dir='ltr'><strong>santibus</strong></span> <span class='ocrx_word' id='word_1_107' title='bbox 896 1260 1089 1330; x_wconf 83' lang='lat' dir='ltr'><strong>populi</strong></span> <span class='ocrx_word' id='word_1_108' title='bbox 1113 1261 1454 1324; x_wconf 79' lang='lat' dir='ltr'><strong>senioribus,</strong></span> <span class='ocrx_word' id='word_1_109' title='bbox 1482 1275 1621 1331; x_wconf 82' lang='lat' dir='ltr'><strong>quos</strong></span> <span class='ocrx_word' id='word_1_110' title='bbox 1662 1258 1895 1315; x_wconf 79' lang='lat' dir='ltr'><strong>duxerat</strong></span> <span class='ocrx_word' id='word_1_111' title='bbox 1921 1272 2110 1313; x_wconf 84' lang='lat' dir='ltr'><strong><em>secum</em></strong></span> <span class='ocrx_word' id='word_1_112' title='bbox 2135 1257 2227 1313; x_wconf 86' lang='lat' dir='ltr'><strong>Je-</strong></span> 
     </span>
    </p>
   </div>
   <div class='ocr_carea' id='block_1_13' title="bbox 618 1351 2222 1427">
    <p class='ocr_par' dir='ltr' id='par_1_13' title="bbox 618 1351 2222 1427">
     <span class='ocr_line' id='line_1_13' title="bbox 618 1351 2222 1427; baseline -0.004 -17"><span class='ocrx_word' id='word_1_113' title='bbox 618 1353 822 1410; x_wconf 85' lang='lat' dir='ltr'><strong>retnias</strong></span> <span class='ocrx_word' id='word_1_114' title='bbox 850 1352 1119 1427; x_wconf 75' lang='lat' dir='ltr'><strong><em>confregit</em></strong></span> <span class='ocrx_word' id='word_1_115' title='bbox 1152 1351 1521 1425; x_wconf 80' lang='lat' dir='ltr'><strong>lagunculam,</strong></span> <span class='ocrx_word' id='word_1_116' title='bbox 1563 1353 1676 1407; x_wconf 84' lang='lat' dir='ltr'><strong>sive</strong></span> <span class='ocrx_word' id='word_1_117' title='bbox 1700 1352 1986 1418; x_wconf 86' lang='lat' dir='ltr'><strong>duliolum,</strong></span> <span class='ocrx_word' id='word_1_118' title='bbox 2010 1358 2065 1404; x_wconf 90' lang='lat' dir='ltr'><strong>et</strong></span> <span class='ocrx_word' id='word_1_119' title='bbox 2094 1364 2222 1420; x_wconf 81' lang='lat' dir='ltr'><strong>pro-</strong></span> 
     </span>
    </p>
   </div>
   <div class='ocr_carea' id='block_1_14' title="bbox 2340 604 3864 677">
    <p class='ocr_par' dir='ltr' id='par_1_14' title="bbox 2340 604 3864 677">
     <span class='ocr_line' id='line_1_14' title="bbox 2340 604 3864 677; baseline 0 -15"><span class='ocrx_word' id='word_1_120' title='bbox 2340 606 2439 662; x_wconf 90' lang='lat' dir='ltr'><strong>tati</strong></span> <span class='ocrx_word' id='word_1_121' title='bbox 2468 616 2616 663; x_wconf 90' lang='lat' dir='ltr'><strong>sunt.</strong></span> <span class='ocrx_word' id='word_1_122' title='bbox 2655 604 2899 661; x_wconf 79' lang='lat' dir='ltr'><strong><em>Mutatur</em></strong></span> <span class='ocrx_word' id='word_1_123' title='bbox 2922 615 3102 660; x_wconf 85' lang='lat' dir='ltr'><strong>autem</strong></span> <span class='ocrx_word' id='word_1_124' title='bbox 3127 622 3325 662; x_wconf 85' lang='lat' dir='ltr'><strong><em>nomen</em></strong></span> <span class='ocrx_word' id='word_1_125' title='bbox 3346 605 3649 677; x_wconf 88' lang='lat' dir='ltr'><strong>pontiﬁcis,</strong></span> <span class='ocrx_word' id='word_1_126' title='bbox 3667 615 3788 662; x_wconf 75' lang='lat' dir='ltr'><strong>uter</strong></span> <span class='ocrx_word' id='word_1_127' title='bbox 3808 624 3864 661; x_wconf 63' lang='lat' dir='ltr'><strong>ne</strong></span> 
     </span>
    </p>
   </div>
   <div class='ocr_carea' id='block_1_15' title="bbox 2334 695 3866 769">
    <p class='ocr_par' dir='ltr' id='par_1_15' title="bbox 2334 695 3866 769">
     <span class='ocr_line' id='line_1_15' title="bbox 2334 695 3866 769; baseline 0 -18"><span class='ocrx_word' id='word_1_128' title='bbox 2334 699 2482 753; x_wconf 89' lang='lat' dir='ltr'><strong><em>mine</em></strong></span> <span class='ocrx_word' id='word_1_129' title='bbox 2508 695 2533 734; x_wconf 75' lang='grc'><strong>¹³</strong></span> <span class='ocrx_word' id='word_1_130' title='bbox 2561 698 2864 751; x_wconf 86' lang='lat' dir='ltr'><strong>futurorum</strong></span> <span class='ocrx_word' id='word_1_131' title='bbox 2890 698 3217 769; x_wconf 80' lang='lat' dir='ltr'><strong>Supplicium</strong></span> <span class='ocrx_word' id='word_1_132' title='bbox 3262 696 3694 754; x_wconf 83' lang='lat' dir='ltr'><strong><em>demonstretur.</em></strong></span> <span class='ocrx_word' id='word_1_133' title='bbox 3719 698 3866 768; x_wconf 71' lang='lat' dir='ltr'><strong>Nequa-</strong></span> 
     </span>
    </p>
   </div>
   <div class='ocr_carea' id='block_1_16' title="bbox 2330 788 3867 863">
    <p class='ocr_par' dir='ltr' id='par_1_16' title="bbox 2330 788 3867 863">
     <span class='ocr_line' id='line_1_16' title="bbox 2330 788 3867 863; baseline 0 -19"><span class='ocrx_word' id='word_1_134' title='bbox 2330 804 2520 863; x_wconf 87' lang='lat' dir='ltr'><strong>quam,</strong></span> <span class='ocrx_word' id='word_1_135' title='bbox 2554 788 2752 860; x_wconf 88' lang='lat' dir='ltr'><strong>inquit,</strong></span> <span class='ocrx_word' id='word_1_136' title='bbox 2808 788 3036 844; x_wconf 83' lang='lat' dir='ltr'><strong>habebis</strong></span> <span class='ocrx_word' id='word_1_137' title='bbox 3081 788 3193 844; x_wconf 89' lang='lat' dir='ltr'><strong>oris</strong></span> <span class='ocrx_word' id='word_1_138' title='bbox 3225 789 3595 861; x_wconf 88' lang='lat' dir='ltr'><strong>nigrcdinem,</strong></span> <span class='ocrx_word' id='word_1_139' title='bbox 3642 797 3695 842; x_wconf 92' lang='lat' dir='ltr'><strong>et</strong></span> <span class='ocrx_word' id='word_1_140' title='bbox 3726 788 3867 860; x_wconf 71' lang='lat' dir='ltr'><strong>iniqua</strong></span> 
     </span>
    </p>
   </div>
   <div class='ocr_carea' id='block_1_17' title="bbox 2331 878 3867 956">
    <p class='ocr_par' dir='ltr' id='par_1_17' title="bbox 2331 878 3867 956">
     <span class='ocr_line' id='line_1_17' title="bbox 2331 878 3867 956; baseline -0.001 -19"><span class='ocrx_word' id='word_1_141' title='bbox 2331 878 2618 956; x_wconf 89' lang='lat' dir='ltr'><strong>imperium</strong></span> <span class='ocrx_word' id='word_1_142' title='bbox 2652 878 2974 952; x_wconf 76' lang='lat' dir='ltr'><strong>potestatis;</strong></span> <span class='ocrx_word' id='word_1_143' title='bbox 3008 878 3104 937; x_wconf 89' lang='lat' dir='ltr'><strong>sed</strong></span> <span class='ocrx_word' id='word_1_144' title='bbox 3155 884 3404 952; x_wconf 88' lang='lat' dir='ltr'><strong>captivus</strong></span> <span class='ocrx_word' id='word_1_145' title='bbox 3438 881 3660 936; x_wconf 88' lang='lat' dir='ltr'><strong>duceris</strong></span> <span class='ocrx_word' id='word_1_146' title='bbox 3682 882 3727 936; x_wconf 90' lang='lat' dir='ltr'><strong>in</strong></span> <span class='ocrx_word' id='word_1_147' title='bbox 3751 882 3867 951; x_wconf 73' lang='lat' dir='ltr'><strong>Baby-</strong></span> 
     </span>
    </p>
   </div>
   <div class='ocr_carea' id='block_1_18' title="bbox 2330 974 3867 1046">
    <p class='ocr_par' dir='ltr' id='par_1_18' title="bbox 2330 974 3867 1046">
     <span class='ocr_line' id='line_1_18' title="bbox 2330 974 3867 1046; baseline 0 -17"><span class='ocrx_word' id='word_1_148' title='bbox 2330 977 2539 1041; x_wconf 90' lang='lat' dir='ltr'><strong>lonem,</strong></span> <span class='ocrx_word' id='word_1_149' title='bbox 2567 974 2672 1030; x_wconf 88' lang='lat' dir='ltr'><strong>hoc</strong></span> <span class='ocrx_word' id='word_1_150' title='bbox 2722 974 2868 1031; x_wconf 89' lang='lat' dir='ltr'><strong>enim</strong></span> <span class='ocrx_word' id='word_1_151' title='bbox 2919 974 3195 1046; x_wconf 88' lang='lat' dir='ltr'><strong>signiﬁcat</strong></span> <span class='ocrx_word' id='word_1_152' title='bbox 3233 991 3392 1043; x_wconf 88' lang='lat' dir='ltr'><strong><em>pavor</em></strong></span> <span class='ocrx_word' id='word_1_153' title='bbox 3434 974 3665 1044; x_wconf 82' lang='lat' dir='ltr'><strong><em>undique</em></strong></span> <span class='ocrx_word' id='word_1_154' title='bbox 3699 974 3867 1040; x_wconf 74' lang='lat' dir='ltr'><strong>sivcpr&#39;t</strong></span> 
     </span>
    </p>
   </div>
   <div class='ocr_carea' id='block_1_19' title="bbox 2328 1068 3865 1141">
    <p class='ocr_par' dir='ltr' id='par_1_19' title="bbox 2328 1068 3865 1141">
     <span class='ocr_line' id='line_1_19' title="bbox 2328 1068 3865 1141; baseline 0.001 -18"><span class='ocrx_word' id='word_1_155' title='bbox 2328 1070 2604 1124; x_wconf 84' lang='lat' dir='ltr'><strong><em>circuitum</em></strong></span> <span class='ocrx_word' id='word_1_156' title='bbox 2632 1085 2651 1123; x_wconf 90' lang='lat'><strong><em>:</em></strong></span> <span class='ocrx_word' id='word_1_157' title='bbox 2683 1079 2739 1124; x_wconf 92' lang='lat' dir='ltr'><strong>ut</strong></span> <span class='ocrx_word' id='word_1_158' title='bbox 2772 1078 3013 1124; x_wconf 90' lang='lat' dir='ltr'><strong>tremens</strong></span> <span class='ocrx_word' id='word_1_159' title='bbox 3065 1080 3121 1125; x_wconf 88' lang='lat' dir='ltr'><strong>et</strong></span> <span class='ocrx_word' id='word_1_160' title='bbox 3148 1068 3379 1141; x_wconf 67' lang='lat' dir='ltr'><strong>propria:</strong></span> <span class='ocrx_word' id='word_1_161' title='bbox 3433 1069 3635 1124; x_wconf 83' lang='lat' dir='ltr'><strong>salutis</strong></span> <span class='ocrx_word' id='word_1_162' title='bbox 3671 1068 3865 1135; x_wconf 81' lang='lat' dir='ltr'><strong>incertus,</strong></span> 
     </span>
    </p>
   </div>
   <div class='ocr_carea' id='block_1_20' title="bbox 2330 1162 3867 1235">
    <p class='ocr_par' dir='ltr' id='par_1_20' title="bbox 2330 1162 3867 1235">
     <span class='ocr_line' id='line_1_20' title="bbox 2330 1162 3867 1235; baseline -0.001 -16"><span class='ocrx_word' id='word_1_163' title='bbox 2330 1163 2438 1219; x_wconf 86' lang='lat' dir='ltr'><strong>huc</strong></span> <span class='ocrx_word' id='word_1_164' title='bbox 2462 1164 2697 1234; x_wconf 90' lang='lat' dir='ltr'><strong>illucque</strong></span> <span class='ocrx_word' id='word_1_165' title='bbox 2729 1162 3165 1235; x_wconf 71' lang='lat' dir='ltr'><strong>circumspicias,</strong></span> <span class='ocrx_word' id='word_1_166' title='bbox 3220 1172 3274 1219; x_wconf 90' lang='lat' dir='ltr'><strong><em>et</em></strong></span> <span class='ocrx_word' id='word_1_167' title='bbox 3321 1163 3615 1219; x_wconf 84' lang='lat' dir='ltr'><strong><em>venientes</em></strong></span> <span class='ocrx_word' id='word_1_168' title='bbox 3662 1174 3817 1218; x_wconf 85' lang='lat' dir='ltr'><strong>contra</strong></span> <span class='ocrx_word' id='word_1_169' title='bbox 3838 1174 3867 1218; x_wconf 79' lang='lat' dir='ltr'><strong>te</strong></span> 
     </span>
    </p>
   </div>
   <div class='ocr_carea' id='block_1_21' title="bbox 2329 1254 3867 1328">
    <p class='ocr_par' dir='ltr' id='par_1_21' title="bbox 2329 1254 3867 1328">
     <span class='ocr_line' id='line_1_21' title="bbox 2329 1254 3867 1328; baseline 0.001 -18"><span class='ocrx_word' id='word_1_170' title='bbox 2329 1256 2676 1315; x_wconf 86' lang='lat' dir='ltr'><strong>adversarios</strong></span> <span class='ocrx_word' id='word_1_171' title='bbox 2724 1254 3070 1311; x_wconf 80' lang='lat' dir='ltr'><strong><em>reformides.</em></strong></span> <span class='ocrx_word' id='word_1_172' title='bbox 3127 1254 3233 1310; x_wconf 87' lang='lat' dir='ltr'><strong>Pro</strong></span> <span class='ocrx_word' id='word_1_173' title='bbox 3281 1271 3499 1327; x_wconf 78' lang='lat' dir='ltr'><strong><em>pavore,</em></strong></span> <span class='ocrx_word' id='word_1_174' title='bbox 3531 1257 3672 1328; x_wconf 85' lang='lat' dir='ltr'><strong>quod</strong></span> <span class='ocrx_word' id='word_1_175' title='bbox 3718 1256 3762 1311; x_wconf 88' lang='lat' dir='ltr'><strong>in</strong></span> <span class='ocrx_word' id='word_1_176' title='bbox 3799 1258 3867 1312; x_wconf 85' lang='lat' dir='ltr'><strong>lle-</strong></span> 
     </span>
    </p>
   </div>
   <div class='ocr_carea' id='block_1_22' title="bbox 2331 1345 3869 1422">
    <p class='ocr_par' dir='ltr' id='par_1_22' title="bbox 2331 1345 3869 1422">
     <span class='ocr_line' id='line_1_22' title="bbox 2331 1345 3869 1422; baseline 0 -19"><span class='ocrx_word' id='word_1_177' title='bbox 2331 1348 2516 1405; x_wconf 85' lang='lat' dir='ltr'><strong>braico</strong></span> <span class='ocrx_word' id='word_1_178' title='bbox 2547 1346 2814 1420; x_wconf 84' lang='lat' dir='ltr'><strong>scriptum</strong></span> <span class='ocrx_word' id='word_1_179' title='bbox 2846 1358 2933 1405; x_wconf 87' lang='lat' dir='ltr'><strong>est</strong></span> <span class='ocrx_word' id='word_1_180' title='bbox 2960 1364 3142 1405; x_wconf 70' lang='lat' dir='ltr'><strong>uacua</strong></span> <span class='ocrx_word' id='word_1_181' title='bbox 3178 1345 3288 1421; x_wconf 84' lang='grc' dir='ltr'><strong>[ΑΙ.</strong></span> <span class='ocrx_word' id='word_1_182' title='bbox 3317 1347 3534 1422; x_wconf 80' lang='lat' dir='ltr'><strong>Magor]</strong></span> <span class='ocrx_word' id='word_1_183' title='bbox 3564 1348 3752 1420; x_wconf 53' lang='lat' dir='ltr'><strong>(nun),</strong></span> <span class='ocrx_word' id='word_1_184' title='bbox 3772 1349 3869 1404; x_wconf 69' lang='lat' dir='ltr'><strong>LXX</strong></span> 
     </span>
    </p>
   </div>
   <div class='ocr_carea' id='block_1_23' title="bbox 620 1440 3870 1516">
    <p class='ocr_par' dir='ltr' id='par_1_23' title="bbox 620 1440 3870 1516">
     <span class='ocr_line' id='line_1_23' title="bbox 620 1440 3870 1516; baseline -0.001 -17"><span class='ocrx_word' id='word_1_185' title='bbox 620 1443 1066 1515; x_wconf 83' lang='lat' dir='ltr'><strong>pbetavitvcrbis</strong></span> <span class='ocrx_word' id='word_1_186' title='bbox 1091 1443 1312 1500; x_wconf 87' lang='lat' dir='ltr'><strong>Domini</strong></span> <span class='ocrx_word' id='word_1_187' title='bbox 1338 1443 1407 1499; x_wconf 90' lang='lat' dir='ltr'><strong>ad</strong></span> <span class='ocrx_word' id='word_1_188' title='bbox 1433 1442 1834 1500; x_wconf 86' lang='lat' dir='ltr'><strong>conterendum</strong></span> <span class='ocrx_word' id='word_1_189' title='bbox 1866 1441 2127 1514; x_wconf 83' lang='lat' dir='ltr'><strong>pupulum</strong></span> <span class='ocrx_word' id='word_1_190' title='bbox 2167 1451 2224 1495; x_wconf 87' lang='lat' dir='ltr'><strong>et</strong></span> <span class='ocrx_word' id='word_1_191' title='bbox 2327 1450 2385 1495; x_wconf 83' lang='lat' dir='ltr'><strong>et</strong></span> <span class='ocrx_word' id='word_1_192' title='bbox 2440 1440 2743 1497; x_wconf 84' lang='lat' dir='ltr'><strong>Tlteodotio</strong></span> <span class='ocrx_word' id='word_1_193' title='bbox 2790 1442 3040 1516; x_wconf 74' lang='grc' dir='ltr'><strong>μέτοικον,</strong></span> <span class='ocrx_word' id='word_1_194' title='bbox 3098 1441 3149 1495; x_wconf 88' lang='lat' dir='ltr'><strong>id</strong></span> <span class='ocrx_word' id='word_1_195' title='bbox 3204 1451 3323 1508; x_wconf 88' lang='lat' dir='ltr'><strong>est,</strong></span> <span class='ocrx_word' id='word_1_196' title='bbox 3372 1441 3712 1513; x_wconf 80' lang='lat' dir='ltr'><strong><em>migrantem,</em></strong></span> <span class='ocrx_word' id='word_1_197' title='bbox 3753 1440 3870 1513; x_wconf 80' lang='lat' dir='ltr'><strong>Aqui-</strong></span> 
     </span>
    </p>
   </div>
   <div class='ocr_carea' id='block_1_24' title="bbox 2329 1532 3871 1605">
    <p class='ocr_par' dir='ltr' id='par_1_24' title="bbox 2329 1532 3871 1605">
     <span class='ocr_line' id='line_1_24' title="bbox 2329 1532 3871 1605; baseline -0.001 -18"><span class='ocrx_word' id='word_1_198' title='bbox 2329 1533 2395 1588; x_wconf 79' lang='lat' dir='ltr'><strong>lm</strong></span> <span class='ocrx_word' id='word_1_199' title='bbox 2440 1534 2684 1590; x_wconf 86' lang='lat' dir='ltr'><strong>secunda</strong></span> <span class='ocrx_word' id='word_1_200' title='bbox 2714 1534 2882 1589; x_wconf 89' lang='lat' dir='ltr'><strong>editio</strong></span> <span class='ocrx_word' id='word_1_201' title='bbox 2911 1535 3274 1605; x_wconf 86' lang='lat' dir='ltr'><strong><em>peregrinum,</em></strong></span> <span class='ocrx_word' id='word_1_202' title='bbox 3307 1532 3487 1604; x_wconf 88' lang='lat' dir='ltr'><strong>prima</strong></span> <span class='ocrx_word' id='word_1_203' title='bbox 3527 1534 3871 1603; x_wconf 62' lang='lat' dir='ltr'><strong><em>circumspiciat</em></strong></span> 
     </span>
    </p>
   </div>
   <div class='ocr_carea' id='block_1_25' title="bbox 616 1534 2226 1605">
    <p class='ocr_par' dir='ltr' id='par_1_25' title="bbox 616 1534 2226 1605">
     <span class='ocr_line' id='line_1_25' title="bbox 616 1534 2226 1605; baseline -0.003 -10"><span class='ocrx_word' id='word_1_204' title='bbox 616 1539 899 1596; x_wconf 78' lang='lat' dir='ltr'><strong>civitatem</strong></span> <span class='ocrx_word' id='word_1_205' title='bbox 942 1539 1276 1605; x_wconf 83' lang='lat' dir='ltr'><strong>Jerusalem,</strong></span> <span class='ocrx_word' id='word_1_206' title='bbox 1330 1538 1625 1597; x_wconf 84' lang='lat' dir='ltr'><strong><em>revertitur</em></strong></span> <span class='ocrx_word' id='word_1_207' title='bbox 1655 1548 1708 1594; x_wconf 89' lang='lat' dir='ltr'><strong>et</strong></span> <span class='ocrx_word' id='word_1_208' title='bbox 1733 1546 1843 1593; x_wconf 88' lang='lat' dir='ltr'><strong>stat</strong></span> <span class='ocrx_word' id='word_1_209' title='bbox 1863 1536 1917 1592; x_wconf 91' lang='lat' dir='ltr'><strong>in</strong></span> <span class='ocrx_word' id='word_1_210' title='bbox 1947 1536 2094 1591; x_wconf 88' lang='lat' dir='ltr'><strong>atrio</strong></span> <span class='ocrx_word' id='word_1_211' title='bbox 2124 1534 2226 1591; x_wconf 89' lang='lat' dir='ltr'><strong>do-</strong></span> 
     </span>
    </p>
   </div>
   <div class='ocr_carea' id='block_1_26' title="bbox 614 1631 2220 1705">
    <p class='ocr_par' dir='ltr' id='par_1_26' title="bbox 614 1631 2220 1705">
     <span class='ocr_line' id='line_1_26' title="bbox 614 1631 2220 1705; baseline -0.003 -15"><span class='ocrx_word' id='word_1_212' title='bbox 614 1648 738 1690; x_wconf 82' lang='lat' dir='ltr'><strong><em>mus</em></strong></span> <span class='ocrx_word' id='word_1_213' title='bbox 765 1632 1005 1702; x_wconf 81' lang='lat' dir='ltr'><strong><em>Domini,</em></strong></span> <span class='ocrx_word' id='word_1_214' title='bbox 1033 1645 1091 1691; x_wconf 89' lang='lat' dir='ltr'><strong>et</strong></span> <span class='ocrx_word' id='word_1_215' title='bbox 1123 1634 1393 1691; x_wconf 73' lang='lat' dir='ltr'><strong>universo:</strong></span> <span class='ocrx_word' id='word_1_216' title='bbox 1432 1634 1678 1705; x_wconf 84' lang='lat' dir='ltr'><strong>loquitur</strong></span> <span class='ocrx_word' id='word_1_217' title='bbox 1709 1631 2070 1697; x_wconf 85' lang='lat' dir='ltr'><strong>multitudini,</strong></span> <span class='ocrx_word' id='word_1_218' title='bbox 2096 1644 2220 1701; x_wconf 75' lang='lat' dir='ltr'><strong>qua:</strong></span> 
     </span>
    </p>
   </div>
   <div class='ocr_carea' id='block_1_27' title="bbox 613 1718 3031 1801">
    <p class='ocr_par' dir='ltr' id='par_1_27' title="bbox 613 1718 3031 1801">
     <span class='ocr_line' id='line_1_27' title="bbox 613 1718 3031 1801; baseline -0.003 -18"><span class='ocrx_word' id='word_1_219' title='bbox 613 1726 681 1783; x_wconf 87' lang='lat' dir='ltr'><strong>ad</strong></span> <span class='ocrx_word' id='word_1_220' title='bbox 704 1726 881 1784; x_wconf 82' lang='lat' dir='ltr'><strong>locum</strong></span> <span class='ocrx_word' id='word_1_221' title='bbox 905 1725 1196 1798; x_wconf 81' lang='lat' dir='ltr'><strong>Thopltcth</strong></span> <span class='ocrx_word' id='word_1_222' title='bbox 1226 1727 1305 1783; x_wconf 89' lang='lat' dir='ltr'><strong>ire</strong></span> <span class='ocrx_word' id='word_1_223' title='bbox 1330 1728 1605 1792; x_wconf 86' lang='lat' dir='ltr'><strong>noluerat,</strong></span> <span class='ocrx_word' id='word_1_224' title='bbox 1631 1725 1777 1798; x_wconf 88' lang='lat' dir='ltr'><strong>quod</strong></span> <span class='ocrx_word' id='word_1_225' title='bbox 1813 1725 2133 1781; x_wconf 84' lang='lat' dir='ltr'><strong>inducturus</strong></span> <span class='ocrx_word' id='word_1_226' title='bbox 2153 1723 2222 1779; x_wconf 89' lang='lat' dir='ltr'><strong>sit</strong></span> <span class='ocrx_word' id='word_1_227' title='bbox 2252 1737 2301 1801; x_wconf 75' lang='grc' dir='ltr'><strong><em>Β</em></strong></span> <span class='ocrx_word' id='word_1_228' title='bbox 2328 1725 2460 1783; x_wconf 77' lang='lat' dir='ltr'><strong><em>tum,</em></strong></span> <span class='ocrx_word' id='word_1_229' title='bbox 2490 1718 2832 1788; x_wconf 79' lang='lat' dir='ltr'><strong>interpretati</strong></span> <span class='ocrx_word' id='word_1_230' title='bbox 2884 1727 3031 1772; x_wconf 75' lang='lat' dir='ltr'><strong>sunt.</strong></span> 
     </span>
    </p>
   </div>
   <div class='ocr_carea' id='block_1_28' title="bbox 613 1818 2218 1890">
    <p class='ocr_par' dir='ltr' id='par_1_28' title="bbox 613 1818 2218 1890">
     <span class='ocr_line' id='line_1_28' title="bbox 613 1818 2218 1890; baseline -0.002 -15"><span class='ocrx_word' id='word_1_231' title='bbox 613 1818 881 1881; x_wconf 85' lang='lat' dir='ltr'><strong><em>Dominus</em></strong></span> <span class='ocrx_word' id='word_1_232' title='bbox 902 1834 1067 1890; x_wconf 86' lang='lat' dir='ltr'><strong>super</strong></span> <span class='ocrx_word' id='word_1_233' title='bbox 1088 1820 1369 1876; x_wconf 83' lang='lat' dir='ltr'><strong>civitatem</strong></span> <span class='ocrx_word' id='word_1_234' title='bbox 1397 1818 1727 1884; x_wconf 79' lang='lat' dir='ltr'><strong>Jerusalem,</strong></span> <span class='ocrx_word' id='word_1_235' title='bbox 1753 1830 1807 1874; x_wconf 90' lang='lat' dir='ltr'><strong>et</strong></span> <span class='ocrx_word' id='word_1_236' title='bbox 1831 1832 1998 1889; x_wconf 88' lang='lat' dir='ltr'><strong>super</strong></span> <span class='ocrx_word' id='word_1_237' title='bbox 2027 1831 2218 1873; x_wconf 91' lang='lat' dir='ltr'><strong>omnes</strong></span> 
     </span>
    </p>
   </div>
   <div class='ocr_carea' id='block_1_29' title="bbox 613 1909 2216 1981">
    <p class='ocr_par' dir='ltr' id='par_1_29' title="bbox 613 1909 2216 1981">
     <span class='ocr_line' id='line_1_29' title="bbox 613 1909 2216 1981; baseline -0.002 -14"><span class='ocrx_word' id='word_1_238' title='bbox 613 1910 781 1967; x_wconf 82' lang='lat' dir='ltr'><strong>urbes</strong></span> <span class='ocrx_word' id='word_1_239' title='bbox 800 1912 918 1980; x_wconf 82' lang='lat' dir='ltr'><strong>ejus</strong></span> <span class='ocrx_word' id='word_1_240' title='bbox 941 1911 1197 1966; x_wconf 72' lang='lat' dir='ltr'><strong>universa</strong></span> <span class='ocrx_word' id='word_1_241' title='bbox 1225 1911 1393 1977; x_wconf 87' lang='lat' dir='ltr'><strong>mala,</strong></span> <span class='ocrx_word' id='word_1_242' title='bbox 1415 1926 1537 1981; x_wconf 71' lang='lat' dir='ltr'><strong>qua:</strong></span> <span class='ocrx_word' id='word_1_243' title='bbox 1564 1911 1775 1965; x_wconf 85' lang='lat' dir='ltr'><strong>locutus</strong></span> <span class='ocrx_word' id='word_1_244' title='bbox 1804 1920 1893 1966; x_wconf 91' lang='lat' dir='ltr'><strong>est</strong></span> <span class='ocrx_word' id='word_1_245' title='bbox 1920 1909 2216 1964; x_wconf 84' lang='lat' dir='ltr'><strong>adversum</strong></span> 
     </span>
    </p>
   </div>
   <div class='ocr_carea' id='block_1_30' title="bbox 610 1999 2216 2070">
    <p class='ocr_par' dir='ltr' id='par_1_30' title="bbox 610 1999 2216 2070">
     <span class='ocr_line' id='line_1_30' title="bbox 610 1999 2216 2070; baseline -0.002 -13"><span class='ocrx_word' id='word_1_246' title='bbox 610 2015 755 2057; x_wconf 78' lang='lat' dir='ltr'><strong>eam.</strong></span> <span class='ocrx_word' id='word_1_247' title='bbox 818 1999 888 2055; x_wconf 78' lang='lat' dir='ltr'><strong>Et</strong></span> <span class='ocrx_word' id='word_1_248' title='bbox 933 2016 1001 2056; x_wconf 90' lang='lat' dir='ltr'><strong>ne</strong></span> <span class='ocrx_word' id='word_1_249' title='bbox 1038 2008 1291 2070; x_wconf 87' lang='lat' dir='ltr'><strong>putemus</strong></span> <span class='ocrx_word' id='word_1_250' title='bbox 1338 2001 1621 2058; x_wconf 87' lang='lat' dir='ltr'><strong>crudelem</strong></span> <span class='ocrx_word' id='word_1_251' title='bbox 1677 2016 1800 2057; x_wconf 89' lang='lat' dir='ltr'><strong>esse</strong></span> <span class='ocrx_word' id='word_1_252' title='bbox 1848 2002 2216 2064; x_wconf 85' lang='lat' dir='ltr'><strong>sententiam,</strong></span> 
     </span>
    </p>
   </div>
   <div class='ocr_carea' id='block_1_31' title="bbox 610 2091 2222 2173">
    <p class='ocr_par' dir='ltr' id='par_1_31' title="bbox 610 2091 2222 2173">
     <span class='ocr_line' id='line_1_31' title="bbox 610 2091 2222 2173; baseline -0.001 -24"><span class='ocrx_word' id='word_1_253' title='bbox 610 2091 794 2149; x_wconf 84' lang='lat' dir='ltr'><strong>reddit</strong></span> <span class='ocrx_word' id='word_1_254' title='bbox 823 2107 1038 2158; x_wconf 81' lang='lat' dir='ltr'><strong>causas,</strong></span> <span class='ocrx_word' id='word_1_255' title='bbox 1063 2108 1161 2150; x_wconf 86' lang='lat' dir='ltr'><strong>cur</strong></span> <span class='ocrx_word' id='word_1_256' title='bbox 1192 2093 1512 2173; x_wconf 57' lang='lat' dir='ltr'><strong>indupturus</strong></span> <span class='ocrx_word' id='word_1_257' title='bbox 1536 2093 1608 2148; x_wconf 85' lang='lat' dir='ltr'><strong>sit</strong></span> <span class='ocrx_word' id='word_1_258' title='bbox 1631 2093 1795 2147; x_wconf 89' lang='lat' dir='ltr'><strong>mala.</strong></span> <span class='ocrx_word' id='word_1_259' title='bbox 1826 2091 2105 2160; x_wconf 83' lang='lat' dir='ltr'><strong><em>Quoniam,</em></strong></span> <span class='ocrx_word' id='word_1_260' title='bbox 2140 2092 2222 2147; x_wconf 86' lang='lat' dir='ltr'><strong>itt-</strong></span> 
     </span>
    </p>
   </div>
   <div class='ocr_carea' id='block_1_32' title="bbox 612 2182 2223 2257">
    <p class='ocr_par' dir='ltr' id='par_1_32' title="bbox 612 2182 2223 2257">
     <span class='ocr_line' id='line_1_32' title="bbox 612 2182 2223 2257; baseline -0.001 -19"><span class='ocrx_word' id='word_1_261' title='bbox 612 2184 754 2257; x_wconf 83' lang='lat' dir='ltr'><strong>quit,</strong></span> <span class='ocrx_word' id='word_1_262' title='bbox 776 2183 1150 2240; x_wconf 85' lang='lat' dir='ltr'><strong><em>induraverunt</em></strong></span> <span class='ocrx_word' id='word_1_263' title='bbox 1179 2186 1424 2241; x_wconf 87' lang='lat' dir='ltr'><strong><em>cervicem</em></strong></span> <span class='ocrx_word' id='word_1_264' title='bbox 1453 2201 1622 2250; x_wconf 89' lang='lat' dir='ltr'><strong><em>suam,</em></strong></span> <span class='ocrx_word' id='word_1_265' title='bbox 1647 2193 1704 2238; x_wconf 89' lang='lat' dir='ltr'><strong>ut</strong></span> <span class='ocrx_word' id='word_1_266' title='bbox 1732 2200 1834 2239; x_wconf 86' lang='lat' dir='ltr'><strong>non</strong></span> <span class='ocrx_word' id='word_1_267' title='bbox 1858 2182 2092 2238; x_wconf 83' lang='lat' dir='ltr'><strong><em>audirent</em></strong></span> <span class='ocrx_word' id='word_1_268' title='bbox 2114 2199 2223 2237; x_wconf 87' lang='lat' dir='ltr'><strong><em>ser-</em></strong></span> 
     </span>
    </p>
   </div>
   <div class='ocr_carea' id='block_1_33' title="bbox 607 2277 2220 2351">
    <p class='ocr_par' dir='ltr' id='par_1_33' title="bbox 607 2277 2220 2351">
     <span class='ocr_line' id='line_1_33' title="bbox 607 2277 2220 2351; baseline -0.002 -18"><span class='ocrx_word' id='word_1_269' title='bbox 607 2293 782 2333; x_wconf 84' lang='lat' dir='ltr'><strong><em>mones</em></strong></span> <span class='ocrx_word' id='word_1_270' title='bbox 814 2293 951 2334; x_wconf 86' lang='lat' dir='ltr'><strong><em>meos</em></strong></span> <span class='ocrx_word' id='word_1_271' title='bbox 976 2293 995 2332; x_wconf 91' lang='lat'><strong><em>:</em></strong></span> <span class='ocrx_word' id='word_1_272' title='bbox 1030 2294 1098 2333; x_wconf 91' lang='lat' dir='ltr'><strong><em>ne</em></strong></span> <span class='ocrx_word' id='word_1_273' title='bbox 1120 2287 1246 2348; x_wconf 87' lang='lat' dir='ltr'><strong>post</strong></span> <span class='ocrx_word' id='word_1_274' title='bbox 1275 2277 1473 2337; x_wconf 79' lang='lat' dir='ltr'><strong>multas</strong></span> <span class='ocrx_word' id='word_1_275' title='bbox 1508 2277 1730 2351; x_wconf 80' lang='lat' dir='ltr'><strong>quidem</strong></span> <span class='ocrx_word' id='word_1_276' title='bbox 1757 2277 2091 2348; x_wconf 81' lang='lat' dir='ltr'><strong>impietates,</strong></span> <span class='ocrx_word' id='word_1_277' title='bbox 2125 2292 2220 2330; x_wconf 88' lang='lat' dir='ltr'><strong>vo-</strong></span> 
     </span>
    </p>
   </div>
   <div class='ocr_carea' id='block_1_34' title="bbox 606 2368 1400 2442">
    <p class='ocr_par' dir='ltr' id='par_1_34' title="bbox 606 2368 1400 2442">
     <span class='ocr_line' id='line_1_34' title="bbox 606 2368 1400 2442; baseline 0 -15"><span class='ocrx_word' id='word_1_278' title='bbox 606 2368 787 2427; x_wconf 82' lang='lat' dir='ltr'><strong>lentes</strong></span> <span class='ocrx_word' id='word_1_279' title='bbox 809 2384 973 2442; x_wconf 86' lang='lat' dir='ltr'><strong>agere</strong></span> <span class='ocrx_word' id='word_1_280' title='bbox 997 2371 1400 2441; x_wconf 61' lang='lat' dir='ltr'><strong>paenitentiam.</strong></span> 
     </span>
    </p>
   </div>
   <div class='ocr_carea' id='block_1_35' title="bbox 680 2460 2218 2534">
    <p class='ocr_par' dir='ltr' id='par_1_35' title="bbox 680 2460 2218 2534">
     <span class='ocr_line' id='line_1_35' title="bbox 680 2460 2218 2534; baseline 0 -18"><span class='ocrx_word' id='word_1_281' title='bbox 680 2462 841 2533; x_wconf 86' lang='lat' dir='ltr'><strong>(Cap.</strong></span> <span class='ocrx_word' id='word_1_282' title='bbox 874 2460 994 2518; x_wconf 81' lang='lat' dir='ltr'><strong>XX.</strong></span> <span class='ocrx_word' id='word_1_283' title='bbox 1018 2491 1091 2503; x_wconf 91' lang='lat'>—</span> <span class='ocrx_word' id='word_1_284' title='bbox 1111 2461 1270 2519; x_wconf 76' lang='lat' dir='ltr'><strong>Vers.</strong></span> <span class='ocrx_word' id='word_1_285' title='bbox 1303 2463 1358 2528; x_wconf 80' lang='lat' dir='ltr'><strong>l,</strong></span> <span class='ocrx_word' id='word_1_286' title='bbox 1386 2460 1470 2534; x_wconf 72' lang='lat'><strong>9..)</strong></span> <span class='ocrx_word' id='word_1_287' title='bbox 1499 2461 1568 2518; x_wconf 86' lang='lat' dir='ltr'><strong>Et</strong></span> <span class='ocrx_word' id='word_1_288' title='bbox 1612 2464 1811 2518; x_wconf 87' lang='lat' dir='ltr'><strong><em>audivit</em></strong></span> <span class='ocrx_word' id='word_1_289' title='bbox 1834 2460 2046 2516; x_wconf 81' lang='lat' dir='ltr'><strong><em>Phasur</em></strong></span> <span class='ocrx_word' id='word_1_290' title='bbox 2073 2462 2218 2532; x_wconf 75' lang='lat' dir='ltr'><strong><em>ﬁlius</em></strong></span> 
     </span>
    </p>
   </div>
   <div class='ocr_carea' id='block_1_36' title="bbox 2323 2278 3864 2357">
    <p class='ocr_par' dir='ltr' id='par_1_36' title="bbox 2323 2278 3864 2357">
     <span class='ocr_line' id='line_1_36' title="bbox 2323 2278 3864 2357; baseline -0.003 -23"><span class='ocrx_word' id='word_1_291' title='bbox 2323 2279 2456 2335; x_wconf 87' lang='lat' dir='ltr'><strong><em>dabo</em></strong></span> <span class='ocrx_word' id='word_1_292' title='bbox 2485 2282 2685 2338; x_wconf 87' lang='lat' dir='ltr'><strong><em>univers</em></strong></span> <span class='ocrx_word' id='word_1_293' title='bbox 2696 2299 2773 2336; x_wconf 70' lang='lat' dir='ltr'><strong><em>1m</em></strong></span> <span class='ocrx_word' id='word_1_294' title='bbox 2791 2284 3136 2338; x_wconf 83' lang='lat' dir='ltr'><strong><em>substantiam</em></strong></span> <span class='ocrx_word' id='word_1_295' title='bbox 3163 2284 3303 2357; x_wconf 69' lang='lat' dir='ltr'><strong>(sive</strong></span> <span class='ocrx_word' id='word_1_296' title='bbox 3330 2278 3710 2354; x_wconf 78' lang='lat' dir='ltr'><strong><em>fortitudinem)</em></strong></span> <span class='ocrx_word' id='word_1_297' title='bbox 3735 2281 3864 2334; x_wconf 70' lang='lat' dir='ltr'><strong>ciuita-</strong></span> 
     </span>
    </p>
   </div>
   <div class='ocr_carea' id='block_1_37' title="bbox 2319 2376 3860 2453">
    <p class='ocr_par' dir='ltr' id='par_1_37' title="bbox 2319 2376 3860 2453">
     <span class='ocr_line' id='line_1_37' title="bbox 2319 2376 3860 2453; baseline 0.001 -23"><span class='ocrx_word' id='word_1_298' title='bbox 2319 2377 2387 2431; x_wconf 85' lang='lat' dir='ltr'><strong>tis</strong></span> <span class='ocrx_word' id='word_1_299' title='bbox 2416 2377 2594 2447; x_wconf 79' lang='lat' dir='ltr'><strong><em>hujus,</em></strong></span> <span class='ocrx_word' id='word_1_300' title='bbox 2618 2388 2665 2431; x_wconf 87' lang='lat' dir='ltr'><strong>et</strong></span> <span class='ocrx_word' id='word_1_301' title='bbox 2716 2394 2922 2431; x_wconf 85' lang='lat' dir='ltr'><strong><em>omnem</em></strong></span> <span class='ocrx_word' id='word_1_302' title='bbox 2964 2379 3193 2433; x_wconf 87' lang='lat' dir='ltr'><strong><em>laborem</em></strong></span> <span class='ocrx_word' id='word_1_303' title='bbox 3237 2383 3350 2453; x_wconf 85' lang='lat' dir='ltr'><strong><em>ejus</em></strong></span> <span class='ocrx_word' id='word_1_304' title='bbox 3402 2394 3650 2444; x_wconf 63' lang='lat' dir='ltr'><strong><em>tutaeque</em></strong></span> <span class='ocrx_word' id='word_1_305' title='bbox 3698 2376 3860 2447; x_wconf 68' lang='lat' dir='ltr'><strong><em>pretium</em></strong></span> 
     </span>
    </p>
   </div>
   <div class='ocr_carea' id='block_1_38' title="bbox 2319 2560 3859 2635">
    <p class='ocr_par' dir='ltr' id='par_1_38' title="bbox 2319 2560 3859 2635">
     <span class='ocr_line' id='line_1_38' title="bbox 2319 2560 3859 2635; baseline -0.003 -20"><span class='ocrx_word' id='word_1_306' title='bbox 2319 2578 2476 2616; x_wconf 83' lang='lat' dir='ltr'><strong><em>manu</em></strong></span> <span class='ocrx_word' id='word_1_307' title='bbox 2498 2562 2828 2617; x_wconf 84' lang='lat' dir='ltr'><strong><em>inimicorum</em></strong></span> <span class='ocrx_word' id='word_1_308' title='bbox 2854 2580 3049 2631; x_wconf 85' lang='lat' dir='ltr'><strong><em>eorum,</em></strong></span> <span class='ocrx_word' id='word_1_309' title='bbox 3073 2573 3121 2619; x_wconf 86' lang='lat' dir='ltr'><strong><em>et</em></strong></span> <span class='ocrx_word' id='word_1_310' title='bbox 3142 2565 3394 2635; x_wconf 80' lang='lat' dir='ltr'><strong><em>diripient</em></strong></span> <span class='ocrx_word' id='word_1_311' title='bbox 3420 2583 3529 2629; x_wconf 85' lang='lat' dir='ltr'><strong><em>eos,</em></strong></span> <span class='ocrx_word' id='word_1_312' title='bbox 3578 2574 3621 2618; x_wconf 86' lang='lat' dir='ltr'><strong>et</strong></span> <span class='ocrx_word' id='word_1_313' title='bbox 3666 2560 3814 2615; x_wconf 79' lang='lat' dir='ltr'><strong><em>tollent</em></strong></span> <span class='ocrx_word' id='word_1_314' title='bbox 3830 2568 3859 2610; x_wconf 72' lang='lat' dir='ltr'><strong><em>et</em></strong></span> 
     </span>
    </p>
   </div>
   <div class='ocr_carea' id='block_1_39' title="bbox 2320 2651 3856 2726">
    <p class='ocr_par' dir='ltr' id='par_1_39' title="bbox 2320 2651 3856 2726">
     <span class='ocr_line' id='line_1_39' title="bbox 2320 2651 3856 2726; baseline 0.001 -19"><span class='ocrx_word' id='word_1_315' title='bbox 2320 2655 2503 2707; x_wconf 83' lang='lat' dir='ltr'><strong><em>ducent</em></strong></span> <span class='ocrx_word' id='word_1_316' title='bbox 2527 2656 2580 2708; x_wconf 86' lang='lat' dir='ltr'><strong>in</strong></span> <span class='ocrx_word' id='word_1_317' title='bbox 2600 2653 2939 2726; x_wconf 79' lang='lat' dir='ltr'><strong><em>Babylonem.</em></strong></span> <span class='ocrx_word' id='word_1_318' title='bbox 2968 2656 3049 2711; x_wconf 87' lang='lat' dir='ltr'><strong><em>Tu</em></strong></span> <span class='ocrx_word' id='word_1_319' title='bbox 3078 2667 3249 2711; x_wconf 89' lang='lat' dir='ltr'><strong><em>autem</em></strong></span> <span class='ocrx_word' id='word_1_320' title='bbox 3276 2657 3514 2724; x_wconf 83' lang='lat' dir='ltr'><strong><em>Phasur,</em></strong></span> <span class='ocrx_word' id='word_1_321' title='bbox 3546 2668 3590 2712; x_wconf 88' lang='lat' dir='ltr'><strong>et</strong></span> <span class='ocrx_word' id='word_1_322' title='bbox 3615 2672 3766 2712; x_wconf 81' lang='lat' dir='ltr'><strong><em>onum</em></strong></span> <span class='ocrx_word' id='word_1_323' title='bbox 3787 2651 3856 2703; x_wconf 75' lang='lat' dir='ltr'><strong><em>ita-</em></strong></span> 
     </span>
    </p>
   </div>
   <div class='ocr_carea' id='block_1_40' title="bbox 2318 2746 3857 2826">
    <p class='ocr_par' dir='ltr' id='par_1_40' title="bbox 2318 2746 3857 2826">
     <span class='ocr_line' id='line_1_40' title="bbox 2318 2746 3857 2826; baseline 0.001 -24"><span class='ocrx_word' id='word_1_324' title='bbox 2318 2747 2562 2804; x_wconf 86' lang='lat' dir='ltr'><strong><em>bitatores</em></strong></span> <span class='ocrx_word' id='word_1_325' title='bbox 2601 2750 2785 2804; x_wconf 84' lang='lat' dir='ltr'><strong><em>domus</em></strong></span> <span class='ocrx_word' id='word_1_326' title='bbox 2838 2759 2961 2819; x_wconf 70' lang='lat' dir='ltr'><strong><em>Lta’,</em></strong></span> <span class='ocrx_word' id='word_1_327' title='bbox 3014 2753 3153 2807; x_wconf 88' lang='lat' dir='ltr'><strong><em>ibitis</em></strong></span> <span class='ocrx_word' id='word_1_328' title='bbox 3190 2754 3244 2807; x_wconf 83' lang='lat' dir='ltr'><strong>in</strong></span> <span class='ocrx_word' id='word_1_329' title='bbox 3270 2755 3643 2826; x_wconf 72' lang='lat' dir='ltr'><strong><em>captivitatem,</em></strong></span> <span class='ocrx_word' id='word_1_330' title='bbox 3665 2746 3857 2806; x_wconf 70' lang='lat' dir='ltr'><strong><em>etinlia-</em></strong></span> 
     </span>
    </p>
   </div>
   <div class='ocr_carea' id='block_1_41' title="bbox 607 2553 2218 2631">
    <p class='ocr_par' dir='ltr' id='par_1_41' title="bbox 607 2553 2218 2631">
     <span class='ocr_line' id='line_1_41' title="bbox 607 2553 2218 2631; baseline -0.001 -22"><span class='ocrx_word' id='word_1_331' title='bbox 607 2553 823 2611; x_wconf 85' lang='lat' dir='ltr'><strong><em>Entnter</em></strong></span> <span class='ocrx_word' id='word_1_332' title='bbox 844 2558 1107 2623; x_wconf 84' lang='lat' dir='ltr'><strong><em>sacerdos,</em></strong></span> <span class='ocrx_word' id='word_1_333' title='bbox 1129 2556 1219 2627; x_wconf 82' lang='lat' dir='ltr'><strong>qui</strong></span> <span class='ocrx_word' id='word_1_334' title='bbox 1248 2557 1555 2611; x_wconf 81' lang='lat' dir='ltr'><strong><em>constitutus</em></strong></span> <span class='ocrx_word' id='word_1_335' title='bbox 1577 2567 1686 2611; x_wconf 88' lang='lat' dir='ltr'><strong><em>erat</em></strong></span> <span class='ocrx_word' id='word_1_336' title='bbox 1717 2557 1958 2631; x_wconf 78' lang='lat' dir='ltr'><strong><em>princeps</em></strong></span> <span class='ocrx_word' id='word_1_337' title='bbox 1986 2557 2041 2609; x_wconf 87' lang='lat' dir='ltr'><strong>in</strong></span> <span class='ocrx_word' id='word_1_338' title='bbox 2062 2555 2218 2609; x_wconf 89' lang='lat' dir='ltr'><strong><em>domo</em></strong></span> 
     </span>
    </p>
   </div>
   <div class='ocr_carea' id='block_1_42' title="bbox 604 2647 2217 2723">
    <p class='ocr_par' dir='ltr' id='par_1_42' title="bbox 604 2647 2217 2723">
     <span class='ocr_line' id='line_1_42' title="bbox 604 2647 2217 2723; baseline -0.001 -19"><span class='ocrx_word' id='word_1_339' title='bbox 604 2647 847 2713; x_wconf 83' lang='lat' dir='ltr'><strong><em>Domini,</em></strong></span> <span class='ocrx_word' id='word_1_340' title='bbox 897 2648 1185 2705; x_wconf 80' lang='lat' dir='ltr'><strong><em>Jeremiam</em></strong></span> <span class='ocrx_word' id='word_1_341' title='bbox 1213 2649 1606 2723; x_wconf 82' lang='lat' dir='ltr'><strong><em>propltetantem</em></strong></span> <span class='ocrx_word' id='word_1_342' title='bbox 1643 2664 1905 2705; x_wconf 78' lang='lat' dir='ltr'><strong><em>sermones</em></strong></span> <span class='ocrx_word' id='word_1_343' title='bbox 1950 2650 2098 2705; x_wconf 83' lang='lat' dir='ltr'><strong><em>istos.</em></strong></span> <span class='ocrx_word' id='word_1_344' title='bbox 2147 2647 2217 2702; x_wconf 88' lang='lat' dir='ltr'><strong><em>Et</em></strong></span> 
     </span>
    </p>
   </div>
   <div class='ocr_carea' id='block_1_43' title="bbox 611 2739 2216 2814">
    <p class='ocr_par' dir='ltr' id='par_1_43' title="bbox 611 2739 2216 2814">
     <span class='ocr_line' id='line_1_43' title="bbox 611 2739 2216 2814; baseline 0.001 -20"><span class='ocrx_word' id='word_1_345' title='bbox 611 2742 868 2814; x_wconf 76' lang='lat' dir='ltr'><strong><em>percussit</em></strong></span> <span class='ocrx_word' id='word_1_346' title='bbox 919 2739 1131 2795; x_wconf 87' lang='lat' dir='ltr'><strong><em>Pttasur</em></strong></span> <span class='ocrx_word' id='word_1_347' title='bbox 1161 2740 1469 2813; x_wconf 85' lang='lat' dir='ltr'><strong><em>prophetam</em></strong></span> <span class='ocrx_word' id='word_1_348' title='bbox 1498 2740 1805 2812; x_wconf 77' lang='lat' dir='ltr'><strong><em>Jeretniam,</em></strong></span> <span class='ocrx_word' id='word_1_349' title='bbox 1836 2754 1881 2799; x_wconf 89' lang='lat' dir='ltr'><strong><em>et</em></strong></span> <span class='ocrx_word' id='word_1_350' title='bbox 1936 2743 2071 2799; x_wconf 84' lang='lat' dir='ltr'><strong><em>misit</em></strong></span> <span class='ocrx_word' id='word_1_351' title='bbox 2098 2759 2216 2797; x_wconf 88' lang='lat' dir='ltr'><strong>eum</strong></span> 
     </span>
    </p>
   </div>
   <div class='ocr_carea' id='block_1_44' title="bbox 604 2835 3860 2916">
    <p class='ocr_par' dir='ltr' id='par_1_44' title="bbox 604 2835 3860 2916">
     <span class='ocr_line' id='line_1_44' title="bbox 604 2835 3860 2916; baseline 0 -27"><span class='ocrx_word' id='word_1_352' title='bbox 604 2835 661 2889; x_wconf 87' lang='lat' dir='ltr'><strong>in</strong></span> <span class='ocrx_word' id='word_1_353' title='bbox 693 2852 911 2907; x_wconf 82' lang='lat' dir='ltr'><strong><em>nervum</em></strong></span> <span class='ocrx_word' id='word_1_354' title='bbox 939 2835 1078 2906; x_wconf 88' lang='lat' dir='ltr'><strong><em>quod</em></strong></span> <span class='ocrx_word' id='word_1_355' title='bbox 1103 2845 1214 2890; x_wconf 88' lang='lat' dir='ltr'><strong><em>erat</em></strong></span> <span class='ocrx_word' id='word_1_356' title='bbox 1257 2837 1309 2890; x_wconf 88' lang='lat' dir='ltr'><strong>in</strong></span> <span class='ocrx_word' id='word_1_357' title='bbox 1347 2846 1497 2907; x_wconf 87' lang='lat' dir='ltr'><strong><em>porta</em></strong></span> <span class='ocrx_word' id='word_1_358' title='bbox 1540 2835 1817 2909; x_wconf 81' lang='lat' dir='ltr'><strong><em>Benjamin</em></strong></span> <span class='ocrx_word' id='word_1_359' title='bbox 1852 2837 2110 2908; x_wconf 81' lang='lat' dir='ltr'><strong><em>superiori</em></strong></span> <span class='ocrx_word' id='word_1_360' title='bbox 2159 2838 2214 2891; x_wconf 90' lang='lat' dir='ltr'><strong>in</strong></span> <span class='ocrx_word' id='word_1_361' title='bbox 2315 2839 2551 2911; x_wconf 79' lang='lat' dir='ltr'><strong><em>bylonem</em></strong></span> <span class='ocrx_word' id='word_1_362' title='bbox 2581 2843 2772 2909; x_wconf 78' lang='lat' dir='ltr'><strong><em>venies,</em></strong></span> <span class='ocrx_word' id='word_1_363' title='bbox 2799 2852 2844 2895; x_wconf 86' lang='lat' dir='ltr'><strong>et</strong></span> <span class='ocrx_word' id='word_1_364' title='bbox 2876 2842 2946 2896; x_wconf 82' lang='lat' dir='ltr'><strong>ibi</strong></span> <span class='ocrx_word' id='word_1_365' title='bbox 2986 2844 3240 2911; x_wconf 80' lang='lat' dir='ltr'><strong><em>morieris,</em></strong></span> <span class='ocrx_word' id='word_1_366' title='bbox 3266 2846 3438 2915; x_wconf 84' lang='lat' dir='ltr'><strong><em>ibique</em></strong></span> <span class='ocrx_word' id='word_1_367' title='bbox 3479 2844 3740 2916; x_wconf 80' lang='lat' dir='ltr'><strong><em>sepelieris,</em></strong></span> <span class='ocrx_word' id='word_1_368' title='bbox 3760 2851 3801 2892; x_wconf 80' lang='lat' dir='ltr'><strong><em>tu</em></strong></span> <span class='ocrx_word' id='word_1_369' title='bbox 3828 2846 3860 2890; x_wconf 80' lang='lat' dir='ltr'><strong>ct</strong></span> 
     </span>
    </p>
   </div>
   <div class='ocr_carea' id='block_1_45' title="bbox 602 2924 3854 3011">
    <p class='ocr_par' dir='ltr' id='par_1_45' title="bbox 602 2924 3854 3011">
     <span class='ocr_line' id='line_1_45' title="bbox 602 2924 3854 3011; baseline 0.002 -31"><span class='ocrx_word' id='word_1_370' title='bbox 602 2926 759 2980; x_wconf 85' lang='lat' dir='ltr'><strong><em>domo</em></strong></span> <span class='ocrx_word' id='word_1_371' title='bbox 784 2926 1016 2981; x_wconf 85' lang='lat' dir='ltr'><strong><em>Domini.</em></strong></span> <span class='ocrx_word' id='word_1_372' title='bbox 1052 2925 1159 2982; x_wconf 86' lang='lat' dir='ltr'><strong>Pro</strong></span> <span class='ocrx_word' id='word_1_373' title='bbox 1184 2924 1398 2983; x_wconf 78' lang='lat' dir='ltr'><strong><em>Phasttr</em></strong></span> <span class='ocrx_word' id='word_1_374' title='bbox 1429 2926 1787 2997; x_wconf 77' lang='lat' dir='ltr'><strong>Septuaginta</strong></span> <span class='ocrx_word' id='word_1_375' title='bbox 1813 2927 2218 2984; x_wconf 82' lang='lat' dir='ltr'><strong>transtulerunt</strong></span> <span class='ocrx_word' id='word_1_376' title='bbox 2317 2950 2489 2987; x_wconf 88' lang='lat' dir='ltr'><strong><em>omnes</em></strong></span> <span class='ocrx_word' id='word_1_377' title='bbox 2515 2934 2670 2987; x_wconf 87' lang='lat' dir='ltr'><strong><em>amici</em></strong></span> <span class='ocrx_word' id='word_1_378' title='bbox 2694 2934 2789 3000; x_wconf 88' lang='lat' dir='ltr'><strong><em>tui,</em></strong></span> <span class='ocrx_word' id='word_1_379' title='bbox 2815 2935 3000 3006; x_wconf 80' lang='lat' dir='ltr'><strong><em>quibus</em></strong></span> <span class='ocrx_word' id='word_1_380' title='bbox 3028 2940 3342 3011; x_wconf 83' lang='lat' dir='ltr'><strong><em>propltctasti</em></strong></span> <span class='ocrx_word' id='word_1_381' title='bbox 3375 2940 3712 2994; x_wconf 78' lang='lat' dir='ltr'><strong><em>mendacium.</em></strong></span> <span class='ocrx_word' id='word_1_382' title='bbox 3737 2933 3854 2990; x_wconf 76' lang='lat' dir='ltr'><strong>Juxta</strong></span> 
     </span>
    </p>
   </div>
   <div class='ocr_carea' id='block_1_46' title="bbox 605 3016 3855 3105">
    <p class='ocr_par' dir='ltr' id='par_1_46' title="bbox 605 3016 3855 3105">
     <span class='ocr_line' id='line_1_46' title="bbox 605 3016 3855 3105; baseline 0.001 -31"><span class='ocrx_word' id='word_1_383' title='bbox 605 3016 869 3086; x_wconf 74' lang='lat' dir='ltr'><strong><em>Phascor,</em></strong></span> <span class='ocrx_word' id='word_1_384' title='bbox 926 3018 1022 3093; x_wconf 87' lang='lat' dir='ltr'><strong>qui</strong></span> <span class='ocrx_word' id='word_1_385' title='bbox 1050 3018 1457 3092; x_wconf 85' lang='lat' dir='ltr'><strong>interpretatur</strong></span> <span class='ocrx_word' id='word_1_386' title='bbox 1481 3020 1591 3076; x_wconf 86' lang='lat' dir='ltr'><strong><em>oris</em></strong></span> <span class='ocrx_word' id='word_1_387' title='bbox 1610 3021 1847 3092; x_wconf 76' lang='lat' dir='ltr'><strong><em>nigredo,</em></strong></span> <span class='ocrx_word' id='word_1_388' title='bbox 1877 3031 1933 3079; x_wconf 89' lang='lat' dir='ltr'><strong>et</strong></span> <span class='ocrx_word' id='word_1_389' title='bbox 1964 3037 2064 3093; x_wconf 90' lang='lat' dir='ltr'><strong>pro</strong></span> <span class='ocrx_word' id='word_1_390' title='bbox 2093 3038 2213 3076; x_wconf 86' lang='lat' dir='ltr'><strong><em>ner-</em></strong></span> <span class='ocrx_word' id='word_1_391' title='bbox 2314 3024 2652 3096; x_wconf 80' lang='lat' dir='ltr'><strong>superiorem</strong></span> <span class='ocrx_word' id='word_1_392' title='bbox 2678 3028 3210 3101; x_wconf 82' lang='lat' dir='ltr'><strong>interpretationem,</strong></span> <span class='ocrx_word' id='word_1_393' title='bbox 3235 3046 3341 3105; x_wconf 87' lang='lat' dir='ltr'><strong>qua</strong></span> <span class='ocrx_word' id='word_1_394' title='bbox 3365 3031 3583 3087; x_wconf 84' lang='lat' dir='ltr'><strong>Phasur</strong></span> <span class='ocrx_word' id='word_1_395' title='bbox 3609 3031 3709 3105; x_wconf 70' lang='lat' dir='ltr'><strong><em>(At.</em></strong></span> <span class='ocrx_word' id='word_1_396' title='bbox 3730 3027 3855 3082; x_wconf 83' lang='lat' dir='ltr'><strong>Phas-</strong></span> 
     </span>
    </p>
   </div>
   <div class='ocr_carea' id='block_1_47' title="bbox 600 3112 3851 3199">
    <p class='ocr_par' dir='ltr' id='par_1_47' title="bbox 600 3112 3851 3199">
     <span class='ocr_line' id='line_1_47' title="bbox 600 3112 3851 3199; baseline 0.003 -33"><span class='ocrx_word' id='word_1_397' title='bbox 600 3127 689 3177; x_wconf 83' lang='lat' dir='ltr'><strong>vo,</strong></span> <span class='ocrx_word' id='word_1_398' title='bbox 743 3128 905 3183; x_wconf 82' lang='lat' dir='ltr'><strong>quem</strong></span> <span class='ocrx_word' id='word_1_399' title='bbox 936 3127 1040 3170; x_wconf 80' lang='lat' dir='ltr'><strong>nos</strong></span> <span class='ocrx_word' id='word_1_400' title='bbox 1088 3112 1354 3182; x_wconf 71' lang='lat' dir='ltr'><strong>diximus,</strong></span> <span class='ocrx_word' id='word_1_401' title='bbox 1400 3112 1757 3185; x_wconf 75' lang='lat' dir='ltr'><strong>Septuaginta</strong></span> <span class='ocrx_word' id='word_1_402' title='bbox 1807 3123 1864 3170; x_wconf 88' lang='lat' dir='ltr'><strong>et</strong></span> <span class='ocrx_word' id='word_1_403' title='bbox 1902 3114 2210 3170; x_wconf 75' lang='lat' dir='ltr'><strong>Theodotio</strong></span> <span class='ocrx_word' id='word_1_404' title='bbox 2236 3117 2281 3178; x_wconf 90' lang='lat' dir='ltr'><strong>C</strong></span> <span class='ocrx_word' id='word_1_405' title='bbox 2314 3119 2474 3192; x_wconf 77' lang='lat' dir='ltr'><strong>clior]</strong></span> <span class='ocrx_word' id='word_1_406' title='bbox 2505 3135 2700 3175; x_wconf 85' lang='lat' dir='ltr'><strong><em>nomen</em></strong></span> <span class='ocrx_word' id='word_1_407' title='bbox 2726 3119 2905 3177; x_wconf 81' lang='lat' dir='ltr'><strong>fuerat</strong></span> <span class='ocrx_word' id='word_1_408' title='bbox 2930 3122 3295 3191; x_wconf 87' lang='lat' dir='ltr'><strong>immutatmn,</strong></span> <span class='ocrx_word' id='word_1_409' title='bbox 3322 3134 3385 3180; x_wconf 92' lang='lat' dir='ltr'><strong>ut</strong></span> <span class='ocrx_word' id='word_1_410' title='bbox 3408 3126 3756 3199; x_wconf 82' lang='lat' dir='ltr'><strong>appellaretur</strong></span> <span class='ocrx_word' id='word_1_411' title='bbox 3775 3116 3851 3172; x_wconf 80' lang='lat' dir='ltr'><strong>lla-</strong></span> 
     </span>
    </p>
   </div>
   <div class='ocr_carea' id='block_1_48' title="bbox 597 3206 2207 3299">
    <p class='ocr_par' dir='ltr' id='par_1_48' title="bbox 597 3206 2203 3288">
     <span class='ocr_line' id='line_1_48' title="bbox 597 3206 2203 3288; baseline 0.002 -29"><span class='ocrx_word' id='word_1_412' title='bbox 597 3213 820 3262; x_wconf 81' lang='lat' dir='ltr'><strong>vertere</strong></span> <span class='ocrx_word' id='word_1_413' title='bbox 854 3244 870 3273; x_wconf 91' lang='lat'><strong>,</strong></span> <span class='ocrx_word' id='word_1_414' title='bbox 950 3214 1250 3261; x_wconf 78' lang='lat' dir='ltr'><strong><em>cataracten</em></strong></span> <span class='ocrx_word' id='word_1_415' title='bbox 1284 3245 1303 3274; x_wconf 87' lang='lat'><strong><em>,</em></strong></span> <span class='ocrx_word' id='word_1_416' title='bbox 1369 3206 1730 3277; x_wconf 82' lang='lat' dir='ltr'><strong>Symmachus</strong></span> <span class='ocrx_word' id='word_1_417' title='bbox 1800 3208 2203 3288; x_wconf 77' lang='grc' dir='ltr'><strong>βασανιστήριον</strong></span> 
     </span>
    </p>
   </div>
   <div class='ocr_carea' id='block_1_49' title="bbox 2320 3206 3911 3299">
    <p class='ocr_par' dir='ltr' id='par_1_49' title="bbox 2320 3206 3911 3299">
     <span class='ocr_line' id='line_1_49' title="bbox 2320 3206 3911 3299; baseline -0.003 -30"><span class='ocrx_word' id='word_1_418' title='bbox 2320 3232 2410 3288; x_wconf 75' lang='lat' dir='ltr'><strong>gur</strong></span> <span class='ocrx_word' id='word_1_419' title='bbox 2450 3214 2557 3288; x_wconf 76' lang='grc' dir='ltr'><strong>[ΑΙ.</strong></span> <span class='ocrx_word' id='word_1_420' title='bbox 2589 3212 2822 3286; x_wconf 79' lang='lat' dir='ltr'><strong>Magor],</strong></span> <span class='ocrx_word' id='word_1_421' title='bbox 2852 3230 3046 3272; x_wconf 87' lang='lat' dir='ltr'><strong>omnes</strong></span> <span class='ocrx_word' id='word_1_422' title='bbox 3085 3218 3342 3274; x_wconf 84' lang='lat' dir='ltr'><strong>similiter</strong></span> <span class='ocrx_word' id='word_1_423' title='bbox 3386 3219 3780 3277; x_wconf 81' lang='lat' dir='ltr'><strong>transtulerunt,</strong></span> <span class='ocrx_word' id='word_1_424' title='bbox 3813 3220 3851 3263; x_wconf 83' lang='lat' dir='ltr'><strong>ut</strong></span> <span class='ocrx_word' id='word_1_425' title='bbox 3910 3206 3911 3299; x_wconf 42' lang='grc' dir='ltr'><strong>ἦ</strong></span> 
     </span>
    </p>
   </div>
   <div class='ocr_carea' id='block_1_50' title="bbox 2306 3302 3848 3387">
    <p class='ocr_par' dir='ltr' id='par_1_50' title="bbox 2306 3302 3848 3387">
     <span class='ocr_line' id='line_1_50' title="bbox 2306 3302 3848 3387; baseline 0.001 -23"><span class='ocrx_word' id='word_1_426' title='bbox 2306 3310 2684 3381; x_wconf 82' lang='lat' dir='ltr'><strong>signiﬁcarent</strong></span> <span class='ocrx_word' id='word_1_427' title='bbox 2714 3309 2800 3363; x_wconf 92' lang='lat' dir='ltr'><strong>vel</strong></span> <span class='ocrx_word' id='word_1_428' title='bbox 2833 3324 3099 3378; x_wconf 85' lang='lat' dir='ltr'><strong><em>pavorem,</em></strong></span> <span class='ocrx_word' id='word_1_429' title='bbox 3132 3312 3218 3367; x_wconf 84' lang='lat' dir='ltr'><strong>vel</strong></span> <span class='ocrx_word' id='word_1_430' title='bbox 3273 3315 3743 3387; x_wconf 79' lang='lat' dir='ltr'><strong><em>peregrinationem,</em></strong></span> <span class='ocrx_word' id='word_1_431' title='bbox 3788 3302 3848 3359; x_wconf 63' lang='lat' dir='ltr'><strong><em>id</em></strong></span> 
     </span>
    </p>
   </div>
   <div class='ocr_carea' id='block_1_51' title="bbox 2305 3401 3847 3476">
    <p class='ocr_par' dir='ltr' id='par_1_51' title="bbox 2305 3401 3847 3476">
     <span class='ocr_line' id='line_1_51' title="bbox 2305 3401 3847 3476; baseline -0.007 -18"><span class='ocrx_word' id='word_1_432' title='bbox 2305 3403 2649 3458; x_wconf 85' lang='lat' dir='ltr'><strong><em>sublationem</em></strong></span> <span class='ocrx_word' id='word_1_433' title='bbox 2688 3410 2745 3457; x_wconf 88' lang='lat' dir='ltr'><strong>et</strong></span> <span class='ocrx_word' id='word_1_434' title='bbox 2796 3404 3215 3471; x_wconf 82' lang='lat' dir='ltr'><strong><em>translationem,</em></strong></span> <span class='ocrx_word' id='word_1_435' title='bbox 3266 3414 3322 3460; x_wconf 87' lang='lat' dir='ltr'><strong>et</strong></span> <span class='ocrx_word' id='word_1_436' title='bbox 3356 3414 3381 3444; x_wconf 74' lang='grc' dir='ltr'><strong>ο</strong></span> <span class='ocrx_word' id='word_1_437' title='bbox 3436 3401 3847 3476; x_wconf 72' lang='lat' dir='ltr'><strong><em>congregationem.</em></strong></span> 
     </span>
    </p>
   </div>
   <div class='ocr_carea' id='block_1_52' title="bbox 596 3298 2201 3377">
    <p class='ocr_par' dir='ltr' id='par_1_52' title="bbox 596 3298 2201 3377">
     <span class='ocr_line' id='line_1_52' title="bbox 596 3298 2201 3377; baseline 0 -20"><span class='ocrx_word' id='word_1_438' title='bbox 596 3305 625 3336; x_wconf 78' lang='grc'><strong>⁸</strong></span> <span class='ocrx_word' id='word_1_439' title='bbox 655 3298 773 3357; x_wconf 78' lang='lat' dir='ltr'><strong>sive</strong></span> <span class='ocrx_word' id='word_1_440' title='bbox 813 3300 1228 3377; x_wconf 67' lang='grc' dir='ltr'><strong>στρεϐλωτήριον</strong></span> <span class='ocrx_word' id='word_1_441' title='bbox 1276 3302 1428 3370; x_wconf 86' lang='lat' dir='ltr'><strong>quod</strong></span> <span class='ocrx_word' id='word_1_442' title='bbox 1482 3309 1776 3371; x_wconf 87' lang='lat' dir='ltr'><strong>utrumque</strong></span> <span class='ocrx_word' id='word_1_443' title='bbox 1811 3311 2065 3356; x_wconf 79' lang='lat' dir='ltr'><strong><em>tormenta</em></strong></span> <span class='ocrx_word' id='word_1_444' title='bbox 2122 3304 2201 3358; x_wconf 87' lang='lat' dir='ltr'><strong>si-</strong></span> 
     </span>
    </p>
   </div>
   <div class='ocr_carea' id='block_1_53' title="bbox 589 3390 2195 3467">
    <p class='ocr_par' dir='ltr' id='par_1_53' title="bbox 589 3390 2195 3467">
     <span class='ocr_line' id='line_1_53' title="bbox 589 3390 2195 3467; baseline 0.001 -20"><span class='ocrx_word' id='word_1_445' title='bbox 589 3390 834 3462; x_wconf 69' lang='lat' dir='ltr'><strong>gniﬁcat.</strong></span> <span class='ocrx_word' id='word_1_446' title='bbox 865 3391 979 3449; x_wconf 79' lang='lat' dir='ltr'><strong>Nos</strong></span> <span class='ocrx_word' id='word_1_447' title='bbox 1012 3402 1198 3449; x_wconf 88' lang='lat' dir='ltr'><strong>autem</strong></span> <span class='ocrx_word' id='word_1_448' title='bbox 1241 3408 1454 3447; x_wconf 85' lang='lat' dir='ltr'><strong><em>nervum</em></strong></span> <span class='ocrx_word' id='word_1_449' title='bbox 1484 3392 1730 3449; x_wconf 83' lang='lat' dir='ltr'><strong>diximus</strong></span> <span class='ocrx_word' id='word_1_450' title='bbox 1770 3410 1924 3455; x_wconf 87' lang='lat' dir='ltr'><strong><em>more</em></strong></span> <span class='ocrx_word' id='word_1_451' title='bbox 1966 3395 2195 3467; x_wconf 86' lang='lat' dir='ltr'><strong>vulgari,</strong></span> 
     </span>
    </p>
   </div>
   <div class='ocr_carea' id='block_1_54' title="bbox 593 3484 2197 3558">
    <p class='ocr_par' dir='ltr' id='par_1_54' title="bbox 593 3484 2197 3558">
     <span class='ocr_line' id='line_1_54' title="bbox 593 3484 2197 3558; baseline 0.001 -17"><span class='ocrx_word' id='word_1_452' title='bbox 593 3484 741 3555; x_wconf 82' lang='lat' dir='ltr'><strong>quod</strong></span> <span class='ocrx_word' id='word_1_453' title='bbox 770 3487 1031 3545; x_wconf 84' lang='lat' dir='ltr'><strong><em>tormenti</em></strong></span> <span class='ocrx_word' id='word_1_454' title='bbox 1052 3501 1228 3558; x_wconf 79' lang='lat' dir='ltr'><strong>genus</strong></span> <span class='ocrx_word' id='word_1_455' title='bbox 1255 3489 1426 3542; x_wconf 87' lang='lat' dir='ltr'><strong>etiam</strong></span> <span class='ocrx_word' id='word_1_456' title='bbox 1459 3486 1513 3541; x_wconf 93' lang='lat' dir='ltr'><strong>in</strong></span> <span class='ocrx_word' id='word_1_457' title='bbox 1542 3486 1770 3542; x_wconf 84' lang='lat' dir='ltr'><strong>Actibus</strong></span> <span class='ocrx_word' id='word_1_458' title='bbox 1808 3489 2197 3558; x_wconf 81' lang='lat' dir='ltr'><strong>Apostolorum</strong></span> 
     </span>
    </p>
   </div>
   <div class='ocr_carea' id='block_1_55' title="bbox 588 3573 2194 3647">
    <p class='ocr_par' dir='ltr' id='par_1_55' title="bbox 588 3573 2194 3647">
     <span class='ocr_line' id='line_1_55' title="bbox 588 3573 2194 3647; baseline 0.004 -18"><span class='ocrx_word' id='word_1_459' title='bbox 588 3573 851 3645; x_wconf 86' lang='lat' dir='ltr'><strong>legimus,</strong></span> <span class='ocrx_word' id='word_1_460' title='bbox 866 3577 1087 3646; x_wconf 79' lang='lat' dir='ltr'><strong>quando</strong></span> <span class='ocrx_word' id='word_1_461' title='bbox 1104 3577 1567 3647; x_wconf 76' lang='lat' dir='ltr'><strong>apostoli,Paulus</strong></span> <span class='ocrx_word' id='word_1_462' title='bbox 1582 3589 1636 3634; x_wconf 89' lang='lat' dir='ltr'><strong>et</strong></span> <span class='ocrx_word' id='word_1_463' title='bbox 1650 3577 1794 3634; x_wconf 85' lang='lat' dir='ltr'><strong>Silas</strong></span> <span class='ocrx_word' id='word_1_464' title='bbox 1821 3580 1875 3635; x_wconf 89' lang='lat' dir='ltr'><strong>in</strong></span> <span class='ocrx_word' id='word_1_465' title='bbox 1890 3581 2194 3636; x_wconf 84' lang='lat' dir='ltr'><strong>custodiam</strong></span> 
     </span>
    </p>
   </div>
   <div class='ocr_carea' id='block_1_56' title="bbox 588 3666 2193 3742">
    <p class='ocr_par' dir='ltr' id='par_1_56' title="bbox 588 3666 2193 3742">
     <span class='ocr_line' id='line_1_56' title="bbox 588 3666 2193 3742; baseline 0.002 -19"><span class='ocrx_word' id='word_1_466' title='bbox 588 3666 832 3723; x_wconf 75' lang='lat' dir='ltr'><strong>carceris</strong></span> <span class='ocrx_word' id='word_1_467' title='bbox 859 3667 972 3722; x_wconf 87' lang='lat' dir='ltr'><strong>dati</strong></span> <span class='ocrx_word' id='word_1_468' title='bbox 996 3676 1125 3722; x_wconf 77' lang='lat' dir='ltr'><strong>sunt</strong></span> <span class='ocrx_word' id='word_1_469' title='bbox 1155 3666 1296 3740; x_wconf 79' lang='lat' dir='ltr'><strong><em>(Act.</em></strong></span> <span class='ocrx_word' id='word_1_470' title='bbox 1316 3669 1451 3742; x_wconf 79' lang='lat' dir='ltr'><strong>svi).</strong></span> <span class='ocrx_word' id='word_1_471' title='bbox 1471 3671 1772 3727; x_wconf 83' lang='lat' dir='ltr'><strong>lsteautem</strong></span> <span class='ocrx_word' id='word_1_472' title='bbox 1801 3683 1921 3725; x_wconf 89' lang='lat' dir='ltr'><strong>erat</strong></span> <span class='ocrx_word' id='word_1_473' title='bbox 1951 3672 2193 3742; x_wconf 80' lang='lat' dir='ltr'><strong>pontifex</strong></span> 
     </span>
    </p>
   </div>
   <div class='ocr_carea' id='block_1_57' title="bbox 587 3759 2192 3837">
    <p class='ocr_par' dir='ltr' id='par_1_57' title="bbox 587 3759 2192 3837">
     <span class='ocr_line' id='line_1_57' title="bbox 587 3759 2192 3837; baseline 0.003 -20"><span class='ocrx_word' id='word_1_474' title='bbox 587 3759 828 3831; x_wconf 78' lang='lat' dir='ltr'><strong>Templi,</strong></span> <span class='ocrx_word' id='word_1_475' title='bbox 859 3769 917 3816; x_wconf 85' lang='lat' dir='ltr'><strong>et</strong></span> <span class='ocrx_word' id='word_1_476' title='bbox 940 3760 1073 3816; x_wconf 83' lang='lat' dir='ltr'><strong>data</strong></span> <span class='ocrx_word' id='word_1_477' title='bbox 1092 3761 1197 3816; x_wconf 83' lang='lat' dir='ltr'><strong>sibi</strong></span> <span class='ocrx_word' id='word_1_478' title='bbox 1225 3760 1533 3819; x_wconf 84' lang='lat' dir='ltr'><strong>Sneerdotii</strong></span> <span class='ocrx_word' id='word_1_479' title='bbox 1582 3761 1852 3834; x_wconf 84' lang='lat' dir='ltr'><strong>dignitate</strong></span> <span class='ocrx_word' id='word_1_480' title='bbox 1881 3765 1932 3820; x_wconf 92' lang='lat' dir='ltr'><strong>in</strong></span> <span class='ocrx_word' id='word_1_481' title='bbox 1964 3780 2192 3837; x_wconf 83' lang='lat' dir='ltr'><strong>perver-</strong></span> 
     </span>
    </p>
   </div>
   <div class='ocr_carea' id='block_1_58' title="bbox 587 3852 2186 3930">
    <p class='ocr_par' dir='ltr' id='par_1_58' title="bbox 587 3852 2186 3930">
     <span class='ocr_line' id='line_1_58' title="bbox 587 3852 2186 3930; baseline 0.002 -19"><span class='ocrx_word' id='word_1_482' title='bbox 587 3868 712 3911; x_wconf 77' lang='lat' dir='ltr'><strong><em>sum</em></strong></span> <span class='ocrx_word' id='word_1_483' title='bbox 734 3852 999 3919; x_wconf 81' lang='lat' dir='ltr'><strong>abutitur,</strong></span> <span class='ocrx_word' id='word_1_484' title='bbox 1028 3870 1139 3910; x_wconf 89' lang='lat' dir='ltr'><strong>non</strong></span> <span class='ocrx_word' id='word_1_485' title='bbox 1170 3863 1232 3909; x_wconf 90' lang='lat' dir='ltr'><strong>ut</strong></span> <span class='ocrx_word' id='word_1_486' title='bbox 1251 3853 1470 3922; x_wconf 79' lang='lat' dir='ltr'><strong>doceat,</strong></span> <span class='ocrx_word' id='word_1_487' title='bbox 1495 3864 1552 3911; x_wconf 85' lang='lat' dir='ltr'><strong>et</strong></span> <span class='ocrx_word' id='word_1_488' title='bbox 1598 3870 1857 3913; x_wconf 84' lang='lat' dir='ltr'><strong>sermone</strong></span> <span class='ocrx_word' id='word_1_489' title='bbox 1886 3858 2186 3930; x_wconf 81' lang='lat' dir='ltr'><strong>corripiat;</strong></span> 
     </span>
    </p>
   </div>
   <div class='ocr_carea' id='block_1_59' title="bbox 582 3949 2188 4025">
    <p class='ocr_par' dir='ltr' id='par_1_59' title="bbox 582 3949 2188 4025">
     <span class='ocr_line' id='line_1_59' title="bbox 582 3949 2188 4025; baseline 0.002 -18"><span class='ocrx_word' id='word_1_490' title='bbox 582 3949 682 4007; x_wconf 79' lang='lat' dir='ltr'><strong>sed</strong></span> <span class='ocrx_word' id='word_1_491' title='bbox 719 3958 779 4005; x_wconf 86' lang='lat' dir='ltr'><strong><em>ut</em></strong></span> <span class='ocrx_word' id='word_1_492' title='bbox 804 3950 1145 4007; x_wconf 78' lang='lat' dir='ltr'><strong>cruciatibus</strong></span> <span class='ocrx_word' id='word_1_493' title='bbox 1168 3960 1378 4008; x_wconf 84' lang='lat' dir='ltr'><strong>terreat</strong></span> <span class='ocrx_word' id='word_1_494' title='bbox 1403 3949 1589 4022; x_wconf 79' lang='lat' dir='ltr'><strong><em>(Joan.</em></strong></span> <span class='ocrx_word' id='word_1_495' title='bbox 1626 3952 1769 4025; x_wconf 81' lang='lat' dir='ltr'><strong><em>us).</em></strong></span> <span class='ocrx_word' id='word_1_496' title='bbox 1809 3955 1962 4013; x_wconf 89' lang='lat' dir='ltr'><strong>Unde</strong></span> <span class='ocrx_word' id='word_1_497' title='bbox 1987 3967 2044 4011; x_wconf 88' lang='lat' dir='ltr'><strong>et</strong></span> <span class='ocrx_word' id='word_1_498' title='bbox 2069 3957 2188 4014; x_wconf 89' lang='lat' dir='ltr'><strong>Sal-</strong></span> 
     </span>
    </p>
   </div>
   <div class='ocr_carea' id='block_1_60' title="bbox 582 4044 3835 4135">
    <p class='ocr_par' dir='ltr' id='par_1_60' title="bbox 582 4044 3835 4135">
     <span class='ocr_line' id='line_1_60' title="bbox 582 4044 3835 4135; baseline 0.002 -35"><span class='ocrx_word' id='word_1_499' title='bbox 582 4052 742 4101; x_wconf 75' lang='lat' dir='ltr'><strong>vetor</strong></span> <span class='ocrx_word' id='word_1_500' title='bbox 762 4052 823 4101; x_wconf 87' lang='lat' dir='ltr'><strong>et</strong></span> <span class='ocrx_word' id='word_1_501' title='bbox 839 4044 1127 4115; x_wconf 82' lang='lat' dir='ltr'><strong><em>apostolus</em></strong></span> <span class='ocrx_word' id='word_1_502' title='bbox 1158 4044 1359 4103; x_wconf 83' lang='lat' dir='ltr'><strong>Paulus</strong></span> <span class='ocrx_word' id='word_1_503' title='bbox 1397 4046 1652 4117; x_wconf 83' lang='lat' dir='ltr'><strong>jussioue</strong></span> <span class='ocrx_word' id='word_1_504' title='bbox 1691 4050 1969 4119; x_wconf 79' lang='lat' dir='ltr'><strong>pontiﬁcis</strong></span> <span class='ocrx_word' id='word_1_505' title='bbox 1993 4050 2186 4108; x_wconf 83' lang='lat' dir='ltr'><strong>verbe-</strong></span> <span class='ocrx_word' id='word_1_506' title='bbox 2289 4057 2609 4127; x_wconf 87' lang='lat' dir='ltr'><strong>capiendas,</strong></span> <span class='ocrx_word' id='word_1_507' title='bbox 2658 4060 2945 4133; x_wconf 84' lang='lat' dir='ltr'><strong>ipsumque</strong></span> <span class='ocrx_word' id='word_1_508' title='bbox 2972 4062 3145 4135; x_wconf 69' lang='lat'><strong>979</strong></span> <span class='ocrx_word' id='word_1_509' title='bbox 3171 4061 3387 4118; x_wconf 87' lang='lat' dir='ltr'><strong>Phasur</strong></span> <span class='ocrx_word' id='word_1_510' title='bbox 3434 4079 3561 4118; x_wconf 88' lang='lat' dir='ltr'><strong>cum</strong></span> <span class='ocrx_word' id='word_1_511' title='bbox 3607 4058 3735 4116; x_wconf 86' lang='lat' dir='ltr'><strong>omni</strong></span> <span class='ocrx_word' id='word_1_512' title='bbox 3768 4068 3835 4108; x_wconf 86' lang='lat' dir='ltr'><strong>co-</strong></span> 
     </span>
    </p>
   </div>
   <div class='ocr_carea' id='block_1_61' title="bbox 572 4136 3834 4228">
    <p class='ocr_par' dir='ltr' id='par_1_61' title="bbox 572 4136 3834 4228">
     <span class='ocr_line' id='line_1_61' title="bbox 572 4136 3834 4228; baseline 0.006 -37"><span class='ocrx_word' id='word_1_513' title='bbox 572 4145 768 4228; x_wconf 81' lang='lat' dir='ltr'><strong>rantur</strong></span> <span class='ocrx_word' id='word_1_514' title='bbox 799 4136 941 4228; x_wconf 71' lang='lat' dir='ltr'><strong><em>(Act.</em></strong></span> <span class='ocrx_word' id='word_1_515' title='bbox 961 4137 1100 4209; x_wconf 72' lang='lat' dir='ltr'><strong>xvr).</strong></span> <span class='ocrx_word' id='word_1_516' title='bbox 1128 4137 1239 4228; x_wconf 81' lang='lat' dir='ltr'><strong>Nec</strong></span> <span class='ocrx_word' id='word_1_517' title='bbox 1265 4140 1462 4195; x_wconf 90' lang='lat' dir='ltr'><strong>mirum</strong></span> <span class='ocrx_word' id='word_1_518' title='bbox 1493 4141 1540 4195; x_wconf 90' lang='lat' dir='ltr'><strong>si</strong></span> <span class='ocrx_word' id='word_1_519' title='bbox 1568 4141 1732 4195; x_wconf 88' lang='lat' dir='ltr'><strong>hodie</strong></span> <span class='ocrx_word' id='word_1_520' title='bbox 1750 4142 1898 4197; x_wconf 87' lang='lat' dir='ltr'><strong>servi</strong></span> <span class='ocrx_word' id='word_1_521' title='bbox 1916 4143 2011 4199; x_wconf 84' lang='lat' dir='ltr'><strong>Dei</strong></span> <span class='ocrx_word' id='word_1_522' title='bbox 2038 4145 2184 4202; x_wconf 89' lang='lat' dir='ltr'><strong>occi-</strong></span> <span class='ocrx_word' id='word_1_523' title='bbox 2285 4152 2545 4221; x_wconf 87' lang='lat' dir='ltr'><strong>gnationc</strong></span> <span class='ocrx_word' id='word_1_524' title='bbox 2581 4166 2678 4207; x_wconf 78' lang='lat' dir='ltr'><strong>sua</strong></span> <span class='ocrx_word' id='word_1_525' title='bbox 2732 4162 2791 4210; x_wconf 88' lang='lat' dir='ltr'><strong>et</strong></span> <span class='ocrx_word' id='word_1_526' title='bbox 2832 4153 3040 4210; x_wconf 80' lang='lat' dir='ltr'><strong>familia</strong></span> <span class='ocrx_word' id='word_1_527' title='bbox 3067 4156 3380 4213; x_wconf 89' lang='lat' dir='ltr'><strong>ducendum</strong></span> <span class='ocrx_word' id='word_1_528' title='bbox 3409 4157 3468 4211; x_wconf 89' lang='lat' dir='ltr'><strong>in</strong></span> <span class='ocrx_word' id='word_1_529' title='bbox 3497 4154 3834 4228; x_wconf 78' lang='lat' dir='ltr'><strong>captivitatem.</strong></span> 
     </span>
    </p>
   </div>
   <div class='ocr_carea' id='block_1_62' title="bbox 570 4226 3834 4321">
    <p class='ocr_par' dir='ltr' id='par_1_62' title="bbox 570 4226 3834 4321">
     <span class='ocr_line' id='line_1_62' title="bbox 570 4226 3834 4321; baseline 0.002 -36"><span class='ocrx_word' id='word_1_530' title='bbox 570 4226 773 4285; x_wconf 87' lang='lat' dir='ltr'><strong>dantur</strong></span> <span class='ocrx_word' id='word_1_531' title='bbox 787 4227 2045 4303; x_wconf 63' lang='lat' dir='ltr'><strong>[ALcmdauturjaPliaschornnittanturqucin</strong></span> <span class='ocrx_word' id='word_1_532' title='bbox 2065 4252 2181 4292; x_wconf 89' lang='lat' dir='ltr'><strong>car-</strong></span> <span class='ocrx_word' id='word_1_533' title='bbox 2288 4252 2344 4299; x_wconf 88' lang='lat' dir='ltr'><strong>et</strong></span> <span class='ocrx_word' id='word_1_534' title='bbox 2397 4242 2452 4299; x_wconf 89' lang='lat' dir='ltr'><strong>iu</strong></span> <span class='ocrx_word' id='word_1_535' title='bbox 2484 4244 2767 4317; x_wconf 77' lang='lat' dir='ltr'><strong>Babylone</strong></span> <span class='ocrx_word' id='word_1_536' title='bbox 2798 4261 2923 4304; x_wconf 86' lang='lat' dir='ltr'><strong>esse</strong></span> <span class='ocrx_word' id='word_1_537' title='bbox 2956 4249 3312 4319; x_wconf 86' lang='lat' dir='ltr'><strong>moriturum,</strong></span> <span class='ocrx_word' id='word_1_538' title='bbox 3358 4264 3429 4305; x_wconf 87' lang='lat' dir='ltr'><strong>eo</strong></span> <span class='ocrx_word' id='word_1_539' title='bbox 3457 4226 3599 4321; x_wconf 83' lang='lat' dir='ltr'><strong>quod</strong></span> <span class='ocrx_word' id='word_1_540' title='bbox 3626 4243 3834 4321; x_wconf 82' lang='lat' dir='ltr'><strong>populum</strong></span> 
     </span>
    </p>
   </div>
   <div class='ocr_carea' id='block_1_63' title="bbox 567 4322 3834 4418">
    <p class='ocr_par' dir='ltr' id='par_1_63' title="bbox 567 4322 3834 4418">
     <span class='ocr_line' id='line_1_63' title="bbox 567 4322 3834 4418; baseline 0.002 -39"><span class='ocrx_word' id='word_1_541' title='bbox 567 4337 777 4418; x_wconf 77' lang='lat' dir='ltr'><strong>cerem,</strong></span> <span class='ocrx_word' id='word_1_542' title='bbox 811 4322 1399 4381; x_wconf 85' lang='lat' dir='ltr'><strong>ethorribilicustodia</strong></span> <span class='ocrx_word' id='word_1_543' title='bbox 1430 4336 1803 4384; x_wconf 83' lang='lat' dir='ltr'><strong>reserventur.</strong></span> <span class='ocrx_word' id='word_1_544' title='bbox 1833 4329 1998 4386; x_wconf 87' lang='lat' dir='ltr'><strong>Datur</strong></span> <span class='ocrx_word' id='word_1_545' title='bbox 2027 4332 2174 4389; x_wconf 90' lang='lat' dir='ltr'><strong>enim</strong></span> <span class='ocrx_word' id='word_1_546' title='bbox 2282 4353 2442 4396; x_wconf 86' lang='lat' dir='ltr'><strong>suum</strong></span> <span class='ocrx_word' id='word_1_547' title='bbox 2476 4341 2763 4403; x_wconf 75' lang='lat' dir='ltr'><strong>mendacio</strong></span> <span class='ocrx_word' id='word_1_548' title='bbox 2791 4343 3095 4415; x_wconf 80' lang='lat' dir='ltr'><strong>deceperit,</strong></span> <span class='ocrx_word' id='word_1_549' title='bbox 3148 4359 3500 4418; x_wconf 78' lang='lat' dir='ltr'><strong>nequaquam</strong></span> <span class='ocrx_word' id='word_1_550' title='bbox 3543 4346 3617 4401; x_wconf 89' lang='lat' dir='ltr'><strong>illi</strong></span> <span class='ocrx_word' id='word_1_551' title='bbox 3666 4354 3771 4396; x_wconf 85' lang='lat' dir='ltr'><strong>vera</strong></span> <span class='ocrx_word' id='word_1_552' title='bbox 3795 4341 3834 4389; x_wconf 86' lang='lat' dir='ltr'><strong>et</strong></span> 
     </span>
    </p>
   </div>
   <div class='ocr_carea' id='block_1_64' title="bbox 568 4416 3834 4511">
    <p class='ocr_par' dir='ltr' id='par_1_64' title="bbox 568 4416 3834 4511">
     <span class='ocr_line' id='line_1_64' title="bbox 568 4416 3834 4511; baseline 0.003 -39"><span class='ocrx_word' id='word_1_553' title='bbox 568 4416 689 4511; x_wconf 69' lang='lat' dir='ltr'><strong>iure</strong></span> <span class='ocrx_word' id='word_1_554' title='bbox 708 4425 953 4487; x_wconf 87' lang='lat' dir='ltr'><strong>potestas</strong></span> <span class='ocrx_word' id='word_1_555' title='bbox 979 4432 1012 4473; x_wconf 87' lang='lat' dir='ltr'><strong>a</strong></span> <span class='ocrx_word' id='word_1_556' title='bbox 1038 4417 1170 4485; x_wconf 90' lang='lat' dir='ltr'><strong><em>Deo;</em></strong></span> <span class='ocrx_word' id='word_1_557' title='bbox 1198 4417 1664 4491; x_wconf 80' lang='lat' dir='ltr'><strong>utPropltetarunt</strong></span> <span class='ocrx_word' id='word_1_558' title='bbox 1680 4424 2001 4481; x_wconf 87' lang='lat' dir='ltr'><strong>ostendatur</strong></span> <span class='ocrx_word' id='word_1_559' title='bbox 2016 4427 2175 4484; x_wconf 84' lang='lat' dir='ltr'><strong>ﬁdes.</strong></span> <span class='ocrx_word' id='word_1_560' title='bbox 2288 4433 2489 4503; x_wconf 80' lang='lat' dir='ltr'><strong>tristia,</strong></span> <span class='ocrx_word' id='word_1_561' title='bbox 2516 4434 2614 4493; x_wconf 80' lang='lat' dir='ltr'><strong>sed</strong></span> <span class='ocrx_word' id='word_1_562' title='bbox 2643 4451 2741 4506; x_wconf 83' lang='lat' dir='ltr'><strong>per</strong></span> <span class='ocrx_word' id='word_1_563' title='bbox 2770 4437 3117 4499; x_wconf 78' lang='lat' dir='ltr'><strong>mendacium</strong></span> <span class='ocrx_word' id='word_1_564' title='bbox 3150 4416 3414 4510; x_wconf 68' lang='lat' dir='ltr'><strong>prospera</strong></span> <span class='ocrx_word' id='word_1_565' title='bbox 3439 4434 3745 4511; x_wconf 85' lang='lat' dir='ltr'><strong>pollicendo.</strong></span> <span class='ocrx_word' id='word_1_566' title='bbox 3770 4427 3834 4484; x_wconf 88' lang='lat' dir='ltr'><strong>Si-</strong></span> 
     </span>
    </p>
   </div>
   <div class='ocr_carea' id='block_1_65' title="bbox 516 4509 3830 4603">
    <p class='ocr_par' dir='ltr' id='par_1_65' title="bbox 516 4509 3830 4603">
     <span class='ocr_line' id='line_1_65' title="bbox 516 4509 3830 4603; baseline 0.005 -40"><span class='ocrx_word' id='word_1_567' title='bbox 516 4549 534 4563; x_wconf 92' lang='lat'><strong><em>.</em></strong></span> <span class='ocrx_word' id='word_1_568' title='bbox 566 4509 683 4569; x_wconf 87' lang='lat' dir='ltr'><strong>Nec</strong></span> <span class='ocrx_word' id='word_1_569' title='bbox 700 4521 881 4568; x_wconf 89' lang='lat' dir='ltr'><strong>tamen</strong></span> <span class='ocrx_word' id='word_1_570' title='bbox 904 4512 1080 4583; x_wconf 85' lang='lat' dir='ltr'><strong>major</strong></span> <span class='ocrx_word' id='word_1_571' title='bbox 1102 4510 1316 4603; x_wconf 9' lang='lat' dir='ltr'><strong>estgille</strong></span> <span class='ocrx_word' id='word_1_572' title='bbox 1339 4514 1430 4587; x_wconf 92' lang='lat' dir='ltr'><strong>qui</strong></span> <span class='ocrx_word' id='word_1_573' title='bbox 1449 4512 1738 4584; x_wconf 55' lang='grc' dir='ltr'><strong>σπώμεθὰ</strong></span> <span class='ocrx_word' id='word_1_574' title='bbox 1758 4518 2071 4579; x_wconf 81' lang='lat' dir='ltr'><strong>iortioriste</strong></span> <span class='ocrx_word' id='word_1_575' title='bbox 2085 4525 2177 4593; x_wconf 86' lang='lat' dir='ltr'><strong>qui</strong></span> <span class='ocrx_word' id='word_1_576' title='bbox 2208 4515 2264 4578; x_wconf 78' lang='grc' dir='ltr'><strong>Β</strong></span> <span class='ocrx_word' id='word_1_577' title='bbox 2292 4527 2518 4598; x_wconf 87' lang='lat' dir='ltr'><strong>mulque</strong></span> <span class='ocrx_word' id='word_1_578' title='bbox 2548 4528 3037 4585; x_wconf 80' lang='lat' dir='ltr'><strong>animadvertenda</strong></span> <span class='ocrx_word' id='word_1_579' title='bbox 3086 4509 3375 4602; x_wconf 76' lang='lat' dir='ltr'><strong>Propheta:</strong></span> <span class='ocrx_word' id='word_1_580' title='bbox 3415 4509 3667 4603; x_wconf 79' lang='lat' dir='ltr'><strong>patientia</strong></span> <span class='ocrx_word' id='word_1_581' title='bbox 3707 4533 3830 4594; x_wconf 80' lang='lat' dir='ltr'><strong>atque</strong></span> 
     </span>
    </p>
   </div>
   <div class='ocr_carea' id='block_1_66' title="bbox 563 4599 3831 4695">
    <p class='ocr_par' dir='ltr' id='par_1_66' title="bbox 563 4599 3831 4695">
     <span class='ocr_line' id='line_1_66' title="bbox 563 4599 3831 4695; baseline 0.006 -33"><span class='ocrx_word' id='word_1_582' title='bbox 563 4604 813 4662; x_wconf 68' lang='lat' dir='ltr'><strong>caeditur.</strong></span> <span class='ocrx_word' id='word_1_583' title='bbox 831 4604 899 4661; x_wconf 84' lang='lat' dir='ltr'><strong>Et</strong></span> <span class='ocrx_word' id='word_1_584' title='bbox 918 4599 1475 4678; x_wconf 81' lang='lat' dir='ltr'><strong>patienterPropheta</strong></span> <span class='ocrx_word' id='word_1_585' title='bbox 1495 4606 1727 4682; x_wconf 82' lang='lat' dir='ltr'><strong>suscipit</strong></span> <span class='ocrx_word' id='word_1_586' title='bbox 1747 4608 2015 4683; x_wconf 85' lang='lat' dir='ltr'><strong>judicium</strong></span> <span class='ocrx_word' id='word_1_587' title='bbox 2053 4615 2169 4683; x_wconf 88' lang='lat' dir='ltr'><strong><em>Dei,</em></strong></span> <span class='ocrx_word' id='word_1_588' title='bbox 2285 4620 2605 4690; x_wconf 76' lang='lat' dir='ltr'><strong>prudentia,</strong></span> <span class='ocrx_word' id='word_1_589' title='bbox 2630 4621 2776 4691; x_wconf 84' lang='lat' dir='ltr'><strong>quod</strong></span> <span class='ocrx_word' id='word_1_590' title='bbox 2810 4624 3013 4679; x_wconf 88' lang='lat' dir='ltr'><strong>missus</strong></span> <span class='ocrx_word' id='word_1_591' title='bbox 3043 4622 3099 4679; x_wconf 91' lang='lat' dir='ltr'><strong>in</strong></span> <span class='ocrx_word' id='word_1_592' title='bbox 3125 4599 3604 4695; x_wconf 35' lang='lat' dir='ltr'><strong>carcerem—tacet,</strong></span> <span class='ocrx_word' id='word_1_593' title='bbox 3629 4630 3679 4679; x_wconf 86' lang='lat' dir='ltr'><strong>et</strong></span> <span class='ocrx_word' id='word_1_594' title='bbox 3699 4617 3831 4675; x_wconf 54' lang='lat' dir='ltr'><strong>silet?</strong></span> 
     </span>
    </p>
   </div>
   <div class='ocr_carea' id='block_1_67' title="bbox 561 4697 3829 4787">
    <p class='ocr_par' dir='ltr' id='par_1_67' title="bbox 561 4697 3829 4787">
     <span class='ocr_line' id='line_1_67' title="bbox 561 4697 3829 4787; baseline 0.004 -33"><span class='ocrx_word' id='word_1_595' title='bbox 561 4710 665 4754; x_wconf 87' lang='lat' dir='ltr'><strong>nec</strong></span> <span class='ocrx_word' id='word_1_596' title='bbox 684 4698 946 4754; x_wconf 83' lang='lat' dir='ltr'><strong>reclamat</strong></span> <span class='ocrx_word' id='word_1_597' title='bbox 968 4698 1038 4754; x_wconf 90' lang='lat' dir='ltr'><strong>ad</strong></span> <span class='ocrx_word' id='word_1_598' title='bbox 1054 4697 1310 4766; x_wconf 83' lang='lat' dir='ltr'><strong>verbera,</strong></span> <span class='ocrx_word' id='word_1_599' title='bbox 1331 4699 1428 4756; x_wconf 87' lang='lat' dir='ltr'><strong>sed</strong></span> <span class='ocrx_word' id='word_1_600' title='bbox 1447 4698 1764 4761; x_wconf 84' lang='lat' dir='ltr'><strong>considerat</strong></span> <span class='ocrx_word' id='word_1_601' title='bbox 1786 4704 2172 4786; x_wconf 83' lang='lat' dir='ltr'><strong>imperantem.</strong></span> <span class='ocrx_word' id='word_1_602' title='bbox 2283 4712 2358 4767; x_wconf 92' lang='lat' dir='ltr'><strong>tio</strong></span> <span class='ocrx_word' id='word_1_603' title='bbox 2388 4713 2557 4768; x_wconf 89' lang='lat' dir='ltr'><strong>vincit</strong></span> <span class='ocrx_word' id='word_1_604' title='bbox 2582 4714 2866 4785; x_wconf 84' lang='lat' dir='ltr'><strong>injuriant,</strong></span> <span class='ocrx_word' id='word_1_605' title='bbox 2910 4732 3016 4775; x_wconf 85' lang='lat' dir='ltr'><strong>nec</strong></span> <span class='ocrx_word' id='word_1_606' title='bbox 3061 4728 3239 4775; x_wconf 85' lang='lat' dir='ltr'><strong>tamen</strong></span> <span class='ocrx_word' id='word_1_607' title='bbox 3269 4719 3583 4779; x_wconf 83' lang='lat' dir='ltr'><strong>dissimulat</strong></span> <span class='ocrx_word' id='word_1_608' title='bbox 3604 4713 3727 4787; x_wconf 83' lang='lat' dir='ltr'><strong>quod</strong></span> <span class='ocrx_word' id='word_1_609' title='bbox 3750 4708 3829 4766; x_wconf 84' lang='lat' dir='ltr'><strong>scit</strong></span> 
     </span>
    </p>
   </div>
   <div class='ocr_carea' id='block_1_68' title="bbox 561 4788 3823 4883">
    <p class='ocr_par' dir='ltr' id='par_1_68' title="bbox 561 4788 3823 4883">
     <span class='ocr_line' id='line_1_68' title="bbox 561 4788 3823 4883; baseline 0.005 -36"><span class='ocrx_word' id='word_1_610' title='bbox 561 4788 761 4847; x_wconf 72' lang='lat' dir='ltr'><strong>Enen</strong></span> <span class='ocrx_word' id='word_1_611' title='bbox 791 4789 987 4865; x_wconf 69' lang='lat' dir='ltr'><strong><em>(mu),</em></strong></span> <span class='ocrx_word' id='word_1_612' title='bbox 1021 4792 1231 4847; x_wconf 81' lang='lat' dir='ltr'><strong><em>verbum</em></strong></span> <span class='ocrx_word' id='word_1_613' title='bbox 1255 4799 1447 4883; x_wconf 78' lang='lat' dir='ltr'><strong>sonat,</strong></span> <span class='ocrx_word' id='word_1_614' title='bbox 1486 4794 1554 4853; x_wconf 89' lang='lat' dir='ltr'><strong>de</strong></span> <span class='ocrx_word' id='word_1_615' title='bbox 1599 4810 1707 4868; x_wconf 87' lang='lat' dir='ltr'><strong>quo</strong></span> <span class='ocrx_word' id='word_1_616' title='bbox 1750 4812 1898 4872; x_wconf 64' lang='lat' dir='ltr'><strong>saepe</strong></span> <span class='ocrx_word' id='word_1_617' title='bbox 1948 4803 2173 4874; x_wconf 88' lang='lat' dir='ltr'><strong>nigredo</strong></span> <span class='ocrx_word' id='word_1_618' title='bbox 2279 4821 2402 4864; x_wconf 84' lang='lat' dir='ltr'><strong>esse</strong></span> <span class='ocrx_word' id='word_1_619' title='bbox 2430 4815 2747 4875; x_wconf 87' lang='lat' dir='ltr'><strong>venturum,</strong></span> <span class='ocrx_word' id='word_1_620' title='bbox 2784 4818 2844 4865; x_wconf 85' lang='lat' dir='ltr'><strong>ut</strong></span> <span class='ocrx_word' id='word_1_621' title='bbox 2864 4809 3063 4865; x_wconf 87' lang='lat' dir='ltr'><strong>saltem</strong></span> <span class='ocrx_word' id='word_1_622' title='bbox 3107 4811 3189 4866; x_wconf 86' lang='lat' dir='ltr'><strong>sic</strong></span> <span class='ocrx_word' id='word_1_623' title='bbox 3227 4812 3690 4883; x_wconf 78' lang='lat' dir='ltr'><strong>pseudopmpbeta</strong></span> <span class='ocrx_word' id='word_1_624' title='bbox 3717 4818 3823 4875; x_wconf 75' lang='grc' dir='ltr'><strong>ροη-</strong></span> 
     </span>
    </p>
   </div>
   <div class='ocr_carea' id='block_1_69' title="bbox 558 4882 3822 4972">
    <p class='ocr_par' dir='ltr' id='par_1_69' title="bbox 558 4882 3822 4972">
     <span class='ocr_line' id='line_1_69' title="bbox 558 4882 3822 4972; baseline 0.003 -33"><span class='ocrx_word' id='word_1_625' title='bbox 558 4894 880 4955; x_wconf 83' lang='lat' dir='ltr'><strong>generatur,</strong></span> <span class='ocrx_word' id='word_1_626' title='bbox 909 4898 1016 4939; x_wconf 91' lang='lat' dir='ltr'><strong>non</strong></span> <span class='ocrx_word' id='word_1_627' title='bbox 1043 4887 1287 4956; x_wconf 74' lang='lat' dir='ltr'><strong>parentis</strong></span> <span class='ocrx_word' id='word_1_628' title='bbox 1310 4882 1481 4961; x_wconf 65' lang='lat'><strong>978</strong></span> <span class='ocrx_word' id='word_1_629' title='bbox 1511 4890 1665 4959; x_wconf 78' lang='lat' dir='ltr'><strong>vitio,</strong></span> <span class='ocrx_word' id='word_1_630' title='bbox 1698 4895 1792 4948; x_wconf 74' lang='lat' dir='ltr'><strong>sed</strong></span> <span class='ocrx_word' id='word_1_631' title='bbox 1821 4895 2031 4953; x_wconf 78' lang='lat' dir='ltr'><strong>scelere</strong></span> <span class='ocrx_word' id='word_1_632' title='bbox 2073 4897 2171 4955; x_wconf 90' lang='lat' dir='ltr'><strong>de-</strong></span> <span class='ocrx_word' id='word_1_633' title='bbox 2273 4899 2409 4956; x_wconf 79' lang='lat' dir='ltr'><strong><em>tit‘ex</em></strong></span> <span class='ocrx_word' id='word_1_634' title='bbox 2440 4914 2674 4969; x_wconf 77' lang='lat' dir='ltr'><strong>peccare</strong></span> <span class='ocrx_word' id='word_1_635' title='bbox 2719 4899 2977 4969; x_wconf 87' lang='lat' dir='ltr'><strong>desistat,</strong></span> <span class='ocrx_word' id='word_1_636' title='bbox 3027 4909 3085 4957; x_wconf 88' lang='lat' dir='ltr'><strong>et</strong></span> <span class='ocrx_word' id='word_1_637' title='bbox 3112 4901 3209 4957; x_wconf 88' lang='lat' dir='ltr'><strong>Dei</strong></span> <span class='ocrx_word' id='word_1_638' title='bbox 3238 4882 3583 4967; x_wconf 74' lang='lat' dir='ltr'><strong>clementiam</strong></span> <span class='ocrx_word' id='word_1_639' title='bbox 3606 4900 3822 4972; x_wconf 54' lang='lat' dir='ltr'><strong>depreccc</strong></span> 
     </span>
    </p>
   </div>
   <div class='ocr_carea' id='block_1_70' title="bbox 562 4976 2387 5055">
    <p class='ocr_par' dir='ltr' id='par_1_70' title="bbox 562 4976 2387 5055">
     <span class='ocr_line' id='line_1_70' title="bbox 562 4976 2387 5055; baseline 0.009 -25"><span class='ocrx_word' id='word_1_640' title='bbox 562 4978 906 5046; x_wconf 64' lang='lat' dir='ltr'><strong>generantia.</strong></span> <span class='ocrx_word' id='word_1_641' title='bbox 938 4976 1298 5036; x_wconf 74' lang='lat' dir='ltr'><strong><em>Tomentum</em></strong></span> <span class='ocrx_word' id='word_1_642' title='bbox 1328 4990 1537 5047; x_wconf 82' lang='lat' dir='ltr'><strong>autem,</strong></span> <span class='ocrx_word' id='word_1_643' title='bbox 1561 4997 1674 5055; x_wconf 89' lang='lat' dir='ltr'><strong>quo</strong></span> <span class='ocrx_word' id='word_1_644' title='bbox 1714 4989 1992 5046; x_wconf 78' lang='lat' dir='ltr'><strong>cruciatur</strong></span> <span class='ocrx_word' id='word_1_645' title='bbox 2035 4992 2167 5050; x_wconf 83' lang='lat' dir='ltr'><strong>Pro-</strong></span> <span class='ocrx_word' id='word_1_646' title='bbox 2272 5000 2387 5049; x_wconf 88' lang='lat' dir='ltr'><strong>tur.</strong></span> 
     </span>
    </p>
   </div>
   <div class='ocr_carea' id='block_1_71' title="bbox 554 5068 2162 5154">
    <p class='ocr_par' dir='ltr' id='par_1_71' title="bbox 554 5068 2162 5154">
     <span class='ocr_line' id='line_1_71' title="bbox 554 5068 2162 5154; baseline 0.012 -31"><span class='ocrx_word' id='word_1_647' title='bbox 554 5069 745 5142; x_wconf 79' lang='lat' dir='ltr'><strong>pheta,</strong></span> <span class='ocrx_word' id='word_1_648' title='bbox 779 5068 1003 5126; x_wconf 80' lang='lat' dir='ltr'><strong>videtur</strong></span> <span class='ocrx_word' id='word_1_649' title='bbox 1044 5072 1099 5128; x_wconf 90' lang='lat' dir='ltr'><strong><em>in</em></strong></span> <span class='ocrx_word' id='word_1_650' title='bbox 1138 5084 1296 5144; x_wconf 74' lang='lat' dir='ltr'><strong>parte</strong></span> <span class='ocrx_word' id='word_1_651' title='bbox 1337 5076 1541 5147; x_wconf 55' lang='lat' dir='ltr'><strong><em>deet»,</em></strong></span> <span class='ocrx_word' id='word_1_652' title='bbox 1575 5079 1723 5147; x_wconf 70' lang='lat' dir='ltr'><strong>quod</strong></span> <span class='ocrx_word' id='word_1_653' title='bbox 1769 5081 2162 5154; x_wconf 83' lang='lat' dir='ltr'><strong>interpretatur</strong></span> 
     </span>
    </p>
   </div>
   <div class='ocr_carea' id='block_1_72' title="bbox 550 5162 3815 5255">
    <p class='ocr_par' dir='ltr' id='par_1_72' title="bbox 550 5162 3815 5255">
     <span class='ocr_line' id='line_1_72' title="bbox 550 5162 3815 5255; baseline 0.003 -33"><span class='ocrx_word' id='word_1_654' title='bbox 550 5162 871 5241; x_wconf 78' lang='lat' dir='ltr'><strong><em>Benjamin;</em></strong></span> <span class='ocrx_word' id='word_1_655' title='bbox 898 5175 955 5222; x_wconf 84' lang='lat' dir='ltr'><strong>et</strong></span> <span class='ocrx_word' id='word_1_656' title='bbox 979 5167 1033 5222; x_wconf 87' lang='lat' dir='ltr'><strong>in</strong></span> <span class='ocrx_word' id='word_1_657' title='bbox 1061 5177 1219 5238; x_wconf 78' lang='lat' dir='ltr'><strong>porta</strong></span> <span class='ocrx_word' id='word_1_658' title='bbox 1267 5168 1515 5235; x_wconf 78' lang='lat' dir='ltr'><strong>sublimi,</strong></span> <span class='ocrx_word' id='word_1_659' title='bbox 1545 5189 1667 5244; x_wconf 63' lang='lat' dir='ltr'><strong>qua</strong></span> <span class='ocrx_word' id='word_1_660' title='bbox 1714 5191 1827 5232; x_wconf 78' lang='lat' dir='ltr'><strong>non</strong></span> <span class='ocrx_word' id='word_1_661' title='bbox 1876 5179 2161 5237; x_wconf 79' lang='lat' dir='ltr'><strong>veritatem</strong></span> <span class='ocrx_word' id='word_1_662' title='bbox 2265 5179 2408 5242; x_wconf 77' lang='lat' dir='ltr'><strong>(sive</strong></span> <span class='ocrx_word' id='word_1_663' title='bbox 2436 5180 2684 5251; x_wconf 77' lang='lat' dir='ltr'><strong><em>decepisti</em></strong></span> <span class='ocrx_word' id='word_1_664' title='bbox 2710 5197 2811 5248; x_wconf 83' lang='lat' dir='ltr'><strong>me,</strong></span> <span class='ocrx_word' id='word_1_665' title='bbox 2836 5180 3075 5254; x_wconf 83' lang='lat' dir='ltr'><strong><em>Domine,</em></strong></span> <span class='ocrx_word' id='word_1_666' title='bbox 3109 5192 3157 5239; x_wconf 86' lang='lat' dir='ltr'><strong>et</strong></span> <span class='ocrx_word' id='word_1_667' title='bbox 3190 5183 3443 5255; x_wconf 73' lang='lat' dir='ltr'><strong><em>deceptus,</em></strong></span> <span class='ocrx_word' id='word_1_668' title='bbox 3459 5187 3615 5253; x_wconf 69' lang='lat' dir='ltr'><strong><em>mni).</em></strong></span> <span class='ocrx_word' id='word_1_669' title='bbox 3641 5176 3815 5233; x_wconf 79' lang='lat' dir='ltr'><strong><em>Fortior</em></strong></span> 
     </span>
    </p>
   </div>
   <div class='ocr_carea' id='block_1_73' title="bbox 548 5258 3812 5353">
    <p class='ocr_par' dir='ltr' id='par_1_73' title="bbox 548 5258 3812 5353">
     <span class='ocr_line' id='line_1_73' title="bbox 548 5258 3812 5353; baseline 0.003 -37"><span class='ocrx_word' id='word_1_670' title='bbox 548 5258 780 5328; x_wconf 83' lang='lat' dir='ltr'><strong>indicat,</strong></span> <span class='ocrx_word' id='word_1_671' title='bbox 807 5258 909 5353; x_wconf 85' lang='lat' dir='ltr'><strong>sed</strong></span> <span class='ocrx_word' id='word_1_672' title='bbox 936 5259 1195 5353; x_wconf 75' lang='lat' dir='ltr'><strong>injustam</strong></span> <span class='ocrx_word' id='word_1_673' title='bbox 1235 5263 1513 5353; x_wconf 84' lang='lat' dir='ltr'><strong>pontiﬁcis</strong></span> <span class='ocrx_word' id='word_1_674' title='bbox 1548 5275 1898 5335; x_wconf 85' lang='lat' dir='ltr'><strong>potestatem.</strong></span> <span class='ocrx_word' id='word_1_675' title='bbox 2266 5290 2347 5327; x_wconf 86' lang='lat' dir='ltr'><strong>me</strong></span> <span class='ocrx_word' id='word_1_676' title='bbox 2375 5274 2523 5345; x_wconf 77' lang='lat' dir='ltr'><strong><em>fuisti</em></strong></span> <span class='ocrx_word' id='word_1_677' title='bbox 2542 5283 2589 5328; x_wconf 91' lang='lat' dir='ltr'><strong>et</strong></span> <span class='ocrx_word' id='word_1_678' title='bbox 2614 5275 2880 5329; x_wconf 81' lang='lat' dir='ltr'><strong><em>invaluisti</em></strong></span> <span class='ocrx_word' id='word_1_679' title='bbox 2911 5276 3048 5347; x_wconf 88' lang='lat' dir='ltr'><strong>(sive</strong></span> <span class='ocrx_word' id='word_1_680' title='bbox 3072 5276 3339 5332; x_wconf 84' lang='lat' dir='ltr'><strong><em>obtinnisti</em></strong></span> <span class='ocrx_word' id='word_1_681' title='bbox 3355 5290 3403 5334; x_wconf 87' lang='lat' dir='ltr'><strong><em>et</em></strong></span> <span class='ocrx_word' id='word_1_682' title='bbox 3431 5275 3676 5353; x_wconf 75' lang='lat' dir='ltr'><strong><em>potuisti).</em></strong></span> <span class='ocrx_word' id='word_1_683' title='bbox 3697 5270 3812 5326; x_wconf 84' lang='lat' dir='ltr'><strong><em>Fac-</em></strong></span> 
     </span>
    </p>
   </div>
   <div class='ocr_carea' id='block_1_74' title="bbox 621 5351 3808 5439">
    <p class='ocr_par' dir='ltr' id='par_1_74' title="bbox 621 5351 3808 5439">
     <span class='ocr_line' id='line_1_74' title="bbox 621 5351 3808 5439; baseline 0.001 -14"><span class='ocrx_word' id='word_1_684' title='bbox 621 5353 811 5427; x_wconf 68' lang='grc' dir='ltr'><strong>(Ῡθτδο</strong></span> <span class='ocrx_word' id='word_1_685' title='bbox 837 5352 920 5426; x_wconf 71' lang='grc'><strong>³·)</strong></span> <span class='ocrx_word' id='word_1_686' title='bbox 979 5351 1210 5425; x_wconf 64' lang='lat' dir='ltr'><strong>Cumque</strong></span> <span class='ocrx_word' id='word_1_687' title='bbox 1240 5352 1497 5421; x_wconf 59' lang='grc' dir='ltr'><strong>κιαι-ἐμαί</strong></span> <span class='ocrx_word' id='word_1_688' title='bbox 1545 5358 1602 5413; x_wconf 64' lang='lat' dir='ltr'><strong><em>in</em></strong></span> <span class='ocrx_word' id='word_1_689' title='bbox 1629 5362 1940 5432; x_wconf 56' lang='lat' dir='ltr'><strong><em>aestiuum,</em></strong></span> <span class='ocrx_word' id='word_1_690' title='bbox 1980 5365 2162 5421; x_wconf 65' lang='lat' dir='ltr'><strong><em>eduxit</em></strong></span> <span class='ocrx_word' id='word_1_691' title='bbox 2265 5376 2349 5422; x_wconf 86' lang='lat' dir='ltr'><strong>tus</strong></span> <span class='ocrx_word' id='word_1_692' title='bbox 2376 5384 2490 5423; x_wconf 87' lang='lat' dir='ltr'><strong>sum</strong></span> <span class='ocrx_word' id='word_1_693' title='bbox 2532 5370 2583 5422; x_wconf 88' lang='lat' dir='ltr'><strong><em>in</em></strong></span> <span class='ocrx_word' id='word_1_694' title='bbox 2627 5369 2861 5425; x_wconf 82' lang='lat' dir='ltr'><strong><em>derisum</em></strong></span> <span class='ocrx_word' id='word_1_695' title='bbox 2883 5380 2990 5425; x_wconf 89' lang='lat' dir='ltr'><strong><em>tota</em></strong></span> <span class='ocrx_word' id='word_1_696' title='bbox 3031 5372 3138 5439; x_wconf 87' lang='lat' dir='ltr'><strong><em>die,</em></strong></span> <span class='ocrx_word' id='word_1_697' title='bbox 3178 5388 3353 5428; x_wconf 87' lang='lat' dir='ltr'><strong><em>omnes</em></strong></span> <span class='ocrx_word' id='word_1_698' title='bbox 3401 5351 3808 5430; x_wconf 75' lang='lat' dir='ltr'><strong><em>subsannantme;</em></strong></span> 
     </span>
    </p>
   </div>
   <div class='ocr_carea' id='block_1_75' title="bbox 551 5444 3804 5540">
    <p class='ocr_par' dir='ltr' id='par_1_75' title="bbox 551 5444 3804 5540">
     <span class='ocr_line' id='line_1_75' title="bbox 551 5444 3804 5540; baseline 0.008 -40"><span class='ocrx_word' id='word_1_699' title='bbox 551 5444 763 5503; x_wconf 73' lang='lat' dir='ltr'><strong><em>Phasur</em></strong></span> <span class='ocrx_word' id='word_1_700' title='bbox 788 5445 1076 5502; x_wconf 65' lang='lat' dir='ltr'><strong><em>Iamiam</em></strong></span> <span class='ocrx_word' id='word_1_701' title='bbox 1096 5446 1162 5502; x_wconf 84' lang='lat' dir='ltr'><strong>ds</strong></span> <span class='ocrx_word' id='word_1_702' title='bbox 1178 5459 1361 5515; x_wconf 69' lang='lat' dir='ltr'><strong><em>neruo,</em></strong></span> <span class='ocrx_word' id='word_1_703' title='bbox 1389 5459 1440 5503; x_wconf 81' lang='lat' dir='ltr'><strong>et</strong></span> <span class='ocrx_word' id='word_1_704' title='bbox 1461 5451 1598 5505; x_wconf 67' lang='lat' dir='ltr'><strong><em>dicit</em></strong></span> <span class='ocrx_word' id='word_1_705' title='bbox 1640 5453 1713 5507; x_wconf 78' lang='lat' dir='ltr'><strong>ad</strong></span> <span class='ocrx_word' id='word_1_706' title='bbox 1739 5472 1858 5509; x_wconf 76' lang='lat' dir='ltr'><strong>eum</strong></span> <span class='ocrx_word' id='word_1_707' title='bbox 1877 5455 2158 5515; x_wconf 72' lang='lat' dir='ltr'><strong><em>lemnius:</em></strong></span> <span class='ocrx_word' id='word_1_708' title='bbox 2260 5461 2383 5531; x_wconf 86' lang='lat' dir='ltr'><strong><em>quia</em></strong></span> <span class='ocrx_word' id='word_1_709' title='bbox 2414 5465 2529 5535; x_wconf 89' lang='lat' dir='ltr'><strong><em>jam</em></strong></span> <span class='ocrx_word' id='word_1_710' title='bbox 2550 5461 2674 5517; x_wconf 89' lang='lat' dir='ltr'><strong><em>olim</em></strong></span> <span class='ocrx_word' id='word_1_711' title='bbox 2703 5462 2908 5535; x_wconf 89' lang='lat' dir='ltr'><strong><em>loquor,</em></strong></span> <span class='ocrx_word' id='word_1_712' title='bbox 2931 5465 3221 5538; x_wconf 75' lang='lat' dir='ltr'><strong><em>uociferans</em></strong></span> <span class='ocrx_word' id='word_1_713' title='bbox 3262 5468 3598 5540; x_wconf 48' lang='lat' dir='ltr'><strong><em>iniquitatem,</em></strong></span> <span class='ocrx_word' id='word_1_714' title='bbox 3615 5476 3661 5525; x_wconf 75' lang='lat' dir='ltr'><strong>et</strong></span> <span class='ocrx_word' id='word_1_715' title='bbox 3679 5460 3804 5519; x_wconf 56' lang='grc' dir='ltr'><strong>δῶκ’</strong></span> 
     </span>
    </p>
   </div>
   <div class='ocr_carea' id='block_1_76' title="bbox 2300 3589 3845 3664">
    <p class='ocr_par' dir='ltr' id='par_1_76' title="bbox 2300 3589 3845 3664">
     <span class='ocr_line' id='line_1_76' title="bbox 2300 3589 3845 3664; baseline -0.003 -22"><span class='ocrx_word' id='word_1_716' title='bbox 2300 3589 2588 3659; x_wconf 87' lang='lat' dir='ltr'><strong>piendum,</strong></span> <span class='ocrx_word' id='word_1_717' title='bbox 2621 3592 3057 3664; x_wconf 80' lang='lat' dir='ltr'><strong>tradendumque</strong></span> <span class='ocrx_word' id='word_1_718' title='bbox 3096 3592 3334 3646; x_wconf 85' lang='lat' dir='ltr'><strong>hostium</strong></span> <span class='ocrx_word' id='word_1_719' title='bbox 3364 3593 3636 3660; x_wconf 87' lang='lat' dir='ltr'><strong>manibus,</strong></span> <span class='ocrx_word' id='word_1_720' title='bbox 3655 3599 3845 3646; x_wconf 86' lang='lat' dir='ltr'><strong>etcunc-</strong></span> 
     </span>
    </p>
   </div>
   <div class='ocr_carea' id='block_1_77' title="bbox 2301 3679 3843 3757">
    <p class='ocr_par' dir='ltr' id='par_1_77' title="bbox 2301 3679 3843 3757">
     <span class='ocr_line' id='line_1_77' title="bbox 2301 3679 3843 3757; baseline -0.002 -19"><span class='ocrx_word' id='word_1_721' title='bbox 2301 3689 2415 3738; x_wconf 85' lang='lat' dir='ltr'><strong>tum</strong></span> <span class='ocrx_word' id='word_1_722' title='bbox 2446 3684 2709 3754; x_wconf 88' lang='lat' dir='ltr'><strong>populum</strong></span> <span class='ocrx_word' id='word_1_723' title='bbox 2747 3685 2919 3740; x_wconf 86' lang='lat' dir='ltr'><strong>tribus</strong></span> <span class='ocrx_word' id='word_1_724' title='bbox 2942 3684 3127 3753; x_wconf 61' lang='lat' dir='ltr'><strong>ludat,</strong></span> <span class='ocrx_word' id='word_1_725' title='bbox 3163 3685 3450 3757; x_wconf 81' lang='lat' dir='ltr'><strong>Babylonii</strong></span> <span class='ocrx_word' id='word_1_726' title='bbox 3484 3687 3623 3756; x_wconf 84' lang='lat' dir='ltr'><strong>regis</strong></span> <span class='ocrx_word' id='word_1_727' title='bbox 3648 3679 3843 3738; x_wconf 78' lang='lat' dir='ltr'><strong>manibus</strong></span> 
     </span>
    </p>
   </div>
   <div class='ocr_carea' id='block_1_78' title="bbox 2298 3770 3840 3852">
    <p class='ocr_par' dir='ltr' id='par_1_78' title="bbox 2298 3770 3840 3852">
     <span class='ocr_line' id='line_1_78' title="bbox 2298 3770 3840 3852; baseline -0.006 -22"><span class='ocrx_word' id='word_1_728' title='bbox 2298 3774 2683 3844; x_wconf 88' lang='lat' dir='ltr'><strong>obtinendum,</strong></span> <span class='ocrx_word' id='word_1_729' title='bbox 2713 3777 2963 3848; x_wconf 83' lang='lat' dir='ltr'><strong>aliosque</strong></span> <span class='ocrx_word' id='word_1_730' title='bbox 2992 3778 3408 3835; x_wconf 86' lang='lat' dir='ltr'><strong>interﬁciendos</strong></span> <span class='ocrx_word' id='word_1_731' title='bbox 3439 3779 3637 3852; x_wconf 85' lang='lat' dir='ltr'><strong>gladio,</strong></span> <span class='ocrx_word' id='word_1_732' title='bbox 3671 3783 3721 3829; x_wconf 82' lang='lat' dir='ltr'><strong><em>et</em></strong></span> <span class='ocrx_word' id='word_1_733' title='bbox 3737 3770 3840 3827; x_wconf 85' lang='lat' dir='ltr'><strong>alios</strong></span> 
     </span>
    </p>
   </div>
   <div class='ocr_carea' id='block_1_79' title="bbox 2294 3867 3838 3943">
    <p class='ocr_par' dir='ltr' id='par_1_79' title="bbox 2294 3867 3838 3943">
     <span class='ocr_line' id='line_1_79' title="bbox 2294 3867 3838 3943; baseline 0.001 -22"><span class='ocrx_word' id='word_1_734' title='bbox 2294 3867 2573 3925; x_wconf 86' lang='lat' dir='ltr'><strong>ducendos</strong></span> <span class='ocrx_word' id='word_1_735' title='bbox 2605 3871 2657 3925; x_wconf 91' lang='lat' dir='ltr'><strong>in</strong></span> <span class='ocrx_word' id='word_1_736' title='bbox 2681 3872 3086 3943; x_wconf 83' lang='lat' dir='ltr'><strong>captivitatem,</strong></span> <span class='ocrx_word' id='word_1_737' title='bbox 3115 3882 3169 3928; x_wconf 89' lang='lat' dir='ltr'><strong>et</strong></span> <span class='ocrx_word' id='word_1_738' title='bbox 3203 3871 3494 3929; x_wconf 83' lang='lat' dir='ltr'><strong>universas</strong></span> <span class='ocrx_word' id='word_1_739' title='bbox 3543 3870 3739 3927; x_wconf 83' lang='lat' dir='ltr'><strong>divitias</strong></span> <span class='ocrx_word' id='word_1_740' title='bbox 3762 3876 3838 3918; x_wconf 80' lang='lat' dir='ltr'><strong>tam</strong></span> 
     </span>
    </p>
   </div>
   <div class='ocr_carea' id='block_1_80' title="bbox 616 5582 2141 5655">
    <p class='ocr_par' dir='ltr' id='par_1_80' title="bbox 616 5582 2141 5655">
     <span class='ocr_line' id='line_1_80' title="bbox 616 5582 2141 5655; baseline 0.011 -22"><span class='ocrx_word' id='word_1_741' title='bbox 616 5593 647 5655; x_wconf 57' lang='grc'><strong>9</strong></span> <span class='ocrx_word' id='word_1_742' title='bbox 675 5582 953 5655; x_wconf 67' lang='lat' dir='ltr'><strong>puplicum</strong></span> <span class='ocrx_word' id='word_1_743' title='bbox 986 5582 1166 5638; x_wconf 75' lang='lat' dir='ltr'><strong>ienuit</strong></span> <span class='ocrx_word' id='word_1_744' title='bbox 1191 5582 1515 5655; x_wconf 66' lang='lat' dir='ltr'><strong>Symmachi</strong></span> <span class='ocrx_word' id='word_1_745' title='bbox 1528 5587 1836 5648; x_wconf 72' lang='lat' dir='ltr'><strong>versionem</strong></span> <span class='ocrx_word' id='word_1_746' title='bbox 1865 5591 2141 5655; x_wconf 73' lang='lat' dir='ltr'><strong>extitisse.</strong></span> 
     </span>
    </p>
   </div>
   <div class='ocr_carea' id='block_1_81' title="bbox 617 5651 2148 5726">
    <p class='ocr_par' dir='ltr' id='par_1_81' title="bbox 617 5651 2148 5726">
     <span class='ocr_line' id='line_1_81' title="bbox 617 5651 2148 5726; baseline 0.019 -32"><span class='ocrx_word' id='word_1_747' title='bbox 617 5651 651 5692; x_wconf 67' lang='grc' dir='ltr'>δ</span> <span class='ocrx_word' id='word_1_748' title='bbox 676 5652 881 5726; x_wconf 58' lang='grc' dir='ltr'><strong>Ἥρων,</strong></span> <span class='ocrx_word' id='word_1_749' title='bbox 917 5654 1153 5726; x_wconf 66' lang='lat' dir='ltr'><strong><em>{usuum</em></strong></span> <span class='ocrx_word' id='word_1_750' title='bbox 1192 5651 1543 5726; x_wconf 65' lang='lat' dir='ltr'><strong><em>supplicium;</em></strong></span> <span class='ocrx_word' id='word_1_751' title='bbox 1568 5666 1629 5715; x_wconf 69' lang='grc' dir='ltr'><strong>σι</strong></span> <span class='ocrx_word' id='word_1_752' title='bbox 1657 5674 1789 5718; x_wconf 65' lang='lat' dir='ltr'><strong>non</strong></span> <span class='ocrx_word' id='word_1_753' title='bbox 1816 5651 2025 5719; x_wconf 70' lang='lat' dir='ltr'><strong><em>habebit</em></strong></span> <span class='ocrx_word' id='word_1_754' title='bbox 2044 5651 2148 5722; x_wconf 76' lang='lat' dir='ltr'><strong>uo-</strong></span> 
     </span>
    </p>
   </div>
   <div class='ocr_carea' id='block_1_82' title="bbox 552 5724 1153 5794">
    <p class='ocr_par' dir='ltr' id='par_1_82' title="bbox 552 5724 1153 5794">
     <span class='ocr_line' id='line_1_82' title="bbox 552 5724 1153 5794; baseline -0.007 -14"><span class='ocrx_word' id='word_1_755' title='bbox 552 5731 666 5780; x_wconf 80' lang='lat' dir='ltr'><strong><em>mett</em></strong></span> <span class='ocrx_word' id='word_1_756' title='bbox 688 5724 789 5775; x_wconf 71' lang='lat' dir='ltr'><strong><em>aris</em></strong></span> <span class='ocrx_word' id='word_1_757' title='bbox 814 5725 1153 5794; x_wconf 81' lang='lat' dir='ltr'><strong><em>nigre-linem.</em></strong></span> 
     </span>
    </p>
   </div>
   <div class='ocr_carea' id='block_1_83' title="bbox 2332 5597 3795 5675">
    <p class='ocr_par' dir='ltr' id='par_1_83' title="bbox 2332 5597 3795 5675">
     <span class='ocr_line' id='line_1_83' title="bbox 2332 5597 3795 5675; baseline -0.003 -23"><span class='ocrx_word' id='word_1_758' title='bbox 2332 5607 2354 5636; x_wconf 74' lang='grc' dir='ltr'><em>ε</em></span> <span class='ocrx_word' id='word_1_759' title='bbox 2386 5597 2599 5675; x_wconf 64' lang='lat' dir='ltr'><strong>imponi</strong></span> <span class='ocrx_word' id='word_1_760' title='bbox 2650 5599 2832 5655; x_wconf 83' lang='lat' dir='ltr'><strong>malim</strong></span> <span class='ocrx_word' id='word_1_761' title='bbox 2872 5616 2937 5654; x_wconf 65' lang='lat' dir='ltr'><strong>ex</strong></span> <span class='ocrx_word' id='word_1_762' title='bbox 2970 5600 3145 5675; x_wconf 76' lang='lat' dir='ltr'><strong>Vatic.</strong></span> <span class='ocrx_word' id='word_1_763' title='bbox 3175 5616 3309 5675; x_wconf 71' lang='lat' dir='ltr'><strong>_t_us.</strong></span> <span class='ocrx_word' id='word_1_764' title='bbox 3353 5602 3795 5675; x_wconf 55' lang='lat' dir='ltr'><strong><em>conuuigrationent.</em></strong></span> 
     </span>
    </p>
   </div>
   <div class='ocr_carea' id='block_1_84' title="bbox 2254 5665 3794 5751">
    <p class='ocr_par' dir='ltr' id='par_1_84' title="bbox 2254 5665 3794 5751">
     <span class='ocr_line' id='line_1_84' title="bbox 2254 5665 3794 5751; baseline -0.001 -27"><span class='ocrx_word' id='word_1_765' title='bbox 2254 5665 2546 5751; x_wconf 36' lang='lat' dir='ltr'><strong>contemtu</strong></span> <span class='ocrx_word' id='word_1_766' title='bbox 2577 5672 2716 5751; x_wconf 73' lang='lat' dir='ltr'><strong>hanc</strong></span> <span class='ocrx_word' id='word_1_767' title='bbox 2740 5686 3045 5751; x_wconf 70' lang='lat' dir='ltr'><strong>rem,_qa:e</strong></span> <span class='ocrx_word' id='word_1_768' title='bbox 3079 5670 3384 5751; x_wconf 53' lang='lat' dir='ltr'><strong>deﬁnirem</strong></span> <span class='ocrx_word' id='word_1_769' title='bbox 3416 5665 3631 5751; x_wconf 64' lang='lat' dir='ltr'><strong>replicat</strong></span> <span class='ocrx_word' id='word_1_770' title='bbox 3648 5671 3698 5729; x_wconf 90' lang='lat' dir='ltr'><strong>S.</strong></span> <span class='ocrx_word' id='word_1_771' title='bbox 3718 5667 3794 5723; x_wconf 81' lang='lat' dir='ltr'><strong>Pa-</strong></span> 
     </span>
    </p>
   </div>
   <div class='ocr_carea' id='block_1_85' title="bbox 2259 5741 3356 5815">
    <p class='ocr_par' dir='ltr' id='par_1_85' title="bbox 2259 5741 3356 5815">
     <span class='ocr_line' id='line_1_85' title="bbox 2259 5741 3356 5815; baseline 0.006 -21"><span class='ocrx_word' id='word_1_772' title='bbox 2259 5747 2344 5795; x_wconf 86' lang='lat' dir='ltr'><strong>ter</strong></span> <span class='ocrx_word' id='word_1_773' title='bbox 2373 5742 2426 5796; x_wconf 90' lang='lat' dir='ltr'><strong>in</strong></span> <span class='ocrx_word' id='word_1_774' title='bbox 2460 5741 2570 5798; x_wconf 81' lang='lat' dir='ltr'><strong>line</strong></span> <span class='ocrx_word' id='word_1_775' title='bbox 2592 5742 2754 5814; x_wconf 82' lang='lat' dir='ltr'><strong><em>hujus</em></strong></span> <span class='ocrx_word' id='word_1_776' title='bbox 2783 5741 3017 5807; x_wconf 21' lang='lat' dir='ltr'><strong>libri,‘et</strong></span> <span class='ocrx_word' id='word_1_777' title='bbox 3043 5744 3237 5815; x_wconf 80' lang='lat' dir='ltr'><strong>capitis</strong></span> <span class='ocrx_word' id='word_1_778' title='bbox 3263 5742 3356 5802; x_wconf 65' lang='grc'><strong>25.</strong></span> 
     </span>
    </p>
   </div>
   <div class='ocr_carea' id='block_1_86' title="bbox 392 6314 1189 6327">
    <p class='ocr_par' dir='ltr' id='par_1_86' title="bbox 392 6314 1189 6327">
     <span class='ocr_line' id='line_1_86' title="bbox 392 6314 1189 6327; baseline -0.01 -9"><span class='ocrx_word' id='word_1_779' title='bbox 392 6314 721 6327; x_wconf 35' lang='grc' dir='ltr'><strong>-ἨῊ-ῇή</strong></span> <span class='ocrx_word' id='word_1_780' title='bbox 832 6320 919 6323; x_wconf 29' lang='grc' dir='ltr'><em>ᾼγ</em></span> <span class='ocrx_word' id='word_1_781' title='bbox 1156 6317 1189 6320; x_wconf 29' lang='grc' dir='ltr'><em>κ</em></span> 
     </span>
    </p>
   </div>
   <div class='ocr_carea' id='block_1_87' title="bbox 525 6327 1147 6344">
    <p class='ocr_par' dir='ltr' id='par_1_87' title="bbox 525 6327 1147 6344">
     <span class='ocr_line' id='line_1_87' title="bbox 525 6327 1147 6344; baseline 0 -14"><span class='ocrx_word' id='word_1_782' title='bbox 525 6327 1147 6344; x_wconf 66' lang='lat'><strong>____________</strong></span> 
     </span>
    </p>
   </div>
   <div class='ocr_carea' id='block_1_88' title="bbox 2328 1624 3870 1698">
    <p class='ocr_par' dir='ltr' id='par_1_88' title="bbox 2328 1624 3870 1698">
     <span class='ocr_line' id='line_1_88' title="bbox 2328 1624 3870 1698; baseline 0.003 -22"><span class='ocrx_word' id='word_1_783' title='bbox 2328 1633 2450 1693; x_wconf 84' lang='lat' dir='ltr'><strong><em>tem,</em></strong></span> <span class='ocrx_word' id='word_1_784' title='bbox 2481 1624 2843 1698; x_wconf 81' lang='lat' dir='ltr'><strong>Symmachus</strong></span> <span class='ocrx_word' id='word_1_785' title='bbox 2869 1625 3100 1680; x_wconf 89' lang='lat' dir='ltr'><strong><em>ablatum</em></strong></span> <span class='ocrx_word' id='word_1_786' title='bbox 3138 1625 3258 1681; x_wconf 90' lang='lat' dir='ltr'><strong>sive</strong></span> <span class='ocrx_word' id='word_1_787' title='bbox 3297 1635 3670 1698; x_wconf 86' lang='lat' dir='ltr'><strong><em>congregatum</em></strong></span> <span class='ocrx_word' id='word_1_788' title='bbox 3693 1636 3741 1682; x_wconf 89' lang='lat' dir='ltr'><strong>et</strong></span> <span class='ocrx_word' id='word_1_789' title='bbox 3763 1643 3870 1682; x_wconf 82' lang='lat' dir='ltr'><strong><em>coac-</em></strong></span> 
     </span>
    </p>
   </div>
   <div class='ocr_carea' id='block_1_89' title="bbox 2397 1808 3911 1884">
    <p class='ocr_par' dir='ltr' id='par_1_89' title="bbox 2397 1808 3911 1884">
     <span class='ocr_line' id='line_1_89' title="bbox 2397 1808 3911 1884; baseline -0.001 -18"><span class='ocrx_word' id='word_1_790' title='bbox 2397 1810 2581 1884; x_wconf 79' lang='lat' dir='ltr'><strong>(Vcrs.</strong></span> <span class='ocrx_word' id='word_1_791' title='bbox 2622 1812 2771 1883; x_wconf 78' lang='grc'><strong>4-6.)</strong></span> <span class='ocrx_word' id='word_1_792' title='bbox 2824 1813 2961 1879; x_wconf 76' lang='lat' dir='ltr'><strong><em>Quia</em></strong></span> <span class='ocrx_word' id='word_1_793' title='bbox 3008 1813 3118 1867; x_wconf 74' lang='lat' dir='ltr'><strong><em>lucc</em></strong></span> <span class='ocrx_word' id='word_1_794' title='bbox 3160 1811 3286 1867; x_wconf 87' lang='lat' dir='ltr'><strong><em>dicit</em></strong></span> <span class='ocrx_word' id='word_1_795' title='bbox 3333 1808 3773 1869; x_wconf 81' lang='lat' dir='ltr'><strong><em>Dominus:Ecce</em></strong></span> <span class='ocrx_word' id='word_1_796' title='bbox 3806 1829 3867 1884; x_wconf 67' lang='lat' dir='ltr'><strong><em>ego</em></strong></span> <span class='ocrx_word' id='word_1_797' title='bbox 3910 1832 3911 1837; x_wconf 48' lang='grc' dir='ltr'><strong>η</strong></span> 
     </span>
    </p>
   </div>
   <div class='ocr_carea' id='block_1_90' title="bbox 2326 1903 3868 1978">
    <p class='ocr_par' dir='ltr' id='par_1_90' title="bbox 2326 1903 3868 1978">
     <span class='ocr_line' id='line_1_90' title="bbox 2326 1903 3868 1978; baseline -0.003 -20"><span class='ocrx_word' id='word_1_798' title='bbox 2326 1903 2462 1959; x_wconf 89' lang='lat' dir='ltr'><strong><em>dabo</em></strong></span> <span class='ocrx_word' id='word_1_799' title='bbox 2491 1915 2538 1960; x_wconf 92' lang='lat' dir='ltr'><strong>te</strong></span> <span class='ocrx_word' id='word_1_800' title='bbox 2566 1907 2621 1961; x_wconf 91' lang='lat' dir='ltr'><strong>in</strong></span> <span class='ocrx_word' id='word_1_801' title='bbox 2640 1922 2916 1978; x_wconf 87' lang='lat' dir='ltr'><strong><em>pavorem,</em></strong></span> <span class='ocrx_word' id='word_1_802' title='bbox 2954 1917 2999 1961; x_wconf 91' lang='lat' dir='ltr'><strong>et</strong></span> <span class='ocrx_word' id='word_1_803' title='bbox 3018 1922 3194 1962; x_wconf 85' lang='lat' dir='ltr'><strong><em>omnes</em></strong></span> <span class='ocrx_word' id='word_1_804' title='bbox 3225 1905 3422 1963; x_wconf 85' lang='lat' dir='ltr'><strong><em>amicos</em></strong></span> <span class='ocrx_word' id='word_1_805' title='bbox 3448 1916 3591 1971; x_wconf 86' lang='lat' dir='ltr'><strong><em>luas,</em></strong></span> <span class='ocrx_word' id='word_1_806' title='bbox 3612 1920 3657 1960; x_wconf 88' lang='lat' dir='ltr'><strong>et</strong></span> <span class='ocrx_word' id='word_1_807' title='bbox 3692 1916 3868 1961; x_wconf 62' lang='lat' dir='ltr'><strong><em>corruet:</em></strong></span> 
     </span>
    </p>
   </div>
   <div class='ocr_carea' id='block_1_91' title="bbox 2322 2001 3911 2076">
    <p class='ocr_par' dir='ltr' id='par_1_91' title="bbox 2322 2001 3911 2076">
     <span class='ocr_line' id='line_1_91' title="bbox 2322 2001 3911 2076; baseline -0.003 -22"><span class='ocrx_word' id='word_1_808' title='bbox 2322 2001 2504 2076; x_wconf 87' lang='lat' dir='ltr'><strong><em>gladio</em></strong></span> <span class='ocrx_word' id='word_1_809' title='bbox 2545 2003 2883 2059; x_wconf 84' lang='lat' dir='ltr'><strong><em>inimicorum</em></strong></span> <span class='ocrx_word' id='word_1_810' title='bbox 2922 2018 3156 2068; x_wconf 87' lang='lat' dir='ltr'><strong><em>suorum,</em></strong></span> <span class='ocrx_word' id='word_1_811' title='bbox 3200 2010 3246 2055; x_wconf 86' lang='lat' dir='ltr'><strong>et</strong></span> <span class='ocrx_word' id='word_1_812' title='bbox 3290 2002 3431 2056; x_wconf 87' lang='lat' dir='ltr'><strong><em>oculi</em></strong></span> <span class='ocrx_word' id='word_1_813' title='bbox 3460 2003 3540 2056; x_wconf 87' lang='lat' dir='ltr'><strong>tui</strong></span> <span class='ocrx_word' id='word_1_814' title='bbox 3568 2001 3867 2056; x_wconf 58' lang='lat' dir='ltr'><strong><em>videbuntut</em></strong></span> <span class='ocrx_word' id='word_1_815' title='bbox 3910 2056 3911 2069; x_wconf 15' lang='grc' dir='ltr'>χ</span> 
     </span>
    </p>
   </div>
   <div class='ocr_carea' id='block_1_92' title="bbox 2324 2093 3911 2169">
    <p class='ocr_par' dir='ltr' id='par_1_92' title="bbox 2324 2093 3911 2169">
     <span class='ocr_line' id='line_1_92' title="bbox 2324 2093 3911 2169; baseline -0.004 -18"><span class='ocrx_word' id='word_1_816' title='bbox 2324 2111 2527 2151; x_wconf 83' lang='lat' dir='ltr'><strong><em>onmem</em></strong></span> <span class='ocrx_word' id='word_1_817' title='bbox 2547 2094 2743 2169; x_wconf 80' lang='lat' dir='ltr'><strong><em>ludam</em></strong></span> <span class='ocrx_word' id='word_1_818' title='bbox 2764 2097 2897 2152; x_wconf 85' lang='lat' dir='ltr'><strong><em>dabo</em></strong></span> <span class='ocrx_word' id='word_1_819' title='bbox 2924 2097 2983 2151; x_wconf 85' lang='lat' dir='ltr'><strong>in</strong></span> <span class='ocrx_word' id='word_1_820' title='bbox 3000 2112 3207 2151; x_wconf 88' lang='lat' dir='ltr'><strong><em>manum</em></strong></span> <span class='ocrx_word' id='word_1_821' title='bbox 3252 2096 3391 2166; x_wconf 86' lang='lat' dir='ltr'><strong><em>regis</em></strong></span> <span class='ocrx_word' id='word_1_822' title='bbox 3423 2093 3722 2169; x_wconf 78' lang='lat' dir='ltr'><strong><em>Babylonis,</em></strong></span> <span class='ocrx_word' id='word_1_823' title='bbox 3749 2104 3866 2150; x_wconf 73' lang='lat' dir='ltr'><strong>rttra—</strong></span> <span class='ocrx_word' id='word_1_824' title='bbox 3910 2096 3911 2101; x_wconf 70' lang='grc'><em>“</em></span> 
     </span>
    </p>
   </div>
   <div class='ocr_carea' id='block_1_93' title="bbox 2323 2184 3911 2261">
    <p class='ocr_par' dir='ltr' id='par_1_93' title="bbox 2323 2184 3911 2261">
     <span class='ocr_line' id='line_1_93' title="bbox 2323 2184 3911 2261; baseline -0.004 -18"><span class='ocrx_word' id='word_1_825' title='bbox 2323 2190 2476 2243; x_wconf 83' lang='lat' dir='ltr'><strong><em>ducet</em></strong></span> <span class='ocrx_word' id='word_1_826' title='bbox 2513 2205 2597 2243; x_wconf 88' lang='lat' dir='ltr'><strong>eos</strong></span> <span class='ocrx_word' id='word_1_827' title='bbox 2644 2190 2699 2242; x_wconf 89' lang='lat' dir='ltr'><strong>in</strong></span> <span class='ocrx_word' id='word_1_828' title='bbox 2730 2188 3072 2261; x_wconf 83' lang='lat' dir='ltr'><strong><em>Babylonem,</em></strong></span> <span class='ocrx_word' id='word_1_829' title='bbox 3119 2196 3165 2242; x_wconf 88' lang='lat' dir='ltr'><strong>et</strong></span> <span class='ocrx_word' id='word_1_830' title='bbox 3199 2191 3456 2257; x_wconf 82' lang='lat' dir='ltr'><strong><em>percutiet</em></strong></span> <span class='ocrx_word' id='word_1_831' title='bbox 3509 2205 3595 2243; x_wconf 85' lang='lat' dir='ltr'><strong>eos</strong></span> <span class='ocrx_word' id='word_1_832' title='bbox 3631 2187 3797 2261; x_wconf 85' lang='lat' dir='ltr'><strong><em>gladio.</em></strong></span> <span class='ocrx_word' id='word_1_833' title='bbox 3821 2184 3865 2238; x_wconf 77' lang='lat' dir='ltr'><strong>Et</strong></span> <span class='ocrx_word' id='word_1_834' title='bbox 3910 2200 3911 2211; x_wconf 49' lang='grc' dir='ltr'>ι</span> 
     </span>
    </p>
   </div>
   <div class='ocr_carea' id='block_1_94' title="bbox 2321 2467 3911 2547">
    <p class='ocr_par' dir='ltr' id='par_1_94' title="bbox 2321 2467 3911 2547">
     <span class='ocr_line' id='line_1_94' title="bbox 2321 2467 3911 2547; baseline -0.002 -25"><span class='ocrx_word' id='word_1_835' title='bbox 2321 2468 2462 2541; x_wconf 85' lang='lat' dir='ltr'><strong>(sive</strong></span> <span class='ocrx_word' id='word_1_836' title='bbox 2482 2471 2776 2542; x_wconf 86' lang='lat' dir='ltr'><strong><em>gloriam,et</em></strong></span> <span class='ocrx_word' id='word_1_837' title='bbox 2806 2485 3015 2525; x_wconf 84' lang='lat' dir='ltr'><strong><em>cunctos</em></strong></span> <span class='ocrx_word' id='word_1_838' title='bbox 3036 2473 3308 2529; x_wconf 82' lang='lat' dir='ltr'><strong><em>thesauros</em></strong></span> <span class='ocrx_word' id='word_1_839' title='bbox 3335 2489 3521 2547; x_wconf 83' lang='lat' dir='ltr'><strong><em>regum</em></strong></span> <span class='ocrx_word' id='word_1_840' title='bbox 3546 2470 3685 2525; x_wconf 82' lang='lat' dir='ltr'><strong><em>Juda</em></strong></span> <span class='ocrx_word' id='word_1_841' title='bbox 3709 2468 3812 2521; x_wconf 75' lang='lat' dir='ltr'><strong><em>dabo</em></strong></span> <span class='ocrx_word' id='word_1_842' title='bbox 3830 2467 3863 2516; x_wconf 75' lang='lat' dir='ltr'><strong>in</strong></span> <span class='ocrx_word' id='word_1_843' title='bbox 3910 2496 3911 2503; x_wconf 60' lang='grc' dir='ltr'><strong>η</strong></span> 
     </span>
    </p>
   </div>
   <div class='ocr_carea' id='block_1_95' title="bbox 2303 3496 3911 3579">
    <p class='ocr_par' dir='ltr' id='par_1_95' title="bbox 2303 3496 3911 3579">
     <span class='ocr_line' id='line_1_95' title="bbox 2303 3496 3911 3579; baseline -0.007 -26"><span class='ocrx_word' id='word_1_844' title='bbox 2303 3496 2925 3570; x_wconf 81' lang='lat' dir='ltr'><strong>Commiuaturqueeum</strong></span> <span class='ocrx_word' id='word_1_845' title='bbox 2946 3513 3066 3553; x_wconf 90' lang='lat' dir='ltr'><strong>cum</strong></span> <span class='ocrx_word' id='word_1_846' title='bbox 3086 3498 3277 3553; x_wconf 88' lang='lat' dir='ltr'><strong>amicis</strong></span> <span class='ocrx_word' id='word_1_847' title='bbox 3298 3498 3417 3553; x_wconf 90' lang='lat' dir='ltr'><strong>suis</strong></span> <span class='ocrx_word' id='word_1_848' title='bbox 3430 3498 3548 3571; x_wconf 58' lang='grc' dir='ltr'><strong>μη</strong></span> <span class='ocrx_word' id='word_1_849' title='bbox 3571 3498 3764 3570; x_wconf 84' lang='lat' dir='ltr'><strong>jamque</strong></span> <span class='ocrx_word' id='word_1_850' title='bbox 3780 3504 3846 3544; x_wconf 82' lang='lat' dir='ltr'><strong>ca-</strong></span> 
     </span>
    </p>
   </div>
   <div class='ocr_carea' id='block_1_96' title="bbox 2293 3961 3911 4037">
    <p class='ocr_par' dir='ltr' id='par_1_96' title="bbox 2293 3961 3911 4037">
     <span class='ocr_line' id='line_1_96' title="bbox 2293 3961 3911 4037; baseline -0.004 -21"><span class='ocrx_word' id='word_1_851' title='bbox 2293 3961 2445 4017; x_wconf 88' lang='lat' dir='ltr'><strong>urbis</strong></span> <span class='ocrx_word' id='word_1_852' title='bbox 2475 3979 2637 4034; x_wconf 86' lang='lat' dir='ltr'><strong>quam</strong></span> <span class='ocrx_word' id='word_1_853' title='bbox 2673 3966 3058 4021; x_wconf 86' lang='lat' dir='ltr'><strong>thesaurorum</strong></span> <span class='ocrx_word' id='word_1_854' title='bbox 3096 3966 3368 4037; x_wconf 89' lang='lat' dir='ltr'><strong>regiorum</strong></span> <span class='ocrx_word' id='word_1_855' title='bbox 3401 3967 3475 4023; x_wconf 88' lang='lat' dir='ltr'><strong>ab</strong></span> <span class='ocrx_word' id='word_1_856' title='bbox 3507 3963 3723 4023; x_wconf 87' lang='lat' dir='ltr'><strong>inimicis</strong></span> <span class='ocrx_word' id='word_1_857' title='bbox 3748 3967 3837 4013; x_wconf 83' lang='lat' dir='ltr'><strong>esse</strong></span> <span class='ocrx_word' id='word_1_858' title='bbox 3910 3978 3911 3983; x_wconf 56' lang='grc' dir='ltr'>π</span> 
     </span>
    </p>
   </div>
   <div class='ocr_carea' id='block_1_97' title="bbox 2342 5085 3911 5167">
    <p class='ocr_par' dir='ltr' id='par_1_97' title="bbox 2342 5085 3911 5167">
     <span class='ocr_line' id='line_1_97' title="bbox 2342 5085 3911 5167; baseline -0.003 -26"><span class='ocrx_word' id='word_1_859' title='bbox 2342 5085 2678 5158; x_wconf 61' lang='grc' dir='ltr'><strong>(νθηπβ.)</strong></span> <span class='ocrx_word' id='word_1_860' title='bbox 2712 5087 2983 5144; x_wconf 77' lang='lat' dir='ltr'><strong><em>Seduxisti</em></strong></span> <span class='ocrx_word' id='word_1_861' title='bbox 3002 5105 3105 5159; x_wconf 84' lang='lat' dir='ltr'><strong>me,</strong></span> <span class='ocrx_word' id='word_1_862' title='bbox 3123 5088 3367 5159; x_wconf 78' lang='lat' dir='ltr'><strong><em>Domine,</em></strong></span> <span class='ocrx_word' id='word_1_863' title='bbox 3389 5101 3437 5145; x_wconf 89' lang='lat' dir='ltr'><strong>et</strong></span> <span class='ocrx_word' id='word_1_864' title='bbox 3465 5090 3689 5147; x_wconf 78' lang='lat' dir='ltr'><strong><em>seductus</em></strong></span> <span class='ocrx_word' id='word_1_865' title='bbox 3706 5096 3814 5144; x_wconf 74' lang='lat' dir='ltr'><strong><em>sum.</em></strong></span> <span class='ocrx_word' id='word_1_866' title='bbox 3910 5116 3911 5167; x_wconf 13' lang='grc' dir='ltr'><strong>ί</strong></span> 
     </span>
    </p>
   </div>
  </div>
