3972 6326
141 263 281 340 895

679 269 1331 333 conueursntonou
1373 275 1440 331 IN
1478 275 1829 352 JEREMIMI
1869 260 2294 355 morituram
2334 279 2464 335 LIB.
2505 279 2593 336 tv.
2635 280 2790 338 CAP.
2835 268 2957 339 xx.

3369 287 3479 350 806

148 397 332 443 tatem
353 388 564 446 olantito
585 387 724 460 (sive
743 390 866 460 quia
882 407 1062 448 amaro
1079 391 1228 446 verbo
1253 405 1364 450 meo
1385 389 1559 444 ridebo
1577 405 1777 462 prtera-
1807 405 1857 466 Α
1885 391 2170 459 testiﬁcans
2215 389 2421 445 Judwis
2464 408 2573 447 esse
2601 391 2867 448 Christum
2919 391 3099 447 Iesum
3121 392 3260 466 (Act.
3295 395 3480 468 xviii).

145 481 500 548 rieationem,
526 490 573 536 et
612 482 872 535 miseriam
907 480 1196 554 invocabo).
1231 482 1370 538 Dicit
1419 497 1478 536 se
1505 480 1772 553 Propheta

151 587 199 628 ει
225 574 460 628 Domino
489 589 611 631 esse
643 575 954 648 deceptum,
989 577 1113 644 quia
1145 574 1196 632 in
1228 574 1499 648 principio
1523 576 1772 631 audiens:

153 665 497 740 PrOpIietam
519 670 820 743 ingentibus
843 671 961 727 dedi
978 681 1025 726 te
1050 667 1254 744 (Supra
1283 685 1322 737 1,
1353 667 1429 740 5).
1454 671 1518 726 Et
1541 672 1769 726 iterum:

155 760 310 817 Ecce
330 763 578 824 constitui
603 773 651 816 te
676 761 832 817 hodie
851 780 1006 834 super
1036 773 1210 836 gentes
1238 772 1284 818 et
1311 779 1466 835 super
1505 780 1686 834 regna,
1719 771 1774 815 ut

154 857 362 912 evellas
389 867 435 909 et
467 857 724 922 destruas,
753 867 801 910 et
829 858 1101 929 disperdas
1131 869 1174 913 et
1199 859 1440 930 dissipes,
1473 869 1521 913 et
1550 859 1774 926 cedi/iccs

153 958 211 1004 et
246 949 454 1021 plantes
479 945 671 1019 (1bid.,
699 947 811 1018 l0),
837 951 1134 1005 arbitratus
1178 951 1248 1005 sit
1308 951 1442 1004 nihil
1489 966 1549 1006 se
1582 959 1772 1010 contra

157 1044 437 1113 pupulum
461 1042 801 1109 Judazorum,
837 1045 933 1100 sed
979 1055 1168 1101 contra
1192 1047 1439 1101 diversas
1459 1046 1511 1101 in
1541 1047 1771 1104 circuitu

158 1137 430 1192 nationes
448 1153 569 1192 esse
598 1137 897 1191 dicturum.
928 1137 1082 1194 Unde
1118 1150 1173 1192 et
1204 1137 1544 1212 prophetiam
1599 1137 1772 1192 liben-

161 1239 260 1284 ter
291 1230 694 1300 assumpserit;
747 1239 803 1286 et
831 1231 1087 1286 evenisse
1119 1232 1424 1298 contrario,
1459 1240 1516 1285 ut
1543 1230 1774 1300 captivi-

156 1332 340 1378 tatem
371 1322 682 1378 Jerusalem
734 1324 1062 1394 prwdicans,
1119 1325 1530 1394 persecutiones
1572 1329 1628 1378 et
1677 1338 1771 1377 an-

157 1420 390 1491 gustias
415 1419 736 1474 sustineret.
768 1417 1037 1488 Quodque
1064 1417 1276 1472 intulit.
1310 1417 1503 1472 Factus
1556 1433 1670 1470 sum
1717 1418 1772 1470 in

156 1511 405 1565 derisum
433 1519 541 1566 tota
564 1511 670 1575 die,
705 1527 882 1565 onmcs
909 1512 1232 1565 subsannant
1260 1527 1342 1565 me
1365 1527 1383 1565 :
1403 1526 1469 1566 eo
1499 1511 1643 1582 quod
1669 1525 1771 1564 ws-

161 1604 368 1658 timent
396 1603 544 1660 illum
568 1603 826 1658 universa
854 1603 1166 1669 mentitum,
1195 1614 1460 1659 etcuncta
1490 1618 1608 1673 quin
1631 1617 1770 1672 pra:-

156 1693 370 1750 dixerit
397 1709 517 1751 esse
543 1705 796 1758 ventura,
823 1696 1102 1750 mendacia
1133 1695 1353 1751 iuerint.
1407 1696 1473 1750 Et
1497 1695 1767 1766 Pr0pheta

160 1790 321 1845 enim
352 1790 532 1844 statim
559 1799 842 1858 potaverat
887 1789 1148 1856 futurum,
1201 1788 1345 1859 qunti
1378 1788 1644 1843 Dominus
1666 1788 1766 1843 mi-
1800 1793 1844 1860 Β

156 1885 440 1950 stabatur,
496 1892 550 1938 et
601 1886 832 1955 populus
885 1886 1192 1939 aistimahat
1233 1897 1574 1954 nequaquam
1628 1883 1768 1938 ultra

158 1987 484 2042 venturum,
512 1976 654 2045 quod
687 1978 869 2032 statim
904 1993 1017 2031 non
1073 1985 1317 2032 venerat.
1352 1979 1542 2044 'Atque
1574 1975 1770 2030 vocil‘e-

173 2088 274 2126 ror
298 2069 611 2124 vaStitatcm
667 2070 1020 2141 Babyloniam
1062 2080 1116 2125 et
1161 2071 1501 2140 iniquitatem
1532 2068 1768 2123 hosﬁum

160 2180 268 2233 per
288 2179 448 2232 quam
481 2162 871 2232 apprimendus
893 2163 964 2217 sit
995 2162 1225 2232 populus
1258 2176 1433 2216 meus.
1459 2161 1554 2217 Sin
1587 2169 1767 2215 autem

159 2257 454 2325 sequimur
479 2254 834 2324 Septuaginta
867 2255 917 2309 in
947 2271 1013 2309 eo
1031 2253 1173 2324 quod
1198 2253 1384 2308 dixere
1409 2269 1422 2305 :
1451 2256 1572 2324 quia
1591 2270 1771 2308 amaro

163 2347 322 2400 uerbo
344 2362 455 2401 meo
496 2345 673 2400 ridebo
699 2346 1199 2416 prceouricationem,
1229 2356 1277 2399 et
1326 2346 1587 2399 miseriam
1625 2347 1770 2398 invo-

163 2441 326 2507 cabo,
360 2443 444 2495 hic
475 2455 673 2496 sensus
696 2451 779 2495 est
811 2458 822 2494 :
852 2439 979 2498 Scio
1021 2451 1347 2511 prtesentcm
1376 2441 1650 2494 tristitiam
1684 2440 1769 2493 lu-

168 2544 299 2589 turo
326 2533 526 2606 gaudio
557 2533 1199 2602 cornu.utaiidatti,jttxta
1231 2533 1364 2588 illud
1393 2533 1536 2603 quod
1587 2533 1765 2602 scrip-

167 2637 284 2682 tum
311 2637 395 2682 est
425 2645 438 2680 :
466 2626 610 2680 Beati
627 2624 830 2696 ﬂentes,
858 2627 1102 2698 quoniam
1145 2627 1249 2697 ipsi
1290 2627 1526 2682 ridebunt
1551 2624 1767 2695 (Matth.

165 2737 222 2785 ν,
255 2719 340 2792 5);
365 2729 420 2774 et
443 2719 650 2776 idcirco
701 2719 1004 2785 miseriam,
1055 2729 1109 2775 et
1142 2720 1484 2790 iniquitatem
1517 2719 1773 2773 afﬂictio-

167 2829 411 2884 nemque
439 2815 670 2869 libenter
701 2813 967 2882 sustineo,
1004 2814 1078 2870 ita
1108 2824 1168 2869 ut
1185 2814 1396 2884 cupiam
1424 2825 1478 2869 et
1517 2813 1769 2869 invocem

167 2922 301 2972 eas;
358 2918 410 2962 et
450 2907 771 2964 brevitatem
818 2907 1070 2977 injuriae,
1131 2907 1410 2964 felicitatis
1466 2908 1774 2964 aeternitate

168 3015 551 3070 Campensem.

245 3091 430 3161 (Vers.
491 3092 552 3158 9,
580 3093 692 3164 10.)
730 3093 864 3162 Quia
894 3095 1065 3164 factus
1090 3102 1164 3148 est
1195 3093 1324 3148 milii
1367 3109 1535 3148 sermo
1558 3093 1772 3149 Domini

1883 483 1987 539 Sed
2015 493 2067 538 et
2102 485 2346 554 plerique
2375 484 2666 540 Doctorum
2719 484 2772 539 in
2826 485 3073 540 Ecclesia
3111 501 3284 556 usque
3313 487 3484 544 hodie
3542 516 3552 527 -

1878 577 2079 633 similia
2120 581 2419 643 sustinent,
2471 578 2763 634 audientes
2787 578 3244 648 vituperationem
3279 581 3477 634 multo-

1881 687 1996 724 rum
2024 681 2478 742 congregatarum
2511 670 2802 727 adversum
2843 688 2902 724 se
2945 671 2997 725 in
3033 669 3286 734 circuitu,
3321 681 3484 740 atque

1875 762 2166 816 dicentium
2197 780 2208 814 :
2245 761 2723 834 Persequimini,’ct
2753 774 3121 832 persequamur
3150 780 3254 818 eos.

1947 853 2129 922 (Vers.
2161 855 2275 926 11.)
2305 854 2496 910 Omnes
2525 855 2624 910 viri
2677 853 2788 928 [ΑΙ.
2819 855 2893 909 Ab
2925 855 3161 910 omnibus
3193 853 3360 926 viris],
3390 846 3480 926 qui

1872 957 2021 1002 erant
2075 949 2281 1018 paciﬁci
2325 950 2426 1002 mei
2472 947 2581 1022 [ΑΙ.
2617 949 2801 1021 milii],
2851 961 2900 1003 et
2950 951 3293 1004 custodientes
3337 949 3478 1005 latus

1875 1056 2047 1092 meum
2073 1040 2155 1093 :si
2179 1039 2436 1110 quomodo
2465 1037 2783 1111 decipiatur,
2824 1050 2872 1095 et
2899 1037 3268 1112 prazvaleamus
3294 1041 3478 1095 adver-

1871 1149 1987 1186 sum
2005 1144 2194 1198 eum,et
2211 1149 2585 1204 consequantur
2601 1132 2847 1188 ultionem
2868 1125 3286 1206 ex;eo.Dominus
3306 1143 3480 1189 mrtem

1873 1243 2076 1280 mecum
2104 1237 2179 1282 est
2201 1229 2348 1300 quasi
2378 1225 2597 1282 bellator
2615 1227 2784 1302 (ortis.
2838 1229 2972 1282 Cum
3010 1225 3313 1282 adversarii
3364 1245 3484 1282 sur-

1876 1318 2142 1384 rexerint,
2171 1329 2227 1374 et
2248 1321 2411 1375 amici
2433 1321 2710 1389 quondam
2741 1329 2909 1392 atque
2941 1320 3150 1391 paciﬁci
3186 1323 3384 1376 iuerint
3412 1320 3481 1376 ad

1873 1408 2015 1462 bella
2043 1412 2312 1478 conversi,
2361 1407 2742 1482 voluerintque
2785 1411 2944 1468 nobis
2976 1411 3205 1468 insidias
3232 1411 3476 1478 tendere,

1874 1519 1980 1556 non
2029 1519 2361 1573 magnopere
2409 1519 2698 1569 curemus;
2735 1504 2832 1559 sed
2859 1511 3113 1574 optemus
3163 1505 3266 1560 hoc
3294 1501 3479 1560 dicere

1870 1595 2016 1666 quod
2048 1596 2318 1668 PrOpheta
2353 1597 2595 1668 loquitur
2629 1614 2642 1651 :
2675 1595 2935 1652 Dominus
2974 1606 3150 1652 autent
3182 1614 3376 1652 mecum
3402 1607 3474 1653 est

1869 1691 2017 1758 quasi
2037 1685 2252 1743 bellator
2277 1690 2446 1760 fortis.

1947 1780 2266 1849 Idcirco-qni
2289 1797 2370 1835 me
2394 1791 2794 1851 persequuntur,
2828 1781 3012 1836 cadent
3039 1793 3082 1837 et
3112 1783 3311 1853 inﬁrmi
3333 1795 3489 1838 erunt

1874 1874 2014 1943 (sive
2039 1875 2156 1928 ideo
2185 1875 2438 1941 persecuti
2467 1886 2608 1942 sunt,
2635 1886 2683 1930 et
2715 1873 3004 1946 intelligere
3026 1893 3126 1930 non
3153 1877 3479 1949 potuerunt).

1873 1966 2274 2038 Confundantur
2307 1965 2486 2039 [Vulg.
2513 1969 2930 2045 confundantur)
2971 1967 3311 2038 uellententer,
3358 1974 3483 2042 quia

1873 2078 1975 2118 non
2005 2061 2367 2116 intellexerunt
2390 2061 2727 2132 opprobrium
2761 2061 2901 2133 (sive
2928 2064 3292 2137 ignominiam)
3346 2081 3480 2118 sem-

1874 2155 2154 2222 piternum,
2183 2160 2321 2224 quod
2346 2170 2629 2220 numquam
2677 2151 2959 2212 delabitur.
3005 2157 3146 2223 Quia
3204 2156 3478 2226 persecuti

1871 2254 2028 2313 sunt,
2065 2244 2187 2299 ideo
2219 2244 2599 2313 propheticum
2652 2263 2760 2302 non
2815 2257 3110 2317 potuerunt
3158 2242 3472 2318 intelligere

1875 2353 2218 2403 sermonem,
2250 2351 2299 2392 et
2324 2331 2691 2408 ignorantiam
2717 2339 2970 2395 confusio
3016 2341 3312 2398 vehemens
3345 2359 3479 2396 con-

1875 2443 2060 2488 secuta
2095 2441 2198 2498 est,
2235 2448 2334 2488 nec
2362 2433 2760 2488 intellexerunt
2803 2434 3153 2505 ignominiam
3184 2439 3480 2507 sempiter-

1876 2542 2024 2595 nam,
2057 2530 2607 2598 quaeobtincbiteos,
2650 2541 2704 2587 et
2749 2533 2896 2586 nulla
2950 2523 3222 2590 oblivione
3275 2527 3484 2587 delt-hi-

1876 2627 1986 2674 tur.
2020 2620 2210 2675 Dicant
2247 2622 2412 2693 igitur
2440 2624 2584 2690 qUod
2635 2624 2821 2678 volunt
2867 2625 2966 2678 viri
2999 2625 3271 2693 quondam
3312 2619 3475 2696 931

1876 2713 2112 2783 paciﬁci,
2144 2725 2198 2770 et
2221 2715 2311 2785 qui
2341 2717 2727 2772 custodiebant
2756 2720 2896 2773 latus
2937 2735 3139 2784 meum,
3171 2730 3226 2774 et
3252 2711 3478 2788 decipe-

1875 2821 1932 2860 re
1960 2805 2270 2875 cupiebant,
2304 2807 2602 2862 dummodo
2641 2807 2850 2879 justum
2882 2812 3053 2865 virum
3087 2821 3254 2882 atque
3279 2812 3476 2867 docto-

1874 2913 1989 2952 rem
2044 2897 2303 2953 Ecclcsia:
2357 2912 2478 2969 post
2524 2901 2964 2970 persecutionem
3008 2913 3152 2960 tanta
3197 2903 3463 2971 vindicta,

1876 3000 2132 3057 tantaque
2161 2992 2386 3062 praernia
2410 3006 2840 3064 consequantur.

1929 3083 1970 3154 ⁴(
2001 3080 2157 3140 Vcrs.
2190 3084 2275 3139 l2.
2303 3086 2318 3154 )
2353 3083 2420 3138 Et
2451 3094 2503 3138 tu
2529 3128 2543 3152 ,
2577 3085 2801 3142 Domine
2826 3129 2839 3152 ,
2875 3089 3200 3143 exercituum
3232 3091 3482 3162 probator

167 3186 224 3240 in
256 3185 609 3256 approbrium,
639 3193 683 3238 et
718 3186 770 3238 in
796 3186 1021 3240 derisum
1051 3195 1159 3240 tota
1201 3187 1304 3240 die.
1349 3184 1414 3239 Et
1457 3186 1568 3240 dixi
1597 3203 1614 3246 ;
1648 3186 1768 3240 Non

1878 3177 1999 3243 iusti
2028 3179 2171 3245 (sive
2202 3180 2290 3245 qui
2321 3177 2508 3246 probas
2526 3180 2699 3251 justa)
2730 3183 2819 3250 qui
2845 3183 2984 3235 vides
3010 3200 3155 3237 renes
3183 3194 3229 3237 et
3263 3201 3382 3252 cor,
3409 3189 3482 3238 ri-

167 3275 484 3332 recordabor
514 3279 624 3348 ejus
661 3275 927 3348 (aiVCthll
974 3278 1252 3330 nominabo
1291 3268 1628 3346 Dominum),
1677 3294 1769 3331 nec

168 3370 358 3442 loquar
381 3369 519 3422 ultra
551 3370 604 3423 in
649 3370 853 3423 nomine
901 3370 1085 3440 ipsius.
1111 3369 1178 3424 Et
1208 3370 1374 3439 [actus
1399 3380 1472 3424 est
1517 3372 1570 3424 in
1614 3370 1769 3426 cortle

167 3464 446 3536 meaquusi
460 3463 1226 3536 ignisesttuans,claususque
1251 3465 1305 3517 in
1336 3465 1531 3518 ossibus
1558 3466 1768 3532 meis,et

169 3555 336 3630 deieci
359 3557 526 3630 980
551 3557 991 3629 (sivedissolutns
1009 3558 1165 3629 sum),
1190 3562 1327 3629 {erro
1351 3575 1450 3612 non
1484 3561 1762 3615 sustinens.

170 3654 362 3707 Audivi
405 3654 538 3706 enim
561 3654 900 3707 contumelias
926 3653 1066 3723 (sive
1094 3654 1541 3724 vituperationem)
1573 3654 1764 3708 multo-

168 3762 310 3812 rum,
340 3754 384 3797 et
409 3757 653 3798 terrorem
673 3746 726 3798 in
750 3745 968 3799 circuitu
989 3747 1132 3812 (sive
1162 3756 1591 3820 congregatarum
1611 3747 1763 3802 undi-

167 3835 311 3907 que),
345 3839 746 3909 persequimini,
801 3848 847 3890 et
899 3855 1268 3910 persequamur
1313 3857 1447 3895 eum.
1485 3840 1768 3896 Clamante

171 3944 260 3983 me
301 3941 463 3997 atque
511 3930 750 3997 dicente,
797 3929 942 4001 quod
991 3931 1106 3999 jam
1177 3933 1507 4005 Bahylonius
1563 3936 1770 3989 veniret

169 4021 480 4087 exercitus,
535 4034 587 4077 et
642 4022 824 4077 omnia
880 4022 1091 4077 hostilis
1131 4025 1343 4094 gladius
1405 4026 1764 4094 prtedaretur,

172 4128 370 4169 versus
398 4121 484 4169 est
516 4111 649 4169 mihi
674 4129 856 4172 sermo
889 4114 1106 4171 Domini
1144 4119 1193 4171 in
1217 4118 1574 4187 opprobrium
1603 4129 1767 4188 atque

170 4199 415 4260 derisum
451 4247 465 4271 ,
523 4204 651 4260 dum
702 4207 1015 4262 tarditatem
1054 4209 1354 4279 prophetia:
1407 4219 1594 4279 putant
1645 4226 1768 4266 esse

169 4296 542 4352 mendacium.
567 4297 931 4366 Quamobrem
976 4301 1030 4355 in
1065 4317 1182 4356 mea
1223 4313 1405 4358 mente
1437 4295 1678 4372 decrevi,
1712 4313 1770 4359 ut

171 4389 314 4443 ultra
349 4387 417 4444 ad
451 4392 710 4460 populum
742 4391 834 4446 Dei
865 4393 1046 4448 verbis
1088 4410 1194 4448 non
1237 4394 1511 4465 loquerer,
1545 4411 1643 4451 nec
1671 4411 1768 4450 no-

171 4498 296 4537 men
324 4483 467 4536 illius
498 4484 862 4539 nominarem.
896 4485 1050 4551 Quod
1066 4501 1188 4542 cum
1225 4486 1430 4556 pudore
1451 4497 1763 4557 superatus,

1873 3269 2019 3323 dcam
2048 3288 2222 3342 quwso
2252 3271 2503 3328 ultionem
2541 3284 2682 3328 tuam
2725 3292 2788 3330 ea:
2817 3280 2887 3330 eis
2910 3319 2922 3343 ,
2965 3278 3057 3330 tibi
3081 3282 3218 3332 enim
3259 3281 3481 3336 revelari

1872 3378 2082 3415 causant
2108 3379 2275 3417 nteant
2307 3363 2472 3435 (Luc.
2491 3381 2541 3419 vt
2569 3365 2609 3436 ).
2642 3367 2809 3423 Solus
2830 3378 2915 3423 est.
2941 3369 3228 3437 Dominus,
3251 3375 3343 3440 qui
3378 3390 3480 3428 no-

1873 3455 2011 3506 verit
2059 3455 2293 3524 probare
2340 3456 2655 3524 justitiam,
2687 3460 2965 3526 quomodo
3015 3463 3166 3517 solus
3217 3471 3304 3517 est
3337 3505 3352 3526 ,
3387 3467 3478 3531 qui

1871 3547 2053 3601 cordis
2075 3550 2288 3601 interna
2321 3550 2647 3619 conspiciat.
2683 3549 2836 3607 Unde
2864 3563 2917 3606 et
2941 3551 3104 3609 Jcsus
3133 3555 3314 3610 sciens
3337 3558 3480 3628 cogi-

1873 3646 2104 3699 taliones
2131 3642 2436 3712 hominum,
2467 3662 2574 3702 n0u
2609 3663 2681 3704 es
2724 3649 2996 3718 profectu.
3027 3659 3085 3705 ut
3114 3653 3335 3721 quidam
3376 3669 3478 3724 pu-

1872 3745 1989 3792 tant
2010 3772 2026 3802 ,
2057 3738 2154 3793 sed
2204 3749 2394 3795 natura
2427 3740 2573 3796 Deus
2602 3751 2710 3798 ost.
2739 3743 2869 3798 Tale
2899 3743 3030 3813 quid
3075 3753 3129 3800 et
3167 3747 3218 3800 in
3254 3747 3477 3820 psalmis

1869 3840 2028 3888 sonat
2057 3851 2071 3888 :
2103 3832 2229 3888 Non
2258 3836 2646 3907 justi/imbitur
2673 3840 2726 3894 in
2759 3855 3037 3913 conspectu
3085 3851 3173 3900 tuo
3205 3845 3372 3898 omnis
3402 3847 3480 3899 vi-

1868 3941 1985 3979 rens
2017 3925 2191 3998 (Psal.
2222 3943 2389 3996 CXLII,
2417 3929 2499 4000 2).
2531 3929 2590 3992 Si
2621 3932 2818 3988 vivens
2847 3934 3146 3992 virtutibus
3176 3953 3283 3992 non
3310 3937 3477 4007 justi-

1873 4017 2125 4072 ticabitur
2153 4061 2167 4085 ,
2201 4032 2404 4091 quanto
2445 4023 2614 4094 magis
2658 4026 2751 4094 qui
2796 4040 2895 4096 pro
2947 4030 3186 4098 peccatis
3233 4038 3480 4087 mortuus

1870 4109 2000 4162 est?
2030 4107 2278 4183 Curaque
2309 4127 2368 4168 se
2399 4114 2535 4168 sciat
2563 4115 2744 4185 justus
2778 4127 3240 4189 propugnatorem
3273 4119 3480 4178 habere

1875 4204 2068 4267 Deum.
2100 4215 2278 4266 tamen
2306 4208 2653 4277 impatientia
2680 4210 2994 4281 fragilitatis
3027 4213 3304 4283 humanae,
3333 4215 3479 4288 quod

1872 4300 2023 4353 novit
2069 4315 2192 4356 esse
2224 4311 2513 4357 venturum
2541 4341 2556 4367 ,
2576 4301 2690 4372 jam
2734 4319 2877 4358 nutic
2932 4305 3123 4366 videre
3174 4307 3475 4366 desiderat.

1869 4389 1969 4445 Cui
1990 4399 2048 4446 et
2074 4395 2340 4448 revelavit
2361 4411 2584 4456 causam
2611 4411 2765 4452 suam
2790 4440 2805 4467 ,
2833 4401 2924 4470 qui
2948 4401 3081 4458 dicit
3105 4401 3162 4458 in
3185 4404 3296 4458 alio
3319 4404 3476 4462 loco:

1873 4479 1930 4534 Μ
1935 4483 2010 4535 illi
2035 4483 2331 4550 vindictam,
2364 4497 2412 4541 et
2435 4503 2529 4558 ego
2556 4489 2856 4559 retribuam,
2873 4492 2999 4546 dicit
3017 4493 3268 4550 Dominus
3295 4496 3477 4568 (Deut.

170 4569 483 4632 verecunde
505 4573 846 4646 quidem,sed
871 4578 1032 4632 stulte
1050 4577 1650 4648 constituissemJactuS
1673 4591 1768 4646 est,
1797 4555 1851 4616 D
1878 4588 2049 4638 XXXII.
2080 4571 2193 4645 33).
2229 4575 2380 4632 Felix
2401 4590 2584 4634 autem
2609 4584 2972 4649 conscientia,
2997 4585 3158 4656 cujus
3177 4555 3340 4642 causa
3371 4589 3479 4646 Do.

171 4669 372 4739 inquit,
395 4667 452 4723 in
465 4668 623 4724 corde
636 4687 745 4723 meo
757 4671 908 4741 quasi
921 4667 1056 4741 ignis
1072 4682 1364 4726 emstuans
1377 4665 1690 4740 claususque
1719 4673 1770 4726 in

172 4761 540 4825 ossibusmeis;
575 4763 689 4818 sive
705 4761 1410 4834 undiquedissolutussum,
1442 4767 1514 4820 ita
1546 4775 1602 4820 ut
1625 4764 1770 4822 ferre

173 4873 282 4912 non
304 4871 544 4928 possein.
581 4854 894 4926 Conceptus
928 4859 1077 4913 enim
1099 4859 1283 4912 animo
1302 4874 1486 4915 sermo
1524 4859 1766 4927 divinus,

172 4966 274 5006 nec
290 4967 384 5004 ore
403 4949 898 5022 prolatus,ardetin
923 4960 1165 5020 pectore.
1195 4941 1351 5008 Unde
1381 4963 1434 5006 et
1457 4954 1655 5006 I’aulns
1691 4954 1768 5007 lo-

172 5043 385 5114 quitur:
406 5041 466 5098 Si
494 5043 934 5116 euangelizavero,
954 5060 1057 5096 non
1083 5052 1154 5098 est
1171 5044 1516 5116 nti/tigloria:
1543 5048 1766 5100 necessi-

174 5148 252 5192 tas
281 5140 423 5191 enim
461 5138 586 5191 mitti
623 5136 895 5190 incuubit.
941 5135 1028 5190 Va:
1055 5139 1189 5192 enim
1211 5138 1337 5191 milti
1362 5148 1456 5204 est,
1486 5141 1586 5193 nisi
1618 5155 1771 5195 cvan-

172 5233 497 5304 gelizauero;
518 5231 562 5286 si
589 5231 726 5286 enim
755 5229 927 5284 volens
948 5229 1046 5284 hoc
1070 5248 1192 5302 ago,
1246 5231 1530 5288 mercedem
1559 5227 1718 5287 habeo
1752 5248 1770 5291 :

174 5327 217 5381 si
245 5337 420 5381 autem
445 5326 656 5392 inuitus,
689 5325 1006 5395 dispensatio
1051 5325 1178 5384 mihi
1232 5327 1426 5382 credita
1474 5337 1544 5380 est
1571 5325 1612 5394 (l
1645 5326 1764 5382 Cor.

173 5435 248 5486 lx,
279 5420 368 5486 l6,
405 5420 514 5480 17).
546 5418 612 5480 Et
643 5420 696 5474 in
743 5418 972 5474 Athenis
1021 5418 1217 5480 videns
1249 5420 1573 5474 idololatria:
1619 5419 1770 5475 dedi~

176 5522 282 5569 tam
315 5513 622 5579 civitatem,
652 5511 982 5568 incitabatur
1013 5511 1118 5585 [Αι.
1152 5512 1433 5583 incitatur]
1466 5514 1682 5582 Spiritu,
1716 5523 1772 5569 et

176 5615 280 5662 tota
313 5615 500 5666 mente
525 5605 766 5662 fervebat
797 5607 934 5678 (Act.
958 5606 1114 5679 xvu).
1150 5607 1222 5670 Et
1250 5617 1371 5678 post
1403 5607 1680 5665 modicum
1714 5607 1767 5662 in

173 5702 363 5758 eodem
399 5701 676 5759 volumine
717 5703 948 5771 legimus
978 5719 989 5757 :
1020 5700 1148 5757 Cum
1201 5701 1454 5757 uenissent
1498 5710 1673 5756 autem
1703 5702 1767 5759 de

176 5792 489 5858 Macedonia
518 5792 664 5853 Silus
695 5793 1080 5862 «Timotheus,
1105 5791 1336 5851 instabat
1357 5794 1505 5851 verbo
1536 5792 1761 5864 Paulus,

1876 4665 2022 4720 mino
2055 4667 2333 4722 reveletur
2367 4670 2383 4742 (
2416 4669 2578 4725 Hebr.
2619 4688 2678 4739 x,
2704 4675 2774 4729 50
2814 4673 2865 4745 ),
2899 4675 3118 4734 dicente
3166 4679 3474 4749 Apostolo:

1877 4755 2042 4812 Omne
2071 4762 2208 4829 quod
2236 4763 2622 4832 manifestatur,
2652 4767 2745 4820 lux
2765 4778 2841 4821 est
2869 4765 3094 4841 (Ep/tes.
3121 4786 3174 4838 ν,
3209 4770 3324 4844 15).

1945 4851 2129 4924 (Vers.
2155 4853 2269 4926 15.)
2291 4855 2504 4914 Cantatc
2525 4858 2770 4929 Domino,
2789 4861 3000 4922 laudate
3021 4864 3328 4936 Dominum,
3349 4871 3474 4939 quia

1868 4949 2101 5006 liberavit
2122 4954 2349 5008 animam
2375 4959 2616 5028 pauperis
2646 4960 2710 5015 de
2735 4976 2896 5016 manu
2915 4963 3263 5033 pessimorum
3289 4966 3473 5039 (Vulg.

1874 5041 2175 5118 malorum].
2197 5045 2296 5115 Qui
2331 5063 2537 5118 panper
2564 5061 2649 5106 est
2665 5053 2886 5123 spiritu,
2915 5070 3015 5112 nec
3043 5056 3207 5116 habet
3231 5058 3473 5127 divitias,

1872 5151 1992 5207 quae
2025 5149 2353 5210 receperunt
2380 5142 2433 5196 in
2462 5142 2566 5196 isto
2592 5145 2797 5204 sacculo
2824 5150 3268 5209 consolationem
3295 5169 3471 5220 suam,

1873 5227 1940 5284 de
1985 5231 2182 5301 quibus
2210 5245 2263 5288 et
2287 5233 2493 5291 Paulus
2533 5236 2818 5309 loquitur:
2854 5241 3078 5300 Tantum
3102 5254 3156 5299 ut
3185 5263 3474 5319 pauperum

1874 5338 2122 5379 memores
2138 5325 2824 5403 cssemus(l',Cor.sui),eum
2841 5333 3315 5392 l'ueritvindictam
3332 5354 3357 5390 a
3379 5338 3476 5392 Do-

1874 5417 2024 5472 mino
2042 5433 2298 5476 consecut
2313 5438 2397 5488 us,
2428 5424 2714 5482 Dominum
2738 5427 2992 5485 laudatio
3015 5429 3238 5498 spiritu,
3255 5441 3307 5488 et
3331 5445 3390 5486 sc
3405 5432 3475 5487 de

1872 5524 2034 5564 manu
2069 5514 2432 5580 pessimorum
2465 5528 2682 5572 erutum
2708 5519 2996 5588 gloriatur.
3034 5520 3149 5576 lloc
3175 5531 3362 5582 autem
3393 5531 3476 5579 to-

1873 5610 1983 5658 tum
2014 5603 2100 5673 tit,
2129 5622 2238 5660 non
2273 5618 2466 5669 nostro
2492 5610 2714 5677 merito,
2735 5611 2830 5669 sed
2860 5611 2979 5682 eius
3009 5612 3185 5682 gratia
3209 5613 3302 5690 qui
3332 5630 3470 5684 pou-

1869 5713 2057 5768 perem
2092 5700 2394 5770 liberavit,
2424 5718 2526 5760 nec
2566 5703 2734 5760 habet
2769 5705 2998 5766 divitias
3018 5707 3295 5780 superbiae
3345 5725 3469 5772 cor-

1868 5797 2079 5855 ruentis
2107 5811 2120 5862 ;
2148 5796 2244 5853 sed
2265 5795 2630 5862 humilitatem
2653 5797 3177 5870 pauperislilterati.
