3972 6320
580 261 687 316 807

1800 257 1860 315 S.
1905 257 2185 317 EUSEBll
2223 258 2606 318 HIERONYMI

3787 267 3877 325 808

647 371 831 445 (Vers.
862 372 927 426 ll
955 368 1138 440 seqq.)
1161 368 1446 425 Maledicta
1473 369 1605 433 dies,
1639 369 1694 424 in
1721 386 1829 441 qua
1860 380 2014 425 natus
2032 389 2176 440 sum,
2205 377 2259 437 Α
2287 373 2506 430 Maus-ite
2525 376 2869 444 sacerdotem,
2899 378 3078 435 dicens
3106 395 3126 436 :
3151 378 3428 452 Interroga
3465 398 3564 454 pro
3594 383 3753 438 nobis
3783 383 3877 438 Do-

578 465 688 518 dies
735 464 789 516 in
819 478 923 532 qua
963 461 1159 533 peperit
1205 479 1283 516 me
1324 471 1487 516 mater
1515 479 1628 517 mea
1659 479 1762 516 non
1793 465 1861 517 sit
1891 465 2176 521 benedicta.

576 554 892 611 Maledictus
915 554 990 608 vir
1022 553 1166 626 (sive
1197 555 1352 610 homo
1377 557 1397 624 )
1426 555 1516 625 qui
1545 557 1874 611 annuntiavit
1905 558 2042 627 putri
2067 573 2180 612 meo

573 649 768 709 dicens.
799 656 954 703 natus
982 655 1056 702 est
1085 647 1178 702 tibi
1220 649 1364 719 ﬁlius
1393 647 1654 704 masculus
1675 691 1690 713 ,
1717 661 1764 705 et
1793 651 1943 722 quasi
1987 650 2181 722 gaudio

569 740 853 812 latiﬁcavit
884 759 1020 796 eunt.
1056 740 1141 798 Sit
1182 743 1334 797 homo
1366 742 1457 798 ille
1497 754 1553 798 ut
1594 754 1716 800 sunt
1762 745 2027 812 civitates,
2050 761 2180 812 quas

570 833 814 890 subvertit
840 833 1118 900 Dominus,
1141 845 1189 888 et
1213 851 1316 888 non
1335 835 1575 905 paenituit
1599 851 1717 889 eum
1742 852 1759 890 :
1782 835 1964 890 audiat
1985 835 2180 890 clamo-

572 942 677 980 rem
706 942 858 980 mane
882 966 897 991 ,
923 935 971 978 et
1000 923 1263 979 ululatum
1290 927 1342 979 in
1367 937 1594 999 tempore
1613 926 1906 982 meridiano
1928 969 1942 991 ,
1962 929 2050 998 qui
2075 945 2177 981 non

570 1018 835 1090 interfecit
863 1033 944 1071 me
973 1034 1005 1071 a
1033 1019 1207 1078 vulva.
1240 1027 1295 1072 ut
1326 1018 1475 1088 ﬁeret
1507 1019 1636 1073 mihi
1663 1029 1828 1074 mater
1861 1036 1970 1074 mea
2001 1018 2177 1092 sepul-

570 1130 740 1177 crum.
773 1123 821 1169 et
851 1112 1002 1168 vulva
1032 1114 1145 1182 ejus
1162 1125 1440 1186 conceptus
1461 1124 1709 1169 wternus.
1742 1113 1918 1181 Quare
1942 1113 2007 1168 de
2027 1113 2178 1167 vulva

572 1223 812 1280 egressus
843 1223 978 1273 sum,
1013 1216 1066 1260 ut
1090 1205 1321 1259 uiderem
1355 1205 1585 1260 laborem
1615 1217 1663 1260 et
1691 1205 1946 1273 dolorem,
1978 1214 2026 1260 et
2055 1221 2179 1260 con-

574 1313 902 1358 sumerentur
933 1303 985 1356 in
1009 1302 1312 1372 confusione
1331 1300 1443 1358 dies
1477 1302 1574 1356 mei
1598 1303 1738 1368 ?Qui
1764 1300 2178 1371 putantanimas

572 1395 744 1452 fuisse
778 1397 829 1450 in
860 1395 1205 1461 ctelestihns,
1235 1406 1290 1448 et
1317 1394 1389 1451 de
1427 1395 1642 1450 meliori
1685 1394 1737 1448 iu
1771 1395 2013 1464 peiorem
2060 1407 2174 1449 sta-

573 1498 686 1545 tum
719 1487 1109 1560 prarcipitatas.
1143 1489 1247 1544 hoc
1281 1496 1336 1543 et
1375 1487 1759 1559 hujuscemodi
1803 1498 2028 1544 utuntur
2058 1498 2173 1544 tes-

574 1580 850 1648 timoniis,
878 1581 1023 1652 quod
1062 1580 1279 1636 scilicet
1309 1579 1507 1635 melius
1537 1579 1703 1634 fuerit
1749 1579 1800 1634 in
1834 1579 2171 1646 ccelestihus,

572 1687 734 1744 quam
777 1674 829 1726 in
873 1671 1115 1728 terrenis
1140 1673 1496 1737 commorari,
1529 1680 1586 1727 et
1623 1686 1824 1742 corpus
1855 1670 2173 1727 humilitatis

2285 467 2504 532 minum,
2528 469 2650 538 quia
2678 468 3164 527 Nabuchodonosor
3189 489 3282 528 rea:
3302 473 3588 546 Babylonis
3619 478 3876 548 preliatar

2281 560 2557 614 adversum
2584 578 2704 629 nos,
2721 564 2766 616 si
2793 563 2928 634 forte
2951 564 3110 634 faciat
3133 563 3393 621 Dominus
3415 566 3691 621 nobiscum
3714 585 3879 622 secun-

2285 652 2413 706 dum
2444 655 2618 708 omnia
2659 657 2920 711 mirabilia
2949 675 3079 722 sua,
3104 668 3154 713 et
3193 658 3404 713 recedat
3440 677 3474 714 α
3514 659 3689 716 nobis.
3719 662 3876 730 Supra

2282 744 2524 814 pontifex
2559 747 2791 817 Phasur,
2823 751 2940 806 sive
2972 751 3275 820 Phascbor,
3309 754 3402 822 qui
3433 755 3718 824 pereus.~it
3741 755 3878 812 Jere-

2283 837 2471 903 miam,
2503 848 2717 908 patrem
2754 841 2946 896 habuit
2976 842 3196 897 Emmer
3227 843 3473 916 (Supra,
3507 849 3634 918 xx).
3671 846 3771 903 Hic
3796 863 3877 904 att-

2281 938 2390 986 tem
2422 932 2635 990 Pliasur
2665 935 2804 991 filius
2836 947 2919 992 est
2949 939 3215 995 Melchiw.
3251 939 3364 997 Hoc
3393 941 3601 998 idcirco
3623 986 3641 1011 ,
3677 959 3747 1000 ne
3771 947 3877 1014 quis

2287 1025 2541 1082 eumdem
2576 1040 2746 1098 putet.
2779 1030 2942 1089 Mittit
2978 1041 3158 1089 autem
3203 1051 3297 1090 rex
3337 1035 3600 1093 Sedecias
3648 1040 3719 1093 ad
3759 1039 3875 1096 Pro.

2281 1119 2536 1189 phetam,
2571 1124 2766 1180 nolens
2808 1125 2897 1182 vel
2931 1130 3191 1198 populum
3224 1128 3388 1198 scire,
3413 1133 3501 1188 vel
3543 1133 3721 1207 983
3750 1139 3876 1204 priu-

2279 1213 2431 1282 cipes
2456 1254 2470 1274 .
2503 1225 2558 1268 ut
2590 1217 2807 1272 occulto
2839 1234 2938 1286 per
2979 1220 3188 1291 legatos
3239 1222 3431 1278 nuntio
3482 1239 3874 1296 receprrosrat,

2278 1321 2439 1375 quam
2473 1307 2732 1365 Dominus
2763 1327 2932 1382 super
2961 1314 3150 1370 urbem
3180 1315 3512 1387 Jerusalem,
3543 1332 3600 1377 et
3628 1325 3875 1392 papulruu

2277 1400 2594 1459 Judmorum
2621 1404 2821 1462 habeat
2848 1411 3198 1465 sententiam.
3223 1410 3488 1481 Quodque
3517 1414 3690 1470 infert
3715 1433 3728 1469 :
3755 1417 3877 1485 Quia

2281 1494 2771 1555 Nabuchodonosor
2789 1518 2880 1556 rex
2889 1501 3176 1575 Babylonis
3189 1507 3754 1578 prarliaturadversum
3772 1529 3875 1581 nos,

2275 1591 2518 1644 OSIendit
2554 1591 2666 1660 jam
2725 1594 2955 1650 obsessa
3009 1595 3318 1654 Jerusalem
3344 1640 3361 1667 ,
3389 1616 3419 1655 a
3448 1601 3734 1673 Propheta
3787 1606 3876 1664 hoc

2276 1680 2542 1738 sciscitari
2565 1683 2877 1744 Sedeciam.
2907 1689 2970 1743 Et
2988 1691 3308 1760 notandum,
3331 1695 3475 1764 quod
3495 1695 3549 1750 in
3568 1697 3872 1767 l‘ropltetis,

568 1779 851 1820 assumere
881 1780 895 1820 :
932 1779 1069 1818 nova
1097 1763 1344 1832 qua‘dam
1371 1807 1385 1831 ,
1420 1764 1591 1819 immo
1613 1764 1726 1834 jam
1756 1778 1942 1820 vetera
1992 1765 2170 1820 luere-
2203 1764 2252 1824 B
2280 1774 2628 1846 maximeque
2658 1777 2716 1833 in
2763 1779 3054 1838 Ezechiele
3079 1825 3093 1848 ,
3126 1793 3182 1839 et
3225 1783 3462 1841 Jeretnia
3486 1829 3503 1855 ,
3537 1805 3871 1861 nequaquam

561 1873 688 1914 seos
726 1873 840 1914 sua:
878 1871 1207 1923 argumenta
1249 1869 1586 1930 quaerentes.
1619 1857 1732 1913 Nos
1764 1873 1894 1914 vero
1927 1859 2168 1928 legentes

563 1949 698 2007 illud
745 1951 887 2005 beati
920 1950 1023 2006 Job
1057 1968 1070 2004 :
1101 1951 1268 2023 982
1312 1949 1597 2006 Maledicta
1628 1951 1738 2004 dies
1781 1952 1835 2005 in
1874 1969 1976 2022 qua
2018 1961 2168 2005 natus

563 2058 701 2099 sunt.
731 2051 780 2095 et
808 2058 912 2096 no.1:
937 2042 1031 2096 illa
1059 2042 1110 2095 in
1141 2059 1248 2112 qua
1271 2042 1537 2108 dixerunt,
1571 2059 1684 2096 ecce
1707 2045 1969 2096 masculus
2000 2045 2018 2110 (
2041 2040 2165 2097 Job.

565 2138 644 2202 m,
671 2133 752 2204 5).
782 2134 879 2189 Et:
901 2132 1213 2188 Maledictus
1235 2136 1390 2188 homo
1403 2135 1491 2204 qui
1511 2136 1838 2189 annuutiavit
1867 2137 2004 2206 patri
2031 2152 2165 2204 meo,

563 2225 756 2293 dicens,
785 2234 936 2280 natus
961 2227 1140 2281 esttibi
1164 2244 1312 2297 puer,
1334 2227 1461 2284 huic
1485 2228 1802 2283 testimonio
1821 2239 2165 2297 coaptamus,

564 2321 709 2391 quod
737 2321 948 2376 scilicet
976 2321 1173 2377 melius
1222 2323 1296 2376 sit
1342 2338 1451 2378 non
1483 2338 1644 2389 esse,
1674 2339 1838 2394 quam
1886 2323 2066 2379 vivere
2111 2324 2165 2379 in

561 2414 874 2483 suppliciis,
901 2414 1058 2482 juxta
1089 2413 1222 2470 illud
1250 2415 1396 2485 quod
1430 2417 1697 2486 scriptmn
1726 2425 1813 2471 e-t
1846 2435 1859 2470 :
1887 2416 2034 2471 Mors
2060 2417 2166 2471 viro

564 2507 785 2579 requies,
816 2508 904 2561 cui
933 2508 1122 2562 clausit
1149 2506 1286 2562 Deus
1317 2509 1452 2562 riam
1474 2525 1620 2562 suam
1641 2511 1660 2579 (
1679 2507 1844 2562 Eccli.
1867 2524 1999 2574 xxtt,
2028 2508 2089 2564 Η
2118 2506 2162 2579 ).

562 2597 628 2654 Ει
656 2597 855 2654 iterum
889 2615 905 2654 :
939 2600 1113 2666 Quare
1133 2603 1258 2655 data
1284 2609 1359 2654 est
1397 2601 1582 2654 misero
1605 2601 1731 2665 lux,
1756 2610 1808 2658 et,
1835 2602 1940 2655 vita
1970 2600 2048 2654 his
2075 2601 2166 2671 qui

559 2690 615 2744 in
635 2690 986 2745 antaritudine
1005 2692 1192 2744 animle
1216 2703 1339 2744 sunt
1361 2688 1506 2756 (Job.
1537 2707 1616 2756 Ill,
1638 2690 1733 2762 9.0)
1760 2690 1783 2744 ?
1811 2691 1871 2746 Et
1905 2694 1957 2746 in
1989 2693 2165 2748 Evan-

558 2785 703 2854 gelia
730 2784 1059 2854 simpliciter
1089 2783 1301 2837 dictum
1337 2783 1568 2855 legimus
1597 2801 1611 2837 :
1646 2782 1833 2838 Melius
1855 2785 1902 2838 ei
1922 2785 2094 2855 fuerat
2120 2783 2165 2841 si

560 2884 712 2929 tratus
735 2891 836 2929 non
863 2875 1043 2946 fuisset
1074 2873 1295 2947 (Matth.
1334 2890 1477 2942 xxvr,
1509 2876 1606 2945 Si)
1638 2893 1650 2931 :
1677 2893 1781 2930 non
1805 2880 1949 2948 quod
1977 2878 2046 2931 sit
2069 2876 2162 2946 qui

557 2977 718 3020 natus
742 2983 847 3020 nun
869 2965 1179 3030 fuerit;sed
1205 2965 1350 3036 quod
1380 2966 1582 3023 melius
1609 2968 1681 3023 sit
1704 2984 1812 3023 non
1834 2983 1977 3034 esse,
1995 2984 2160 3039 quam

561 3059 704 3115 male
734 3073 878 3114 esse.
909 3058 1069 3114 Aliud
1099 3070 1182 3114 est
1219 3059 1366 3115 enim
1395 3062 1629 3115 omnino
1669 3078 1778 3117 non
1810 3077 1935 3118 eSse
1961 3105 1976 3128 ,
2009 3063 2157 3119 aliud

2275 1883 2463 1938 regum
2521 1880 2574 1925 et
2630 1881 2938 1942 temporum
3004 1876 3141 1932 ordo
3203 1890 3455 1936 servetur
3501 1899 3518 1943 :
3576 1884 3682 1940 sed
3753 1902 3874 1956 prac-

2276 1969 2514 2030 postere,
2534 1964 2677 2032 quod
2689 1967 2844 2034 juxta
2873 1967 3156 2025 historiam
3183 1985 3374 2042 postea
3398 1973 3603 2031 factum
3624 1978 3722 2042 sit,
3739 1979 3871 2048 prius

2277 2053 2471 2108 referri
2499 2073 2513 2109 :
2541 2066 2598 2110 et
2628 2058 2771 2127 quod
2806 2060 2958 2129 prius
2986 2073 3201 2131 gestum
3234 2065 3326 2132 sit,
3360 2076 3571 2136 postea.
3607 2070 3773 2124 Aliud
3799 2080 3871 2126 est

2272 2146 2417 2200 enim
2451 2147 2773 2220 historiam,
2807 2153 2952 2208 aliud
2999 2157 3342 2228 prophetiam
3384 2161 3640 2219 scribere
3687 2183 3701 2218 :
3736 2176 3789 2219 ut
3824 2167 3868 2220 in

2275 2239 2536 2308 prmscnti
2579 2240 2702 2296 loco
2728 2285 2744 2308 ,
2773 2242 3037 2300 Sedeeias
3061 2289 3076 2312 ,
3106 2252 3197 2319 qui
3229 2266 3350 2305 cum
3395 2253 3529 2309 urbe
3574 2253 3866 2310 Jerusalem

2271 2339 2466 2398 captus
2488 2346 2594 2398 esr,
2623 2335 2850 2391 mittens
2875 2338 3134 2395 scribitur
3153 2343 3220 2397 ad
3243 2342 3557 2411 Jeremiam,
3586 2360 3640 2402 et
3666 2365 3733 2404 eo
3755 2361 3866 2404 teru-

2272 2437 2437 2493 pore,
2469 2441 2578 2495 quo
2607 2427 2967 2486 obsidebatur
2995 2432 3299 2492 Jerusalem
3328 2481 3342 2505 ,
3373 2449 3432 2494 et
3463 2452 3658 2510 postea
3692 2459 3860 2498 uarra~

2276 2526 2364 2571 tur
2399 2516 2627 2575 historia
2674 2521 2884 2578 Joacim
2935 2525 3120 2582 fratris
3155 2529 3305 2599 ejus,
3340 2533 3430 2602 qui
3461 2547 3593 2591 ante
3624 2552 3750 2592 enm
3782 2553 3860 2593 rex

2269 2607 2405 2664 fuit:
2434 2623 2489 2668 et
2519 2612 2770 2673 Joachin.
2799 2618 2852 2671 id
2880 2631 2986 2684 est,
3008 2620 3308 2691 Jechonite,
3337 2626 3426 2696 qui
3450 2627 3550 2683 fuit
3574 2631 3724 2686 filius
3745 2631 3858 2687 Joa-

2268 2701 2401 2765 cim.
2432 2719 2597 2777 super
2625 2709 2820 2778 quibus
2846 2712 3060 2770 dicetur
3087 2718 3142 2772 in
3175 2722 3556 2786 sequentibus.

2339 2796 2523 2868 (Vers.
2551 2801 2584 2855 5
2610 2815 2764 2873 seqq.
2795 2806 2814 2874 )
2840 2804 2911 2859 Et
2934 2808 3067 2863 dixit
3084 2809 3339 2868 Jeremias
3359 2816 3431 2870 ad
3447 2834 3538 2872 eos
3560 2833 3584 2873 :
3616 2820 3713 2875 Sic
3737 2820 3859 2876 dice.

2266 2890 2333 2944 tis
2365 2890 2599 2949 Sedeciw
2629 2911 2648 2948 :
2690 2895 2816 2952 Ilwc
2856 2900 2982 2955 dicit
3012 2900 3275 2961 Dominus
3303 2907 3445 2964 Deus
3471 2909 3656 2968 Israel
3683 2933 3702 2970 :
3737 2914 3858 2970 Ecce

2265 2999 2356 3053 ego
2385 2996 2674 3042 convertam
2703 3006 2827 3045 vasa
2855 2995 2977 3048 belli
3005 2997 3024 3067 (
3048 2998 3164 3054 sive
3193 3017 3340 3056 arma
3368 3005 3578 3078 bellica)
3615 3027 3733 3079 qua
3749 3023 3854 3066 sunt

2262 3078 2315 3130 in
2349 3080 2582 3134 manibus
2611 3085 2818 3148 uestris,
2852 3096 2900 3142 et
2921 3089 3105 3160 quibus
3126 3097 3367 3165 pugnatis
3389 3078 3667 3157 adversata
3696 3123 3850 3177 regem

554 3168 676 3209 cum
722 3154 828 3220 sit,
860 3153 1068 3224 absque
1111 3155 1219 3209 ulla
1266 3153 1676 3211 intermissione
1706 3157 1942 3211 cruciari
1971 3199 1986 3223 ,
2017 3173 2152 3227 quo-
2183 3155 2227 3217 C
2261 3166 2572 3240 Βαθυιοηεε,
2599 3183 2649 3229 ει
2677 3153 2953 3235 οιιαιιιηυολΙ
2974 3223 2989 3247 ν
3018 3153 3366 3252 ηαίοὺςξαεηι
3416 3153 3503 3245 νώ
3543 3153 3852 3253 έᾶἓὶκίἱω

559 3246 724 3303 modo
754 3256 985 3303 mortem
1033 3247 1277 3318 quietam
1305 3287 1320 3313 ,
1349 3246 1474 3303 vitae
1502 3248 1738 3302 miseria-
1789 3248 2151 3316 praeferimus.

556 3337 714 3397 Unde
760 3347 818 3394 et
879 3341 1046 3395 Amos
1095 3339 1241 3394 diem
1290 3340 1527 3408 appellat
1581 3340 1932 3395 tenebrarum
1968 3341 2152 3406 ,diem

553 3429 868 3487 afﬂictionis
899 3431 1109 3502 (Amos,
1142 3447 1171 3484 v
1200 3430 1242 3501 ).
1279 3431 1346 3486 Et
1376 3430 1548 3486 Jacob
1578 3446 1644 3486 eo
1673 3432 1820 3502 quod
1855 3433 2048 3488 vixerit
2099 3433 2151 3488 in

551 3522 740 3579 labore
766 3535 820 3577 et
850 3524 1116 3592 angustia,
1143 3523 1262 3578 dies
1287 3521 1411 3577 \it:e
1438 3537 1550 3578 sua:
1579 3538 1779 3592 parvos
1801 3534 1858 3580 et
1883 3527 2153 3593 pessimos

551 3623 708 3670 vocat
736 3615 958 3687 (Genes.
994 3630 1134 3670 xcvn
1160 3614 1200 3684 ).
1233 3616 1294 3668 Et
1329 3615 1529 3671 Paulus
1571 3619 1852 3682 apossolus
1879 3619 2010 3673 dicit
2037 3637 2051 3674 :
2083 3618 2151 3674 Ut

550 3707 765 3778 eriperet
786 3722 876 3759 nos
899 3705 964 3760 de
985 3707 1226 3778 praesenti
1253 3704 1427 3759 seculo
1449 3723 1665 3777 nequam
1684 3706 1886 3777 (Galat.
1914 3725 1951 3769 ι.
1977 3711 2010 3767 4
2017 3728 2060 3779 1.
2085 3710 2152 3766 Et

553 3799 752 3854 iterum
794 3816 810 3854 ι
849 3796 1175 3853 Redimentes
1215 3808 1416 3870 tempus
1450 3801 1692 3868 quoniam
1734 3801 1841 3857 dies
1876 3801 1999 3857 mali
2034 3815 2150 3858 sunt

555 3890 774 3965 (Ephes.
810 3909 862 3960 v,
892 3893 1007 3963 16).
1041 3892 1250 3947 llebra-i
1280 3894 1530 3962 quintum
1565 3911 1812 3953 mensem
1852 3913 1962 3968 quo
1991 3907 2152 3968 capta

551 3984 862 4045 Jerusalem
905 3987 1309 4057 'l‘emplumque
1350 3988 1678 4044 subtersttm
1719 3999 1846 4059 est,
1881 3991 2148 4049 nativitati

545 4079 798 4138 Jere’mize
821 4089 1140 4153 supputant,
1158 4081 1627 4139 inextricabilihus
1643 4085 1967 4155 quibusdam
1989 4097 2045 4141 et
2067 4088 2152 4142 in-

545 4175 904 4232 credibilibus
932 4175 1292 4247 argumentis.
1324 4175 1478 4244 Quod
1505 4179 1548 4232 si
1579 4179 1810 4249 probare
1834 4182 2145 4250 potuerint,

556 4265 832 4338 quomodo
866 4267 1242 4321 testimonium
1272 4265 1376 4322 Job
1403 4268 1754 4338 interpretati
1779 4273 2026 4340 valeant,
2054 4287 2148 4328 ue-

545 4359 804 4417 scio:nisi
828 4358 972 4414 forte
988 4369 1042 4414 et
1066 4359 1216 4414 illum
1246 4359 1392 4416 diem
1417 4361 1652 4432 quadam
1683 4364 2141 4436 pra-figuratione,

545 4463 602 4512 et
641 4453 901 4508 vzttieinio
951 4453 1257 4508 futurorum
1300 4454 1674 4512 subversionis
1717 4457 1932 4529 Templi
1962 4464 2146 4514 'autu-

544 4559 716 4606 ment.
765 4545 1029 4619 Quodque
1078 4547 1411 4616 imprecatur
1464 4550 1874 4608 similitudinem
1914 4552 2138 4609 snbver—
2167 4536 2216 4596 ι)

539 4658 724 4699 sarum
752 4641 1062 4709 civitatum,
1089 4639 1159 4696 de
1188 4641 1424 4698 Sodoma
1449 4652 1502 4698 et
1529 4642 1834 4700 Contorrha
1858 4646 1962 4700 dici
1994 4647 2137 4704 arbi-

540 4743 679 4799 tror,
711 4745 767 4790 et
794 4748 954 4789 omne
983 4744 1196 4800 tempus
1220 4733 1272 4788 in
1309 4734 1454 4789 luctu
1483 4776 1498 4800 ,
1528 4744 1585 4790 ut
1627 4753 1784 4790 mane
1812 4739 1886 4792 sit
1927 4738 2137 4796 clamor

541 4836 598 4884 et
637 4825 883 4883 ululatus
934 4826 1190 4882 meridie.
1231 4825 1390 4895 Quod
1432 4835 1615 4883 autem
1666 4829 1828 4886 infert
1861 4848 1875 4886 :
1910 4831 2012 4898 Qui
2057 4853 2136 4891 me

542 4935 644 4973 non
668 4919 924 4989 interfecit
963 4920 1015 4973 in
1040 4920 1191 4974 vulva
1215 4961 1232 4986 ,
1265 4920 1434 4976 Deum
1467 4922 1767 4992 significari
1813 4935 2027 4994 putant.
2065 4926 2133 4984 Ut

539 5018 690 5075 esset,
721 5003 919 5081 inquit,
939 5011 1065 5065 mihi
1093 5021 1372 5082 conceptus
1399 5023 1646 5083 a’lernus,
1673 5030 1796 5086 quae
1822 5018 2004 5074 omnia
2047 5020 2135 5075 di-

537 5110 738 5160 cuntur
759 5102 1132 5173 hyperbolice.
1152 5104 1392 5176 Denique
1409 5109 1633 5176 exponit
1655 5124 1848 5165 causas
1864 5127 1965 5165 cur
1987 5127 2138 5169 tuor-

538 5208 647 5254 tem
671 5197 926 5268 praeferat
956 5197 1103 5265 vitze,
1138 5207 1193 5254 et
1221 5202 1447 5255 omnino
1479 5219 1589 5258 non
1621 5218 1768 5271 esse,
1800 5223 1959 5274 quam
1991 5209 2134 5264 male

536 5310 698 5361 esse,
729 5293 1065 5363 subjungeus
1112 5310 1125 5348 :
1163 5293 1339 5359 Quare
1365 5296 1428 5349 de
1455 5299 1605 5352 vulva
1645 5315 1879 5372 egressus
1925 5319 2042 5356 sum
2074 5313 2133 5357 ut

534 5389 756 5444 viderem
787 5385 1016 5441 laborem
1043 5395 1092 5440 et
1130 5385 1390 5454 dolorem,
1415 5397 1463 5442 et
1489 5405 1913 5448 consumerentur
1934 5396 1986 5449 in
2009 5410 2130 5450 con-

532 5481 740 5551 fusione
765 5481 874 5535 dies
903 5480 1001 5534 mei
1029 5480 1055 5534 ?

605 5573 764 5644 (Cap.
797 5572 942 5629 XXl.
968 5601 1041 5613 —-
1069 5571 1219 5631 Vers.
1259 5574 1286 5630 1
1313 5574 1494 5647 seqq.)
1521 5575 1742 5633 Verbum
1766 5583 1902 5652 quod
1931 5583 2128 5652 factunt

531 5672 609 5719 est
637 5667 705 5719 ad
732 5664 1017 5723 Jeremiant
1044 5684 1076 5720 α
1103 5665 1328 5722 Domino
1347 5711 1363 5733 ,
1388 5674 1597 5740 quando
1623 5676 1760 5729 misit
1798 5679 1866 5731 ad
1895 5695 2009 5732 eum
2037 5697 2127 5736 rex

2259 3278 2567 3320 murorum:
2594 3277 2643 3320 et
2664 3274 2986 3342 congregabo
3006 3291 3091 3330 eos
3113 3278 3258 3349 (sive
3290 3280 3373 3353 ea)
3397 3284 3452 3336 in
3484 3288 3660 3341 medio
3690 3292 3853 3343 civita-

2257 3354 2322 3405 tis
2351 3355 2532 3423 hujus,
2563 3368 2611 3411 et
2641 3359 2910 3416 debellabo
2935 3381 3022 3420 vos
3051 3369 3102 3421 in
3138 3385 3291 3425 manu
3320 3385 3544 3442 extenta,
3572 3389 3625 3432 et
3657 3381 3849 3434 brachio

2256 3447 2383 3515 forti
2407 3447 2426 3517 (
2452 3449 2569 3504 sive
2599 3454 2801 3508 excelso
2825 3456 2844 3526 )
2867 3467 2914 3510 et
2942 3458 2994 3511 in
3021 3463 3221 3529 furore,
3245 3475 3292 3517 et
3317 3465 3370 3518 in
3395 3466 3785 3542 indignatione.
3804 3485 3848 3527 et

2257 3542 2309 3595 in
2334 3546 2412 3596 ira
2431 3548 2644 3618 grandi.
2670 3547 2740 3604 Et
2763 3553 3052 3623 percutiam
3075 3554 3393 3614 habitatores
3421 3564 3651 3621 civitatis
3673 3570 3846 3639 hujus;

2254 3636 2485 3691 homines
2497 3649 2543 3693 et
2571 3641 2807 3709 iumenta
2823 3647 3120 3716 pestilentia
3152 3667 3338 3724 magna
3357 3656 3666 3713 morientur.
3695 3636 3849 3715 Prus-

2253 3737 2356 3798 tra,
2395 3731 2596 3800 inquit,
2625 3752 2926 3807 repugnare
2953 3741 3118 3797 vultis
3139 3743 3416 3803 (ibaldmis
3447 3749 3841 3820 obsidentibus,

2251 3836 2468 3879 etarma
2499 3826 2694 3885 belliCa
2724 3835 3063 3903 prmparatis,
3096 3852 3325 3907 quorum
3354 3840 3406 3894 in
3435 3844 3620 3898 media
3652 3855 3840 3901 tantum

2253 3920 2388 3976 urbe
2421 3938 2574 3978 usum
2609 3926 2899 3991 habebitis,
2928 3940 2988 3983 ut
3014 3935 3210 3987 armati
3244 3949 3367 3990 esse
3397 3937 3839 3997 videamini.Ca:-

2254 4022 2427 4070 terum
2459 4017 2570 4073 illis
2599 4021 3004 4091 obsidentibus,
3033 4041 3132 4096 ego
3165 4043 3261 4082 vos
3291 4027 3582 4088 debellabo
3610 4035 3663 4087 in
3691 4049 3836 4090 manu

2254 4117 2471 4164 extenta
2530 4121 2585 4166 et
2627 4112 2853 4170 brachio
2892 4115 3020 4171 forti
3068 4133 3298 4188 meoque
3358 4121 3544 4178 furore
3599 4136 3660 4181 ct
3709 4125 3838 4180 indi-

2249 4205 2510 4270 gnatioue
2537 4213 2838 4275 percutiam
2865 4226 2879 4264 :
2908 4219 2965 4264 ut
2991 4220 3047 4266 et
3077 4226 3174 4268 vos
3204 4223 3260 4268 et
3289 4229 3454 4271 omne
3482 4220 3630 4287 quod
3659 4221 3835 4291 spirat,

2250 4288 2394 4348 fame
2435 4306 2490 4349 et
2534 4298 2844 4364 pestilentia
2891 4301 2942 4356 in
2977 4305 3152 4358 media
3197 4307 3328 4362 urbe
3359 4309 3656 4365 moriatur.
3688 4288 3835 4382 Quod

2245 4386 2466 4456 quidem
2505 4397 2562 4444 et
2607 4390 2808 4449 factum
2854 4394 3104 4464 legimus.
3151 4399 3372 4470 Ab~que
3405 4403 3514 4458 ulla
3548 4405 3699 4460 enim
3744 4422 3832 4460 co-

2248 4493 2404 4546 rona,
2437 4481 2781 4554 strepituque
2812 4490 3188 4558 pugnantium,
3220 4491 3351 4546 urbs
3386 4501 3534 4549 tanta
3556 4497 3832 4552 obsidione

2245 4581 2402 4640 capta
2433 4583 2537 4640 est,
2569 4583 2628 4628 ut
2650 4592 2789 4647 quos
2814 4581 3092 4637 vincerent
3119 4598 3225 4638 non
3261 4583 3550 4654 haberent,
3581 4590 3679 4642 sed
3703 4602 3831 4659 quos

2243 4673 2450 4720 tantum
2479 4680 2739 4734 caperent
2767 4688 2780 4724 :
2813 4671 3078 4739 Meliores,
3103 4676 3200 4741 ait,
3221 4679 3432 4746 fuerunt
3458 4677 3640 4751 gladio
3665 4682 3831 4736 vulne-

2240 4760 2361 4819 rati.
2395 4776 2551 4830 quam
2573 4763 2732 4816 occisi
2756 4766 2914 4837 fame.

2313 4851 2496 4922 (Vcrs.
2525 4852 2608 4915 7.)
2643 4853 2705 4908 Et
2728 4867 2842 4926 post
2870 4857 3012 4926 hazc,
3043 4863 3117 4914 ait
3147 4859 3401 4917 Dominus
3433 4880 3453 4918 :
3483 4861 3635 4920 Dabo
3666 4865 3826 4922 Sede-

2237 4942 2369 4995 ciam
2426 4959 2598 5017 regem
2661 4944 2855 5016 Judw,
2907 4959 2957 5003 et
3008 4968 3188 5030 servos
3253 4957 3410 5027 ejus,
3461 4965 3511 5010 et
3575 4960 3821 5030 populum

2239 5039 2388 5109 ejus,
2418 5049 2466 5093 et
2502 5041 2591 5110 qui
2631 5041 2866 5097 derelicti
2903 5027 3024 5099 sunt
3072 5047 3126 5100 in
3175 5047 3380 5102 ciuitate
3433 5048 3533 5103 hac
3576 5027 3612 5103 a
3648 5027 3818 5123 peste,

2236 5141 2283 5183 et
2332 5131 2532 5204 gladio,
2572 5146 2619 5186 et
2663 5134 2833 5204 fame,
2881 5137 2936 5190 in
2976 5154 3134 5192 manu
3186 5137 3679 5196 Nabuchodonosor
3749 5157 3826 5196 re-

2235 5223 2310 5292 gis
2350 5220 2639 5294 Babylonis
2660 5266 2675 5290 ,
2707 5236 2754 5279 et
2791 5226 2844 5280 in
2877 5243 3032 5282 ntanu
3074 5230 3404 5286 inimicorum
3447 5248 3626 5286 eorum
3652 5273 3666 5295 ,
3698 5243 3746 5287 et
3775 5235 3821 5284 in

2235 5328 2393 5367 manu
2420 5317 2768 5382 qurerentium
2796 5320 3025 5372 animam
3055 5337 3232 5375 eorum
3255 5336 3275 5373 :
3303 5334 3350 5376 et
3377 5325 3629 5392 percutiet
3659 5339 3744 5376 eos
3770 5323 3818 5374 in

2235 5420 2324 5459 ore
2348 5407 2538 5477 gladii,
2570 5418 2618 5464 et
2645 5427 2744 5464 non
2771 5411 3007 5481 flectetur
3024 5455 3038 5479 ,
3069 5431 3235 5482 neque
3259 5426 3470 5483 parcet,
3497 5433 3590 5470 nec
3615 5418 3818 5471 misere-

2233 5496 2392 5554 bitur.
2427 5500 2539 5556 Hoc
2569 5503 2713 5573 quod
2744 5519 2844 5560 nos
2884 5507 3271 5563 transtulimus
3304 5527 3318 5564 :
3360 5509 3530 5582 984
3558 5509 3624 5565 In
3669 5523 3812 5562 manu

2233 5590 2720 5652 Nabuchodonosor
2745 5601 2884 5672 regis
2912 5598 3224 5673 Babylonis,
3250 5614 3300 5658 et
3324 5605 3378 5658 in
3406 5622 3564 5660 utanu
3586 5604 3812 5658 inimico—

2229 5702 2347 5742 rum
2389 5706 2563 5745 eorunt
2590 5731 2605 5758 ,
2630 5691 2682 5748 in
2713 5693 3067 5766 Septuaginta
3102 5711 3208 5751 non
3238 5696 3490 5753 habetur.
3522 5699 3589 5752 Et
3629 5710 3724 5767 pro
3749 5706 3809 5750 eo

529 5757 778 5814 Sedecias
806 5757 1016 5816 Phasur
1035 5760 1204 5829 ﬁlium
1232 5763 1492 5832 Melchiaz,
1521 5777 1570 5823 et
1599 5768 1928 5839 Sophoniatn
1952 5773 2154 5843 ﬁlium-
2228 5782 2373 5852 quod
2404 5799 2502 5840 nos
2533 5757 2769 5842 diximus
2790 5757 2816 5840 ἐ
2854 5757 2973 5841 Non
3003 5787 3238 5856 ﬂectetur
3256 5829 3272 5855 ,
3307 5806 3469 5861 neque
3495 5757 3697 5862 parcet,
3725 5801 3805 5840 nec
