3972 6366
178 326 282 390 809

669 322 1322 386 COMMENTARIORUM
1363 327 1430 387 IN
1468 323 1819 386 JEREMIAM
1862 321 2285 391 PROPHETAM
2325 334 2456 391 LIB.
2500 335 2589 394 IV.
2630 336 2788 397 CAP.
2828 339 2972 397 XXI.

3371 347 3481 407 8|0

175 435 513 502 miserebitur,
538 432 902 508 Septuaginta
927 436 1327 494 transtulerunt
1352 435 1508 493 :Non
1530 452 1765 510 parcam,
1794 438 1847 498 Α
1872 435 2023 503 dine,
2056 448 2111 496 et
2137 440 2491 500 clementiam
2522 445 2741 503 Domini
2771 457 3169 521 consequatur.
3197 451 3477 531 fudicate,

174 546 264 585 nec
313 527 610 585 miserebor.
645 527 954 601 Meliusque
998 538 1081 585 est
1120 530 1272 599 juxta
1310 528 1633 587 llebraicum
1660 571 1675 596 ,
1706 535 1768 584 ut

173 622 413 681 crudelis
440 623 715 680 sententia
746 633 804 680 et
831 623 1180 693 inﬂexibilis,
1212 625 1387 698 magis
1415 625 1564 696 regis
1595 624 1770 698 Baby-

170 717 326 783 lonii,
349 733 509 790 quam
538 717 755 775 Domini
788 733 912 775 esse
932 718 1202 777 videatur.
1230 720 1470 776 Primum
1491 729 1677 776 autem
1698 719 1769 775 de

170 813 424 869 universa
454 811 589 868 urbe
629 813 1016 883 prophetatum
1049 823 1136 870 est
1184 831 1198 869 :
1238 829 1387 871 nunc
1417 803 1637 885 prop'rie
1664 812 1767 871 Se-

171 906 341 963 decite
372 904 711 978 praedicitur.
741 915 798 963 et
819 908 1024 979 populo
1048 908 1191 979 ejus,
1215 910 1305 981 qui
1335 910 1540 966 residui
1563 909 1769 965 iuerint

170 1011 289 1072 post
319 1010 559 1071 pestem,
588 999 866 1073 gladium,
899 1009 958 1058 et
986 1001 1206 1069 famem,
1238 1001 1383 1074 quod
1420 1018 1449 1057 a
1478 1002 1769 1058 Nabucho-

170 1092 407 1150 donosor
438 1108 570 1165 rege
609 1093 917 1166 Babylonio
957 1096 1257 1167 capiendus
1286 1099 1397 1165 sit,
1430 1096 1772 1155 interﬁcien-

169 1187 378 1260 dusque
404 1203 529 1246 cum
561 1187 755 1245 amicis
777 1189 896 1245 suis
922 1190 1109 1260 gladio
1137 1208 1152 1249 :
1192 1206 1296 1249 nec
1321 1191 1488 1248 ullam
1521 1191 1644 1261 ejus
1668 1191 1772 1247 mi-

167 1280 523 1339 sericordiam
558 1289 765 1351 speret,
795 1281 953 1355 cujus
999 1283 1182 1340 lmdus
1214 1293 1270 1341 et
1307 1284 1768 1341 necessitudinem

167 1374 413 1447 perjurin
438 1374 704 1431 deseruit.

236 1468 257 1538 (
292 1468 450 1525 Vers.
482 1468 518 1524 8
543 1466 728 1539 seqq.)
764 1467 833 1523 Et
870 1469 939 1522 ad
974 1470 1227 1540 pupulum
1250 1474 1388 1526 hunc
1418 1472 1604 1528 dices:
1640 1471 1771 1528 Hcce

168 1560 291 1616 dicit
321 1558 578 1615 Dominus
605 1576 624 1616 :
651 1557 788 1615 Ecce
810 1576 903 1633 ego
927 1561 994 1616 do
1024 1578 1202 1617 coram
1232 1563 1374 1619 vobis
1398 1564 1534 1619 viam
1562 1565 1700 1631 vitae,
1722 1573 1771 1619 et

166 1652 296 1709 riam
324 1653 527 1709 mortis.
562 1652 662 1723 Qui
679 1652 985 1709 habitaverit
1008 1657 1064 1710 in
1090 1655 1216 1712 urbe
1238 1656 1358 1724 hac,
1386 1658 1638 1713 morietur
1659 1656 1773 1730 gla-

166 1747 272 1815 dio,
307 1750 471 1818 fame,
497 1754 546 1802 et
568 1756 727 1817 peste.
757 1746 860 1813 Qui
884 1756 1053 1801 autem
1080 1764 1317 1822 egressus
1338 1749 1516 1819 fuerit,
1540 1760 1586 1804 et
1608 1759 1775 1805 trans-

1869 530 2074 604 inquit,
2103 551 2256 591 mane
2285 538 2554 611 judicium
2582 581 2597 609 ,
2623 558 2729 597 non
2762 540 2816 597 in
2867 543 3114 601 tenebris
3144 530 3476 619 iniquitatis,

1866 624 1963 680 sed
1985 626 2038 682 in
2067 628 2187 684 luce
2208 629 2455 700 iustitiae.
2491 631 2559 687 Et
2589 636 2753 689 eruite
2781 636 2832 691 ui
2860 653 3187 711 oppressum,
3219 642 3283 696 de
3312 659 3472 699 manu

1869 717 2280 793 calumniatoris,
2308 733 2362 778 ut
2394 739 2500 779 non
2524 727 2812 797 accipiatis
2842 744 3133 800 personam
3161 733 3214 788 in
3239 734 3474 804 judicio,

1868 809 1968 865 sed
2006 811 2266 869 divitibus
2302 830 2577 887 pauperes
2611 821 3048 890 opprimentibus
3074 865 3091 890 ,
3125 824 3295 897 magis
3325 828 3474 896 apud

1870 916 1969 957 vos
1981 903 2076 959 Dei
2098 904 2389 975 imperium
2403 909 2600 977 valeat,
2616 925 2779 982 quam
2804 916 3046 983 potentia
3060 918 3448 989 persequentis
3459 960 3472 973 .

1869 993 1942 1050 Et
1970 995 2040 1064 si,
2075 996 2271 1067 inquit,
2302 998 2407 1056 hoc
2437 1002 2704 1072 feceritis,
2732 1020 3073 1078 nequaquam
3107 1010 3479 1068 succendetur

1871 1087 1924 1143 in
1959 1089 2116 1146 vobis
2161 1090 2306 1162 ignis
2350 1091 2551 1149 furoris
2597 1097 2744 1162 mei,
2776 1113 2876 1154 nec
2903 1099 3147 1157 inveniet
3187 1105 3474 1161 materiam

1869 1196 2031 1252 quam
2079 1194 2391 1241 consumat.
2436 1186 2783 1245 Incredibilis
2816 1192 2869 1246 in
2913 1192 3018 1248 hoc
3048 1194 3170 1250 loco
3215 1195 3314 1251 Dei
3368 1199 3479 1255 cle-

1870 1277 2075 1332 mentia
2105 1277 2515 1336 demonstratur
2536 1325 2551 1349 ,
2582 1282 2730 1338 utde
2758 1284 2957 1354 quibus
3002 1301 3167 1357 supra
3199 1287 3421 1345 dixerat
3451 1309 3463 1343 :

1873 1366 2038 1422 Posui
2080 1369 2218 1425 enim
2249 1372 2433 1443 faciem
2457 1389 2627 1427 meam
2651 1391 2807 1446 super
2834 1377 3095 1432 civitatem
3126 1379 3261 1434 lianc
3290 1381 3342 1434 in
3365 1398 3476 1435 mu-

1871 1460 2000 1529 lum,
2026 1472 2077 1518 et
2103 1481 2207 1520 non
2226 1466 2283 1519 in
2310 1466 2542 1534 bonum;
2565 1468 2621 1522 in
2646 1485 2804 1524 manu
2829 1471 2967 1543 regis
2998 1470 3281 1543 Babylonis
3308 1474 3483 1529 trade-

1871 1566 1958 1612 tur
1981 1598 1997 1625 ,
2026 1568 2075 1614 et
2107 1570 2291 1615 exuret
2322 1577 2437 1616 eam
2463 1562 2574 1633 igni
2602 1561 2620 1635 Ῐ
2650 1562 2736 1618 Al.
2770 1564 2914 1634 ignis
2934 1563 2975 1638 ],
3002 1565 3116 1636 jam
3148 1566 3363 1622 Domini
3397 1568 3480 1624 in-

1871 1663 2102 1721 gruente
2146 1656 2445 1728 sententia,
2476 1671 2570 1711 eos
2623 1667 2889 1727 provocet
2933 1659 3001 1714 ad
3052 1660 3312 1717 salutem.
3358 1661 3477 1717 Non

1872 1743 2019 1813 quod
2043 1743 2264 1815 ignoret
2291 1747 2482 1802 urbem
2503 1746 2810 1805 Jerusalem
2838 1765 2963 1807 esse
2984 1752 3350 1822 capiendam;
3378 1753 3475 1809 sed

168 1840 356 1914 fugerit
384 1838 456 1893 ad
484 1836 763 1894 Chaldteos
786 1880 801 1905 ,
855 1841 945 1911 qui
979 1839 1213 1896 obsident
1243 1857 1363 1908 vos,
1396 1842 1555 1911 vivet,
1592 1851 1641 1895 et
1670 1842 1767 1896 erit
1796 1828 1846 1890 Β
1870 1835 2015 1906 quod
2062 1836 2296 1894 liberum
2355 1840 2564 1895 homini
2618 1852 2869 1898 servetur
2916 1843 3236 1912 arbitrium,
3260 1852 3321 1901 ut
3362 1861 3473 1903 non

166 1934 212 1988 ei
237 1934 417 1988 anima
437 1949 532 1990 sua
555 1933 706 2005 quasi
731 1934 978 2005 spolium.
1012 1933 1176 1989 Posui
1202 1935 1341 1990 enim
1367 1935 1556 2005 faciem
1599 1950 1765 1989 meum

166 2041 314 2096 super
343 2027 605 2082 ciuitatem
630 2026 768 2081 hanc
791 2027 847 2081 in
863 2026 1090 2093 malum,
1121 2037 1170 2083 et
1209 2044 1312 2083 non
1344 2029 1402 2083 in
1433 2028 1656 2092 bonum,
1690 2028 1764 2081 ait

164 2119 447 2178 Dominus.
472 2120 542 2177 In
572 2138 733 2177 manu
760 2122 897 2194 regis
929 2120 1214 2195 Babylonis
1240 2122 1479 2189 dabitur,
1514 2130 1562 2177 et
1586 2130 1765 2178 exuret

165 2233 273 2273 eam
293 2217 428 2288 igni.
461 2216 561 2273 llis
582 2217 676 2287 qui
703 2232 735 2273 a
762 2232 893 2289 rege
915 2217 1069 2274 missi
1093 2228 1240 2286 sunt,
1269 2224 1327 2273 et
1346 2216 1411 2273 ad
1433 2215 1762 2287 Prophetam

166 2320 428 2368 venerant
454 2309 868 2382 deprecandum
894 2354 908 2376 ,
937 2318 998 2366 ut
1026 2309 1392 2380 interrogaret
1423 2325 1520 2380 pro
1549 2308 1631 2365 eis
1660 2309 1767 2363 Do-

165 2404 368 2459 minum
398 2443 420 2470 ,
453 2406 739 2474 superiora
783 2402 1178 2474 responderat,
1210 2410 1268 2458 et
1323 2418 1444 2473 quae
1496 2400 1768 2459 referrent

164 2495 277 2566 regi
304 2493 579 2552 Sedeeiae.
603 2494 761 2550 Nunc
787 2495 1041 2551 hortatur
1059 2504 1119 2551 ut
1141 2493 1518 2566 respondeant
1539 2493 1760 2565 populo,

166 2586 363 2660 datque
391 2588 691 2643 consilium
716 2595 777 2642 ut
804 2587 1171 2659 transfugiant
1193 2586 1261 2641 ad
1290 2585 1605 2651 Chaldaeos,
1636 2600 1769 2642 con-

168 2689 247 2736 tra
265 2681 471 2753 regiam
487 2680 857 2746 voluntatem,
881 2679 1025 2751 quod
1051 2679 1418 2750 periculosum
1443 2678 1612 2735 fuisse
1632 2677 1770 2733 Pro-

168 2773 365 2844 phetas,
397 2771 587 2828 nullus
618 2772 855 2843 ignorat.
886 2770 1046 2828 Unde
1083 2781 1139 2828 et
1165 2782 1401 2827 mortem
1426 2771 1531 2826 sibi
1567 2770 1771 2841 impre-

173 2874 321 2922 catur
350 2877 399 2922 et
430 2866 571 2921 dicit
600 2882 614 2920 :
650 2863 935 2920 Maledicta
955 2865 1090 2934 dies,
1123 2868 1179 2921 in
1199 2882 1301 2938 qua
1332 2874 1486 2922 natus
1514 2881 1628 2921 sum
1649 2863 1770 2939 (Je-

172 2975 296 3014 rem.
322 2974 413 3025 xx,
440 2957 556 3032 li).
588 2957 676 3025 Et,
714 2958 888 3026 Quare
914 2959 977 3014 de
1005 2959 1160 3014 uulua
1182 2975 1420 3032 egressus
1451 2942 1591 3025 sum,
1617 2969 1674 3013 ut
1694 2959 1770 3014 oi-

175 3050 338 3107 derem
365 3051 599 3106 laborem
624 3059 671 3105 et
696 3048 931 3106 dolorem
956 3049 1150 3123 (Ibid.,
1186 3050 1313 3123 i8)?
1340 3050 1457 3107 Non
1481 3051 1627 3122 quod
1649 3051 1771 3108 leve

177 3144 263 3214 sit,
295 3144 532 3202 necdum
562 3146 738 3215 captis
768 3144 901 3202 dare
926 3145 1251 3212 consilium,
1272 3160 1333 3202 se
1374 3145 1517 3201 ultro
1555 3144 1770 3202 tradere

1865 1928 2171 2000 ignorantia
2207 1933 2375 1987 laturi
2401 1976 2418 2002 ,
2443 1934 2557 1989 sed
2588 1935 2872 1991 voluntate
2906 1938 3122 2008 propria
3172 1938 3469 1995 videantur

1866 2022 2066 2092 perire.
2096 2025 2386 2091 Quomodo
2409 2034 2464 2081 et
2489 2026 2748 2084 Salvator
2774 2026 2984 2085 sciebat
3012 2028 3339 2099 Apostolum
3374 2047 3473 2089 ne-

1864 2123 2145 2185 gaturum,
2176 2124 2232 2173 et
2262 2132 2326 2173 se
2349 2132 2474 2174 esse
2499 2118 2931 2190 eruciligendum
2968 2122 3209 2194 :quippe
3238 2124 3334 2195 qui
3369 2123 3473 2180 hoc

1865 2205 2149 2279 Apostolis
2174 2225 2323 2284 sa'pe
2355 2212 2709 2283 praedixerat,
2738 2223 2797 2270 et
2837 2214 3201 2273 nihilominus
3226 2232 3474 2274 commo-

1868 2300 2066 2367 nebat,
2109 2302 2303 2358 volens
2351 2318 2448 2362 eos
2496 2306 2780 2376 corrigere
2827 2307 2894 2362 ad
2943 2309 3360 2378 ptenitentiam;
3408 2321 3473 2366 ut

1866 2390 2130 2463 quidquid
2164 2403 2355 2463 postea
2383 2397 2791 2466 sustinuerunt,
2815 2413 2918 2455 suo
2957 2400 3092 2456 vitio
3132 2402 3214 2457 eis
3255 2402 3475 2459 accide-

1868 2481 1962 2549 rit,
1985 2498 2097 2539 non
2119 2486 2318 2541 duritia
2347 2490 2761 2546 comminantis.

1945 2576 2130 2648 (Vers.
2157 2580 2247 2647 i3,
2279 2579 2563 2653 M.)Ecce
2587 2598 2681 2654 ego
2721 2566 2791 2639 ad
2835 2593 2883 2640 te
2917 2586 3278 2642 habitatricem
3326 2589 3480 2644 uallis

1868 2668 2056 2725 solida:
2082 2680 2236 2744 atque
2262 2675 2584 2746 campestris,
2610 2677 2686 2730 ait
2708 2675 2990 2747 Dominus,
3012 2680 3106 2751 qui
3134 2680 3330 2747 dicitis,
3359 2681 3477 2751 quis

1869 2767 2115 2835 percutiet
2141 2766 2282 2838 (sive
2310 2767 2541 2840 terrebit)
2570 2768 2707 2823 nos?
2738 2769 2806 2824 Et
2850 2771 2966 2842 quis
3010 2773 3333 2846 ingredietur
3381 2774 3479 2831 do-

1870 2872 1987 2912 mus
2014 2860 2259 2914 nostras?
2278 2858 2349 2914 Et
2370 2860 2588 2915 visitabo
2607 2878 2766 2935 super
2780 2878 2905 2929 vos;
2926 2864 3185 2935 quodque
3203 2864 3474 2937 sequitur,

1860 2954 2021 3026 juxta
2045 2960 2275 3026 fructum
2297 2955 2595 3011 studiorum
2622 2968 2932 3022 vestrorum,
2957 2959 3086 3015 dicit
3118 2959 3395 3027 Dominus,
3420 2962 3473 3016 in

1871 3044 2016 3101 LXX
2049 3061 2159 3102 non
2206 3047 2463 3127 habetur.
2486 3047 2557 3101 Et
2591 3049 2921 3113 succendam,
2958 3050 3155 3121 inquit,
3199 3053 3371 3124 ignem
3420 3054 3477 3107 in

1870 3140 2012 3195 saltu
2033 3142 2167 3213 ejus,
2192 3151 2240 3196 et
2264 3143 2532 3197 devorabit
2559 3144 2736 3198 omnia
2762 3145 2817 3198 in
2841 3144 3063 3199 circuitu
3082 3149 3219 3219 ejus.
3252 3146 3361 3203 Pro
3383 3146 3480 3202 Ita-

173 3242 489 3312 captivitati,
520 3214 679 3308 quaSi
718 3241 763 3297 si
795 3241 1036 3312 passuris
1068 3238 1409 3312 naufragium
1445 3239 1766 3311 imperetur,
1793 3214 1843 3280 (ἶ
1873 3233 2128 3291 bitatrice
2159 3236 2316 3292 vallis
2344 3236 2537 3292 solida:
2558 3245 2726 3308 atque
2741 3239 3090 3309 campestris,
3104 3214 3477 3312 Septuaginta

177 3342 231 3388 ut
256 3342 382 3391 ante
402 3333 754 3406 naufragium
784 3343 839 3389 et
867 3332 1187 3404 dissipatam
1240 3348 1466 3401 navem,
1493 3348 1677 3389 remos
1719 3341 1776 3388 et

180 3426 385 3484 tabulas
408 3426 761 3498 corripiant,
785 3436 842 3484 et
878 3443 940 3484 se
971 3428 1134 3484 undis
1181 3429 1400 3484 tradant
1432 3446 1445 3483 :
1482 3428 1581 3485 sed
1628 3428 1773 3500 quod

179 3522 515 3579 tolerabilius
544 3523 614 3579 sit
634 3564 650 3588 ,
669 3532 965 3595 utcumque
1008 3532 1199 3595 captos
1221 3525 1428 3591 vivere,
1453 3538 1617 3596 quam
1660 3524 1772 3595 gla-

180 3610 284 3683 dio,
309 3614 479 3684 fame,
503 3624 558 3670 et
586 3623 745 3687 peste
782 3615 1063 3672 consumi.
1093 3616 1234 3672 Sunt
1262 3617 1355 3688 qui
1400 3616 1546 3673 hunc
1594 3616 1775 3672 locum

180 3709 471 3765 secundum
509 3710 872 3782 tropologiam
903 3711 986 3767 sic
1027 3710 1349 3768 edisserunt
1377 3754 1393 3781 ,
1426 3712 1624 3768 melius
1655 3728 1778 3769 esse

180 3808 527 3865 stccularibus
554 3821 615 3864 se
642 3808 858 3864 tradere
889 3807 1221 3879 disciplinis,
1243 3817 1299 3865 et
1326 3810 1564 3865 maxime
1598 3808 1779 3880 philo-

182 3901 407 3972 sophiae,
437 3915 607 3973 quam
636 3902 689 3957 in
721 3900 812 3956 illa
844 3915 1169 3972 permanere
1192 3900 1465 3966 Ecclesia,
1495 3901 1549 3957 in
1577 3915 1679 3972 qua
1708 3900 1780 3956 fa-

183 4008 293 4050 mes
317 3995 387 4050 sit
423 3996 702 4051 sermonis
732 3993 857 4060 Dei,
889 4003 947 4049 et
985 4003 1219 4050 cunctus
1248 3995 1484 4066 populus
1510 4035 1527 4062 ,
1552 3994 1776 4051 haereti-

182 4101 362 4144 corum
379 4088 568 4159 gladio
590 4087 968 4160 doctrinaque
991 4089 1242 4160 penuria,
1266 4097 1323 4145 et
1343 4088 1600 4145 haeretica
1627 4097 1778 4160 peste

182 4180 457 4238 moriatur.

249 4272 430 4341 (Vers.
469 4274 560 4340 11,
593 4273 712 4346 12.)
737 4270 806 4328 Et
829 4272 1009 4329 domui
1032 4273 1170 4345 regis
1195 4271 1554 4342 Juda,audite
1574 4273 1779 4328 verbum

182 4361 389 4421 Domini
399 4366 589 4422 domus
604 4364 933 4421 Daoid.Htec
943 4364 1069 4420 dicit
1084 4364 1366 4432 Dominus,
1376 4364 1619 4422 Iudicate
1632 4382 1780 4421 mane

176 4457 450 4528 judicium,
476 4468 525 4514 et
544 4459 707 4514 eruite
726 4474 1031 4530 oppressum
1050 4458 1115 4512 de
1134 4474 1290 4513 manu
1308 4456 1698 4525 calumniantis,
1717 4475 1781 4515 ne

188 4550 315 4622 forte
329 4551 626 4622 egrediatur
641 4552 783 4622 (sive
799 4559 969 4606 utnon
981 4548 1451 4626 egrediatur)quasi
1465 4551 1600 4625 ignis
1613 4550 1780 4624 985

1876 3328 2295 3395 transtulerunt,
2326 3326 2461 3383 Ecce
2506 3344 2601 3401 ego
2648 3329 2718 3382 ad
2764 3336 2835 3396 te,
2863 3330 2952 3400 qui
2993 3330 3201 3386 habitas
3244 3332 3298 3386 in
3342 3332 3483 3387 valle

1876 3433 1976 3477 son
2005 3419 2143 3492 (ππ)
2193 3422 2491 3494 campestri,
2539 3437 2640 3493 pro
2678 3438 2788 3494 quo
2830 3423 3215 3495 Symmachus,
3248 3435 3471 3497 petram,

1877 3511 2185 3569 Theodotio
2221 3513 2507 3582 obsessam,
2540 3515 2887 3586 interpretati
2924 3524 3081 3583 sunt;
3116 3515 3329 3587 Aquilae
3365 3519 3475 3588 pri-

1876 3622 1962 3663 ma
2005 3595 2180 3664 editio
2207 3610 2455 3676 solidam,
2490 3611 2733 3665 secunda
2766 3608 2978 3681 Tyrum.
3026 3610 3132 3667 Sor
3169 3612 3316 3667 enim
3358 3612 3474 3669 sive

1875 3698 1984 3756 Sur
2005 3700 2185 3771 lingua
2206 3700 2618 3775 Hebrmassc
2635 3710 2692 3757 et
2715 3700 2934 3774 Tyrum,
2956 3712 3010 3758 et
3031 3701 3253 3765 silicem,
3273 3711 3328 3758 et
3347 3702 3373 3742 δ
3387 3719 3478 3757 co-

1876 3802 2133 3847 arctatam
2170 3803 2357 3849 sonat.
2409 3793 2680 3861 Loquitur
2712 3802 2893 3850 autem
2931 3800 3127 3850 contra
3165 3793 3474 3851 JeruSaIem

1878 3902 1999 3958 qua
2047 3886 2333 3944 obsidione
2379 3887 2580 3942 vallata
2635 3896 2752 3956 est,
2783 3887 2908 3944 sive
2955 3886 3012 3942 in
3063 3887 3475 3945 similitudinem

1880 3976 2029 4051 Tyri,
2059 3980 2215 4051 quasi
2249 3980 2386 4035 mari
2416 3979 2634 4051 grandi,
2660 3979 2734 4035 ita
2768 3980 3075 4052 Babylonio
3096 3982 3342 4037 exercitu
3363 3981 3479 4037 cin-

1881 4073 2047 4143 gitur,
2071 4081 2129 4129 et
2148 4073 2391 4129 evadere
2411 4088 2520 4130 non
2545 4082 2763 4145 potest;
2783 4086 2876 4130 aut
2898 4085 3051 4130 certe
3073 4089 3194 4145 quae
3216 4090 3277 4131 se
3300 4075 3476 4130 instar

1883 4171 2050 4235 petras
2074 4164 2387 4222 durissima:
2414 4166 2893 4237 ineXpugnabilem
2918 4175 3071 4236 putat
3095 4175 3262 4238 atque
3283 4166 3479 4223 robus-

1883 4264 1992 4313 tam
2019 4273 2120 4329 pro
2146 4259 2428 4315 soliditate
2475 4274 2758 4315 murorum
2790 4267 2847 4316 et
2876 4260 3276 4332 magnitudine,
3305 4270 3363 4316 et
3392 4262 3481 4317 di.

1882 4350 1959 4407 cit
1991 4368 2005 4407 :
2039 4351 2169 4420 Quis
2197 4363 2385 4409 terrere
2428 4369 2521 4409 nos
2560 4354 2852 4427 poterit?et
2879 4356 2995 4424 quis
3036 4355 3359 4426 ingredietur
3385 4354 3483 4411 do-

1883 4459 1998 4499 mus
2034 4445 2281 4501 nostras?
2318 4461 2444 4502 cum
2470 4462 2503 4503 e
2530 4447 2814 4503 contrario
2860 4448 3119 4519 loquatur
3151 4449 3333 4505 Deus:
3365 4448 3482 4520 Ego

1883 4532 2101 4589 visitabo
2128 4549 2250 4601 vos;
2283 4550 2464 4593 meum
2505 4536 2744 4594 evadere
2781 4538 3003 4594 oculum
3052 4552 3164 4595 non
3210 4540 3481 4611 poteritis.

193 4610 474 4717 indignatio
486 4610 690 4705 memet
702 4610 1070 4713 succendam},
1086 4654 1135 4699 et
1156 4610 1335 4700 ηοηέίὶ
1350 4645 1438 4716 qui
1454 4610 1777 4716 ρὲειίηξιῖιῖ
1806 4610 1860 4673 Ῑ)
1886 4625 2131 4684 Visilabo
2156 4638 2344 4686 autem
2373 4646 2470 4687 vos
2506 4631 2562 4687 in
2593 4631 2918 4702 perniciem.
2947 4640 3005 4689 et
3051 4634 3280 4690 reddam
3326 4635 3488 4691 vobis

191 4743 215 4772 ³
231 4748 436 4808 propter
448 4738 704 4793 ntalitiam
716 4736 1011 4793 studiorum
1027 4737 1496 4807 vestrorum.Qnod
1509 4738 1773 4809 sequitur,

1881 4718 2120 4776 fructum
2144 4722 2368 4778 malitias
2399 4732 2621 4780 vestrae.
2646 4724 2712 4779 Et
2733 4739 2838 4797 ego
2853 4725 3185 4781 succendam
3216 4726 3397 4796 ignem
3426 4726 3483 4781 in

191 4827 405 4904 Propter
430 4833 686 4887 malitiam
705 4832 998 4886 studiorum
1021 4824 1327 4901 vestrorum,
1348 4831 1404 4888 in
1425 4830 1778 4904 Septuaginta
1885 4812 2030 4904 53m“
2082 4825 2288 4872 νθδιτοο
2320 4815 2440 4873 Νοη
2486 4817 2844 4890 Βδδῖίυηίυεν
2886 4829 2945 4874 ιη
2987 4819 3212 4889 Fumus:
3246 4834 3354 4875 "0"
3388 4834 3488 4876 rex

192 4902 566 4980 non‘lmbewr.
586 4923 725 4992 Quia
742 4938 904 4992 supra
924 4920 1033 4994 [AL
1049 4924 1162 4993 jam
1181 4902 1607 4997 ευρημίχθξνει,
1628 4902 1694 4979 Ει
1714 4922 1783 4977 αα
1886 4902 2306 4975 Clialdteorum;
2335 4908 2430 4965 sed
2453 4924 2577 4965 mea
2604 4910 2723 4967 haec
2742 4910 2929 4966 omnia
2957 4910 3040 4965 ira
3072 4912 3342 4982 perficiet.
3366 4911 3492 4968 Sal-

192 5014 439 5088 poptllum
458 5016 600 5071 hunc
613 5015 772 5084 dices,
793 5012 927 5069 Hazc
944 5014 1070 5068 dicit
1086 5012 1364 5084 Dominus,
1380 5021 1785 5086 conSequentcr
1891 5010 2007 5057 mm
2038 5012 2222 5059 autem
2255 5012 2417 5059 νοοδῑ
2444 5002 2779 5068 δθνυεδίθιην
2809 5011 2865 5059 el
2886 5018 3107 5060 omnem
3135 5005 3282 5062 Circa
3309 5005 3493 5076 τεκίο-

193 5120 334 5163 nunc
363 5107 551 5171 infert,
575 5116 624 5161 et
647 5106 829 5161 domui
848 5105 984 5177 regis
1000 5102 1142 5159 Iuda
1164 5121 1184 5161 :
1208 5113 1268 5161 ut
1296 5105 1675 5173 subaudiatur,
1701 5106 1783 5160 di-
1889 5110 2036 5162 nem:
2072 5109 2195 5166 quia
2226 5093 2513 5165 ίτιιείτθηε
2541 5095 2768 5149 “rbores
2796 5095 3067 5151 υοηοτιιηι
3106 5111 3336 5169 operum
3380 5114 3489 5153 "0"

195 5212 294 5264 ces,
320 5200 431 5255 hac
452 5199 580 5254 dicit
604 5198 863 5253 Dominus
890 5213 911 5254 :
930 5199 1036 5256 ἀπὸ
1066 5205 1232 5256 κοινοῦ
1246 5199 1391 5254 enim
1417 5208 1474 5255 et
1500 5198 1773 5269 superiora

1892 5186 2079 5254 habet,
2124 5187 2269 5260 quod
2314 5188 2387 5244 sit
2442 5188 2695 5244 incendio
2733 5201 3097 5261 praeparatus.
3150 5191 3496 5262 Pulchreque

195 5300 249 5348 et
281 5292 535 5349 inferiora
558 5292 863 5364 junguntur
904 5308 920 5359 ;
953 5300 1012 5347 ut
1037 5293 1110 5348 sit
1139 5305 1334 5350 sensus
1369 5308 1384 5346 :
1413 5289 1481 5346 Et
1513 5289 1583 5344 ad
1624 5308 1792 5363 popu-
1892 5288 2093 5345 vallem
2132 5285 2377 5357 appellat
2403 5294 2792 5356 campestrem,
2821 5287 2967 5359 quod
2994 5287 3184 5359 pervia
3225 5288 3297 5342 sit
3324 5286 3498 5342 hosti-

198 5382 301 5439 lum
336 5385 474 5440 hunc
513 5385 685 5454 dices,
717 5382 851 5440 Haec
877 5384 1003 5438 dicit
1040 5382 1322 5441 Dominus.
1352 5384 1582 5456 Proprie
1608 5394 1791 5441 autem
1895 5381 1999 5438 bus
2031 5401 2044 5437 :
2073 5391 2130 5438 et
2167 5395 2274 5437 non
2306 5392 2551 5438 montem
2591 5382 2893 5449 excelsum,
2927 5383 3020 5452 qui
3065 5381 3363 5436 difﬁculter
3402 5392 3495 5433 as-

196 5490 377 5533 sermo
408 5477 468 5531 tit
494 5475 560 5532 ad
604 5476 831 5533 domum
860 5475 1091 5548 regiam,
1125 5477 1200 5533 ob
1225 5475 1383 5546 cujus
1412 5476 1652 5532 maxime
1678 5475 1797 5532 cul-
1897 5474 2058 5531 condi
2112 5481 2312 5546 potest,
2341 5474 2500 5545 juxta
2526 5475 2671 5547 quod
2699 5483 2757 5530 et
2781 5475 2837 5530 in
2886 5474 3020 5530 Isaia
3062 5473 3265 5529 dicitur
3299 5488 3313 5524 :
3351 5470 3500 5527 Visio

199 5580 318 5636 pam
347 5568 543 5625 civitas
565 5567 877 5638 obsidetur,
909 5578 968 5625 ut
988 5569 1244 5626 emendet
1263 5582 1510 5627 errorem
1550 5568 1790 5641 pmuitu-
1895 5569 2048 5624 vallis
2062 5567 2196 5625 Sion
2217 5566 2353 5641 (Isa.
2378 5583 2508 5636 xxn,
2531 5566 2901 5640 l).Quidquid
2920 5566 2989 5622 ad
3014 5565 3239 5622 domum
3268 5565 3503 5636 regiam,

272 5737 298 5766 ι
330 5729 513 5787 Malim
544 5732 612 5789 ad
643 5732 808 5790 [idem
834 5732 1066 5790 Cisterc.
1100 5740 1158 5789 et
1206 5730 1380 5789 Vatic.
1415 5746 1550 5789 mss.
1600 5733 1691 5790 hic
1718 5747 1802 5790 re.

204 5799 355 5857 liceri
377 5803 598 5877 _verb_a,
630 5814 843 5877 propter
873 5805 1127 5877 malitiam
1164 5804 1459 5877 studiorum
1488 5815 1802 5877 vestrorum,

208 5884 330 5944 qua:
377 5871 468 5930 hic
497 5871 777 5932 abundant
798 5920 813 5946 ,
847 5884 901 5931 et
928 5875 1113 5932 statim
1151 5884 1276 5946 post
1305 5889 1407 5932 suo
1434 5875 1578 5945 loco,
1606 5871 1803 5934 rectis;

496 5967 774 6034 Ριτιιοι.
819 5969 1053 6032 XXIV.

2881 5969 2960 6031 26

1912 5732 2177 5805 simoqne
2204 5731 2273 5788 ad
2308 5730 2628 5805 Hieronymi
2666 5735 2915 5786 tuentem
2947 5742 3114 5786 sensu
3152 5726 3509 5786 exhibentur.

1981 5804 2011 5843 δ
2042 5803 2099 5860 In
2131 5803 2337 5871 Vatic.,
2368 5812 2416 5859 et
2437 5803 2767 5858 cohortatum
2795 5810 2969 5858 sonat.
