3972 6316
501 262 606 326 811

1764 250 1822 309 S.
1866 240 2143 309 EUSEBII
2178 245 2561 307 HIERONYHI

3705 246 3807 304 Ili

504 392 563 441 et
620 380 690 438 ad
738 378 931 437 urbem
983 370 1330 444 metropolim
1362 368 1744 443 prepbetatnr,
1796 366 2103 426 reteramus
2129 370 2181 430 Α
2206 367 2490 425 obtineant
2533 364 2791 423 traditam
2829 363 2934 421 sibi
2983 378 3013 418 a
3055 362 3291 420 Domino
3331 360 3684 435 dignitatem.
3712 363 3802 419 Sin

501 475 569 531 ad
616 467 1056 530 ecclesiasticum
1087 464 1370 533 ordinem,
1394 474 1449 520 et
1475 464 1544 521 ad
1588 462 1866 534 principes
1907 461 2105 518 Eccle-

504 568 740 628 siarum,
781 575 878 618 eos
922 559 1207 616 dumtaxat
1253 557 1347 628 qui
1386 571 1448 613 se
1487 553 1760 627 superbiae
1807 563 1863 611 et
1902 552 2109 610 divitiis

505 658 857 727 lasciviteque
887 652 1236 710 tradiderint.
1267 648 1383 707 Nec
1409 649 1596 707 statim
1634 648 1763 721 quia
1792 647 1988 704 domus
2018 661 2109 702 re-

500 749 585 821 gia
630 757 736 814 est,
759 750 830 804 ab
854 747 1085 803 interitu
1126 745 1476 812 liberabitur,
1507 742 1786 816 quomodo
1822 750 1880 798 et
1917 741 2009 812 qui
2038 740 2107 796 de

503 844 675 915 stirpe
702 842 857 900 luere
883 840 1078 908 David.
1106 839 1265 912 pauci
1285 838 1583 898 admodum
1614 846 1744 894 sunt
1766 834 2107 907 inventi,qui

504 936 812 1010 placuerint
833 938 1069 994 Domino
1091 945 1151 992 ut
1170 936 1291 1007 ipse
1316 934 1505 1001 David,
1538 931 1804 990 Eseebias
1823 940 1880 991 et
1905 930 2105 1000 Josias,

507 1046 812 1104 magnaque
843 1046 970 1102 pars
1003 1029 1313 1101 principum
1358 1036 1414 1084 et
1456 1027 1646 1098 stirpis
1677 1027 1842 1099 regia
1890 1026 1944 1082 in
1987 1025 2109 1081 uni-

503 1142 723 1184 versum
751 1126 1012 1197 populum
1044 1125 1180 1180 iram
1209 1123 1428 1179 Domini
1455 1122 1797 1193 provocavit.

581 1222 742 1294 (Cap.
774 1220 946 1278 XXII.
978 1219 1206 1276 —Vers.
1239 1219 1268 1274 i
1299 1218 1485 1290 seqq.)
1516 1215 1645 1273 Haec
1659 1216 1786 1271 dicit
1807 1214 2056 1269 Dominus
2089 1228 2108 1267 :

502 1316 773 1373 Descende
797 1317 853 1370 in
873 1315 1084 1369 domum
1110 1314 1250 1388 regis
1271 1310 1437 1379 Iuda,
1469 1321 1519 1367 et
1548 1310 1781 1383 loqueris
1804 1308 1877 1364 ibi
1901 1309 2108 1364 verbum

505 1411 622 1475 huc,
658 1417 705 1463 et
726 1407 889 1474 dices,
921 1405 1066 1461 Audi
1087 1405 1300 1461 uerbum
1332 1404 1570 1470 Domini,
1592 1417 1688 1458 res
1720 1400 1883 1469 Iuda,
1910 1401 2001 1472 qui
2026 1415 2109 1457 se-

503 1504 595 1558 des
613 1518 772 1573 super
794 1499 986 1557 solium
1015 1498 1209 1567 David,
1226 1508 1283 1553 tu
1303 1506 1351 1553 et
1380 1497 1513 1553 serui
1539 1496 1614 1550 tui
1640 1503 1691 1550 et
1712 1492 1939 1567 populus
1965 1501 2107 1558 tuus,

502 1597 595 1668 qui
619 1594 955 1669 ingredimini
993 1607 1083 1665 per
1112 1598 1292 1662 portas
1329 1591 1480 1646 istas.
1505 1588 1638 1643 Hac
1665 1588 1790 1642 dicit
1836 1585 2107 1651 Dominus,

2206 471 2389 517 autem
2423 459 2607 517 facere
2636 459 2912 515 noluerint
2934 465 3098 528 atque
3115 454 3570 528 contempserint,
3594 456 3701 526 ipsi
3724 471 3805 512 re-

2210 553 2397 625 digant
2446 553 2744 609 Ecclesium
2777 550 2876 607 Dei
2918 549 2974 606 in
3015 550 3391 606 solitudinem.
3423 548 3809 620 lugrediuntur

2209 655 2389 703 autem
2413 647 2482 703 de
2509 661 2712 718 genere
2745 644 2911 701 David
2947 659 3046 717 per
3073 653 3262 716 portas
3291 642 3632 710 Jerusalem,
3651 653 3708 701 et
3727 658 3803 701 se-

2209 739 2341 796 dent
2388 755 2556 812 super
2604 743 2861 796 thronum
2909 741 3051 809 ejus,
3082 740 3176 810 qui
3221 740 3623 810 interpretatur
3665 738 3808 809 furtis

2210 847 2388 903 manu,
2420 838 2478 888 et
2502 830 2807 888 ascendunt
2834 842 3031 886 currus
3079 839 3137 889 et
3166 845 3363 900 equos,
3385 829 3608 902 quando
3650 828 3808 885 reire-

2210 932 2343 981 nant
2367 934 2422 980 et
2460 939 2588 981 suas
2624 931 2684 980 et
2712 922 2900 997 pupuli
2926 922 3395 995 perturbationes,
3427 932 3481 980 ct
3505 922 3808 991 composito

2211 1017 2266 1073 in
2297 1016 2538 1076 Ecclesia
2570 1016 2953 1089 ingrediuntur
2981 1016 3178 1088 gradu,
3218 1027 3276 1072 et
3306 1016 3610 1072 multarum
3641 1015 3805 1072 virtu-

2212 1120 2326 1166 tum
2369 1109 2564 1177 clturo,
2591 1109 2802 1181 sibique
2829 1125 2894 1166 ex
2924 1111 3071 1166 omni
3103 1120 3258 1181 parte
3282 1109 3722 1166 concinentium.
3747 1111 3811 1167 Et

2213 1210 2273 1258 ut
2303 1202 2407 1258 boc
2427 1217 2622 1258 verum
2648 1217 2772 1259 esse
2791 1201 3106 1270 credamus,
3123 1203 3271 1274 jurat
3295 1219 3389 1273 per
3412 1203 3642 1275 se,quia
3660 1204 3806 1276 juxta

2210 1294 2560 1364 Apostolum,
2595 1294 2859 1364 majorem
2919 1294 3087 1351 alium
3146 1311 3241 1366 per
3268 1310 3431 1367 quem
3460 1296 3657 1367 jurare
3693 1312 3809 1369 pos-

2212 1385 2342 1449 sint,
2377 1401 2484 1441 non
2512 1386 2674 1443 habet
2704 1384 2894 1456 (Hebr.
2923 1385 3025 1457 γι).

2282 1479 2465 1553 (Vers.
2493 1481 2663 1552 6,-8.)
2683 1481 2823 1549 Quia
2846 1480 2958 1536 hoc
2987 1482 3115 1537 dicit
3141 1480 3400 1538 Dominus
3423 1498 3584 1556 super
3607 1483 3811 1538 domum

2214 1575 2352 1643 (sive
2395 1574 2467 1630 ad
2505 1575 2739 1646 domum)
2761 1578 2899 1648 regis
2927 1574 3094 1643 Iuda,
3124 1574 3356 1644 Galud,
3385 1586 3443 1632 tu
3481 1579 3612 1633 mihi
3661 1587 3811 1650 caput

506 1665 697 1745 Facite.
712 1688 979 1762 judicium
1005 1695 1056 1741 et
1092 1685 1379 1760 justitiam,
1408 1692 1456 1739 et
1489 1682 1704 1738 liberate
1732 1682 1781 1737 si
1806 1692 2110 1754 oppressum
2142 1755 2186 1762 _
2214 1668 2353 1741 (Sive
2382 1665 2722 1742 principimn)
2748 1667 2960 1736 Libani,
2989 1671 3035 1723 si
3058 1668 3230 1742 98⁸
3265 1684 3369 1724 non
3409 1687 3637 1742 posuero
3672 1680 3719 1726 te
3760 1672 3808 1726 in

506 1781 571 1836 de
597 1755 754 1836 manu
786 1755 1208 1845 calumniaturis,
1234 1786 1283 1832 et
1321 1776 1578 1831 advenam
1605 1783 1656 1829 et
1681 1772 1945 1847 pupillum
1970 1781 2017 1825 et
2038 1771 2110 1825 vi.
2141 1755 2193 1817 Β
2215 1766 2576 1831 solitudinem,
2605 1766 2756 1821 urbes
2798 1765 3191 1823 inhabitabiles.
3217 1764 3287 1820 Et
3314 1768 3665 1837 sencti/icabu
3705 1766 3807 1840 [ΑΙ.

504 1875 665 1929 ditant
688 1873 848 1929 nolite
877 1872 1208 1937 contristare,
1240 1885 1403 1941 neque
1431 1868 1747 1940 opprimatis
1767 1867 1944 1936 inique
1972 1863 2113 1935 (sive

501 1968 708 2041 impie),
741 1974 790 2020 et
811 1965 1119 2037 sanguinem
1145 1964 1474 2019 innocentem
1515 1978 1579 2017 ne
1604 1959 1886 2030 etfundatis
1916 1961 1969 2014 in
1998 1959 2113 2013 loco

504 2063 625 2119 isto.
657 2061 719 2118 Si
758 2062 897 2116 enim
937 2061 1186 2132 facientes
1223 2058 1449 2130 feceritis
1489 2058 1701 2112 verbum
1747 2054 1913 2124 istud,
1940 2056 2114 2128 ingre-

505 2155 717 2209 dientur
742 2169 835 2226 per
879 2163 1061 2225 portas
1089 2151 1275 2206 domus
1315 2150 1474 2223 hujus
1501 2164 1648 2221 reges
1674 2147 1910 2204 sedentes
1937 2145 2004 2200 de
2020 2161 2111 2219 ge-

506 2265 627 2303 nere
657 2245 827 2301 Dauid
852 2261 1005 2319 super
1033 2243 1279 2299 thronum
1323 2246 1457 2316 ejus,
1484 2252 1532 2296 et
1567 2241 1897 2298 ascendentes
1932 2253 2114 2293 currus

508 2351 558 2396 et
587 2356 768 2413 equus,
796 2340 899 2413 ipsi
927 2347 977 2394 et
1018 2338 1176 2404 servi,
1207 2336 1494 2410 etpopuius
1520 2351 1718 2391 eorum.
1757 2334 1907 2403 Quod
1939 2335 1984 2388 si
2009 2349 2115 2388 non

502 2434 776 2490 audieritis
798 2432 947 2487 verba
970 2432 1101 2495 Itwc,
1131 2446 1222 2502 per
1251 2429 1828 2502 memetipsnmjuraci,
1853 2426 1979 2481 dicit
2005 2425 2114 2480 Du-

505 2529 700 2597 minus,
720 2527 848 2597 quia
867 2526 926 2580 in
944 2524 1283 2580 solitudinem
1308 2524 1406 2578 erit
1431 2522 1617 2577 domus
1643 2522 1772 2577 hac.
1801 2519 1930 2575 llaec
1952 2518 2111 2586 visio,

506 2623 677 2678 immo
708 2620 800 2676 bic
828 2634 1018 2676 sermo
1050 2618 1288 2684 Domini,
1314 2617 1403 2671 vel
1427 2626 1559 2672 ante
1584 2615 1643 2671 iis
1680 2615 1748 2669 ad
1781 2613 2111 2683 Propltetam

508 2728 670 2786 quam
701 2712 960 2769 Sedecias
1005 2713 1228 2766 nuntios
1252 2709 1418 2780 931
1449 2706 1518 2762 ad
1551 2721 1679 2763 eum
1723 2706 1992 2773 mitteret,
2026 2705 2113 2760 vel

508 2818 663 2863 certe
711 2814 1002 2876 postquam
1053 2801 1261 2857 riuntiis
1300 2801 1563 2870 pra-cepit
1591 2797 1721 2870 quid
1765 2800 1877 2871 regi
1906 2797 2114 2854 referre

509 2897 798 2963 deberent,
831 2892 1151 2966 praecipitur
1198 2890 1473 2952 Ieremia,
1519 2898 1579 2945 ut
1619 2903 1961 2962 nequaquam
2017 2903 2114 2960 per

510 2990 733 3046 nuntios
785 2988 1045 3057 loquatur
1078 2983 1147 3039 ad
1179 2998 1389 3055 regem,
1419 2981 1516 3039 sed
1549 2983 1667 3054 ipse
1690 2983 1850 3038 vadat
1875 2981 1945 3037 ad
1968 2981 2112 3052 pala-

511 3083 667 3150 tium,
698 3089 755 3138 et
785 3081 857 3137 ibi
884 3081 1145 3150 loquatur
1171 3078 1243 3133 ei.
1291 3077 1576 3148 Simulque
1611 3075 2113 3132 animadvertamus

512 3174 753 3231 divinam
777 3171 1136 3244 sapientiam,
1160 3170 1308 3243 quod
1339 3184 1437 3241 per
1458 3170 1679 3225 nuntios
1701 3177 1728 3206 ι
1751 3168 1907 3239 jubet
1936 3168 2114 3224 tristia

512 3265 776 3330 nuntiari,
809 3266 997 3320 mixtis
1044 3273 1100 3320 et
1130 3262 1434 3332 prosperis,
1462 3261 1511 3317 si
1546 3277 1709 3332 agerc
1744 3260 1981 3316 voluerit
2014 3275 2115 3315 rex

508 3358 912 3431 penitentiam.
927 3357 1029 3413 Hie
1052 3370 1186 3411 vero
1206 3355 1333 3425 quia
1363 3354 1466 3425 ipsi
1492 3354 1797 3425 imperatur
1821 3361 1881 3409 ut
1904 3364 2116 3425 pergat,

513 3470 623 3511 non
651 3452 829 3509 tristia
854 3451 1092 3518 nuntiat,
1120 3460 1175 3507 et
1204 3449 1581 3520 captivitatem
1606 3447 1949 3519 iamiamque
1987 3462 2120 3504 vest-

514 3560 728 3615 turam;
760 3549 856 3604 sed
896 3556 1084 3602 monet
1122 3544 1255 3616 quid
1310 3544 1488 3600 facere
1529 3542 1725 3599 debeat
1756 3554 1813 3598 ut
1848 3543 1986 3598 vitet
2014 3542 2119 3597 im-

515 3641 847 3712 pendentem
874 3639 1209 3694 sententiam
1234 3637 1355 3691 Dei.
1390 3635 1599 3707 Ιομα
1625 3644 1807 3691 autem
1840 3635 2121 3706 proprium

517 3741 603 3789 est
633 3729 812 3785 facere
831 3728 1098 3799 judicium
1122 3736 1180 3783 et
1199 3726 1494 3797 justitiam,
1509 3726 1829 3782 etlibcrsre
1860 3727 1929 3781 de
1958 3740 2123 3781 manu

520 3823 981 3880 calumnian
1027 3820 1078 3874 vi
1110 3832 1431 3889 oppresses,
1462 3825 1521 3873 et
1550 3818 1861 3889 peregrino,
1890 3818 2127 3889 pupillo-

521 3932 650 3988 que,
678 3924 741 3972 et
787 3914 969 3970 viduas
995 3913 1113 3986 (qui
1155 3910 1375 3968 facilius
1404 3912 1792 3982 opprimemur
1826 3926 1859 3967 a
1889 3912 2126 3983 putenti-

521 4009 649 4080 bus)
666 4007 913 4080 prebet-0
938 4005 1225 4062 auxilium.
1253 4003 1321 4060 Et
1366 4016 1427 4059 ut
1462 4018 1655 4059 curam
1695 4002 1780 4059 eis
1826 4013 2128 4075 pracepto-

525 4117 644 4157 rum
675 4100 774 4157 Dei
810 4099 1077 4169 majorem
1108 4098 1387 4167 injiceret,
1419 4096 1607 4152 intulit
1635 4114 1654 4153 :
1684 4095 1866 4152 Nolite
1900 4098 2125 4153 contris-

528 4206 662 4262 tare,
696 4202 755 4251 ut
788 4208 900 4248 non
938 4192 1121 4247 solum
1168 4205 1279 4246 nou
1314 4190 1582 4261 erimatis,
1610 4188 1710 4245 sed
1746 4205 1816 4246 ne
1844 4190 2128 4260 patiamini

526 4287 747 4358 quidem
777 4300 876 4357 per
910 4294 1150 4341 vestram
1190 4283 1602 4340 connivendum
1632 4282 1702 4337 ab
1729 4282 1854 4337 aliis
1893 4283 2131 4339 centris-

527 4380 653 4436 tari.
688 4378 756 4434 Et
791 4378 1101 4449 sanguinem
1136 4376 1456 4431 innocentem
1493 4392 1595 4430 non
1617 4374 1900 4443 eﬁ'undatis
1928 4377 1984 4431 in
2016 4377 2130 4432 loco

526 4482 645 4529 isto.
675 4468 989 4528 Homicidas
1013 4474 1163 4525 enim
1186 4479 1242 4524 et
1269 4469 1568 4540 sacrilegos
1587 4478 1644 4525 et
1670 4470 2000 4525 venenarius
2026 4484 2128 4541 pu-

2213 1858 2509 1932 tcdiﬁcabu]
2534 1875 2693 1930 super
2713 1867 2763 1914 te
2790 1858 3180 1930 interﬁcientem
3201 1860 3388 1919 virum.
3414 1869 3463 1915 et
3492 1876 3647 1915 arma
3668 1863 3810 1932 ejus:

2213 1966 2260 2009 et
2298 1954 2563 2010 succident
2589 1953 2780 2009 electas
2806 1954 2992 2009 cedrus
3012 1962 3149 2020 tuas,
3173 1961 3222 2009 et
3250 1954 3660 2027 prteeipitabunt
3678 1954 3809 2027 (sive

2216 2044 2442 2118 mittent)
2472 2047 2529 2101 in
2556 2047 2749 2117 ipsein,
2778 2055 2826 2101 st
2868 2046 3258 2113 pertransibunt
3293 2054 3475 2119 gentes
3520 2043 3706 2100 inultm
3731 2061 3811 2116 per

2213 2142 2471 2196 ciuitatem
2512 2139 2683 2206 Itane,
2710 2149 2758 2195 et
2808 2139 2944 2194 dicet
2999 2140 3355 2211 unusquisque
3397 2139 3646 2208 proximo
3683 2152 3809 2192 suo:

2218 2235 2390 2303 Quare
2417 2234 2536 2304 fecit
2564 2230 2825 2288 Dominus
2855 2236 2932 2286 sic
2974 2232 3168 2286 civitati
3202 2231 3327 2286 Isuio
3363 2233 3617 2303 magna?
3645 2231 3713 2285 Et
3732 2247 3800 2284 re-

2212 2327 2574 2398 spondebunt,
2627 2343 2689 2382 eo
2733 2326 2875 2398 quod
2906 2324 3297 2397 dereliquerunt
3340 2334 3559 2395 pactum
3608 2321 3807 2377 Domini

2215 2421 2317 2477 Dei
2352 2422 2457 2490 sui,
2479 2431 2526 2476 et
2549 2420 2902 2477 adorassrunt
2924 2419 3047 2473 deos
3077 2420 3294 2481 alienos,
3325 2428 3379 2474 et
3411 2420 3701 2474 servierunt
3720 2416 3804 2472 eis.

2214 2515 2442 2582 Galaad,
2466 2530 2627 2586 quam
2650 2515 2900 2587 possedit
2924 2514 3150 2569 dimidia
3174 2513 3350 2569 tribus
3372 2513 3648 2579 Manasse,
3669 2522 3807 2568 trans

2213 2608 2511 2665 Jordanem
2560 2608 2847 2679 Scriptura
2889 2616 3311 2664 commemorat.
3360 2606 3419 2661 In
3470 2621 3586 2677 quo
3637 2611 3807 2660 monte

2214 2702 2398 2759 Laban
2448 2701 2747 2774 fugientem
2788 2710 3122 2757 consecutus
3175 2708 3259 2755 est
3306 2698 3497 2762 Jacob,
3555 2708 3616 2754 et
3660 2710 3804 2752 mons

2209 2798 2365 2868 justo
2394 2788 2652 2853 Genesth
2686 2811 2886 2851 nomen
2934 2794 3152 2864 accepit
3184 2794 3378 2871 σωρὸς,
3412 2791 3465 2848 id
3499 2800 3613 2860 est,
3644 2802 3803 2845 tumu-

2215 2890 2299 2945 lus
2326 2890 2632 2957 testimonii,
2656 2903 2726 2945 eo
2755 2887 2903 2960 quod
2948 2888 3023 2943 ibi
3050 2886 3222 2943 Jacob
3261 2884 3569 2956 Labanqne
3604 2886 3806 2956 ᾔεις-,ιη-

2215 2983 2353 3049 rint,
2378 2981 2432 3038 in
2454 2994 2710 3039 acervum
2734 2979 3012 3052 lapidibus
3036 2980 3387 3050 congregatis
3406 2977 3622 3053 (lienes.
3640 2979 3803 3047 snt).

2219 3078 2318 3134 Est
2336 3088 2519 3134 autem
2545 3087 2734 3148 caput,
2762 3078 2880 3132 sive
2911 3077 3243 3147 principium
3270 3074 3462 3131 Libani
3492 3074 3698 3128 tuentis
3717 3086 3806 3127 ex-

2218 3174 2375 3241 celsi,
2404 3174 2501 3245 qui
2531 3173 2828 3228 universus
2864 3171 3054 3227 eedrls
3077 3172 3325 3227 consitus
3360 3177 3466 3236 est,
3496 3169 3658 3240 juxta
3686 3163 3805 3222 illud

2222 3268 2393 3323 David
2419 3268 2673 3323 canentis
2699 3286 2710 3321 :
2740 3265 2806 3321 Et
2835 3263 3174 3321 eontmeveln't
3220 3263 3479 3319 Dominus
3526 3263 3707 3318 cedrus
3731 3258 3809 3313 Li-

2219 3362 2342 3417 bani
2371 3360 2550 3433 (Psul.
2586 3374 2773 3426 sxvm,
2799 3361 2882 3425 5).
2914 3356 2987 3415 Et
3011 3359 3144 3414 alibi
3180 3375 3193 3412 :
3230 3356 3357 3413 Vidi
3394 3356 3619 3424 impium
3641 3366 3808 3423 supcr-

2220 3453 2530 3519 exaltatum,
2544 3464 2593 3508 et
2612 3452 2868 3509 eleuatum
2881 3453 3014 3507 sicut
3033 3451 3214 3506 cedrus
3234 3447 3425 3503 Libani
3439 3446 3619 3519 (Paul.
3638 3458 3806 3506 sxxvt,

2223 3548 2340 3616 35).
2369 3546 2437 3602 Et
2481 3548 2536 3602 in
2575 3545 2843 3602 Zacharia
2879 3545 3116 3617 legimus
3144 3563 3158 3601 :
3188 3544 3368 3617 Aperi,
3402 3541 3627 3610 Libane,
3656 3548 3810 3613 portas

2224 3650 2362 3710 tuas,
2387 3652 2434 3696 et
2463 3640 2705 3697 comedat
2729 3642 2864 3713 ignis
2889 3640 3071 3695 cedrus
3094 3637 3412 3709 tuas(ZueIt.
3446 3652 3527 3706 XI,
3557 3635 3634 3707 Ι).
3661 3633 3812 3705 igitur

2231 3734 2494 3805 prcseuti
2526 3735 2668 3801 loco,
2703 3733 2832 3803 quia
2869 3732 2935 3788 ad
2955 3733 3185 3789 domum
3213 3732 3423 3802 regiam
3471 3729 3805 3802 loquebatur,

2228 3841 2327 3898 per
2351 3825 2737 3898 metaphoram
2778 3825 3023 3897 loquitur
3043 3826 3114 3881 ad
3144 3824 3458 3896 Templum,
3489 3826 3612 3881 sive
3633 3822 3695 3878 ad
3724 3821 3810 3876 do-

2226 3934 2374 3973 mum
2422 3919 2615 3989 stirpis
2660 3917 2821 3985 Juda,
2845 3917 2992 3989 quod
3039 3920 3162 3987 ipsa
3188 3917 3267 3973 sit
3312 3918 3366 3973 in
3422 3918 3673 3977 excelso.
3703 3915 3808 3969 sive

2226 4009 2371 4082 quod
2400 4009 2472 4067 de
2497 4011 2751 4081 Templo,
2782 4018 2949 4082 atque
2991 4010 3268 4078 Sacrarie,
3299 4011 3554 4066 mbas
3582 4017 3810 4080 peccato.

2229 4120 2347 4160 rum
2382 4103 2623 4160 remedia
2664 4103 3054 4174 poscebantur.
3091 4103 3244 4159 Unde
3282 4114 3338 4159 ct
3375 4105 3463 4160 llic
3506 4105 3650 4160 idem
3696 4114 3806 4172 pro-

2231 4197 2397 4268 pheta
2416 4205 2855 4255 commemorat:
2885 4197 3160 4269 Numquid
3184 4200 3363 4255 resina
3390 4217 3495 4256 non
3519 4211 3601 4256 est
3641 4201 3691 4253 in

2233 4291 2376 4358 lead,
2405 4300 2499 4346 catt
2523 4292 2755 4348 medicus
2780 4308 2885 4347 non
2911 4302 2985 4348 est
3010 4292 3091 4348 ibi
3108 4295 3134 4346 .’
3154 4290 3333 4360 Quare
3360 4309 3466 4349 non
3495 4293 3813 4350 escendites-

2230 4385 2369 4439 ratio
2413 4386 2541 4456 ﬁliis
2573 4385 2754 4455 pepuli
2778 4386 2883 4441 mei
2916 4384 3123 4458 (Supra
3153 4401 3269 4452 vin,
3300 4387 3812 4457 2|)?Comminatur

2236 4474 2403 4548 igitur
2432 4476 2599 4547 regiae
2622 4476 2837 4542 don-ui,
2867 4486 2926 4531 et
2954 4478 3077 4533 urbi
3121 4477 3452 4548 Jerusalem,
3484 4489 3544 4536 et
3580 4477 3809 4549 Temple,

529 4569 675 4634 nise.
718 4583 828 4624 non
851 4574 944 4623 est
971 4565 1168 4623 elusio
1195 4566 1501 4638 sanguinis,
1537 4567 1633 4622 sed
1680 4567 1860 4638 legum
1888 4567 2136 4623 ministe—
2161 4565 2208 4583 "
2240 4570 2385 4639 quod
2433 4578 2594 4624 vacat
2636 4579 2797 4639 caput
2829 4568 3045 4638 Libani,
3075 4572 3221 4643 quod
3274 4573 3631 4645 redigendum
3659 4576 3724 4628 sit
3766 4572 3811 4623 in

530 4662 695 4717 rium.
727 4660 809 4730 Si,
838 4660 1039 4732 inquit,
1071 4659 1190 4714 hac
1216 4657 1486 4726 iuet-itis,
1526 4675 1561 4712 ο
1600 4674 1758 4731 reges
1793 4660 1953 4729 inda,
1987 4670 2137 4716 tene-
2238 4661 2591 4718 solitudinem
2618 4676 2745 4718 cum
2765 4663 3049 4721 universis
3068 4664 3296 4720 urbibus
3323 4666 3438 4722 suis
3464 4685 3477 4719 :
3506 4682 3614 4720 non
3644 4673 3811 4736 poten-

531 4757 662 4813 bitis
702 4756 989 4827 pristinam
1018 4762 1368 4825 potestatem,
1392 4765 1447 4810 et
1476 4769 1603 4811 cum
1626 4755 1926 4810 ambitione
1956 4756 2137 4826 ingre—
2242 4758 2316 4812 tia
2358 4756 2507 4827 regis
2528 4755 2832 4828 Babylonii,
2866 4756 2965 4813 sed
2993 4757 3211 4812 Domini
3239 4758 3511 4828 iussione,
3537 4759 3626 4831 qui
3654 4755 3809 4812 dicit:

530 4850 761 4908 diemini
793 4861 984 4921 portas
1020 4848 1350 4905 Jerusalem.
1380 4848 1479 4904 Sin
1512 4856 1697 4904 autem
1742 4848 1918 4904 facere
1948 4849 2138 4904 nolite.
2241 4848 2598 4921 Sanctiﬁcabo
2636 4866 2798 4920 super
2843 4860 2891 4906 te
2938 4851 3353 4922 interﬁcientcm.
3377 4851 3611 4910 Sanctus
3649 4857 3811 4906 autem

534 4946 678 5010 ritis,
700 4958 739 4999 o
764 4943 966 4998 (Iustus
998 4943 1167 5013 regis,
1191 4957 1300 4997 non
1326 4950 1435 4995 tam
1466 4940 1682 4996 Domini
1706 4942 1817 4997 erit
1838 4941 2137 4997 crudelita-

533 5038 624 5104 tis,
658 5050 820 5106 quam
852 5043 961 5089 tuae
984 5033 1306 5100 voluntatis,
1330 5043 1394 5089 ut
1420 5034 1604 5090 omnis
1639 5034 1837 5091 civitas
1857 5034 2136 5106 redigatur

533 5130 590 5185 ist
630 5126 1304 5198 solitudinem.Quidqttid
1347 5126 1514 5199 regias
1561 5128 1746 5184 domui
1790 5129 1997 5185 dictum
2028 5138 2134 5195 est,

534 5220 841 5290 intelligant
866 5218 1131 5287 episcopi,
1163 5218 1415 5284 sociique
1448 5236 1649 5276 eorum
1691 5222 2027 5294 presbyteri,
2056 5232 2139 5280 at-

533 5328 642 5384 que
676 5311 921 5378 diaconi,
946 5317 1011 5364 et
1043 5309 1226 5366 cumis
1254 5309 1396 5366 ordo
1437 5310 1866 5381 ecclesiasticus,
1899 5314 2049 5385 quod
2088 5314 2135 5370 si

535 5406 765 5462 iecerint
789 5420 916 5476 quin
936 5413 1209 5476 praecepta
1239 5414 1390 5473 sunt,
1404 5413 1464 5461 et
1482 5407 1627 5462 inter
1643 5417 1849 5464 caetera
1872 5409 2140 5465 innocen-

537 5506 645 5552 tem
665 5498 990 5568 sanguinem
1016 5512 1123 5552 non
1141 5496 1403 5566 indm,
1423 5499 1859 5558 scandalizemus
1878 5502 2140 5559 utilibus

540 5601 808 5658 quosque,
839 5598 896 5644 et
943 5589 1313 5659 percutientes
1357 5593 1724 5649 conscientias
1770 5594 2137 5667 singulorum,

2238 4955 2467 4999 vocatur
2507 4943 3039 5011 Nabuchodonosor,
3065 4952 3121 5000 et
3146 4946 3328 5001 omnis
3359 4948 3484 5016 ejus
3529 4941 3810 5003 exercitus.

2242 5037 2369 5107 quia
2392 5036 3059 5107 οιεοᾳοίωτεαιίθηιὶωη
3086 5036 3208 5093 Dei.
3236 5036 3306 5092 Et
3327 5039 3612 5105 succident,
3638 5031 3813 5106 inquit,

2241 5127 2429 5183 electas
2469 5128 2656 5183 cedrus
2700 5138 2819 5183 tuas
2841 5143 2860 5182 :
2880 5137 3135 5199 potentes
3178 5144 3449 5201 quosque,
3480 5140 3536 5187 et
3560 5128 3815 5203 principes

2240 5220 2517 5287 civitatis;
2550 5231 2600 5275 et
2643 5222 2851 5276 mittent
2903 5223 2959 5276 in
3008 5223 3200 5292 ignem,
3229 5231 3289 5278 ut
3329 5224 3513 5281 omnia
3568 5223 3815 5278 devoratis

2244 5314 2464 5370 ﬂamma
2494 5325 2799 5370 consumas.
2828 5316 3084 5387 cumque
3109 5316 3293 5373 deleta
3322 5317 3529 5374 fauerint
3559 5314 3808 5375 universa,

2246 5408 2559 5465 transibant
2586 5417 2780 5480 gentes
2808 5409 2995 5465 multa
3014 5410 3430 5480 pereivitatem,
3458 5420 3511 5466 et
3531 5406 3809 5477 Templum.

2244 5500 2393 5571 quod
2420 5501 2503 5557 eis
2532 5501 2685 5572 prius
2712 5501 2930 5573 ingredi
2956 5516 3069 5558 non
3100 5503 3335 5570 licebat;
3369 5511 3427 5561 et
3464 5500 3812 5572 unusquisque

2248 5596 2505 5667 loquetur
2535 5597 2782 5669 proximo
2812 5612 2935 5664 suo,
2964 5612 3135 5669 quare
3168 5596 3371 5657 fecerit
3410 5598 3662 5657 Dominus
3699 5590 3813 5648 civi.

621 5769 646 5799 ⁸
688 5763 918 5821 Cisterc.
949 5767 1284 5837 eeontrario,
1328 5782 1419 5843 per
1466 5770 1678 5828 nunties
1717 5772 1951 5845 prohibet
1977 5773 2175 5846 tristia,
2204 5782 2313 5832 etc.
