3972 6330
229 240 345 302 818

708 241 1362 308 COMMENTARIORUM
1406 245 1475 307 lN
1512 244 1872 310 JEBEMIAM
1907 244 2331 313 PROPHETAM
2371 252 2505 317 LIB.
2550 255 2641 317 lV.
2685 260 2838 318 CAP.
2879 262 3050 322 XXII.

3427 268 3536 328 8M

231 361 335 415 tati
367 357 588 433 inclyta
616 366 672 417 et
698 374 910 433 magna:
935 371 1045 419 tam
1073 363 1333 430 subitam,
1355 372 1412 420 et
1439 374 1549 420 tam
1575 365 1836 436 grandem
1865 370 1917 429 Α
1944 384 2047 423 non
2075 368 2197 424 ideo
2219 372 2341 441 quia
2366 374 2605 444 cognouit
2635 376 2754 430 me?
2784 376 2911 432 dicit
2959 377 3239 437 Dominus.
3283 382 3385 438 Tui
3415 401 3535 440 vero

227 452 621 511 eversionem?
649 454 1182 527 Respendebuutque,
1216 456 1413 526 inquit,
1442 458 1539 529 qui
1591 458 1834 515 interro-

227 544 345 616 gati
376 545 602 613 fuerint,
628 556 682 601 et
705 558 981 617 exponant
1000 562 1193 602 causas
1215 550 1524 614 ruinarum,
1549 550 1833 607 dicentes:

227 641 358 709 quia
388 639 773 712 dereliquerunt
823 650 1036 713 pactum
1083 638 1298 696 Domini
1341 640 1441 701 Dei
1487 645 1567 699 sui
1588 684 1603 711 ,
1647 654 1707 701 et
1738 660 1839 716 pro

229 732 350 789 Deo
379 733 523 793 idola
551 736 796 790 venerati
828 743 977 790 sunt.
1009 735 1215 790 Audiat
1245 736 1350 791 hoc
1373 745 1429 792 et
1460 745 1668 793 nostra:
1691 738 1842 794 urbis

231 826 437 883 domus
475 830 652 899 regia,
681 827 924 902 et”
954 830 1231 900 principes
1259 830 1405 902 ejus,
1433 843 1489 887 et
1515 831 1691 900 cedri,
1719 847 1841 902 quae

232 924 457 980 elevant
485 939 659 995 usque
699 924 765 978 ad
796 925 972 980 nubes
1001 925 1268 983 verticem
1301 941 1487 995 suum,
1515 935 1570 982 et
1600 942 1700 998 per
1744 942 1841 983 su-

232 1017 486 1089 perbiam
542 1017 838 1089 loquuntur
871 1034 887 1073 :
918 1019 1037 1084 quis
1091 1035 1196 1074 non
1252 1020 1480 1075 videbit?
1532 1020 1675 1091 quod
1735 1021 1845 1077 cito

234 1110 459 1167 ﬂamma
484 1111 701 1166 Domini
720 1118 1140 1179 consumantur,
1166 1113 1211 1167 si
1236 1115 1515 1170 noluerint
1542 1114 1688 1170 illius
1705 1130 1846 1186 pra:-

234 1205 415 1276 ceptis
443 1205 819 1278 acquiescere.
849 1206 972 1261 Alia
1000 1216 1185 1263 autem
1220 1219 1303 1263 est
1348 1208 1712 1265 sanctiﬁcatio
1733 1208 1844 1282 [ΑΙ.

236 1299 607 1372 sacrificatio]
653 1300 1019 1358 interfectoris
1047 1343 1062 1367 ,
1113 1312 1170 1358 et
1209 1317 1488 1358 armorum
1536 1304 1656 1374 ejus
1693 1323 1706 1361 :
1740 1304 1848 1360 alia

234 1393 613 1461 sacerdotum,
645 1404 703 1451 et
745 1409 963 1458 eorum,
995 1397 1086 1467 qui
1133 1398 1450 1454 ministrant
1481 1398 1738 1454 Domino.

314 1486 516 1560 (Vera.
560 1486 649 1556 i0,
685 1487 811 1557 il.)
854 1485 1040 1543 Nolite
1077 1489 1204 1559 ﬂere
1242 1499 1527 1554 mortuum,
1565 1507 1726 1556 neque
1769 1493 1853 1546 lu-

237 1581 410 1652 gentis
439 1595 592 1652 super
632 1596 751 1634 eum
777 1595 795 1635 :
826 1580 1064 1655 plangite
1094 1582 1221 1652 ﬂetu
1257 1599 1376 1639 eum
1414 1584 1508 1656 qui
1549 1584 1813 1655 egreditur
1833 1601 1852 1640 :

1938 459 2079 515 oculi
2104 469 2154 516 et
2182 479 2272 516 cor
2300 464 2369 518 ad
2394 466 2684 534 comitium,
2710 477 2759 522 et
2781 468 2851 522 ad
2871 472 3180 542 sanguinem
3206 475 3533 533 innocentem

1937 556 2283 625 fundendum,
2315 568 2365 614 et
2392 560 2465 613 ad
2494 560 2833 631 calumniam,
2864 574 2912 619 et
2934 566 3004 619 ad
3026 581 3239 622 cursum
3264 568 3389 624 ntali
3422 589 3541 644 ope-

1938 649 2028 702 ris.
2072 649 2217 706 LXX
2247 670 2258 706 :
2287 651 2333 707 0
2363 655 2453 716 qui
2482 655 2716 725 azdiﬁcas
2755 658 2967 713 domum
2995 671 3139 715 tuom
3171 679 3275 718 non
3303 681 3419 718 cum
3437 670 3534 738 ju-

1940 740 2102 803 stitia,
2131 751 2178 795 et
2206 744 2468 799 caenaculo
2497 755 2587 801 tua
2619 763 2723 803 non
2750 750 2804 803 in
2823 750 3057 823 judicio!
3083 753 3239 826 Apud
3270 772 3387 811 eum
3418 774 3542 824 pro-

1942 829 2118 887 ximus
2164 849 2411 904 operatur
2458 838 2644 907 gratis.
2678 848 2727 891 ct
2758 840 3045 896 mercedem
3099 843 3147 897 ei
3189 860 3294 899 non
3338 848 3535 903 reddit.

1946 921 2255 994 £di/icasti
2283 925 2374 980 tibi
2400 926 2614 982 domum
2642 933 2931 1000 parvulam,
2966 934 3233 991 caenaculo
3254 938 3541 1007 perﬂatilia

1946 1016 2193 1073 distincto
2212 1018 2475 1089 fenestris,
2499 1029 2546 1075 et
2566 1024 2865 1094 contignata
2889 1026 3062 1095 cedro,
3084 1037 3134 1083 et
3160 1028 3253 1083 lita
3280 1030 3540 1100 sinopide.

1949 1109 2227 1183 Numquid
2274 1114 2529 1184 regnabis,
2574 1116 2699 1187 quia
2741 1125 2796 1171 tu
2838 1121 3108 1175 contendis
3148 1132 3332 1179 contra
3360 1124 3539 1181 Achaz

1950 1212 2147 1271 patrem
2192 1206 2376 1259 tuum!
2422 1223 2525 1260 non
2568 1208 2860 1275 comedent,
2891 1220 2938 1265 et
2983 1227 3091 1266 non
3129 1213 3318 1283 bibent,
3354 1215 3547 1273 Melius

1952 1297 2040 1351 tibi
2070 1308 2178 1352 erat
2200 1296 2219 1372 [
2236 1299 2320 1353 Al.
2343 1298 2473 1371 erit]
2496 1304 2668 1372 facere
2683 1303 2947 1372 judicium
2971 1315 3019 1358 et
3036 1307 3301 1375 justitiam
3326 1312 3549 1377 bonam;

1951 1404 2057 1443 non
2085 1400 2453 1461 cognouerunt,
2485 1409 2590 1446 non
2610 1394 2988 1466 judicaverunt
3010 1398 3279 1471 judicium
3308 1402 3549 1469 humilis,

1953 1496 2118 1552 neque
2144 1482 2409 1554 judicium
2442 1487 2708 1555 pauperis.
2747 1484 2944 1543 Nonne
2973 1490 3073 1544 Itoc
3108 1499 3185 1545 est
3236 1503 3285 1547 te
3313 1494 3560 1564 ignorare

1955 1574 2076 1627 me?
2103 1573 2228 1629 dicit
2255 1573 2537 1632 Dominus.
2571 1575 2710 1633 Ecce
2729 1596 2836 1635 non
2857 1592 2975 1636 sunt
3002 1583 3146 1638 oculi
3175 1586 3252 1640 tui
3281 1587 3429 1657 recti,
3465 1604 3560 1642 nec

237 1671 367 1744 quia
389 1688 491 1727 non
515 1679 794 1727 revertetur
815 1672 978 1741 ultra,
1004 1689 1099 1728 nec
1123 1674 1315 1729 videbit
1345 1684 1535 1730 terram
1564 1676 1855 1732 nativitatis
1955 1679 2044 1720 σοι·
2065 1675 2208 1721 “illm
2229 1666 2443 1735 bonum.
2466 1670 2556 1724 θεά
2579 1671 2649 1723 σά
2668 1673 2944 1747 avaritiam
2970 1684 3131 1745 luam,
3158 1686 3209 1733 et
3246 1688 3304 1733 ut
3342 1682 3557 1754 sangui-

239 1778 374 1819 ιιιω,
408 1764 548 1832 Quia
571 1763 684 1820 hau,-
713 1763 843 1819 «ἤδη
871 1764 1134 1820 pontium
1164 1769 1236 1821 ad
1268 1767 1473 1823 senum
1495 1769 1665 1838 ﬁlium
1686 1768 1851 1826 ,Ιοεξω
1879 1757 1929 1818 Β
1955 1773 2068 1813 nent
2098 1758 2418 1816 innocentem
2458 1760 2723 1833 effundas,
2748 1773 2797 1818 et
2817 1766 2887 1819 ad
2914 1766 3240 1839 iniquitatem
3262 1781 3311 1826 et
3334 1770 3556 1827 homici-

238 1872 416 1928 regem
443 1855 643 1930 [Vulg
679 1856 846 1931 regis]
865 1857 1035 1925 Iuda,
1069 1860 1158 1929 qui
1181 1861 1414 1932 regnavit
1443 1878 1539 1933 pro
1570 1861 1726 1918 losia
1753 1880 1850 1936 pa-

241 1960 323 2005 tre
363 1965 480 2014 sue,
525 1952 614 2020 qui
642 1967 878 2023 egressus
910 1962 985 2007 est
1014 1952 1218 2008 deloco
1246 1955 1346 2009 isto
1383 1969 1402 2009 :
1435 1972 1538 2011 non
1568 1966 1852 2012 revertetur

243 2045 349 2099 huc
374 2043 637 2117 amplius;
691 2045 783 2100 sed
823 2046 878 2099 in
922 2046 1058 2111 loco,
1101 2047 1170 2102 ad
1212 2064 1361 2120 quem
1414 2047 1660 2105 transtuli
1711 2067 1848 2118 eum,

242 2137 318 2191 ibi
343 2138 614 2203 morietur,
644 2147 691 2192 et
720 2146 915 2191 terram
938 2139 1095 2193 istam
1124 2154 1227 2192 non
1259 2138 1453 2194 uidebit
1483 2140 1731 2213 amplius.
1758 2141 1853 2197 Jo-

241 2232 356 2287 sias
390 2247 486 2287 rex
511 2232 696 2302 justus
731 2239 846 2287 tres
877 2231 1019 2289 illius
1043 2231 1255 2300 habuit,
1281 2232 1544 2301 Joachaz,
1574 2243 1630 2289 et
1656 2234 1849 2301 Jacim,

240 2334 302 2381 et
345 2325 653 2390 Sedeciam,
684 2340 916 2396 quorum
965 2325 1202 2397 primum
1251 2340 1350 2380 rex
1383 2324 1604 2398 Egypti
1636 2326 1854 2382 Pharao

243 2419 470 2475 Nechao
497 2419 778 2489 captivum
827 2420 985 2475 duxit
1034 2418 1090 2474 in
1124 2417 1444 2491 Egyptnm,
1488 2420 1676 2490 ibique
1708 2436 1856 2475 utor-

249 2521 378 2568 tuus
424 2522 531 2579 est,
562 2520 619 2568 et
662 2513 953 2567 constituit
1002 2509 1201 2583 pro‘eo
1233 2529 1416 2583 rrgetn
1462 2512 1693 2569 Eliacim
1727 2514 1853 2587 [ΑΙ.

247 2604 538 2677 Joacblm]
568 2604 795 2661 fratrem
826 2605 945 2676 ejus
972 2604 1063 2674 (IV
1090 2604 1224 2678 Reg.
1256 2610 1413 2673 xxtn,
1445 2621 1575 2660 xxiv
1603 2616 1652 2660 et
1692 2605 1854 2679 xxv).

247 2700 372 2767 Quo
413 2707 658 2765 mortuo,
708 2700 960 2769 regnavit
993 2698 1138 2753 filius
1169 2697 1291 2769 ejus
1330 2696 1650 2764 Jechonias,
1694 2701 1786 2771 qui
1827 2713 1856 2753 a

248 2793 768 2851 Nabuchodonosor
822 2808 950 2865 rege
998 2792 1322 2864 Babylonio,
1377 2808 1499 2848 cum
1554 2801 1751 2862 matre,
1804 2803 1859 2849 et

250 2887 600 2960 principibus
627 2886 823 2943 ductus
855 2895 943 2943 est
969 2887 1025 2941 in
1055 2885 1425 2956 captivitatem
1456 2903 1467 2939 :
1500 2901 1600 2961 pro
1630 2900 1739 2957 quo
1766 2901 1862 2957 pa-

252 2990 413 3038 truus
440 2982 563 3050 ejus
607 2981 861 3052 regnavit
888 2978 1150 3037 Sedecias
1176 2978 1292 3051 qui,
1330 2985 1486 3049 capta
1517 2978 1856 3047 Jerusalem,

1955 1850 2123 1917 dium,
2166 1861 2222 1905 ut
2259 1853 2424 1922 facias
2460 1870 2540 1908 ea.
2576 1853 2879 1927 Utramque
2912 1859 3215 1917 editionem
3251 1877 3317 1918 ex
3340 1864 3556 1937 integro

1956 1948 2133 2017 posui,
2161 1956 2221 2004 ut
2248 1958 2304 2004 et
2340 1949 2603 2005 Hebraica
2637 1952 2860 2021 veritas,
2894 1965 2947 2009 et
2972 1955 3264 2014 difficultas
3304 1958 3554 2033 Vulgata:

1955 2041 2212 2097 editionis
2238 2041 2450 2099 facilius
2469 2054 2853 2115 cognoscatur.
2878 2047 2976 2103 Est
3001 2058 3185 2106 autem
3216 2066 3402 2107 sermo
3425 2068 3559 2109 con-

1956 2141 2037 2187 tra
2067 2132 2274 2190 loacim
2321 2132 2489 2190 illium
2519 2133 2684 2191 .losia:
2714 2139 2860 2208 regis
2906 2138 3084 2209 Judze,
3138 2141 3207 2199 de
3235 2158 3343 2215 quo
3391 2160 3558 2214 supra

1955 2221 2216 2292 diximus,
2252 2240 2411 2296 quem
2443 2228 2729 2283 constituit
2758 2227 2976 2284 Nechau
3011 2229 3228 2287 Pharao
3264 2249 3359 2288 rex
3391 2233 3560 2306 Egy-

1958 2317 2033 2387 pti
2063 2332 2162 2384 pro
2189 2317 2425 2373 Joacltaz
2452 2316 2622 2375 fratre
2659 2334 2780 2388 suo,
2825 2338 2985 2395 quem
3029 2324 3270 2381 vinctum
3303 2329 3465 2383 duxit
3505 2330 3561 2384 in

1958 2407 2279 2480 Bgyptum.
2312 2409 2570 2481 Legimus
2618 2422 2824 2478 autem,
2873 2423 2929 2469 ut
2972 2423 3081 2470 tam
3131 2415 3342 2489 Regum
3396 2436 3558 2491 quam

1960 2499 2419 2572 Paralipomenon
2443 2512 2629 2559 narrat
2654 2505 2882 2561 historia
2906 2505 3007 2579 (IV
3035 2508 3165 2581 Reg.
3182 2525 3317 2566 χχιιι
3339 2521 3388 2567 et
3408 2529 3559 2582 xxtv,

1959 2590 2006 2648 ll
2037 2591 2219 2649 Paral.
2246 2594 2468 2668 xxxvt).
2501 2596 2754 2653 undecim
2786 2600 2944 2654 annis
2966 2616 3228 2672 regnasse
3256 2605 3308 2659 in
3340 2605 3566 2663 Jerusa-

1962 2686 2069 2742 lem
2107 2688 2317 2745 Joacim
2348 2689 2518 2744 illium
2551 2689 2739 2759 Josize,
2777 2700 2833 2748 et
2854 2707 3119 2769 regnasse
3149 2698 3475 2768 crudeliter,
3507 2714 3564 2759 et

1963 2782 2246 2838 exstitisse
2286 2781 2538 2855 impium,
2574 2793 2628 2841 et
2672 2796 2859 2857 postea
2894 2797 3204 2860 mortuum;
3236 2810 3336 2851 nec
3379 2806 3559 2854 tamen

1962 2872 2082 2942 ejus
2130 2875 2417 2945 sepultura
2470 2887 2744 2948 narratur,
2799 2879 2938 2936 hanc
2990 2881 3228 2941 habente
3275 2886 3560 2959 Scriptura

1962 2980 2117 3022 sacra
2154 2967 2634 3034 consuetudinem,
2674 2979 2740 3026 ut
2777 2987 2969 3028 omnes
3015 2989 3177 3045 reges
3219 2986 3275 3034 et
3312 2989 3565 3038 mortuos

252 3076 454 3133 ductus
482 3085 568 3133 est
597 3075 650 3130 in
675 3073 1028 3145 Babylonem.
1077 3071 1356 3140 Quaeritur
1394 3072 1603 3144 itaque,
1637 3072 1760 3143 quis
1790 3073 1856 3127 sit

1966 3060 2174 3117 referat
2192 3063 2529 3134 etsepultos.
2562 3064 2719 3120 Hunc
2749 3077 2931 3123 autem
2963 3072 3186 3139 preprie
3208 3086 3395 3130 narrat
3421 3093 3573 3134 mor-

254 3170 358 3227 ἱειε
383 3168 477 3240 φη
504 3168 626 3223 παι
653 3181 759 3223 no“
792 3142 1027 3232 _debeat’
1077 3142 1572 3237 ἀυρειιαυεηηοέίι
1601 3164 1658 3220 in
1690 3165 1863 3236 capti.
1892 3142 1939 3207 C
1971 3164 2121 3210 tuum
2159 3166 2214 3211 et
2245 3171 2351 3211 non
2385 3156 2682 3227 sepultum,
2708 3160 2779 3214 de
2800 3175 2909 3231 quo
2939 3161 3188 3221 dicemus
3213 3165 3266 3220 in
3297 3173 3569 3238 posterio-

252 3261 504 3325 vitatem,
541 3268 598 3315 ct
647 3259 789 3315 ultra
831 3272 940 3313 non
995 3271 1347 3325 reversurus,
1386 3270 1509 3311 cum
1557 3266 1670 3313 tres
1720 3256 1865 3329 capti
1970 3249 2265 3323 ribus[Al.
2297 3252 2843 3327 consequentibus].
2878 3254 3089 3329 Plangit
3139 3261 3327 3330 itaque
3374 3279 3571 3337 supras

256 3355 393 3421 sint,
425 3364 591 3423 atque
634 3350 975 3408 transducti‘.’
1006 3349 1219 3406 llebrrei
1256 3359 1447 3420 putant
1477 3349 1579 3405 hoc
1610 3350 1866 3405 omnibus

257 3448 578 3510 convenire,
603 3445 656 3501 id
692 3454 800 3512 est,
826 3454 880 3500 et
912 3441 1174 3511 Joacbaz,
1206 3450 1263 3497 et
1281 3440 1587 3511 Jecltonite,
1616 3450 1672 3498 et
1696 3441 1868 3499 Sede-

259 3544 361 3600 ciae
396 3557 411 3597 :
446 3538 827 3611 appellarique
863 3551 1062 3594 omnes
1107 3535 1252 3591 illius
1291 3534 1455 3591 Josize
1495 3533 1711 3601 Sellem,
1750 3536 1867 3591 sive

264 3632 470 3691 Sellum
487 3615 713 3706 (nnbat),
739 3629 886 3702 quod
910 3629 1312 3698 interpretatur
1329 3627 1728 3695 consummatio,
1749 3627 1867 3683 sive

258 3725 566 3798 completio;
591 3740 658 3780 eo
678 3723 823 3796 quod
854 3736 1083 3793 regnum
1114 3718 1253 3776 Juda
1280 3721 1335 3776 in
1361 3719 1497 3792 ipsis
1523 3719 1737 3775 finitum
1766 3720 1863 3775 sit.

264 3819 396 3877 Mihi
434 3827 618 3875 autem
647 3819 868 3889 proprie
899 3815 1005 3872 hoc
1029 3815 1135 3871 dici
1166 3813 1387 3870 videtur
1415 3812 1487 3869 de
1512 3813 1770 3883 Sedecia,
1798 3810 1869 3870 de

263 3929 372 3986 quo
396 3921 455 3969 et
484 3911 790 3983 praesentis,
816 3920 871 3964 et
893 3908 1159 3981 praeteriti
1193 3905 1418 3977 capituli
1443 3905 1732 3979 prophetia
1756 3913 1864 3973 est,

264 4006 320 4062 in
352 4021 459 4077 quo
490 4019 621 4062 vere
668 4018 893 4074 regnum
931 4001 1069 4057 inda
1103 4000 1315 4055 finitum
1362 4007 1470 4067 est,
1520 4000 1624 4055 sub
1665 4015 1774 4069 quo
1813 4004 1871 4054 et

267 4100 401 4155 urbs
423 4109 581 4169 capta
613 4106 698 4152 est
724 4113 736 4149 :
762 4095 1071 4165 ductusque
1099 4094 1151 4148 in
1194 4091 1555 4164 Babylonem,
1606 4092 1679 4147 ibi
1725 4106 1872 4147 mor-

270 4202 395 4249 tuus
417 4191 700 4248 scribitur.
731 4191 837 4245 Iste
864 4196 949 4243 cst
968 4184 1197 4254 Selium,
1224 4186 1278 4241 id
1296 4196 1401 4252 est,
1432 4186 1866 4254 consummatio,

269 4294 436 4356 atque
463 4282 781 4354 completio,
807 4280 952 4337 illius
978 4279 1169 4348 losim,
1197 4295 1295 4335 rex
1323 4278 1486 4349 Juda,
1507 4279 1597 4350 qui
1622 4280 1874 4350 regnavit

270 4397 372 4453 pro
403 4380 553 4438 Josla
581 4392 735 4452 patre
758 4394 880 4435 suo.
910 4378 1206 4435 Jecbonias
1228 4388 1408 4434 autem
1436 4394 1542 4434 non
1571 4377 1673 4433 fuit
1704 4378 1867 4450 illius,

1969 3342 2169 3399 dictum
2193 3357 2400 3415 regem,
2425 3345 2569 3416 quod
2591 3346 2832 3402 confidat
2855 3348 2906 3403 in
2927 3348 3190 3420 iniustitia
3212 3353 3331 3428 [ΑΙ.
3357 3357 3572 3414 addunt.

1968 3436 2180 3511 sua]et
2223 3446 2378 3510 putet
2427 3454 2550 3496 esse
2597 3452 2919 3516 perpetuam
2969 3446 3173 3517 regiam
3216 3448 3570 3521 dignitatem,

1971 3530 2243 3602 faciatque
2278 3532 2384 3587 sibi
2414 3534 2726 3600 coanacnla,
2760 3541 2818 3590 et
2846 3535 3054 3593 amicos
3093 3543 3388 3611 opprimat,
3429 3559 3567 3615 ope-

1969 3622 2328 3694 rantibusque
2370 3639 2476 3681 non
2505 3625 2697 3681 reddat
2728 3627 3036 3685 mercedem
3075 3646 3256 3702 suam,
3298 3643 3355 3689 et
3396 3646 3566 3692 mter-

1971 3728 2094 3770 nam
2119 3715 2303 3785 palatii
2336 3717 2421 3772 sui
2452 3718 2880 3776 adificationcm
2911 3721 3235 3782 arbitretur.
3268 3726 3567 3803 Numquid,

1969 3809 2043 3864 ait
2081 3823 2264 3864 sermo
2302 3810 2547 3879 divinus,
2601 3826 2834 3883 regnare
2875 3817 3082 3884 poteris
3127 3818 3180 3872 in
3215 3834 3566 3894 perpetuum,

1970 3903 2230 3975 quoniam
2256 3907 2509 3962 conferre
2536 3914 2590 3962 te
2622 3906 2779 3977 cupis
2813 3908 2985 3964 cedro
3010 3913 3277 3981 excelsae,
3313 3919 3454 3985 patri
3484 3928 3577 3975 tuo

1970 3997 2136 4053 Josia:
2174 3998 2451 4064 videlicet,
2480 4000 2591 4070 regi
2612 4000 2794 4069 justo?
2817 3999 2998 4070 Pater,
3028 4003 3229 4076 inquit,
3266 4016 3385 4064 tuus
3411 4020 3460 4065 et
3481 4028 3570 4065 co-

1972 4092 2378 4161 medit,etbibit,
2407 4104 2458 4150 et
2481 4094 2682 4151 fruitns
2705 4105 2787 4151 est
2810 4098 3007 4169 opibus
3029 4102 3224 4177 regiis,
3252 4120 3353 4161 nec
3382 4115 3571 4166 tamen

1973 4186 2028 4241 in
2056 4201 2124 4242 eo
2151 4185 2379 4243 offendit
2402 4187 2573 4244 Deum
2605 4190 2746 4261 quod
2781 4189 2978 4247 babuit
3002 4192 3246 4265 divitias,
3295 4200 3389 4256 sed
3414 4201 3469 4257 in
3505 4218 3573 4259 eo

1973 4277 2200 4348 placuit,
2232 4279 2378 4351 quod
2409 4279 2542 4336 fecit
2567 4281 2832 4351 judicium
2870 4293 3037 4357 atque
3066 4287 3365 4358 justitiam.
3400 4295 3467 4350 Et
3492 4297 3576 4352 id-

1973 4371 2121 4427 circo
2157 4382 2265 4426 tam
2299 4373 2351 4427 in
2384 4377 2639 4443 prmseuti
2675 4377 2896 4440 saeculo.
2930 4394 3092 4450 quam
3128 4383 3182 4439 iu
3211 4382 3402 4443 futuro
3432 4388 3576 4446 bene

271 4474 368 4531 sed
401 4487 575 4544 nepos
602 4473 788 4539 .losiar,
825 4473 968 4526 illius
993 4470 1204 4529 Joaclm
1227 4489 1240 4527 :
1261 4483 1317 4527 ut
1343 4487 1369 4523 τι
1392 4471 1672 4543 principio
1703 4469 1875 4526 visio—
1899 4529 1953 4549 ﬁ
1977 4464 2026 4519 ci
2059 4463 2180 4529 fuit,
2216 4473 2274 4520 el
2301 4466 2426 4520 erit.
2451 4462 2740 4534 «iudicavit,
2770 4469 2968 4540 inquit,
2996 4488 3208 4528 causam
3241 4481 3490 4549 pauperis
3526 4493 3578 4539 et

274 4529 386 4634 bis,
418 4529 636 4640 quando
664 4529 898 4619 misitad
920 4563 1213 4619 Jeremlam
1247 4579 1341 4620 rex
1370 4529 1635 4620 éedecias
1664 4560 1877 4618 Phasur
1899 4529 1955 4593 D
1979 4558 2150 4630 egeni,
2198 4568 2251 4614 et
2281 4558 2333 4613 in
2378 4573 2570 4616 eorum
2612 4529 2968 4635 refrigerium.
2987 4581 3122 4639 quos

278 4657 451 4713 lilium
483 4655 754 4725 Melchiaa,
786 4663 841 4711 et
866 4653 1205 4725 Sophoniam
1237 4655 1406 4711 illium
1439 4653 1660 4712 Haasius
1691 4669 1881 4710 sacer-

276 4755 491 4824 dotem,
524 4769 701 4826 usque
724 4751 792 4809 ad
820 4750 967 4809 istud
996 4752 1325 4827 capitulum,
1358 4753 1541 4807 omnia
1572 4751 1637 4807 ad
1668 4765 1875 4823 regem,

278 4862 332 4910 et
364 4850 435 4908 de
463 4863 595 4921 rege
622 4848 848 4905 Sedecia
880 4846 988 4903 dici
1020 4845 1390 4918 intelligamus
1422 4845 1633 4921 (Supra
1656 4847 1803 4919 χχι).

350 4942 547 5016 (Vers.
576 4942 644 4997 l9.
660 4939 856 5013 seqq.)
908 4938 996 4996 νω
1021 4940 1112 5011 qui
1140 4938 1369 5010 azdiﬁcat
1398 4938 1611 4994 domum
1645 4956 1795 4993 suam
1825 4940 1882 4992 in

276 5036 560 5113 injustitia,
602 5044 650 5090 et
685 5032 948 5090 caenaculo
988 5049 1085 5087 sua
1121 5048 1225 5087 non
1279 5033 1331 5085 in
1363 5032 1595 5105 judicio.
1642 5033 1880 5087 Amicum

279 5148 434 5189 suum
461 5128 708 5203 apprimit
740 5128 932 5202 [Vulg.
967 5127 1221 5200 apprimet
1255 5136 1312 5183 et
1341 5123 1555 5199 reddet]
1590 5129 1812 5197 frustra,
1837 5134 1883 5180 et

281 5223 569 5280 mercedem
594 5222 705 5286 eius
728 5236 833 5275 non
857 5221 1029 5274 reddit
1061 5219 1127 5273 ei.
1153 5218 1256 5286 Qui
1280 5218 1431 5289 dicit,
1463 5217 1736 5288 azdiﬁcabo
1759 5218 1886 5275 mihi

282 5317 497 5376 domum
537 5312 719 5380 latam,
766 5321 812 5367 et
843 5309 1111 5371 cenaculo
1156 5312 1415 5379 spatiosa,
1456 5310 1548 5379 qui
1583 5310 1754 5380 aperit
1788 5309 1888 5363 sibi

286 5409 559 5479 fenestras.
604 5416 652 5465 et
688 5407 816 5476 facit
854 5404 1123 5475 laquearia
1164 5404 1398 5471 cedrino,
1441 5403 1710 5477 pingitque
1746 5401 1889 5456 sino-

1981 4660 2040 4709 et
2066 4652 2287 4725 proprie
2315 4653 2368 4706 in
2390 4652 2581 4707 bonum
2600 4670 2774 4709 suum.
2800 4655 2929 4713 llwc
2963 4668 3144 4715 autem
3169 4665 3354 4719 omnia
3378 4682 3583 4726 evene-

1982 4758 2113 4805 runt
2150 4750 2200 4805 ei
2236 4764 2523 4821 prospera,
2566 4751 2689 4822 quia
2726 4769 2804 4807 me
2837 4757 3095 4829 cognovit,
3134 4757 3261 4819 dicit
3298 4759 3578 4821 Dominus.

1983 4840 2084 4898 Tui
2108 4856 2259 4908 vero,
2285 4858 2319 4898 o
2347 4841 2574 4908 Joacim,
2605 4844 2748 4899 oculi
2782 4843 3062 4902 declinant
3091 4848 3158 4904 ad
3181 4852 3498 4923 avaritiam,
3523 4868 3583 4913 et

1983 4944 2044 4992 ut
2071 4936 2423 4993 innocentem
2449 4936 2773 5007 sanguinem
2802 4936 3021 5007 fundas,
3050 4940 3116 4997 ad
3141 4944 3503 5023 calumniam,
3528 4960 3586 5009 et

1983 5028 2050 5085 ad
2081 5043 2305 5085 cursum
2358 5028 2487 5084 mall
2528 5029 2740 5100 operis.
2790 5030 2954 5086 Juxta
3010 5031 3372 5109 Septuaginta
3424 5058 3584 5115 vero,

1985 5136 2150 5193 quem
2174 5135 2395 5177 sensum
2419 5118 2680 5187 habeant,
2699 5117 3010 5193 intelligere
3032 5141 3139 5182 non
3164 5144 3416 5200 possunt.
3446 5132 3586 5191 Cum

1986 5214 2130 5271 enim
2162 5221 2358 5271 cretera
2390 5212 2494 5273 Sibi
2521 5213 2705 5287 aliqua
2749 5231 2815 5271 cx
2850 5226 3010 5285 parte
3041 5224 3420 5293 consentiant,
3448 5225 3588 5282 illud

1991 5305 2137 5376 quod
2181 5304 2411 5363 infertur
2438 5324 2449 5363 :
2476 5303 2754 5375 Numquid
2788 5310 3052 5379 regnabis,
3090 5315 3334 5381 quoniam
3360 5326 3415 5370 tu
3461 5333 3594 5372 con-

1994 5399 2165 5456 tendis
2189 5400 2245 5454 in
2274 5400 2449 5457 Actias
2491 5409 2639 5471 patre
2661 5403 2795 5456 tuo?
2831 5418 2932 5475 pro
2960 5418 3070 5476 quo
3103 5406 3156 5460 in
3188 5406 3422 5465 Hebrtco
3449 5418 3592 5472 scri-

287 5501 428 5576 pide.
478 5498 755 5576 Numquid
801 5498 1065 5579 regnabis,
1094 5496 1267 5579 990
1296 5496 1541 5571 quoniam
1591 5498 1797 5566 confers
1843 5502 1892 5550 te
1999 5503 2149 5564 ptum
2180 5501 2264 5548 est
2307 5493 2653 5569 suum”),
2695 5505 2751 5551 et
2791 5494 2879 5551 hic
2911 5512 3097 5555 sermo
3139 5499 3356 5561 cedrum
3383 5504 3597 5576 signiti-

285 5593 480 5655 cedro!
509 5593 672 5657 Pater
699 5602 821 5653 tuus
854 5608 1025 5651 nautae
1054 5591 1277 5651 contedit
1306 5599 1355 5649 et
1386 5589 1538 5656 bibit,
1569 5597 1617 5647 et
1649 5589 1774 5660 fecit
1802 5589 1896 5660 juo
1998 5597 2104 5658 cet.
2149 5587 2501 5649 manifestum
2543 5597 2629 5647 est
2655 5587 2803 5660 quod
2844 5589 3057 5651 nullum
3096 5606 3321 5651 sensum
3369 5596 3593 5660 habeat.

289 5690 486 5746 dicium
516 5700 562 5745 ct
594 5690 851 5753 iustitiam
884 5696 1004 5742 tunc
1035 5690 1161 5742 ‘cum
1196 5688 1320 5741 bene
1361 5693 1470 5740 erat
1506 5682 1594 5739 ei?
1627 5679 1898 5738 Judicauit
1997 5678 2137 5735 Illud
2167 5693 2390 5750 quoque
2417 5678 2568 5751 good
2608 5679 2854 5750 sequitur
2883 5689 2898 5741 t
2935 5679 3059 5736 Non
3101 5688 3370 5742 comedent
3411 5700 3457 5745 et
3497 5710 3604 5749 ηοη

293 5799 507 5839 causam
534 5782 803 5854 pauperis,
854 5788 901 5835 et
947 5779 1093 5851 egeni
1118 5779 1170 5832 in
1202 5776 1389 5833 bonum
1415 5792 1564 5832 suum
1595 5789 1611 5829 :
1644 5768 1898 5844 numquid
2004 5771 2478 5840 bibent,etr:rtcra
2504 5788 2623 5842 qua:
2650 5771 2724 5827 ita
2755 5773 2898 5828 inter
2925 5789 2983 5832 sc
3011 5775 3269 5849 dissipata
3291 5793 3418 5838 sunt
3446 5795 3605 5855 atque
