3972 6324
455 223 568 283 813

1702 212 1763 269 S.
1801 207 2070 271 EUSEBll
2107 208 2488 273 HIERONYMI

3642 208 3756 268 A816

456 334 688 391 confusa
722 375 736 401 ,
799 329 882 388 ut‘
907 329 1117 401 absque
1168 325 1403 384 veritate
1448 322 1736 382 Hebraicae
1792 323 2053 381 lectionis
2080 328 2127 389 Α
2160 335 2251 382 tua
2270 328 2335 382 ab
2361 323 2710 383 adolescentia
2732 330 2822 381 tua
2848 336 2863 380 :
2885 322 3008 397 quia
3024 337 3132 381 non
3158 320 3354 382 audisti
3373 336 3550 382 uocem
3574 337 3755 380 meam.

460 430 671 485 nullam
727 425 1143 494 intelligentiam
1202 420 1464 477 habeant.
1527 420 1827 476 Possumus
1875 427 2058 475 autem

461 524 610 579 hunc
650 523 828 577 locum
848 518 1000 585 juxta
1035 532 1322 588 anagogcn
1368 525 1561 571 contra
1592 513 1887 570 liazreticos
1914 513 2061 569 acci-

457 633 615 689 pere,
660 614 750 683 qui
790 612 1068 667 aediﬁcant
1107 611 1211 667 sibi
1256 611 1484 667 domum
1520 626 1628 665 non
1684 625 1962 680 magnam,
2004 618 2063 665 et

455 708 578 780 [AL
612 704 750 777 nec]
780 704 1044 761 Ecclesiae
1069 703 1323 760 ubertate
1352 703 1702 767 latissimam,
1732 701 1828 758 sed
1861 717 2062 772 parvu-

452 800 587 855 lam.
630 796 931 854 zEdiﬁcant
957 805 1139 853 autem
1165 812 1275 853 non
1308 812 1432 852 cum
1469 796 1681 867 justitia
1711 805 1875 867 atque
1913 796 2061 866 judi-

453 894 566 960 cio,
594 894 774 949 aliena
800 891 1050 963 diripere
1072 891 1375 962 cupientes.
1404 890 1560 948 Unde
1583 891 1790 947 dicitur
1816 910 1828 945 :
1854 890 2060 960 Aidiﬁ-

454 986 584 1041 casti
613 984 705 1040 tibi
728 985 940 1039 domum
972 983 1271 1055 parvulam,
1308 983 1576 1039 ctenacula
1605 983 1915 1054 perﬂatilia,
1938 998 2061 1053 qua:

453 1081 924 1135 circumferuntur
964 1078 1114 1133 omni
1173 1088 1337 1133 vento
1388 1077 1677 1143 doctrinm,
1716 1086 1766 1132 et
1810 1077 2062 1132 distincta

461 1172 703 1245 fenestris
734 1185 884 1226 :non
926 1169 1074 1225 enim
1124 1168 1332 1224 habent
1374 1181 1700 1239 perpetuum
1743 1167 2057 1238 aediﬁcium,

457 1278 559 1321 nec
584 1263 815 1319 solidam
840 1262 1181 1317 ﬁrmitatem.
1214 1261 1282 1315 Et
1304 1262 1629 1335 contignata,
1651 1260 1856 1331 inquit,
1879 1261 2059 1316 cedro.

458 1357 733 1414 Videntur
755 1356 978 1428 quidem
1010 1355 1485 1426 contignationem
1520 1354 1727 1411 habere
1753 1353 2062 1424 pulcherri-

450 1466 631 1517 mam;
679 1451 773 1505 sed
803 1450 870 1504 ad
913 1448 1142 1514 imbres,
1168 1456 1223 1502 et
1264 1447 1705 1517 persecutionum
1757 1454 2063 1514 tempesta-

455 1552 568 1600 tem
597 1543 708 1599 cito
736 1549 1065 1614 putrescunt
1109 1547 1168 1596 et
1195 1548 1484 1595 corruunt.
1525 1537 1747 1609 Litoque
1786 1537 2052 1607 sinapide.

449 1637 519 1693 Et
560 1635 663 1705 ipsi
710 1636 928 1706 quidem
974 1634 1285 1703 passionem
1335 1630 1573 1699 Domini,
1626 1638 1683 1687 et
1725 1629 2055 1701 sanguinem

2167 418 2355 476 Omnes
2384 430 2614 492 pastores
2646 418 2795 493 (sive
2832 416 3132 493 amatores)
3173 428 3285 475 tuos
3320 427 3503 503 pascet
3525 427 3706 473 uentus
3737 435 3754 471 :

2163 524 2211 569 et
2248 524 2500 571 amatores
2533 514 2689 587 (sive
2714 513 2904 583 amici)
2931 515 3010 569 tui
3031 515 3085 569 in
3115 515 3464 587 captivitatem
3488 514 3663 570 ibunt.
3694 512 3759 566 Et

2165 615 2286 662 tunc
2328 610 2687 678 confunderis,
2728 617 2775 662 et
2820 607 3087 664 erubescas
3133 609 3196 663 ab
3227 609 3367 663 omni
3405 609 3619 663 malitia
3650 618 3759 663 tua.

2169 699 2299 766 Quae
2325 700 2469 756 sedes
2501 701 2555 755 in
2589 699 2811 763 Libano,
2842 710 2892 755 et
2923 700 3166 770 nidiﬁcas
3192 700 3246 755 in
3273 701 3466 767 cedris,
3499 701 3757 769 quomoda

2166 795 2522 863 congentuisti,
2554 810 2675 847 cum
2716 793 2970 849 venissent
3001 793 3093 849 tibi
3121 793 3327 848 dolores
3353 793 3508 863 quasi
3553 794 3758 849 dolores

2167 887 2536 955 parturientis?
2565 886 2669 943 Per
2700 886 3080 959 metaphoram
3112 886 3304 943 Libani
3335 894 3393 943 et
3430 885 3637 955 Busan,
3671 903 3756 943 re-

2165 980 2389 1051 gionum
2423 986 2479 1036 et
2507 980 2771 1037 montium
2820 989 2971 1035 trans
2998 979 3322 1043 Iordanem,
3358 980 3427 1034 ad
3460 978 3762 1036 Jerusalem

2165 1087 2348 1129 sermo
2367 1073 2638 1145 dirigitur,
2663 1073 2808 1144 quod
2840 1072 3037 1128 frustra
3068 1073 3123 1128 in
3151 1071 3390 1145 Egypto
3415 1072 3491 1128 sit
3523 1072 3757 1140 conﬁsa,

2164 1164 2280 1221 sive
2309 1164 2376 1220 ad
2401 1167 2575 1236 ipsum
2604 1165 2840 1231 Joacim,
2888 1165 2980 1236 qui
3007 1181 3073 1221 eo
3123 1173 3372 1234 tempore
3402 1164 3671 1236 regnabat
3713 1164 3762 1218 in

2162 1256 2491 1325 Jerusalem,
2534 1257 2683 1314 etab
2726 1257 3000 1329 Egyptiis
3047 1273 3143 1314 rex
3195 1258 3369 1313 fuerat
3395 1259 3755 1326 constitutus,

2163 1350 2306 1422 quod
2344 1351 2543 1407 frustra
2571 1351 2949 1424 [Egyptiorum
2979 1360 3168 1424 speret
3207 1352 3494 1422 auxilium,
3531 1364 3592 1410 et
3621 1354 3763 1425 quod

2162 1442 2264 1513 ipsi
2294 1458 2511 1514 quoque
2538 1459 2566 1497 a
2592 1443 2894 1517 Babylonio
2922 1458 3049 1516 rege
3078 1442 3372 1512 superandi
3404 1446 3539 1512 sint,
3572 1454 3628 1501 et
3660 1446 3762 1500 du-

2163 1533 2321 1590 cendi
2347 1534 2397 1589 in
2430 1534 2802 1604 captivitatem
2828 1533 2929 1606 (ιν
2962 1534 3091 1608 Reg.
3116 1550 3248 1589 xxnt
3271 1532 3314 1605 ).
3346 1534 3620 1606 Quodque
3648 1535 3765 1591 ait:

2163 1626 2365 1682 locutus
2387 1643 2504 1681 sum
2530 1628 2599 1682 ad
2621 1638 2694 1693 te,
2718 1626 2825 1682 hoc
2855 1637 2962 1693 est,
2991 1627 3107 1696 ipse
3135 1627 3278 1683 Deus
3300 1643 3396 1696 per
3425 1627 3766 1698 Prophetas;

451 1727 823 1798 pollicentur;
866 1724 963 1780 sed
1005 1726 1058 1779 in
1100 1731 1425 1794 perpetuum
1468 1736 1575 1777 non
1616 1730 1870 1794 regnant,
1919 1722 2051 1790 quia
2088 1730 2133 1791 Β
2161 1720 2300 1780 sive.
2349 1718 2509 1774 locuti
2553 1729 2674 1773 sunt
2720 1718 2790 1772 ad
2838 1728 2906 1783 te,
2954 1725 3015 1773 ut
3057 1717 3437 1784 subaudiatur,
3473 1718 3770 1789 Proliheta:

450 1818 790 1877 contendunt
807 1826 863 1874 et
890 1817 958 1873 ad
992 1815 1333 1872 iracundiam
1362 1824 1661 1885 provocant
1685 1814 1845 1879 Araz,
1871 1812 1925 1869 id
1947 1823 2056 1882 est,

452 1912 665 1968 cedrum
692 1919 903 1982 patrem
932 1925 1115 1966 suum.
1145 1909 1341 1965 Omnis
1367 1908 1515 1963 enim
1551 1906 1843 1963 haereticus
1872 1908 2055 1962 nasci-

448 2014 539 2059 tur
564 2005 617 2058 in
650 2002 924 2068 Ecclesia,
964 2000 1062 2057 sed
1102 1999 1170 2055 de
1203 1998 1447 2055 Ecclesia
1488 1997 1799 2069 projicitur,
1842 2009 1894 2052 et
1925 2012 2058 2053 con-

450 2096 645 2160 tendit,
676 2103 733 2150 et
763 2099 969 2164 pugnat
992 2103 1185 2148 contra
1217 2099 1525 2161 parentem.
1557 2089 1826 2160 Quodque
1848 2088 2052 2144 infert:

449 2188 577 2243 Non
621 2185 889 2241 comedent
931 2194 979 2239 et
1010 2200 1112 2239 non
1134 2182 1326 2249 bibent,
1373 2181 1702 2236 subauditur
1744 2179 1957 2251 Corpus
2000 2187 2056 2235 et

448 2280 783 2352 Sanguinem
816 2276 1142 2344 Salvatoris,
1175 2283 1485 2345 czeteraque
1518 2273 1604 2329 his
1631 2272 1852 2328 similia.
1890 2272 2057 2327 Erro-

449 2388 681 2444 remque
702 2386 921 2429 omnem
948 2368 1084 2426 dicit
1107 2367 1236 2426 inde
1266 2366 1633 2435 descendere,
1658 2364 1805 2437 quod
1836 2364 2056 2437 ignora-

444 2469 630 2524 verint
677 2467 870 2535 Deum,
911 2479 1013 2521 nec
1061 2461 1297 2519 habeant
1346 2472 1528 2518 rectos
1567 2460 1786 2526 oculos;
1830 2459 1926 2514 sed
1958 2473 2054 2515 cor

446 2574 641 2617 eorum
671 2573 903 2629 pronum
937 2557 1008 2611 sit
1038 2554 1106 2609 ad
1139 2553 1425 2609 avaritiam
1449 2561 1508 2608 ut
1538 2553 1715 2608 aliena
1758 2551 2045 2621 diripiant,

452 2658 509 2706 et
551 2649 917 2719 deceptorum
965 2645 1288 2716 sanguinem
1337 2643 1588 2698 fundant.
1645 2641 1759 2696 Hoc
1790 2649 1874 2696 est
1904 2640 2047 2696 enim

449 2742 636 2801 facere
664 2740 1043 2799 homicidium.
1071 2737 1321 2793 Obscura
1351 2736 1517 2791 latius
1543 2732 1866 2790 disserenda
1894 2742 2044 2789 sunt.

522 2835 828 2911 (Vers.18,
857 2833 982 2905 l9.)
1026 2831 1315 2903 Propterea
1360 2830 1470 2884 hare
1512 2828 1641 2884 dicit
1686 2826 1943 2882 Dominus
1981 2827 2051 2881 ad

450 2930 657 2986 Joacim
685 2928 853 2999 ﬁlium
873 2924 1040 2981 Josia:
1072 2939 1244 2998 regem
1267 2921 1433 2977 Juda.
1470 2920 1596 2976 Non
1637 2919 1886 2994 plangent
1908 2935 2043 2985 eum,

450 3039 528 3079 ua:
573 3024 754 3094 frater,
793 3028 844 3075 et
867 3034 943 3074 ea:
969 3033 1143 3082 soror,
1174 3033 1278 3071 non
1319 3014 1698 3088 concrepabant
1726 3015 1795 3080 ei,
1844 3029 1919 3067 va:
1941 3010 2050 3066 Do-

2160 1813 2298 1880 mei;
2347 1823 2393 1868 et
2443 1823 2499 1868 tu
2526 1814 2581 1867 in
2628 1813 2955 1869 abundantia
2984 1825 3075 1867 tua
3123 1812 3328 1879 dixisti,
3363 1830 3467 1868 non
3498 1815 3719 1869 audiam
3748 1831 3768 1870 :

2159 1906 2339 1977 arguit
2386 1920 2506 1961 eam
2539 1905 2830 1976 superbire,
2875 1911 2932 1961 et
2978 1905 3124 1976 quod
3148 1904 3463 1961 divitiarum
3497 1906 3771 1979 magnitu-

2159 1997 2285 2055 dine
2324 2000 2495 2055 abusa
2523 2001 2594 2055 sit
2626 1999 2680 2054 in
2709 2006 3084 2069 contemptum
3119 1999 3235 2054 Dei.
3281 1999 3352 2054 Et
3376 2011 3588 2069 narrat,
3620 2002 3768 2073 quod

2157 2105 2266 2147 non
2299 2092 2474 2147 solum
2505 2091 2610 2147 hoc
2652 2100 2920 2162 tempore,
2950 2090 3048 2147 sed
3084 2090 3152 2147 ab
3182 2090 3341 2146 initio
3366 2092 3593 2163 quando
3633 2093 3769 2149 edu-

2156 2195 2243 2241 cta
2265 2186 2336 2241 sit
2355 2185 2425 2241 de
2450 2183 2712 2256 Egypto.
2746 2200 2855 2240 non
2886 2184 3335 2241 audieritvocem
3368 2185 3501 2251 Dei;
3530 2188 3681 2243 unde
3712 2198 3765 2243 et

2156 2292 2348 2333 omnes
2390 2288 2637 2348 pastores
2658 2276 2798 2348 ejus,
2829 2286 2884 2332 et
2931 2276 3207 2347 principes
3236 2276 3344 2333 huc
3381 2277 3629 2351 illucque
3678 2279 3764 2335 di-

2155 2371 2330 2442 spersi
2361 2371 2491 2438 sint,
2531 2381 2588 2426 et
2616 2371 2922 2441 captivitati
2954 2371 3274 2442 Babyloniae
3312 2372 3461 2429 colla
3492 2374 3768 2431 submise-

2154 2462 2284 2517 rint.
2313 2462 2582 2532 Quodque
2615 2461 2789 2518 infert
2816 2480 2829 2517 :
2857 2462 2989 2532 Qua:
3018 2463 3165 2518 sedes
3194 2463 3251 2518 in
3278 2463 3507 2531 Libano,
3546 2476 3600 2519 et
3626 2467 3767 2521 nidi—

2154 2556 2281 2627 ﬁcas
2301 2557 2354 2611 in
2375 2556 2564 2624 cedris,
2590 2559 2960 2628 arrogantiam
2994 2557 3276 2631 suggillat,
3293 2576 3416 2631 qua:
3429 2559 3500 2616 de
3515 2562 3764 2617 omnium

2151 2661 2337 2701 rerum
2366 2656 2614 2704 creverat
2646 2648 2999 2717 abundantia,
3030 2661 3082 2705 et
3124 2650 3270 2721 quod
3299 2651 3479 2707 instar
3513 2655 3763 2710 mulieris

2154 2752 2454 2808 puerperae,
2503 2736 2820 2809 repentinus
2857 2741 2906 2795 ei
2936 2739 3097 2796 dolor
3135 2751 3191 2796 et
3220 2741 3403 2797 subita
3443 2745 3641 2800 veniat
3669 2759 3767 2801 ca-

2154 2829 2392 2899 ptivitas.
2423 2830 2578 2898 Quod
2612 2839 2792 2885 autem
2837 2844 2938 2885 nos
2984 2830 3223 2888 diximus
3254 2849 3270 2887 :
3298 2832 3473 2889 clama
3489 2836 3560 2889 ad
3589 2844 3767 2891 trans-

2152 2930 2351 2986 euntes,
2379 2921 2543 2994 993
2576 2930 2634 2978 et
2680 2922 2732 2976 in
2765 2922 3035 2979 llebraico
3062 2923 3331 2995 scriptum
3360 2934 3450 2982 est
3482 2943 3765 2985 ιιεΑιιλιιιιι

2153 3010 2474 3085 (unum),
2524 3013 2916 3085 Septuaginta,
2979 3013 3402 3087 Theodotioque
3449 3030 3762 3093 verterunt,

450 3115 613 3178 mine,
643 3121 691 3167 et
717 3126 790 3166 va:
813 3108 1029 3181 inclyte.
1060 3107 1343 3178 Sepultura
1364 3107 1502 3161 asini
1531 3105 1835 3176 sepelietur,
1868 3115 2047 3174 putre-
2077 3114 2124 3179 ς,
2155 3115 2297 3162 trans
2349 3124 2491 3163 mare
2521 3126 2540 3164 :
2571 3109 2938 3181 Symmachus
2977 3111 3041 3164 de
3088 3123 3291 3179 contra,
3317 3124 3376 3169 ut
3428 3116 3763 3187 signiﬁcent,

450 3210 620 3277 factus
649 3213 698 3259 et
728 3206 994 3277 projectus
1017 3210 1166 3256 extra
1207 3208 1386 3273 portas
1416 3198 1732 3254 Jerusalem.
1767 3196 1881 3253 Hoc
1901 3195 2050 3267 quod

448 3318 553 3358 nos
581 3302 651 3360 de
680 3300 951 3357 llebraico
974 3298 1293 3370 posuimus:
1320 3315 1422 3352 non
1449 3297 1696 3370 plangeut
1725 3313 1863 3361 eum,
1885 3295 2052 3368 992

447 3412 526 3453 va:
565 3399 750 3468 frater,
781 3404 828 3452 et
858 3409 933 3450 tua
959 3409 1132 3462 soror,
1167 3393 1221 3447 in
1252 3392 1611 3463 Septuaginta
1650 3407 1759 3446 non
1791 3390 2047 3446 habetur.

446 3492 788 3563 Proprieque
834 3489 1036 3546 dicitur
1085 3497 1277 3544 contra
1305 3487 1516 3544 Joacim
1568 3502 1757 3559 regem
1796 3485 1958 3552 Juda,
1994 3495 2052 3541 et

448 3584 697 3657 aperitur
727 3583 983 3653 aenigma,
1035 3579 1185 3652 quod
1217 3580 1368 3650 prius
1415 3579 1706 3635 videbatur
1749 3579 2048 3645 occultum,

446 3686 504 3732 et
531 3676 680 3731 inter
718 3685 834 3729 tres
865 3672 1068 3727 fratres
1101 3671 1412 3743 ambiguum
1445 3681 1494 3737 α,
1520 3680 1578 3726 ιιι
1618 3687 1726 3725 non
1758 3670 1831 3726 sit
1862 3684 2052 3725 sermo

448 3767 520 3823 de
540 3764 797 3830 Joacbaz,
845 3776 1022 3831 neque
1061 3762 1131 3816 de
1168 3761 1417 3827 Sedecia,
1454 3760 1549 3817 sed
1580 3762 1800 3832 proprie
1832 3762 1899 3815 de
1927 3758 2055 3815 Joa-

449 3860 584 3921 cim,
628 3874 791 3931 quem
822 3856 1171 3913 interfectum
1203 3872 1233 3912 a
1263 3856 1591 3913 latrunculis
1636 3854 2049 3923 Chalda-orum,

449 3952 649 4024 Syriae,
682 3951 1148 4015 Ammonitarum,
1178 3958 1234 4004 et
1259 3949 1645 4016 Moabitarum,
1674 3948 1902 4005 Hebraea
1925 3964 2052 4004 nar—

446 4053 537 4099 rat
563 4045 813 4099 historia.
840 4042 995 4099 Unde
1010 4051 1066 4098 et
1086 4041 1138 4097 in
1165 4041 1453 4098 Malachim
1482 4052 1732 4098 mortuus
1760 4042 2048 4109 scribitur,

449 4145 506 4191 et
532 4137 781 4206 Sepultus
804 4142 1015 4190 tacetur
1036 4132 1140 4204 (IV
1174 4133 1304 4205 Reg.
1336 4132 1496 4203 sstv)
1516 4175 1529 4188 .
1566 4132 1627 4189 In
1655 4133 1797 4188 libro
1827 4132 2048 4189 Dierum

448 4227 701 4299 legimus,
749 4227 991 4281 vinctum
1023 4228 1235 4281 catenis
1264 4234 1320 4281 et
1349 4224 1572 4281 ductum
1606 4226 1662 4279 in
1715 4223 2050 4297 Babylonem

449 4319 537 4393 (ιι
558 4318 688 4373 Par.
714 4318 910 4390 xsxw)
936 4337 949 4374 :
983 4332 1082 4373 nec
1110 4320 1247 4373 ultra
1269 4316 1399 4388 quid
1433 4316 1676 4373 refertur
1698 4317 1766 4373 de
1805 4332 1893 4373 eo.
1923 4316 2053 4373 Pul-

448 4413 690 4484 chrequc
720 4412 1003 4484 sepultura
1033 4412 1177 4468 asini
1206 4411 1341 4468 dicit
1386 4426 1510 4469 eum
1553 4411 1959 4481 sepeliendum,
1989 4417 2052 4465 ut

2156 3200 2301 3271 quod
2325 3217 2426 3256 vox
2468 3200 2756 3271 Propheta:
2784 3202 2854 3259 de
2881 3203 3187 3260 Jerusalem
3220 3220 3393 3278 usque
3418 3208 3487 3263 ad
3517 3221 3763 3268 montem

2157 3290 2448 3359 Libanum,
2481 3303 2536 3348 et
2562 3293 2738 3349 Basan
2769 3293 2968 3350 debeat
3009 3297 3317 3365 pervenire.

2228 3384 2409 3456 (Vers.
2436 3385 2508 3439 24
2535 3384 2717 3458 seqq.)
2754 3385 2877 3441 Vivo
2905 3403 3021 3461 ego,
3052 3387 3178 3443 dicit
3212 3388 3469 3446 Dominus
3492 3409 3512 3447 :
3540 3393 3683 3460 Quia
3711 3398 3761 3451 si

2155 3481 2313 3550 fuerit
2340 3479 2367 3519 δ
2394 3479 2623 3536 Chonias
2654 3479 2798 3551 ﬁlius
2836 3479 3045 3536 Joacim
3098 3484 3234 3558 regis
3263 3482 3413 3539 Juda
3443 3490 3677 3544 annulus
3709 3491 3764 3543 in.

2155 3589 2315 3627 manu
2346 3573 2559 3628 dextera
2587 3590 2722 3641 mea,
2772 3574 2893 3629 inde
2916 3576 3133 3630 evellam
3173 3593 3312 3645 eum,
3337 3590 3359 3617 ε
3411 3579 3556 3650 (sive
3595 3582 3681 3651 te)
3713 3594 3762 3637 et

2156 3665 2291 3720 dabo
2312 3675 2361 3720 te
2384 3667 2435 3720 in
2459 3682 2621 3720 manu
2640 3667 2981 3739 quwrentium
3001 3669 3235 3724 animam
3251 3678 3417 3738 tuam,
3448 3682 3498 3725 et
3518 3673 3576 3728 in
3606 3690 3763 3728 manu

2154 3776 2373 3832 quorum
2403 3771 2458 3817 tu
2478 3762 2731 3832 formidas
2757 3763 2965 3835 faciem,
2991 3771 3039 3817 et
3063 3762 3117 3818 in
3139 3780 3298 3818 manu
3328 3763 3765 3823 Nabuchodono-

2155 3871 2243 3910 sor
2266 3857 2404 3928 regis
2426 3853 2714 3926 Babylonis
2749 3854 2919 3929 (quod
2955 3855 3010 3911 in
3038 3855 3179 3912 LXX
3214 3872 3322 3913 non
3354 3857 3617 3934 habetur)
3638 3872 3687 3915 et
3708 3862 3761 3917 in

2156 3966 2316 4005 ntanu
2349 3947 2736 4005 Chaldworum.
2771 3949 2841 4004 Et
2882 3952 3085 4005 mittam
3114 3960 3163 4007 te
3196 3949 3335 4024 (sive
3379 3955 3661 4028 projiciam
3688 3956 3762 4027 te)

2155 4052 2203 4098 et
2223 4052 2441 4099 matrem
2471 4054 2613 4098 tuam
2650 4060 2766 4114 qua:
2805 4046 2981 4117 genuit
3028 4052 3097 4113 te,
3128 4044 3181 4098 in
3212 4052 3406 4100 terram
3446 4046 3680 4103 alienant
3707 4051 3759 4104 iu

2154 4152 2257 4207 qua
2281 4138 2391 4191 nati
2416 4153 2517 4191 non
2539 4137 2660 4191 estis
2677 4152 2697 4191 :
2726 4136 2896 4208 ibique
2921 4137 3231 4191 moriemini.
3253 4134 3321 4191 Et
3343 4138 3400 4192 in
3420 4147 3613 4194 terram
3645 4139 3757 4213 (Al.

2154 4228 2207 4282 in
2241 4236 2433 4283 terram
2465 4227 2687 4300 autem],
2723 4227 2793 4281 ad
2821 4243 2975 4298 quam
3003 4228 3107 4299 ipsi
3141 4231 3313 4283 leuant
3340 4230 3575 4286 animam
3609 4249 3759 4287 suam

2155 4328 2212 4375 ut
2242 4329 2587 4391 revertantur,
2614 4319 2743 4376 illuc
2785 4336 2891 4375 non
2914 4330 3255 4376 revertentur.
3288 4321 3467 4393 Supra
3508 4323 3759 4392 dixerat,

2154 4414 2334 4469 domui
2365 4415 2503 4487 regis
2542 4413 2685 4468 Juda
2708 4412 2820 4468 lucc
2845 4413 3071 4485 loqueris
3104 4431 3123 4468 :
3153 4424 3203 4469 el
3248 4414 3474 4481 deinde,
3506 4417 3760 4473 descende

445 4504 570 4561 aliis
607 4504 787 4561 verbis
817 4503 1091 4576 signiﬁcet
1114 4506 1474 4576 insepultum,
1510 4504 1613 4560 hoc
1635 4512 1744 4571 est,
1772 4519 1801 4557 a
1827 4503 2040 4570 bestiis,
2072 4510 2127 4573 D
2151 4506 2206 4560 in
2231 4506 2442 4560 domum
2468 4506 2606 4577 regis
2634 4504 2779 4558 Iuda
2801 4521 2820 4560 :
2846 4504 3080 4560 iterum:
3105 4505 3214 4561 lucc
3233 4507 3359 4561 dicit
3384 4505 3647 4564 Dominus
3665 4527 3755 4565 su-

446 4598 748 4669 avibusque
800 4596 1170 4652 lacerandum.
1224 4596 1353 4654 Haec
1379 4607 1464 4653 εει
1512 4597 1660 4653 enim
1688 4595 1827 4651 asini
1863 4595 2047 4667 sepul-

450 4699 598 4748 tura.

523 4786 714 4859 (Vers.
744 4786 817 4843 ‘20
839 4785 1037 4861 seqq.)
1075 4786 1309 4843 Ascende
1348 4786 1629 4854 Libanum,
1678 4796 1727 4841 et
1778 4787 1969 4852 clama,
2004 4796 2050 4842 et

440 4880 501 4933 in
526 4877 700 4934 Busan
724 4880 792 4933 da
812 4896 984 4935 vocem
1005 4889 1168 4943 tuam,
1197 4888 1245 4934 et
1272 4880 1443 4934 clama
1463 4880 1533 4934 ad
1557 4888 1905 4946 transeuntes,
1926 4882 2049 4951 quia

440 4971 654 5026 contriti
683 4979 803 5025 sunt
834 4987 1009 5026 omnes
1039 4981 1299 5027 amatores
1338 4972 1437 5027 tui.
1473 4971 1707 5027 Locutus
1737 4989 1855 5027 sum
1894 4973 1964 5027 ad
1999 4982 2049 5028 te

438 5065 497 5117 in
526 5061 847 5118 abundantia
875 5073 987 5131 tua,
1039 5065 1263 5120 dixisti:
1283 5081 1387 5121 non
1414 5066 1653 5120 audiam.
1700 5063 1832 5120 Hac
1862 5074 1935 5120 est
1962 5067 2047 5121 uia

518 5231 544 5259 ι
585 5220 905 5277 Amovimus
946 5222 1088 5295 hinc
1124 5222 1347 5279 verbum
1394 5224 1635 5295 solvitur,
1663 5224 1810 5295 quod
1837 5240 2031 5295 super-

441 5293 610 5366 ﬂuum
641 5301 781 5366 erat,
811 5308 913 5350 nec
944 5294 1113 5366 Vati_c.
1143 5309 1247 5366 ms.
1276 5304 1369 5349 ant
1400 5294 1655 5350 Rabanus
1679 5293 1824 5366 legit.

513 5364 541 5403 ιι
566 5365 620 5418 In
648 5365 863 5436 duobus
891 5380 1023 5419 mss.
1039 5363 1322 5420 Jechonias
1342 5366 1622 5429 scribitur,
1647 5363 1791 5435 quod
1815 5377 1875 5423 et
1898 5381 2039 5436 pra:-

436 5433 625 5492 ferunt
649 5434 833 5509 Latini
862 5436 1137 5509 plerique,
1157 5438 1305 5493 libri.
1337 5433 1801 5509 VermnﬂCltonias
1835 5433 1923 5493 hic
1961 5437 2040 5509 l_e-

437 5512 679 5577 gendum
712 5506 829 5578 ipse
866 5506 1288 5577 paulo—inferius
1326 5508 1483 5578 jubet
1514 5508 1907 5581 Hierooymtts,
1948 5507 2039 5563 Je-

442 5576 677 5637 chonias,
714 5580 910 5637 inquit.
935 5580 1306 5637 interpretatur
1339 5580 1549 5634 Domini
1570 5586 1908 5637 nrwnamtio.
1937 5579 2036 5635 Cui

442 5593 677 5644 cuomas,
714 5593 910 5646 Inqutt,
935 5593 1306 5651 interpretatur
1339 5593 1549 5634 uomtm
1570 5593 1908 5652 prteparatto.
1937 5593 2034 5635 out

436 5646 495 5698 in
518 5650 762 5724 (praesenti
783 5648 905 5724 loco
924 5652 1094 5724 prima
1120 5649 1343 5724 syllaba,
1378 5649 1575 5724 idest,
1586 5648 1807 5724 Domini
1846 5666 2034 5724 nomen

435 5718 692 5787 aufertur,
725 5729 771 5771 et
800 5718 992 5773 dicitur
1023 5718 1270 5789 Chonias,
1295 5732 1349 5775 ut
1375 5721 1721 5776 subaudiatur
1751 5722 2037 5792 perditioni

2152 4614 2244 4670 per
2273 4598 2483 4653 domum
2513 4597 2650 4669 regis
2678 4594 2846 4663 Iuda,
2879 4604 2937 4653 et
2967 4607 3302 4670 praepostero
3332 4598 3531 4657 ordine
3549 4641 3567 4670 ,
3601 4611 3758 4672 post-

2147 4705 2309 4762 quam
2341 4690 2555 4745 locutus
2599 4699 2684 4745 est
2732 4689 2801 4745 de
2853 4688 3080 4746 Sedecia
3104 4731 3119 4757 ,
3169 4690 3265 4763 qui
3299 4692 3531 4749 ultimus
3561 4709 3757 4766 regum

2148 4782 2253 4839 fuit
2281 4782 2333 4837 in
2354 4781 2684 4852 Jerusalem,
2703 4781 2996 4839 revertitur
3012 4782 3078 4838 ad
3108 4783 3318 4846 Joacim
3349 4786 3580 4844 fratrem
3607 4787 3755 4858 ejus,

2150 4878 2238 4949 qui
2272 4886 2398 4932 ante
2422 4891 2549 4933 cum
2580 4878 2850 4947 regnavit.
2882 4876 3003 4944 Qua
3028 4876 3417 4935 vaticinatione
3453 4880 3754 4950 completa,

2151 4986 2294 5027 nunc
2325 4970 2567 5041 loquitur
2590 4972 2657 5026 ad
2690 4971 2859 5027 ﬁlium
2892 4969 3125 5037 Joacim,
3160 4981 3419 5043 nepotem
3450 4972 3643 5041 Josiaa,
3668 4989 3760 5031 re-

2150 5079 2272 5135 gem
2305 5062 2615 5120 Jerusalem
2646 5063 2994 5132 Jechoniam,
3041 5063 3133 5136 qui
3162 5075 3219 5122 et
3260 5064 3369 5123 alio
3397 5065 3623 5123 nomine
3659 5080 3760 5137 ap-

2140 5232 2187 5277 et
2212 5222 2448 5278 interitui
2479 5231 2829 5296 praeparatus.

2224 5306 2248 5335 ο
2290 5298 2460 5350 Antea
2493 5293 2610 5369 erat
2642 5295 2791 5369 gravi
2823 5293 3023 5350 mendo
3047 5297 3157 5352 sine
3186 5305 3258 5359 te.
3282 5298 3427 5369 quod
3456 5308 3511 5354 et
3559 5297 3751 5357 Italico

2146 5364 2470 5442 charactere
2508 5365 2949 5442 describebatur.
3010 5382 3079 5423 ne
3122 5364 3341 5442 putares
3389 5372 3757 5442 typograpbo-

2145 5453 2265 5509 rum
2301 5437 2468 5492 fuisse
2488 5451 2763 5509 errorem,
2798 5438 2909 5492 sine
2953 5437 3277 5506 ponentium
3327 5437 3427 5509 pro
3452 5437 3595 5498 sine.
3628 5437 3749 5501 Jam

2143 5507 2317 5586 liquet
2367 5507 2598 5586 inuida
2648 5522 2801 5586 more
2841 5515 3084 5586 notatum
3126 5507 3493 5586 Hieronymo,
3549 5515 3603 5570 in
3637 5530 3748 5586 quo

2141 5578 2409 5637 ab'ludunt
2436 5578 2581 5636 LXX
2605 5581 2697 5651 qui
2729 5582 2814 5647 ei,
2845 5581 2963 5636 sive
2991 5589 3040 5636 te
3082 5595 3181 5653 pro
3224 5578 3351 5637 eum
3376 5578 3747 5657 interpretan-

2143 5658 2251 5706 tur.
