3972 6324
229 379 331 435 817

718 376 1366 434 COMMENTARIORUM
1406 376 1473 433 ΙΝ
1512 374 1863 433 JEREMIAM
1902 376 2329 437 PROPHETAM
2370 378 2504 437 LIB.
2547 380 2639 437 IV.
2679 381 2836 437 CAP.
2880 381 3046 440 XXII.

225 492 458 565 pellatur
486 490 738 558 Joachin,
763 492 857 563 qui
885 498 1077 561 captus
1097 505 1129 546 a
1161 489 1668 547 Nabuchodonosor
1692 503 1817 545 cum
1844 489 1896 550 A
1919 500 2046 545 runt
2064 494 2089 546 ?
2121 491 2228 548 Pro
2254 507 2322 548 eo
2351 492 2497 563 quod
2529 507 2630 548 nos
2654 491 2916 559 diximus,
2948 492 3226 563 Numquid
3248 510 3336 548 ras
3363 490 3525 563 fictile

221 597 399 644 matre
428 601 550 652 sua,
581 584 919 657 principibus
950 594 1008 641 et
1054 584 1388 651 artiﬁcibus,
1421 593 1478 640 ct
1506 583 1694 640 multis
1726 598 1823 640 no-

218 680 452 748 bilibus,
481 681 677 737 ductus
727 688 813 736 est
854 682 907 736 in
950 678 1284 749 Chaldaam,
1320 680 1506 752 ibique
1547 690 1815 736 mortuus.

222 775 339 832 Hoc
359 776 523 844 igitur
554 774 779 840 dicitur,
806 775 854 828 si
882 774 1161 845 quomodo
1192 774 1430 830 annulus
1460 790 1567 831 non
1612 773 1822 830 recedit

217 867 287 925 de
311 883 477 923 manu
508 867 802 938 portantis,
837 878 891 923 et
921 868 990 923 de
1021 867 1195 939 digito
1220 867 1519 924 difficulter
1544 869 1818 924 elabitur:

216 962 296 1017 sic
319 962 390 1017 sit
419 962 473 1017 in
506 977 672 1017 manu
698 976 817 1017 mea
839 960 1167 1028 Jechonias;
1200 971 1377 1019 tamen
1402 962 1639 1019 evellam
1670 978 1819 1028 eum,

215 1061 275 1109 et
302 1054 514 1110 tradam
541 1054 658 1126 regi
692 1053 1017 1125 Babylonio,
1047 1053 1236 1125 ibique
1264 1069 1387 1111 cum
1421 1064 1593 1111 matre
1623 1062 1681 1110 et
1703 1069 1819 1109 om-

217 1146 382 1203 nibus
412 1147 576 1201 sociis
603 1148 720 1203 suis
751 1145 1041 1213 morietur,
1072 1155 1126 1201 ct
1149 1147 1291 1203 ultra
1320 1156 1524 1203 terram
1547 1147 1813 1216 Judaeum,

149 1236 153 1240 ’
214 1254 385 1310 quam
417 1238 712 1305 desiderat,
764 1253 872 1294 non
907 1238 1131 1294 videbit.
1161 1239 1490 1295 Miserabilis
1516 1239 1818 1310 Grunnius,

213 1332 307 1400 qui
341 1330 408 1385 ad
437 1329 855 1386 calumniandos
878 1340 1098 1387 sanctos
1126 1332 1276 1387 viros
1307 1332 1528 1401 aperuit
1550 1346 1613 1387 os
1635 1346 1815 1399 suum,

208 1421 566 1494 linguamque
607 1437 760 1477 suam
790 1420 978 1477 docuit
1009 1421 1352 1478 mendacium
1376 1464 1390 1489 ,
1420 1422 1571 1478 Sexti
1614 1422 1818 1494 Pytha-

209 1513 393 1586 gorei,
424 1512 662 1568 hominis
691 1513 1074 1584 gentilissimi,
1109 1529 1275 1568 unum
1311 1512 1512 1569 librum
1546 1514 1817 1585 interpre-

216 1613 366 1660 tatus
396 1604 558 1660 estin
585 1603 877 1671 Latinum;
922 1602 1219 1674 divisitque
1261 1619 1386 1659 cum
1437 1604 1490 1658 in
1528 1603 1636 1659 duo
1662 1604 1817 1659 volu-

208 1697 384 1763 mina,
417 1705 474 1752 et
513 1695 616 1752 sub
648 1696 870 1752 nomine
897 1703 925 1733 ι
956 1696 1130 1751 sancti
1162 1695 1421 1769 Martyris
1450 1693 1631 1769 Xysti,
1665 1696 1814 1752 urbis

208 1788 476 1845 Romana:
502 1791 769 1861 episcopi,
799 1805 962 1846 ausus
991 1800 1076 1846 est
1100 1793 1263 1845 edere
1288 1808 1301 1844 :
1327 1789 1381 1845 in
1424 1791 1622 1859 quibus
1667 1791 1812 1846 nulla

1922 594 2076 657 atque
2103 587 2415 651 contritum,
2451 586 2810 661 Symmachus
2861 587 3139 644 transtulit
3184 606 3198 643 :
3243 586 3521 661 Numquid

1925 690 2359 751 purgamentum,
2391 682 2509 739 sive
2536 683 2832 755 quisquilia:
2880 685 3006 738 viles
3050 692 3202 756 atque
3241 684 3525 757 projectae.’

1924 772 2030 829 Pro
2056 790 2164 842 quo
2196 775 2249 830 in
2272 775 2629 848 Septuaginta
2662 776 2796 831 nihil
2825 777 3087 841 habetur,
3131 777 3226 834 sed
3270 781 3373 834 hoc
3404 787 3524 833 tan-

1927 874 2037 920 tum
2079 866 2418 938 interpretati
2458 878 2586 923 sunt
2628 885 2642 922 :
2685 866 3046 923 Inhonoratus
3091 877 3166 923 est
3208 866 3518 936 Jechonias,

1922 960 2072 1027 quasi
2096 976 2183 1013 vas
2212 960 2266 1013 in
2292 976 2393 1029 quo
2424 959 2572 1015 nulla
2598 970 2675 1015 est
2703 962 2925 1017 utilitas.
2951 961 3159 1016 Etcum
3190 960 3294 1016 hoc
3328 961 3398 1017 de
3427 960 3521 1017 Je-

1922 1049 2120 1106 chouia
2145 1050 2310 1123 995
2339 1049 2540 1106 dicitur
2565 1050 2674 1125 [AL
2706 1052 2945 1124 dicatur]
2964 1053 3074 1108 lilio
3091 1051 3326 1121 Joacim,
3352 1053 3522 1108 audet

1921 1142 2189 1213 quispiam
2221 1142 2288 1197 ad
2343 1152 2529 1214 typum
2561 1141 2769 1199 referre
2807 1143 3045 1210 Christi;
3077 1154 3133 1199 et
3164 1158 3236 1199 ex
3272 1157 3338 1199 eo
3367 1142 3518 1216 quod

1923 1235 2220 1306 Apostolus
2236 1236 2382 1291 dicat
2404 1235 2695 1291 Dominum
2717 1234 3055 1293 Salvatorem
3083 1236 3374 1305 imaginem
3396 1230 3524 1294 esse

1925 1327 2018 1383 Dei
2049 1328 2342 1384 invisibilis
2373 1324 2680 1398 (Coloss.1),
2706 1327 3128 1399 primogenitum
3159 1327 3340 1384 omnis
3362 1342 3518 1383 crea-

1922 1432 2077 1491 turas,
2112 1422 2165 1477 id
2205 1430 2309 1488 est,
2344 1422 2699 1494 sapientiam,
2732 1421 3007 1487 Verbum,
3042 1420 3329 1476 veritatem
3357 1428 3521 1492 atque

1920 1516 2085 1572 vitam
2111 1523 2167 1571 et
2183 1516 2472 1585 justitiam,
2507 1531 2631 1572 eum
2664 1516 2933 1587 appellari
2957 1515 3245 1581 annulum,
3270 1514 3361 1585 qui
3392 1530 3518 1584 pro-

1915 1608 2137 1679 jiciatur
2166 1607 2253 1663 vel
2284 1608 2553 1663 avellatur
2583 1606 2653 1664 de
2678 1622 2842 1662 manu
2874 1606 3111 1676 Domini,
3147 1612 3204 1662 et
3249 1606 3365 1677 regi
3406 1615 3517 1660 tra-

1918 1699 2077 1757 datur
2103 1699 2626 1756 Nabuchodonosor.
2675 1700 2877 1772 Abjecti
2910 1708 3051 1767 sunt,
3086 1698 3283 1768 inquit,
3333 1698 3444 1771 ipse
3468 1707 3516 1752 et

1916 1812 2087 1851 semen
2119 1798 2261 1865 ejus,
2294 1807 2344 1849 et
2372 1794 2592 1865 projecti
2631 1794 2686 1848 in
2732 1804 2921 1847 terram
2965 1808 3124 1864 quam
3158 1789 3472 1863 ignorabant
3499 1807 3520 1845 :

206 1879 435 1948 Christi,
468 1881 613 1936 nulla
644 1880 885 1952 Spiritus
906 1881 1103 1947 sancti,
1130 1881 1283 1936 nulla
1317 1881 1411 1936 Dei
1441 1879 1642 1948 Patris,
1667 1883 1812 1937 nulla
1848 1875 1891 1935 Β
1918 1888 2064 1960 quod
2094 1887 2162 1944 de
2201 1886 2464 1943 Jechonia
2513 1886 2711 1942 factum
2755 1899 2917 1941 nemo
2963 1884 3196 1941 dubitat.
3237 1881 3522 1939 Jeclwnias

206 1973 675 2043 Patriarcharum,
702 1973 1122 2044 Prophetarum,
1154 1984 1209 2030 et
1231 1974 1619 2045 Apostolorum
1648 1973 1816 2047 99E.

205 2067 270 2122 fit
299 2066 530 2132 mentio,
560 2076 615 2122 et
643 2068 790 2123 hunc
817 2067 1018 2123 librum
1042 2067 1205 2123 solita
1239 2068 1547 2124 temeritate
1575 2075 1633 2137 ει
1672 2071 1813 2123 insa-

205 2159 322 2225 nia,
351 2157 620 2213 Annulum
649 2159 973 2227 nominavit,
1003 2159 1094 2229 qui
1129 2174 1228 2229 per
1269 2159 1469 2215 multas
1505 2160 1813 2231 provincias

205 2249 413 2321 legitur
437 2292 452 2317 ,
492 2259 545 2306 et
582 2252 816 2307 maxime
855 2251 925 2308 ab
964 2250 1048 2307 his
1080 2252 1170 2323 qui
1203 2254 1486 2319 ἀπάθειαν,
1520 2263 1577 2308 ει
1606 2253 1814 2322 impec-

203 2345 449 2399 cantiam
484 2342 807 2413 prtedicant.
833 2343 1121 2412 Quomodo
1143 2344 1309 2415 igitur
1333 2345 1597 2400 Dominus
1616 2344 1815 2401 Jecho-

201 2437 357 2492 uiam
387 2437 563 2493 instar
583 2437 773 2493 annuli
801 2438 869 2493 de
896 2453 1059 2493 manu
1092 2452 1189 2493 sua
1221 2449 1276 2494 et
1302 2438 1473 2510 digito
1503 2453 1563 2495 se
1595 2439 1813 2511 projec-

207 2540 395 2586 turum
425 2530 793 2587 comminatur
819 2550 831 2585 :
882 2533 953 2587 ita
985 2531 1248 2588 lectorem
1281 2533 1537 2603 obsecro,
1568 2543 1624 2590 ut
1665 2533 1816 2589 nefa-

207 2623 353 2679 rium
380 2621 580 2678 librum
604 2623 853 2694 abjiciat;
889 2624 1168 2695 legatque,
1200 2626 1245 2680 si
1274 2627 1532 2693 voluerit,
1566 2636 1626 2682 ut
1650 2637 1817 2683 caete-

208 2732 304 2773 ros
351 2715 805 2785 philosolihorum
841 2718 1043 2787 libros,
1086 2736 1197 2776 non
1229 2729 1289 2775 ut
1337 2720 1592 2776 volumen
1636 2720 1817 2778 eccle-

208 2807 515 2865 siasticum.
552 2808 717 2865 Soleo
762 2810 817 2865 in
869 2812 1281 2869 commentariis
1328 2823 1382 2869 et
1420 2812 1815 2884 explanationi-

208 2898 338 2969 hus,
369 2916 598 2972 quorum
630 2918 747 2960 mos
775 2912 860 2959 est
879 2903 1126 2960 diversas
1153 2906 1459 2961 sententias
1492 2920 1706 2976 ponere
1735 2908 1818 2962 in-

211 3003 541 3066 terpretum,
584 2994 961 3067 hujuscemodi
1015 2999 1250 3055 miscere
1292 3013 1609 3055 sermonem
1644 3017 1658 3053 :
1691 3001 1814 3071 qui-

210 3087 342 3144 dam
388 3087 492 3145 hoc
541 3089 757 3157 dicunt,
798 3090 890 3145 alii
942 3090 1047 3147 hoc
1094 3101 1412 3158 autumant,
1457 3093 1706 3149 nonnulli
1736 3094 1816 3150 sic

211 3183 480 3239 sentiunt.
509 3183 664 3253 Quod
696 3194 752 3241 et
781 3186 897 3257 ipse
925 3186 1255 3243 miserabilis
1283 3187 1583 3256 Grunnius,
1614 3196 1671 3243 et
1694 3199 1818 3258 post

1917 1981 2311 2051 interpretatur
2364 1979 2570 2035 Domini
2606 1979 2955 2050 prwparatio,
3008 1978 3096 2033 cui
3143 1978 3197 2033 in
3257 1977 3518 2048 praesenti

1917 2075 2040 2131 loco
2072 2074 2245 2145 prima
2273 2073 2505 2147 syllaba,
2540 2072 2593 2128 id
2624 2081 2728 2141 est,
2758 2072 2971 2127 Domini
3012 2086 3213 2127 nomen
3241 2071 3513 2138 aufertur,

1917 2178 1972 2225 et
1990 2168 2190 2225 dicitur
2216 2168 2468 2234 Chonias,
2493 2176 2551 2223 ut
2577 2166 2956 2233 subaudiatur,
2986 2164 3280 2238 perditioni
3300 2174 3358 2221 et
3377 2166 3518 2221 inte-

1917 2263 2041 2319 ritui
2071 2272 2434 2333 prmparatus.

1988 2355 2173 2428 (Vers.
2206 2354 2300 2422 29,
2331 2352 2647 2425 50.)Terra,
2680 2361 2840 2419 terra,
2876 2362 3037 2420 terra,
3069 2350 3198 2406 audi
3218 2366 3513 2405 sermonem

1918 2447 2156 2503 Domini.
2184 2446 2315 2502 ch
2345 2446 2471 2501 dicit
2492 2444 2745 2501 Dominus
2768 2462 2788 2500 :
2819 2444 3001 2501 Scribe
3026 2445 3196 2499 uirum
3223 2442 3382 2497 istum
3411 2448 3514 2496 ste-

1916 2541 2084 2607 rilem,
2114 2540 2281 2594 virum
2296 2540 2385 2611 qui
2402 2540 2457 2594 in
2475 2538 2658 2594 diebus
2681 2540 2792 2593 suis
2824 2554 2925 2593 non
2955 2536 3365 2610 prosperabitur.
3394 2533 3511 2589 Nec

1919 2634 2054 2690 enim
2077 2633 2173 2687 erit
2198 2632 2261 2687 dc
2303 2632 2495 2687 semine
2523 2632 2634 2703 ejus
2664 2632 2744 2686 vir
2792 2632 2881 2702 qui
2926 2630 3101 2686 sedeat
3140 2646 3297 2701 super
3322 2628 3513 2683 solium

1920 2723 2091 2780 David
2109 2733 2155 2779 et
2171 2733 2474 2798 potestatem
2496 2722 2683 2777 habeat
2710 2722 2851 2777 ultra
2872 2721 2928 2776 in
2957 2720 3103 2775 Iuda
3142 2719 3251 2792 [AL
3279 2716 3517 2791 ludam].

1918 2815 1974 2873 Si
1996 2816 2222 2871 voluero
2249 2831 2348 2886 per
2372 2815 2486 2870 loca
2514 2825 2705 2870 notare
2734 2810 2968 2884 singula,
2997 2818 3200 2883 quanta
3242 2808 3390 2865 LXX
3430 2808 3521 2865 vel

1920 2908 2373 2980 praetermiserim
2394 2907 2481 2962 vel
2511 2906 2861 2973 mutaverint,
2894 2905 3116 2976 longum
3145 2902 3261 2968 ﬁet,
3289 2917 3523 2973 praeser-

1921 3002 2016 3058 tim
2045 3017 2169 3058 cum
2220 3001 2390 3071 possit
2421 2999 2657 3070 diligens
2687 2998 2861 3053 lector
2888 3013 2956 3054 ex
3002 3008 3232 3067 utraque
3277 2994 3523 3051 editione

1920 3095 2293 3164 considerare,
2340 3093 2469 3165 quid
2520 3101 2817 3161 mutatum,
2872 3091 3001 3162 quid
3056 3091 3341 3158 additum,
3388 3089 3518 3160 quid

1919 3189 2255 3245 subtractum
2287 3186 2379 3241 sit.
2410 3184 2519 3241 Pro
2562 3185 2738 3241 sterili
2776 3184 2828 3238 in
2863 3182 3095 3239 Hebraeo
3134 3182 3398 3252 scriptum
3436 3191 3523 3236 εει

212 3277 423 3333 multos
449 3290 625 3332 annos
651 3274 681 3317 ι’
708 3277 961 3347 discipuli
1001 3276 1297 3346 Joviniani,
1330 3290 1386 3334 et
1427 3278 1574 3334 illius
1609 3279 1811 3335 calum-

1928 3296 2063 3336 tam
2093 3277 2483 3353 (η’-ν),ευοά
2505 3276 2717 3348 Aquila:
2746 3277 2923 3347 prima
2945 3274 3137 3342 editio,
3159 3274 3384 3329 sterilem
3399 3290 3418 3329 :
3433 3288 3520 3330 se-

216 3367 356 3423 niati
398 3378 526 3423 sunt
554 3379 609 3424 et
633 3369 1039 3426 calumniantur
1067 3386 1175 3438 me,
1214 3370 1316 3427 sub
1358 3371 1553 3428 alienis
1582 3372 1817 3428 nomini-

214 3459 325 3515 bus
353 3460 605 3531 proprias
630 3463 927 3517 sententias
957 3477 1185 3533 ponere,
1215 3462 1359 3533 quod
1391 3479 1494 3535 ego
1524 3479 1685 3521 causa
1722 3467 1815 3523 he—

214 3550 551 3606 nevolentia:
580 3550 743 3617 facio,
790 3569 858 3608 ne
886 3553 1129 3625 aliquem
1169 3564 1323 3611 certo
1360 3559 1585 3613 nomine
1632 3558 1818 3615 videar

216 3642 487 3699 lacerare.
531 3642 669 3713 Quia
718 3645 884 3716 igitur
935 3646 1244 3718 benignitas
1291 3664 1450 3705 versa
1492 3659 1576 3705 est
1632 3651 1684 3707 in
1729 3667 1820 3708 ca-

216 3736 507 3799 lumniam,
542 3751 688 3793 nunc
713 3737 838 3793 dico
860 3747 917 3794 et
946 3739 1023 3796 illi
1046 3742 1138 3811 qui
1162 3750 1411 3797 mortuus
1440 3751 1542 3809 est,
1572 3753 1628 3799 et
1660 3755 1682 3782 ο
1728 3745 1818 3801 isti

219 3829 315 3900 qui
343 3827 495 3894 vivit,
523 3838 579 3885 et
611 3830 864 3886 haeresim
899 3831 1043 3887 illius
1074 3832 1388 3889 instaurare
1418 3846 1669 3902 conatur,
1701 3847 1819 3892 ma-

218 3923 453 3994 gistrum
496 3938 689 3979 eorum
741 3925 1031 3996 Origenem
1085 3927 1227 3982 hunc
1268 3927 1448 3983 locum
1498 3929 1708 3985 referre
1752 3929 1821 3986 ad

219 4015 542 4083 Christum,
573 4017 720 4087 quod
750 4017 818 4073 de
865 4034 1024 4074 manu
1072 4018 1166 4073 Dei
1216 4019 1391 4075 Patris
1435 4019 1606 4076 instar
1635 3998 1822 4077 annuli

222 4111 450 4162 avulsus
480 4110 571 4175 sit,
603 4119 657 4163 et
680 4110 881 4165 missus
911 4110 962 4165 iu
998 4118 1197 4166 terram
1232 4112 1589 4182 captivitatis,
1622 4115 1675 4169 in
1706 4116 1827 4169 va!-

225 4199 335 4256 lem
368 4201 756 4271 lacrymarum,
781 4203 1042 4274 crucique
1072 4204 1328 4269 traditus,
1352 4213 1579 4260 matrem
1603 4221 1823 4278 quoque

223 4293 368 4361 ejus,
406 4292 547 4347 haud
586 4293 810 4349 dubium
839 4296 969 4365 quin
999 4295 1366 4367 Synagogum,
1409 4309 1626 4368 captam
1656 4306 1820 4369 atque

228 4385 565 4456 projectum;
606 4395 662 4442 et
703 4403 808 4443 non
841 4388 1182 4459 pertimescit
1223 4391 1321 4444 ista
1358 4406 1819 4463 commemorans,

227 4477 334 4532 hoc
360 4478 504 4549 quod
528 4482 777 4551 Si'QUilUI‘
807 4499 820 4534 :
848 4479 1032 4550 Terra,
1067 4492 1223 4549 terra,
1254 4493 1421 4547 terra,
1462 4484 1589 4538 audi
1619 4488 1824 4541 verbum

227 4568 464 4624 Domini.
499 4570 627 4627 Haec
648 4574 772 4627 dicit
800 4572 1097 4630 Dominus:
1126 4575 1310 4631 Scribe
1324 4580 1489 4631 virum
1517 4580 1675 4633 istum
1695 4579 1822 4635 abo-

1920 3372 2117 3439 cunda,
2168 3373 2473 3437 ἀναύξητον,
2506 3369 2561 3424 id
2608 3378 2714 3433 est,
2752 3385 2857 3423 non
2888 3375 3200 3423 crescentem
3229 3382 3249 3421 :
3269 3365 3520 3438 Symma—

1921 3467 2080 3535 chus,
2113 3481 2332 3521 vacuum
2355 3481 2372 3520 :
2398 3464 2757 3536 Septuaginta
2796 3471 2854 3518 et
2883 3460 3216 3527 Theodotio,
3246 3458 3521 3515 abomina-

1921 3560 2095 3629 bilem,
2150 3566 2206 3614 et
2257 3558 2557 3612 abdicatum
2617 3554 2961 3625 interpretati
3023 3561 3171 3609 sunt.
3224 3551 3294 3608 Et
3345 3552 3523 3607 oritur

1922 3652 2173 3725 quaestio,
2203 3651 2481 3722 quomodo
2516 3660 2662 3705 stare
2693 3647 2869 3720 possit
2905 3645 3213 3718 prophetia,
3245 3643 3315 3700 de
3345 3643 3520 3715 Stirpc

1858 3808 1870 3819 ο
1923 3746 2044 3817 ejus
2068 3744 2273 3800 nullum
2303 3758 2425 3799 esse
2454 3750 2800 3813 generatum,
2830 3738 2923 3809 qui
2951 3737 3157 3794 sederit
3184 3735 3520 3807 supcrthro-

1923 3854 2055 3894 num
2082 3836 2271 3900 David,
2305 3828 2406 3891 nec
2448 3834 2699 3903 princeps
2741 3832 2905 3887 fuerit
2946 3831 3089 3886 ultra
3126 3828 3365 3894 inluda,
3396 3843 3521 3884 cum

1926 3932 2192 3987 Dominus
2217 3938 2379 3999 atque
2409 3926 2669 3984 Salvator
2697 3924 2767 3980 de
2792 3923 2954 3994 hujus
2980 3930 3144 3978 natus
3175 3922 3248 3977 sit
3278 3920 3522 3989 semine;

1926 4040 2092 4095 super
2116 4023 2273 4093 cujus
2300 4034 2424 4078 ortu
2463 4021 2703 4092 loquitur
2729 4017 2948 4075 Gabriel
2979 4018 3046 4073 ad
3083 4016 3310 4072 Mariam
3343 4033 3356 4070 :
3388 4014 3524 4071 Ecce

1926 4118 2181 4190 concipies
2208 4117 2264 4170 in
2308 4122 2455 4170 utero
2485 4124 2532 4168 et
2562 4113 2730 4184 paries
2756 4111 2954 4181 ﬁlium,
3004 4118 3055 4164 et
3083 4107 3287 4163 vocabis
3335 4123 3523 4162 nomen

1925 4215 2037 4284 ejus
2065 4208 2266 4265 Iesum.
2299 4206 2422 4281 Ipse
2451 4207 2546 4261 erit
2575 4221 2819 4278 magnus,
2846 4211 2894 4257 et
2933 4199 3109 4256 Filius
3138 4199 3394 4255 Altissinti
3435 4215 3524 4254 vo-

1926 4303 2147 4356 cabitur.
2173 4297 2241 4353 Et
2263 4299 2406 4353 dabit
2437 4301 2481 4351 ei
2513 4295 2769 4351 Dominus
2790 4292 2930 4348 Deus
2954 4292 3128 4348 sedem
3161 4291 3329 4345 David
3360 4291 3527 4361 patris

1930 4395 2036 4460 sui,
2060 4403 2107 4446 ct
2152 4392 2383 4463 regnabit
2413 4405 2565 4462 super
2605 4389 2817 4441 domum
2849 4384 3013 4440 Jacob
3054 4385 3109 4439 in
3149 4392 3431 4446 aeternum.
3478 4391 3529 4436 et

1929 4488 2075 4559 regni
2101 4489 2214 4557 ejus
2240 4501 2343 4538 non
2386 4484 2483 4537 erit
2533 4482 2656 4551 ﬁnis
2701 4479 2856 4551 (Luc.
2887 4495 2905 4532 ι
2925 4520 2939 4543 ,
2972 4477 3186 4544 51-55).
3230 4476 3531 4532 Possumus

1929 4595 2062 4651 ergo
2091 4578 2196 4633 hoc
2217 4577 2423 4643 dicere,
2455 4574 2713 4646 quoniam
2733 4571 2866 4628 illud
2886 4571 3027 4641 quod
3050 4571 3203 4627 deest
3221 4570 3331 4642 [ΑΙ.
3358 4568 3527 4641 esset]

231 4663 504 4733 minatum,
539 4665 656 4720 sive
688 4667 931 4732 sterilem,
954 4677 1010 4723 et
1041 4668 1271 4738 reliqua,
1292 4669 1602 4742 intelligere
1622 4672 1690 4727 de
1712 4673 1821 4729 Do-
1853 4652 1906 4713 D
1933 4675 1987 4729 in
2018 4670 2182 4740 LXX,
2214 4669 2505 4734 videlicet,
2535 4670 2589 4722 in
2619 4667 2797 4721 diebus
2825 4668 2938 4739 ejus
2968 4682 3073 4719 non
3113 4662 3531 4737 prosperabitur,

230 4755 380 4809 mino
403 4756 727 4826 majestatis.
761 4757 963 4814 Scribit
983 4770 1164 4815 autem
1188 4759 1314 4826 hoc,
1338 4776 1407 4816 ne
1429 4762 1680 4834 discipuli
1704 4765 1823 4836 ejus

232 4862 433 4919 negare
461 4849 718 4917 audeant,
751 4851 803 4906 in
828 4852 1020 4923 quinto
1042 4852 1379 4908 Stromatum
1411 4853 1571 4911 libro.

305 4940 506 5011 (Vers.
536 4941 666 5013 9.8.)
708 4941 978 5011 Numquid
1017 4961 1104 4998 vas
1147 4945 1328 5013 fictile,
1365 4956 1521 5018 atque
1545 4949 1829 5004 contritum

234 5036 310 5089 rir
337 5044 432 5089 tstc
452 5033 677 5091 Chonias
709 5035 823 5107 [AL
853 5034 1196 5110 Jechonias]?
1232 5037 1500 5111 Numquid
1524 5058 1612 5095 vas
1639 5043 1829 5113 absque

236 5129 378 5182 οηιηί
404 5130 665 5202 voluptate
686 5131 824 5203 (sive
844 5129 1132 5201 utilitate)?
1157 5130 1334 5198 Quare
1359 5132 1550 5204 abjecti
1572 5149 1693 5192 sunt
1718 5140 1831 5212 ipse

237 5232 285 5276 et
312 5238 486 5278 semen
515 5227 659 5296 ejus,
700 5234 744 5279 et
790 5224 1008 5296 projecti
1053 5224 1107 5278 in
1136 5233 1327 5279 terram
1355 5241 1509 5295 quam
1555 5228 1828 5301 ignorare.

315 5399 342 5428 ει
380 5388 686 5458 δενίρςει-ειι
726 5384 954 5458 veroﬂin
1007 5383 1335 5442 Praefatione
1370 5386 1447 5458 ad
1468 5400 1594 5442 eum
1623 5388 1828 5446 librum

243 5455 520 5526 Rulinus,'
541 5457 694 5530 quasi
723 5472 790 5513 ex
806 5455 1054 5530 aliorum
1084 5459 1381 5518 sententia.
1408 5456 1618 5530 Sixtum
1639 5459 1694 5513 in
1719 5459 1828 5515 La-

246 5534 412 5587 tinum
439 5526 588 5597 verti,
615 5545 765 5598 quem
780 5526 999 5600 ASixtum
1015 5530 1182 5600 ipsum
1204 5544 1310 5584 esse
1334 5528 1567 5594 tradunt,
1583 5531 1672 5598 qui
1689 5532 1832 5599 apud

246 5620 334 5659 vos
362 5602 497 5656 idem
525 5604 580 5656 in
604 5601 729 5655 urbe
769 5598 1005 5654 Romana
1035 5598 1226 5671 ἔξειπε
1251 5610 1484 5671 uocatur,
1524 5598 1751 5671 episcopi
1786 5612 1834 5658 et

248 5674 497 5747 Martyris
528 5673 697 5747 gloria
721 5672 1016 5747 decoratus.
1044 5668 1110 5747 E_t
1143 5669 1202 5725 S.
1235 5669 1570 5747 Augustinus
1599 5668 1832 5729 adducta

249 5760 314 5801 ex
343 5740 414 5802 e6
432 5740 573 5801 libr'o
593 5762 621 5799 a
644 5740 945 5810 Pelagianis
976 5741 1291 5813 testimonia
1309 5740 1365 5796 in
1393 5741 1593 5813 bonam
1621 5754 1833 5813 partem

246 5817 597 5887 interpretari
611 5824 843 5887 conatus
863 5820 969 5878 est,
989 5812 1243 5887 quamdiu
1272 5812 1413 5887 Sitti
1441 5812 1693 5887 hiartyris
1712 5829 1837 5872 esse

252 5881 504 5953 credidit,
534 5885 678 5959 quod
710 5893 896 5956 postea
924 5881 1260 5940 retractavit.
1294 5882 1430 5941 Vide
1461 5884 1635 5957 Epist.
1662 5886 1714 5941 in
1742 5895 1836 5941 no-

1932 4769 2050 4823 sive
2092 4784 2196 4821 non
2241 4772 2449 4830 crescet,
2485 4760 2863 4833 ignorantibus
2909 4757 3099 4813 fecerit
3144 4757 3529 4826 quastiouem.

1938 4856 2289 4931 Septuaginta
2320 4855 2465 4911 enim
2491 4851 2891 4907 transtulerunt
2922 4864 2935 4902 :
2970 4846 3153 4904 Scribe
3180 4848 3348 4902 uirum
3372 4848 3534 4900 istum

1935 4952 2232 5006 abdicatum
2253 4946 2513 5001 hominem
2552 4942 2661 5015 [AL
2694 4936 2986 5010 hominum]
3029 4956 3043 4994 :
3074 4939 3198 5011 quia
3218 4953 3323 4992 non
3344 4945 3539 4992 crescet

1940 5045 2005 5099 de
2025 5043 2221 5098 semine
2269 5044 2382 5112 ejus
2416 5039 2493 5091 uir
2541 5035 2627 5107 qui
2657 5035 2832 5088 sedeat
2862 5047 3020 5102 super
3056 5033 3299 5086 thronum
3341 5027 3536 5097 Dauid,

1938 5137 2178 5211 princeps
2207 5132 2348 5187 ultra
2384 5131 2439 5183 in
2478 5126 2646 5194 Juda,
2679 5123 2825 5196 quod
2864 5125 2918 5179 in
2958 5123 3235 5179 Hebraico
3279 5120 3364 5176 bis
3396 5119 3545 5191 posi-

1942 5241 2057 5288 tum
2087 5236 2213 5294 est;
2244 5223 2389 5299 quod
2422 5228 2681 5294 putantes
2710 5219 2805 5291 qui
2835 5217 2906 5291 ab
2954 5216 3114 5273 initio
3160 5214 3544 5286 scripserunt,

1933 5400 2047 5447 stra
2099 5385 2423 5444 recensione
2467 5381 2595 5452 155,
2630 5379 2699 5436 ad
2727 5377 3164 5449 Ctesiphontem,
3197 5388 3351 5430 num.
3384 5372 3440 5441 ὅ,
3480 5380 3539 5429 ει

1935 5477 2056 5533 qua:
2083 5459 2156 5533 ibi
2185 5465 2527 5533 annotamus.
2700 5521 2740 5533 ﬁ
2783 5521 2799 5533 ‘
3100 5528 3111 5533 _
3392 5515 3455 5533 μ
3500 5516 3514 5528 0

2008 5530 2037 5570 δ
2077 5530 2169 5586 Sic
2216 5527 2421 5584 habent
2452 5538 2584 5581 mss.
2622 5532 2678 5579 et
2700 5521 2956 5578 [tabanus
2982 5537 2997 5574 :
3022 5528 3182 5574 antea
3219 5524 3342 5573 erat
3380 5516 3546 5572 disci-

1975 5601 2112 5658 ulus.

1936 5622 2236 5728 pmcuslllum
2276 5670 2383 5741 qui
2417 5677 2669 5741 mortuus
2693 5664 2804 5741 _si_t.
2836 5662 3092 5718 Rufinum
3140 5659 3348 5741 debere
3382 5658 3549 5741 intel-

1942 5746 2061 5817 ligi,
2095 5731 2319 5814 quijatn
2343 5740 2410 5793 ab
2434 5736 3095 5817 anno‘biQdecesse‘rat,
3135 5731 3268 5814 nihil

1944 5802 2134 5880 bium}
2167 5802 2290 5870 eum
2321 5826 2474 5874 vero,
2505 5809 2594 5879 qui
2628 5807 2782 5875 vivit,
2817 5823 2924 5863 non
2958 5805 3255 5880 Attianum,
3296 5812 3355 5880 ut
3390 5802 3543 5875 pum

1949 5874 2316 5947 Martinntctts,
2347 5881 2441 5935 scd
2475 5874 2751 5950 Pelagium
2772 5874 2958 5950 ipsum
2987 5875 3092 5933 dici
3125 5874 3363 5931 autttmd.
