3972 6318
493 334 600 394 819

1738 335 1798 392 8i
1842 329 2111 389 EUSEBII
2151 330 2531 387 HIEBONYMI

3700 322 3795 382 8Ξο

492 457 547 509 in
582 453 789 509 Graecis
815 451 967 507 libris
992 449 1263 516 additum,
1285 449 1700 505 snlnraxerunt.
1732 449 2094 519 Rcspondea-
2121 451 2173 512 Α
2201 447 2614 517 tiplicabnntur.
2644 447 2820 514 Super
2849 447 3020 501 nialos
3052 455 3232 502 atatem
3267 454 3540 517 pastores,
3583 443 3795 499 Scribas

495 561 618 599 mus
650 546 816 614 igitur
843 543 989 613 quod
1021 543 1073 597 in
1105 542 1298 598 diebus
1327 542 1611 598 lcchoniae
1651 559 1758 597 non
1809 555 2091 598 successe-

493 638 565 690 rit
607 638 656 690 ei
700 636 784 690 vir
826 636 921 705 qui
961 635 1168 691 sederit
1197 650 1363 703 super
1415 634 1675 690 thronum
1721 635 1877 704 ejus;
1923 633 2092 706 996

494 725 589 781 sed
625 727 798 781 multo
827 737 950 796 post
975 735 1222 797 tempore
1243 728 1314 781 de
1347 729 1555 782 semine
1576 727 1700 796 ejus
1721 736 1880 782 natus
1903 727 1974 780 sit
1996 727 2090 796 qui

495 820 697 874 solium
730 819 850 888 ejus
882 820 1204 875 obtinuerit.
1241 820 1432 876 Potest
1455 830 1636 874 autem
1669 830 1725 874 et
1768 821 1847 874 sic
1896 819 2038 873 solvi
2072 835 2087 875 :

492 914 610 969 Non
645 913 858 969 Sedebit
879 914 1102 985 quidem
1135 929 1304 984 super
1333 914 1588 968 thronum
1621 911 1785 968 David
1811 912 1892 966 vir
1916 921 1971 967 et
1997 911 2093 965 lio-

497 1021 609 1070 ino,
660 1004 758 1060 sed
807 1006 1021 1061 sedebit
1071 1006 1251 1081 Deus,
1298 1017 1643 1075 regnumque
1679 1004 1797 1076 ejus
1841 1020 1951 1059 non
1986 1005 2093 1059 erit

496 1109 777 1154 terrenum
825 1108 880 1153 et
925 1099 1118 1164 breve,
1150 1108 1207 1152 nt
1238 1097 1338 1152 fuit
1369 1098 1571 1161 llavid,
1619 1098 1716 1153 sed
1769 1109 2090 1167 perpetuum

494 1201 660 1262 atque
689 1192 950 1257 cmlcste,
1002 1193 1224 1247 dicente
1253 1191 1541 1262 Scriptura
1580 1206 1593 1246 t
1640 1190 1898 1261 Regnabit
1938 1206 2092 1262 super

497 1286 708 1340 domum
736 1285 902 1340 Iacob
928 1287 978 1340 in
1003 1297 1275 1352 wternnm,
1319 1293 1367 1340 et
1392 1287 1539 1359 regni
1564 1289 1677 1358 ejus
1707 1299 1809 1340 non
1843 1287 1940 1339 erit
1971 1285 2092 1355 ﬁnis

495 1375 654 1448 (an.
689 1390 726 1437 l.
759 1377 874 1446 52).
902 1377 1073 1432 Natus
1099 1387 1182 1433 est
1205 1388 1338 1448 ergo
1363 1377 1432 1432 de
1453 1377 1660 1432 Joaeim
1683 1377 1998 1443 Jecltonias,
2024 1375 2092 1433 de

491 1469 757 1524 Jcclionia
795 1467 1088 1535 Salathiel,
1123 1469 1190 1523 de
1233 1466 1501 1525 Salathicl
1533 1468 1861 1532 Zorobabel,
1909 1477 1964 1523 et
2000 1485 2096 1536 per

494 1561 747 1616 ordinem
772 1563 992 1616 venitur
1019 1561 1086 1615 ad
1114 1560 1420 1616 Christum.
1469 1560 1577 1618 Sed
1635 1561 1685 1614 in
1734 1560 1926 1614 diebus
1964 1559 2094 1615 Joa-

494 1654 602 1708 cim
657 1669 762 1708 non
793 1652 1057 1708 successit
1079 1653 1128 1707 ei
1160 1668 1252 1708 res
1282 1653 1448 1721 ﬁlius,
1481 1652 1618 1707 sicut
1650 1654 1768 1723 ipse
1803 1652 1944 1721 patri
1972 1666 2097 1707 suc-

494 1756 764 1809 cesserat,
814 1745 910 1800 sed
969 1745 1071 1799 l'nit
1128 1746 1180 1798 in
1239 1747 1554 1814 captivitate
1606 1755 1661 1800 et
1714 1745 1999 1810 Salatbiel,
2041 1753 2098 1800 et.

2195 547 2252 596 et
2298 541 2633 606 Ptiariszeos,
2669 539 2920 594 visitabit
2949 539 3213 594 Dominus
3259 547 3482 608 propter
3534 535 3795 590 malitiam

2195 632 2502 687 studiorum
2534 633 2797 702 ipsorum.
2836 631 3134 686 Possumus
3167 638 3348 684 autem
3376 628 3671 698 hocjuxts
3696 635 3798 682 tro-

2195 725 2496 796 pologiam,
2517 739 2568 780 et
2598 724 2666 780 de
2697 725 2950 780 Ecclesia:
2979 724 3323 794 principibus
3349 721 3797 793 intelligerc,qui

2197 826 2374 871 tamen
2409 831 2518 870 non
2547 815 2710 884 digne
2738 823 2934 886 regunt
2963 830 3095 870 oves
3123 814 3362 877 Domini,
3394 815 3541 884 quod
3571 812 3683 867 illis
3713 810 3797 865 ab-

2190 908 2356 978 jvctis
2385 919 2554 978 atque
2581 907 2875 975 damnatis,
2925 908 3166 963 salvetur
3209 907 3441 976 populus
3469 903 3497 942 ι’
3539 905 3672 958 aliis
3700 913 3799 957 tra-

2195 999 2362 1064 ditus,
2389 1000 2480 1070 qui
2507 999 2658 1070 digni
2690 999 3004 1054 exstiterint
3037 1016 3048 1052 :
3083 1007 3140 1053 et
3169 999 3417 1068 reliquias
3448 997 3625 1050 salva:
3654 994 3793 1048 ﬁant.

2194 1094 2441 1150 Perdunt
2469 1109 2601 1150 oves
2633 1105 2902 1164 pastores,
2933 1095 3023 1165 qui
3055 1094 3257 1149 docent
3305 1093 3596 1148 haeresim.
3637 1091 3797 1146 Laco.

2194 1197 2317 1243 rant
2362 1197 2417 1243 et
2465 1189 2755 1259 dissipant,
2789 1190 2878 1259 qui
2929 1188 3228 1244 schismata
3280 1187 3508 1243 faciunt.
3567 1187 3796 1256 Ejiciunt

2193 1297 2307 1345 eas,
2345 1281 2436 1352 qui
2475 1291 2664 1337 contra
2692 1282 2956 1351 justitiam
2995 1282 3063 1337 de
3097 1283 3335 1337 Ecclesia
3366 1291 3652 1350 separant.
3687 1278 3796 1334 Non

2196 1374 2436 1437 vi~it~~nt,
2472 1376 2560 1444 qui
2594 1375 2986 1445 pmnitentibus
3017 1374 3351 1429 contrahunt
3381 1389 3632 1428 manum.
3655 1373 3797 1440 Quo-

2195 1485 2314 1524 rum
2341 1470 2582 1523 omnium
2615 1469 2966 1524 miserebitur
3001 1468 3283 1528 Dominus.
3319 1466 3565 1522 reddens
3591 1467 3676 1521 eis
3696 1465 3798 1535 pri-

2194 1562 2334 1615 stina
2367 1575 2586 1630 pascua.
2620 1570 2675 1615 et
2709 1561 2883 1614 malos
2915 1568 3160 1628 pastores
3189 1558 3468 1614 auferetis.

2267 1651 2450 1722 (Vers.
2485 1652 2541 1717 ὅ,
2569 1652 2649 1722 ϐ.)
2679 1650 2814 1706 Ecce
2844 1652 2950 1705 dies
2986 1653 3217 1715 veniunt,
3266 1652 3393 1704 dicit
3435 1650 3715 1715 Dominus,
3748 1658 3795 1704 ct

2195 1745 2457 1800 suscitabo
2476 1744 2648 1800 Dauid
2661 1762 2874 1819 germen
2891 1744 3204 1817 [Almegem]
3224 1746 3431 1815 justum
3458 1745 3617 1816 (sive
3638 1744 3798 1798 orien-

495 1836 828 1902 Zorobaliel,
882 1845 936 1892 et
991 1852 1162 1906 usque
1218 1838 1284 1892 ad
1330 1836 1608 1893 Cill‘iSlllm
1660 1837 1840 1892 nullus
1885 1837 2089 1907 regiam
2126 1836 2167 1898 Β
2198 1848 2298 1893 tem
2334 1836 2599 1909 justum);
2633 1843 2680 1891 et
2708 1837 2942 1908 regnabit
2970 1854 3086 1901 rem,
3115 1846 3160 1892 et
3201 1839 3409 1908 sapiens
3436 1838 3538 1890 erit
3565 1838 3705 1904 (sive
3724 1838 3797 1889 in-

495 1930 738 1983 obtinnit
768 1938 1114 1997 potestatem.
1143 1927 1254 1983 lloc
1276 1938 1456 1982 autem
1489 1927 1716 1993 idcirco,
1747 1929 1879 1997 quia
1908 1929 1960 1984 in
1989 1929 2092 1983 lle-

496 2021 678 2074 braico
711 2022 976 2089 scriptum
1004 2029 1086 2074 est
1117 2037 1128 2073 :
1163 2021 1213 2073 in
1242 2019 1424 2074 diebus
1455 2022 1568 2092 ejus
1617 2029 1665 2073 et
1706 2021 1758 2074 in
1811 2032 2040 2085 tempore
2065 2028 2090 2057 ⁸

495 2129 609 2173 suo,
640 2127 747 2181 quo
780 2113 895 2182 ipse
926 2111 1047 2177 fuit,
1081 2128 1180 2164 non
1208 2112 1305 2165 erit
1335 2111 1411 2164 vir
1447 2113 1535 2181 qui
1575 2111 1750 2166 sedeat
1795 2128 1951 2180 super
2003 2128 2092 2165 so-

499 2205 631 2257 lium
656 2201 847 2257 Dat-id.
868 2203 1230 2274 Omnesfcnim
1253 2203 1404 2258 fuere
1427 2205 1654 2272 captivi,
1677 2214 1729 2259 et
1747 2203 2095 2260 nullusdein-

497 2312 628 2367 ccps
667 2297 734 2351 de
775 2299 944 2368 stirpe
983 2297 1147 2351 David
1182 2298 1233 2352 in
1265 2307 1411 2353 terra
1455 2296 1644 2353 iudica
1677 2299 1850 2352 tenuit
1883 2298 2092 2368 princi-

499 2400 709 2460 patum.
747 2390 898 2448 Unde
930 2399 986 2446 et
1029 2391 1302 2458 Josepbus
1333 2391 1505 2447 refert
1529 2392 1600 2447 de
1629 2393 1967 2448 sacerdotali
1998 2407 2095 2463 ge-

498 2498 632 2538 nere
660 2500 722 2537 ac
759 2482 899 2538 tribu
926 2484 1054 2539 Levi
1092 2485 1260 2540 fuisse
1284 2485 1562 2555 principes
1585 2485 1784 2556 quibus
1812 2501 2097 2542 successe-

498 2578 572 2631 rit
596 2577 842 2633 llerodcs
869 2579 1146 2646 Antipatri
1182 2579 1447 2650 proselyti
1481 2579 1648 2645 illius,
1683 2589 1736 2634 et
1771 2588 1959 2648 postea
1993 2581 2096 2635 sub

497 2669 858 2740 Vespasiano,
886 2687 1113 2740 regnum
1147 2671 1310 2739 hujus
1334 2673 1577 2741 generis,
1608 2671 1774 2726 immo
1804 2671 2095 2744 imaginem

498 2764 718 2832 imperil
752 2762 998 2818 funditus
1026 2761 1199 2819 fuisse
1227 2764 1492 2819 deletam.

571 2855 726 2923 (Cap.
767 2854 957 2910 XXIII.
980 2855 1224 2910 —-Vcrs.
1264 2867 1285 2912 t
1317 2859 1500 2928 sz'qq.)
1545 2857 1632 2912 Va:
1656 2860 1973 2930 pastoribus,
2007 2863 2098 2931 qui

499 2946 806 3014 disperdunt
837 2958 882 3001 et
911 2950 1140 3002 lacerant
1169 2966 1375 3021 gregem
1401 2967 1610 3022 pascua!
1632 2967 1756 3006 mea:
1777 2953 1919 3024 (sive
1951 2971 1980 3008 0
2002 2972 2097 3020 pa-

497 3053 683 3108 stores,
711 3041 801 3109 qui
831 3039 1136 3112 disperditis
1165 3054 1212 3096 et
1243 3042 1510 3112 dissipatis
1542 3061 1654 3098 ores
1688 3063 1892 3112 pascua:
1922 3051 2095 3116 metu),

502 3133 629 3186 dicit
664 3133 934 3187 Dominus.
963 3132 1092 3189 Ideo
1124 3136 1231 3189 lucc
1283 3137 1409 3190 dicit
1454 3136 1710 3192 Dominus
1758 3138 1896 3194 Deus
1931 3139 2099 3194 Israel

2193 1929 2436 2003 telliget),
2464 1940 2511 1983 et
2533 1930 2688 1999 faciet
2701 1929 2966 2003 judicium
2989 1941 3033 1982 et
3050 1930 3311 2001 justitiam
3334 1931 3389 1982 in
3414 1941 3584 1984 terra.
3609 1928 3673 1982 In
3695 1930 3796 1981 die-

2193 2024 2285 2079 bus
2316 2023 2422 2078 illis
2449 2024 2738 2078 salvabitur
2758 2022 2926 2086 Juda,
2981 2033 3028 2077 ct
3058 2022 3225 2077 Israel
3252 2023 3507 2077 habitabit
3539 2024 3796 2088 conﬁden-

2197 2127 2291 2171 ter.
2312 2117 2376 2170 Et
2401 2118 2499 2172 hoc
2523 2129 2795 2172 estnomen
2815 2159 2830 2183 ,
2861 2135 2962 2186 quo
3011 2119 3262 2173 vocabunt
3293 2121 3576 2187 enm(sive
3610 2118 3794 2171 rocabit

2196 2209 2333 2282 eum)
2349 2209 2603 2266 Dominus
2617 2212 2798 2282 justus
2823 2222 2996 2266 noster
3022 2212 3379 2284 (sivejustitia
3397 2211 3629 2283 nostra).
3651 2209 3791 2279 Quod

2198 2302 2464 2358 llcbraice
2491 2303 2693 2359 dicitur
2745 2315 2766 2343 ο
2799 2319 3072 2359 ssoscenu
3115 2303 3386 2391 (utpar).
3421 2305 3539 2359 Hoc
3573 2304 3714 2374 quod
3746 2304 3790 2357 in

2198 2395 2560 2466 Septuaginta
2595 2397 2742 2453 male
2769 2397 3025 2452 additum
3059 2408 3163 2462 cst,
3219 2398 3274 2450 in
3305 2395 3619 2465 Prophetis,
3655 2397 3792 2468 peni-

2200 2499 2286 2542 tus
2311 2488 2726 2557 amputanduin.
2774 2489 2936 2544 Aliud
2987 2490 3134 2544 enim
3188 2487 3493 2558 capitulum
3529 2489 3788 2559 sequitur,

2198 2581 2340 2652 quod
2369 2583 2437 2636 ab
2463 2582 2542 2638 eis
2563 2585 2997 2652 praetermissum
3024 2591 3130 2647 est,
3149 2593 3256 2652 quo
3281 2580 3458 2648 linito,
3481 2583 3674 2636 titulus
3693 2591 3787 2647 est,

2199 2675 2268 2727 ad
2288 2673 2599 2746 Prophetas,
2635 2675 2751 2729 sive
2781 2684 2964 2728 contra
2998 2673 3316 2740 PrOpItetas,
3351 2673 3418 2728 de
3454 2690 3571 2744 quo
3597 2687 3692 2726 suo
3717 2671 3789 2726 di-

2199 2783 2391 2822 cemus
2440 2769 2581 2823 loco.
2636 2769 2881 2838 Abjectis
2924 2784 3053 2837 ergo
3105 2768 3418 2836 pastoribus
3465 2778 3786 2839 synagoga},

2198 2858 2409 2913 Scribis
2445 2860 2704 2914 videlicet
2730 2871 2785 2913 et
2829 2859 3148 2921 lerisris,
3183 2870 3238 2912 ct
3269 2859 3502 2911 solvatis
3557 2854 3788 2923 reliquiis

2202 2967 2268 3007 ex
2304 2952 2494 3016 Israel,
2523 2951 2910 3021 Apostolisqne
2939 2952 3216 3020 Evangelii
3248 2951 3299 3005 in
3332 2950 3513 3004 locum
3557 2952 3780 3020 priurum

2204 3044 2507 3113 principum
2529 3045 2869 3108 constitutis,
2898 3044 3174 3097 inducitur
3200 3053 3384 3108 pastor
3419 3054 3600 3110 pastor
3619 3054 3720 3106 uin,
3740 3049 3786 3095 ct

2206 3137 2458 3206 princeps
2482 3137 2812 3204 principum,
2847 3147 2900 3190 et
2932 3152 3024 3190 rex
3058 3151 3272 3203 regum.
3302 3144 3357 3189 et
3404 3135 3669 3190 Dominus
3703 3135 3787 3188 do-

501 3227 570 3278 (ιιι
600 3237 853 3298 pastores,
877 3231 964 3294 qui
995 3241 1208 3296 pascunt
1243 3230 1494 3298 pupulum
1519 3247 1686 3286 meum
1711 3249 1730 3286 :
1766 3232 1870 3287 Vos
1895 3234 2098 3302 disper-
2126 3228 2170 3292 C
2206 3227 2552 3293 minantium,
2578 3227 2832 3284 Christus
2861 3227 3117 3282 videlicet
3163 3228 3414 3282 Salvator
3470 3239 3680 3293 noster,
3709 3225 3788 3296 qui

502 3321 642 3373 sistis
668 3337 875 3393 gregem
899 3339 1088 3389 nteant,
1108 3322 1329 3394 ejecistis
1350 3340 1458 3386 eos.
1479 3334 1525 3378 ct
1558 3341 1660 3378 non
1694 3326 1956 3380 t'isitastis.
1972 3326 2100 3382 Ecce

504 3430 596 3484 ego
627 3415 839 3469 visitabo
870 3432 1023 3487 super
1054 3431 1138 3469 vos
1169 3417 1426 3471 malitiam
1458 3419 1754 3472 studiorum
1790 3431 2096 3488 vestrorum,

503 3509 578 3560 ait
610 3507 886 3562 Dominus.
925 3509 990 3562 Et
1022 3526 1116 3579 ego
1145 3511 1469 3581 congregabo
1516 3511 1763 3582 reliquias
1803 3515 1972 3585 art-gis
2001 3516 2102 3569 mei

505 3600 568 3651 de
597 3601 831 3652 onmibus
863 3602 1014 3653 terris
1044 3603 1112 3654 ad
1138 3619 1265 3668 quas
1295 3606 1547 3674 ejeceram
1572 3621 1660 3659 eos
1689 3605 1816 3660 illuc
1838 3649 1852 3671 ,
1895 3616 1939 3660 ct
1977 3625 2102 3662 con-

507 3701 701 3743 rcrtam
728 3707 812 3744 eos
842 3691 912 3743 ad
942 3708 1066 3746 rura
1095 3709 1191 3746 sua
1233 3695 1374 3760 (sive
1413 3696 1684 3749 restituam
1721 3696 1836 3751 illos
1875 3698 1944 3752 ad
1975 3716 2100 3768 pos-
2142 3766 2154 3778 α

505 3799 604 3834 cna
635 3782 762 3852 sua)
789 3791 835 3835 et
866 3792 1089 3836 crescent
1128 3796 1173 3836 et
1206 3784 1713 3857 multiplicabuntur.
1751 3787 1818 3842 Et
1846 3792 2101 3846 suscitabo

505 3891 656 3946 super
701 3891 786 3928 eos
810 3884 1065 3945 pastores,
1095 3886 1143 3930 et
1174 3889 1384 3946 poscent
1424 3895 1530 3933 eos.
1583 3879 1702 3936 Non
1747 3884 2099 3952 forntidabunt

507 3964 663 4031 ultra,
693 3976 739 4019 et
765 3983 865 4020 non
891 3967 1167 4038 parebunt,
1192 3979 1238 4021 et
1267 3969 1447 4025 nullus
1474 3982 1734 4040 quwretur
1762 3991 1826 4029 ea:
1861 3993 2098 4043 numero,

506 4059 634 4112 dicit
665 4058 940 4113 Dominus.
975 4061 1056 4116 Ad
1089 4072 1358 4132 pastores,
1385 4066 1500 4120 sive
1526 4065 1593 4120 de
1623 4069 1954 4136 pastoribus,
1982 4088 2105 4140 pro-

509 4151 759 4218 pheticus
787 4167 970 4206 sermo
1001 4161 1105 4210 est.
1139 4156 1204 4209 Et
1231 4158 1354 4226 quia
1394 4158 1461 4211 de
1487 4158 1751 4216 lechouia
1793 4164 2102 4232 penultimo

507 4260 634 4314 rege
666 4244 894 4311 ludam,
927 4247 1017 4315 qni
1050 4247 1150 4302 fuit
1180 4249 1249 4305 de
1274 4252 1444 4320 stirpe
1467 4251 1666 4320 David,
1699 4255 1930 4325 legimus
1958 4261 2100 4314 seri—

507 4346 654 4404 ptum
683 4353 696 4388 :
727 4335 884 4390 Terra
903 4379 916 4402 ,
956 4348 1124 4405 terra,
1172 4350 1310 4393 terra
1333 4383 1346 4407 ,
1396 4345 1522 4396 audi
1563 4361 1820 4402 sermones
1850 4347 2097 4423 Domini,

504 4426 669 4480 scribe
693 4427 854 4481 virum
875 4430 1030 4482 istum
1050 4431 1369 4498 abdicatum,
1395 4437 1510 4490 sive
1535 4437 1780 4505 sterilem,
1806 4451 1852 4494 ct
1875 4458 1977 4497 non
2006 4445 2103 4498 erit

507 4518 570 4572 de
611 4519 805 4575 semine
825 4523 939 4589 ejus
963 4522 1038 4575 vir
1061 4525 1150 4594 qui
1179 4525 1351 4578 sedeat
1383 4542 1538 4597 super
1558 4529 1748 4584 saliunt
1774 4531 1944 4586 David
1969 4533 2100 4605 (Su-

2206 3323 2424 3389 proprie
2450 3332 2528 3375 cst
2559 3335 2788 3389 germen
2809 3323 3169 3388 justum,sive
3193 3325 3379 3375 oriens
3398 3320 3784 3390 justusnlequo

2204 3416 2436 3485 legimus
2466 3432 2478 3469 :
2509 3413 2722 3469 Orietur
2753 3417 2804 3468 in
2835 3413 3018 3468 diebus
3065 3417 3176 3483 ejus
3199 3415 3411 3486 justitio
3433 3413 3612 3484 (Psal.
3643 3425 3783 3474 uti,

2205 3507 2281 3576 7).
2316 3507 2383 3561 Et
2415 3509 2466 3562 in
2517 3510 2627 3560 alio
2679 3509 2796 3562 loco
2831 3525 2842 3560 :
2898 3505 3035 3561 Ecce
3077 3508 3187 3572 vir,
3231 3507 3420 3560 Oriens
3457 3523 3643 3561 nomen
3686 3508 3784 3575 ejus

2207 3597 2391 3669 (Zacli.
2425 3615 2496 3664 ιι,
2536 3599 2728 3671 12),ct
2755 3599 2944 3652 subter
2975 3611 3098 3652 eum
3140 3597 3370 3662 orietur,
3403 3601 3458 3652 et
3511 3593 3784 3650 .rdtlicabit

2204 3693 2468 3761 templum
2501 3694 2730 3747 Doiuino
2764 3711 2775 3745 :
2813 3702 2868 3746 ut
2901 3691 3180 3760 quomodo
3217 3689 3269 3744 in
3305 3689 3442 3744 l~aia
3495 3684 3783 3743 Emmanuel

2204 3785 2529 3855 appellatur,
2566 3785 2666 3840 hoc
2698 3795 2801 3846 est,
2833 3785 3101 3838 nobiscum
3131 3782 3273 3837 Deus
3318 3782 3479 3854 (lsai.
3525 3797 3616 3848 vn,
3653 3776 3738 3848 M)
3767 3792 3779 3830 :

2205 3879 2284 3932 sic
2307 3878 2358 3932 in
2389 3877 2628 3933 Jeretnin
2661 3893 2860 3932 nomen
2893 3877 3152 3945 accipiat,
3171 3877 3388 3948 justitia
3409 3885 3611 3929 nostra.
3637 3869 3782 3943 _Unde

2203 3981 2259 4026 et
2286 3973 2569 4041 apostolus
2596 3972 2842 4042 loquitur
2871 3987 2888 4024 :
2925 3970 3027 4038 Qui
3059 3973 3230 4041 factus
3267 3980 3341 4023 est
3368 3969 3628 4039 sapientia
3659 3964 3784 4020 nobis

2203 4080 2237 4118 α
2264 4062 2400 4129 Deo,
2433 4074 2478 4118 et
2496 4066 2706 4136 justitia
2733 4074 2782 4119 et
2811 4062 3156 4130 sanctiﬁcatio
3201 4074 3250 4116 et
3279 4062 3567 4133 redemptio
3598 4060 3640 4131 (Ι
3678 4057 3778 4112 Cor.

2205 4174 2242 4224 t,
2276 4157 2390 4227 50).
2415 4156 2516 4212 Cui
2545 4155 3267 4220 contrariusAntichristns,
3302 4165 3358 4209 et
3388 4154 3508 4224 ejus
3536 4153 3780 4208 habitator

2205 4248 2478 4313 diabolus,
2515 4250 2566 4304 in
2594 4249 2856 4304 Zacltaria
2908 4249 3113 4304 stultus
3161 4258 3348 4317 pastor
3385 4247 3557 4320 998
3606 4246 3784 4300 dicitur

2206 4343 2398 4416 (Zach.
2425 4343 2525 4414 ιιι).
2563 4343 2632 4397 Et
2661 4344 2842 4414 faciet,
2871 4343 3066 4411 inquit,
3086 4343 3349 4415 judicium
3379 4351 3425 4395 et
3463 4341 3715 4412 justitiam
3735 4336 3777 4387 in

2204 4449 2365 4494 terra.
2393 4437 2509 4494 Non
2540 4439 2686 4494 enim
2708 4438 2868 4493 Pater
2894 4437 3104 4505 jndicat
3134 4451 3488 4506 queinquam,
3515 4433 3608 4490 sed
3638 4441 3780 4486 omne

2199 4531 2464 4600 judicium
2497 4530 2812 4586 deditFilio
2841 4528 3026 4602 (Joan.
3063 4545 3114 4594 v,
3141 4528 3334 4599 ‘22).In
3362 4529 3559 4582 diebus
3593 4526 3690 4580 illis
3735 4529 3779 4574 ct

503 4627 598 4680 pra
629 4627 760 4679 χχιι,
791 4611 860 4666 29
882 4652 898 4680 ,
926 4612 1042 4683 30),
1073 4619 1361 4687 omnisque
1393 4635 1520 4689 spes
1553 4624 1702 4692 regni
1733 4623 1945 4680 .Indalcl
1982 4625 2100 4683 fue-
2127 4617 2180 4678 D
2205 4627 2330 4681 dua:
2353 4634 2410 4681 et
2445 4626 2636 4680 decem
2669 4625 2840 4680 tribus
2865 4624 3029 4691 Juda,
3059 4634 3114 4679 et
3146 4622 3313 4678 Israel
3367 4621 3575 4692 pariter
3627 4619 3780 4672 salvs-
3807 4613 3809 4615 ’

505 4713 588 4757 rat
617 4713 893 4773 ainputata
923 4723 936 4758 :
966 4709 1166 4762 transit
1185 4709 1250 4762 ad
1278 4711 1551 4780 principes
1579 4713 1860 4784 Ecclesiae,
1883 4725 1938 4772 et
1959 4719 2100 4788 Syn-

499 4812 670 4867 agoga
699 4813 823 4852 cum
868 4800 986 4854 suis
1017 4801 1329 4870 pastoribus
1359 4803 1621 4860 derelicta
1663 4819 1827 4878 atque
1871 4809 2095 4866 damna-

501 4897 577 4953 ta,
608 4889 674 4942 ad
707 4890 1004 4960 Apostolos
1035 4906 1222 4948 sermo
1270 4894 1326 4949 lit
1348 4937 1363 4961 ,
1408 4896 1478 4950 de
1507 4898 1706 4966 quibus
1746 4900 1950 4956 dicitur
1982 4919 1994 4957 :
2029 4903 2098 4958 Et

499 4980 758 5034 suscitabo
790 4997 948 5053 super
988 4999 1074 5038 eos
1106 4997 1354 5056 pastores,
1391 4998 1437 5042 et
1478 4999 1688 5059 poscent
1714 5008 1820 5059 eos,
1850 5009 1954 5047 non
1985 4995 2096 5064 for-

503 5071 772 5126 midabant
801 5075 960 5139 ultra,
984 5083 1030 5127 et
1057 5093 1160 5130 non
1194 5079 1470 5147 pavebant,
1499 5090 1544 5136 ct
1569 5081 1731 5154 997
1751 5084 1927 5139 nullus
1955 5102 2096 5156 qum-

502 5175 642 5219 retur
690 5181 754 5219 ea:
800 5180 1042 5231 numero,
1093 5167 1220 5222 dicit
1276 5167 1530 5226 Dominus
1569 5173 1786 5246 (Ezech.
1828 5192 1924 5243 nt,
1973 5176 2091 5249 24).

502 5259 752 5329 Apostoli
790 5259 933 5314 enim
989 5261 1354 5329 conﬁdenter,
1403 5276 1456 5319 et
1499 5267 1708 5338 absque
1749 5271 1857 5325 ullo
1899 5273 2098 5331 timore

501 5361 729 5422 pascent
758 5352 1206 5409 Ecclesiasticum
1238 5365 1485 5427 gregem,
1535 5367 1590 5414 et
1629 5362 1873 5433 reliquias
1907 5367 2098 5436 populi

499 5441 668 5499 Israel
696 5445 1058 5502 salvabnntnr
1083 5447 1151 5502 de
1178 5449 1429 5506 omnibus
1462 5449 1648 5520 terris,
1681 5465 1736 5510 et
1767 5464 2095 5513 converten-

498 5552 583 5590 uir
612 5536 676 5590 ad
710 5554 861 5607 rura,
893 5541 1013 5596 sive
1043 5541 1109 5596 ad
1133 5558 1331 5613 pascua
1362 5561 1483 5612 sua,
1512 5556 1568 5601 et
1596 5560 1847 5605 crescent
1873 5560 1926 5606 et
1955 5553 2091 5609 mul-

568 5745 601 5842 ξ
631 5728 1026 5842 Εἱῗέξτοληιέιςζ,
1060 5743 1111 5842 in
1139 5753 1365 5842 te’mpore
1398 5747 1532 5827 ipso,
1567 5749 1656 5809 ille
1681 5751 1790 5821 ipsc
1817 5754 1937 5823 fuit.

583 5818 594 5842 )
631 5805 799 5858 Valic.
832 5801 1050 5879 aliisque
1081 5801 1339 5882 tradaiur,
1369 5801 1480 5889 qui,

2205 4721 2422 4774 buntur.
2464 4719 2529 4773 Et
2551 4718 2621 4773 de
2659 4717 2873 4772 duabus
2915 4718 3087 4786 virgis
3117 4755 3132 4781 ,
3166 4717 3319 4785 juxta
3364 4713 3612 4770 Ezechiel
3639 4754 3653 4776 ,
3686 4721 3778 4763 una

2200 4815 2349 4883 virga
2386 4814 2479 4866 lict
2503 4810 2718 4883 (Eucti.
2760 4811 2986 4881 xxxvii).
3017 4809 3340 4876 Nomenque
3371 4807 3514 4878 ejus,
3562 4806 3604 4860 si
3637 4805 3777 4874 juxta

2199 4907 2554 4977 Septuaginta
2574 4947 2590 4974 ,
2619 4906 2896 4960 vocaverit
2922 4919 3050 4960 eum
3079 4903 3388 4968 .Dominns,
3436 4897 3778 4971 appellabitur

2198 5002 2442 5062 loscdec.
2465 4999 2514 5054 id
2541 5007 2645 5066 est,
2667 4999 2918 5052 Dominus
2940 4999 3121 5069 justus
3146 5013 3159 5048 :
3184 4995 3229 5049 si
3253 4995 3555 5050 secundum
3580 4988 3780 5045 llelnai-

2177 5107 2352 5160 .cum,
2402 5093 2491 5162 qui
2523 5092 2801 5154 dixerunt,
2854 5103 3038 5142 nomen
3088 5091 3202 5160 ejus
3249 5087 3524 5154 vocabunt,
3563 5084 3773 5142 dicetur.

2206 5185 2462 5238 Dominus
2482 5183 2694 5257 justitia
2716 5190 2914 5235 nostra.
2945 5181 3056 5234 lloc
3085 5180 3233 5235 enim
3285 5179 3555 5248 signiﬁcat
3606 5185 3774 5229 sponsi

2197 5293 2470 5332 SADECENU
2505 5276 2710 5364 (‘u’P‘TE
2733 5273 2904 5344 mm),
2951 5289 3051 5344 pro
3078 5289 3186 5344 quo
3227 5271 3583 5343 Symmachus
3609 5266 3770 5329 vertit,

2198 5365 2692 5440 Domine,'justiﬁca
2720 5381 2836 5420 nos.

2269 5463 2453 5534 (Vers.
2487 5462 2542 5531 7,
2575 5461 2655 5533 8.)
2688 5451 2912 5534 Propter
2949 5460 3048 5514 hac
3079 5476 3192 5514 ecce
3241 5457 3351 5513 dies
3380 5459 3608 5523 veniunt,
3665 5451 3771 5507 dicit

2201 5557 2479 5612 Dominus.
2525 5557 2593 5611 Et
2635 5572 2739 5611 non
2783 5557 2951 5609 dicent
3000 5555 3140 5609 ultra
3167 5589 3183 5620 ,
3229 5553 3346 5606 ~sirit
3388 5550 3661 5616 Dominus,
3698 5543 3770 5614 (1κὲ

2280 5768 2302 5797 ο
2329 5755 2385 5811 In
2419 5766 2650 5824 utroque
2673 5773 2807 5811 mss.
2830 5756 3125 5812 Sadecens.
3155 5755 3296 5810 Tum
3313 5755 3486 5812 \‘atie.
3517 5753 3626 5810 Hoc
3651 5737 3769 5820 quod

2202 5830 2253 5883 in
2285 5825 2625 5902 Septuaginta
2653 5845 2752 5884 non
2779 5829 3017 5902 habetur,
3045 5827 3200 5898 male,
3228 5835 3340 5888 etc.
3427 5902 3430 5904 γ
