3972 6324
217 317 341 372 821

712 312 1366 372 COMMENTARIORUM
1406 312 1474 369 IN
1511 307 1861 369 IEREMIAM
1901 307 2325 369 PBOPIIE‘I‘AM
2366 309 2498 366 LIB.
2545 309 2636 365 IV.
2678 309 2834 366 CAP.
2877 308 3072 366 XXIII.

3437 309 3546 365 uti

217 432 412 486 eduxit
438 430 577 500 ﬁlios
601 426 770 483 Israel
794 428 858 482 de
877 439 1013 484 terra
1037 428 1286 500 xis‘gypti;
1309 429 1399 482 sed
1418 427 1537 481 uiuit
1561 423 1837 493 Dominus,
1869 432 1921 488 Α
1948 441 2008 481 se
2027 425 2352 485 dicere.nou
2384 423 2454 480 de
2482 424 2701 494 seipsis,
2727 434 2878 479 certe
2905 424 3115 479 nullum
3147 434 3280 495 puto
3307 425 3549 480 sanctio-

210 527 328 595 qui
353 524 529 578 eduxit
561 532 610 577 et
651 522 872 576 adduxit
909 537 1083 576 semen
1135 521 1319 574 domus
1351 518 1523 573 Israel
1570 521 1634 571 de
1695 512 1834 570 terra

215 617 535 688 Aquilonis,
570 626 619 669 et
639 615 702 670 de
738 615 932 669 cunctis
959 614 1130 678 terris,
1179 614 1248 668 ad
1293 629 1424 683 quas
1460 615 1710 684 ejeceram
1749 626 1835 666 eos

222 709 390 773 illuc,
422 716 468 761 et
493 705 798 760 habitabant
819 707 871 759 in
903 716 1039 760 terra
1069 719 1186 760 sua.
1207 705 1319 760 lloc
1348 719 1510 758 onine
1538 703 1835 773 capitulum

215 803 294 858 in
312 800 670 870 Septuaginta
698 817 806 855 nou
861 799 1116 854 habetur.
1170 795 1339 868 Cujus
1376 797 1462 852 hic.
1485 811 1682 852 settsus
1707 804 1794 850 est
1821 833 1836 860 ,

215 894 383 965 quod
399 908 747 963 nequaquam
785 905 883 962 per
913 891 1137 962 Moysen
1163 890 1398 961 populus
1440 889 1536 945 Dei
1583 888 1652 944 de
1673 887 1841 960 [Egy—

219 999 329 1058 pto
359 986 652 1050 liberetur,
677 983 774 1039 sed
802 999 898 1054 per
919 983 1106 1039 Jesum
1124 982 1407 1038 Christum
1434 981 1502 1036 de
1524 981 1673 1036 omni
1705 981 1838 1037 orbe

218 1090 534 1146 terrarum,
570 1079 621 1132 iu
647 1093 812 1148 quem
843 1078 1126 1148 dispersus
1151 1075 1348 1131 fuerat.
1377 1074 1535 1142 Quod
1576 1091 1644 1130 ex
1685 1084 1837 1143 parte

218 1182 293 1227 ct
321 1189 466 1228 nunc
503 1171 812 1241 completur
835 1171 888 1224 iu
913 1169 1140 1237 mundo,
1190 1177 1248 1225 et
1276 1184 1342 1224 ex
1377 1177 1492 1224 toto
1531 1167 1834 1239 complebi-

221 1275 348 1331 tur,
382 1263 600 1335 quando
630 1263 698 1318 de
724 1263 949 1318 Oriente
1001 1272 1056 1317 et
1087 1261 1412 1327 Occidente,
1447 1262 1836 1331 Septentrione

219 1371 289 1415 et
303 1358 528 1414 Meridie
541 1359 760 1414 venient
774 1365 830 1412 et
845 1357 1191 1413 discmuhent
1206 1369 1326 1411 cum
1344 1356 1488 1410 Abra
1499 1355 1644 1422 hum,
1665 1355 1835 1420 Isaac,

217 1465 287 1508 et
319 1452 486 1508 Iacob
535 1449 753 1523 (Matth.
808 1449 952 1520 vui).
999 1450 1068 1506 Ut
1116 1459 1399 1520 postquam
1446 1447 1838 1503 subintraverit

219 1545 521 1617 plenitudo
559 1543 842 1614 gentium,
889 1551 1018 1597 tunc
1071 1542 1249 1597 omnis
1308 1540 1475 1596 Israel
1528 1539 1713 1595 salvus
1741 1539 1839 1594 iiut

223 1641 419 1713 (nam.
441 1638 541 1711 ιι).

303 1736 388 1788 Ad
416 1723 711 1807 Prophetas
743 1732 885 1802 (sive
921 1732 975 1785 in
1008 1729 1322 1802 Prophetis,
1364 1728 1449 1784 vel
1488 1737 1667 1782 contra
1705 1726 1837 1781 Pro-

1940 533 2054 576 rem
2074 533 2198 575 esse
2238 518 2501 585 Jeremis,
2525 520 2617 590 qui
2635 518 2808 589 virgo,
2827 519 3120 588 PrOpheta,
3139 517 3543 573 sanctiﬁcante-

1938 630 2045 686 que
2069 615 2120 668 in
2142 622 2325 680 utero,
2340 612 2459 684 ipso
2473 612 2696 668 nomine
2713 612 3022 683 praetigurat
3049 608 3544 665 DominumSalva-

1941 719 2137 762 torem.
2157 706 2423 764 Jeretuias
2435 707 2580 762 enim
2608 707 3026 775 interpretatur,
3049 701 3263 758 Domini
3283 701 3538 758 excelsus.

2013 802 2196 874 (Vers.
2230 799 2346 871 10.)
2397 800 2530 868 Quia
2559 798 2811 854 adulteris
2850 798 2959 871 [ΑΙ.
2990 797 3290 870 adulteriis]
3342 796 3541 865 repleta

1940 904 2014 949 est
2035 904 2197 960 terra,
2225 893 2347 962 quia
2389 908 2424 944 a
2466 892 2598 963 facie
2641 891 3020 945 maledictionis
3059 888 3202 961 (sive
3230 886 3539 958 iuramenti)

1940 989 2072 1042 luxit
2096 996 2256 1052 terra,
2280 987 2511 1055 arefacta
2535 994 2652 1038 sunt
2676 999 2800 1038 arua
2823 981 2964 1056 (sive
2985 980 3205 1053 pascua)
3252 981 3467 1046 deserti,
3493 988 3543 1032 et

1941 1086 2107 1153 factus
2131 1089 2205 1134 est
2234 1093 2416 1133 cursus
2439 1093 2617 1132 eorum
2638 1077 2826 1141 malus,
2850 1086 2895 1130 et
2919 1074 3171 1145 fortitudo
3193 1082 3371 1127 eorum
3390 1072 3545 1126 dissi-

1939 1174 2097 1228 milis.
2130 1173 2243 1226 lloc
2278 1170 2421 1240 quod
2456 1183 2556 1224 nos
2598 1169 2668 1223 de
2703 1167 2976 1223 llehraico
3029 1166 3315 1237 posuimus
3348 1181 3362 1218 :
3413 1164 3542 1234 quia

1940 1267 2188 1322 adulteris
2210 1265 2405 1337 repleta
2424 1273 2498 1318 est
2519 1261 2740 1327 terra,in
2757 1258 3118 1330 Septuaginta
3143 1273 3254 1313 non
3285 1256 3538 1321 habetur,

1940 1360 2030 1431 qui
2050 1359 2413 1428 juramentum
2435 1355 2649 1420 dixere,
2678 1365 2778 1422 pro
2816 1351 3204 1406 maledictione.
3233 1348 3542 1417 Redditque

1939 1434 2154 1516 causas,
2182 1449 2326 1519 quod
2360 1457 2586 1518 prOpter
2612 1444 2881 1500 adulteria
2911 1483 2926 1510 ,
2977 1453 3033 1498 et
3075 1439 3396 1506 maledicta,
3429 1439 3546 1493 sive

1936 1541 2273 1612 superﬂuum
2296 1539 2696 1608 juramentnm,
2714 1537 2882 1592 immo
2914 1533 3178 1605 perjuria,
3197 1532 3542 1602 irugum51e~

1938 1637 2116 1692 rilitas
2145 1641 2444 1689 consecuta
2472 1630 2563 1687 sit.
2579 1627 2856 1700 Quidquid
2899 1627 2968 1682 de
2994 1636 3142 1680 terra
3172 1624 3361 1681 Judma
3381 1621 3539 1693 juxta

1939 1729 2173 1784 litteram
2205 1726 2489 1797 intelligis,
2522 1724 2667 1780 refer
2704 1724 2772 1777 ad
2799 1719 3287 1793 congregationem
3318 1717 3546 1774 creden-

217 1827 463 1900 phetas).
497 1827 597 1882 llic
633 1826 850 1892 titulus,
879 1838 934 1880 ut
957 1839 1122 1894 supra
1163 1823 1429 1890 diximus,
1486 1820 1538 1875 in
1584 1820 1830 1875 editione
1863 1819 1909 1879 B
1938 1821 2096 1884 tium,
2128 1819 2381 1889 quoniam
2414 1827 2639 1888 propter
2671 1815 2961 1879 adulteria,
2994 1816 3053 1868 et
3081 1811 3389 1878 mendacia,
3423 1809 3544 1865 sive

220 1919 637 1990 Septuaginta,
683 1918 810 1973 linis
855 1917 1150 1972 anterioris
1182 1915 1404 1986 capituli
1453 1916 1668 1985 positus
1709 1924 1830 1980 est,

218 2016 323 2069 ubi
356 2015 619 2083 scriptum
649 2011 883 2081 legimus
916 2027 929 2064 :
975 2019 1020 2063 et
1043 2009 1136 2063 hoc
1161 2020 1235 2062 est
1259 2023 1468 2072 nomen,
1501 2021 1604 2076 quo
1637 2005 1825 2076 appel-

231 2108 374 2162 labit
402 2124 517 2162 eum
541 2105 797 2162 Dominus
825 2104 1069 2170 Joscdec,
1097 2100 1632 2172 inProp/tetis.Quod
1665 2097 1835 2168 pleri-

224 2215 348 2270 que
384 2201 708 2270 ignorantes
740 2239 756 2264 ,
814 2195 960 2252 varia
1012 2193 1415 2263 explanationis
1469 2191 1835 2246 deliramenta

223 2293 583 2363 contingunt.
617 2292 895 2358 Multoque
945 2289 1142 2343 melius
1177 2287 1362 2341 fuerat
1389 2282 1719 2352 simpliciter
1752 2283 1840 2336 in-

224 2383 453 2440 scitiam
480 2382 758 2448 conﬁteri,
783 2396 946 2452 quam
976 2376 1267 2448 imperitia:
1295 2393 1406 2430 suae
1425 2375 1566 2431 alios
1591 2372 1836 2430 ha-redes

225 2479 443 2534 facere.
484 2479 580 2533 Est
603 2489 786 2532 autem
821 2492 1004 2531 sermo
1031 2487 1221 2530 contra
1276 2472 1606 2542 Prophetas,
1667 2471 1836 2524 immo

226 2575 747 2647 pseudoprophetus
769 2573 1070 2629 Jerusalem
1112 2581 1168 2626 et
1197 2568 1487 2630 Sumat-im,
1519 2581 1657 2636 quos
1688 2577 1835 2620 nunc

224 2669 524 2726 communi
570 2680 623 2723 et
649 2667 866 2736 vulgato
904 2665 1124 2720 nomine
1182 2661 1488 2731 Prophetas
1546 2656 1837 2720 vocat,de

231 2763 445 2834 quibus
475 2761 755 2830 Scriptum
785 2770 867 2814 est
899 2761 952 2814 in
977 2753 1446 2824 consequentibus
1483 2769 1496 2805 :
1529 2749 1596 2803 Et
1624 2751 1677 2804 in
1700 2748 1837 2804 Pro-

227 2852 405 2924 phetis
429 2852 688 2908 Samaria:
706 2853 808 2906 viui
824 2851 1148 2920 iniquitatem
1165 2848 1520 2914 ;stutimque:
1542 2843 1606 2897 Et
1631 2844 1684 2897 in
1702 2841 1840 2897 Pro-

227 2945 408 3016 phetis
439 2945 730 2999 Jerusalem
752 2945 855 2997 vidi
879 2941 1169 2996 horribilia.
1195 2938 1430 3007 Quando
1463 2946 1646 2991 autem
1683 2936 1838 3005 ponit

225 3040 714 3110 conjunctionem,
751 3049 830 3102 et,
864 3035 1107 3092 ostendit
1134 3035 1419 3103 superiora
1455 3032 1522 3086 de
1549 3030 1837 3100 Prophetis

225 3134 385 3186 dicta
421 3131 660 3198 Domini,
686 3130 777 3201 qui
807 3140 861 3184 et
897 3128 998 3198 ipsi
1026 3123 1640 3198 pseudtqirOphetarum
1680 3123 1838 3178 sitni-

228 3227 317 3282 les
341 3224 696 3280 exstiterunt.

307 3321 495 3392 (Vers.
527 3321 611 3388 9.)
643 3318 935 3373 Contritum
965 3327 1037 3371 est
1083 3333 1170 3370 cor
1201 3332 1374 3370 meum
1424 3315 1480 3369 in
1516 3313 1685 3367 medio
1735 3312 1834 3366 ntei

227 3415 381 3484 (sive
399 3416 453 3469 in
484 3411 1037 3485 me),contremuerunt
1056 3411 1195 3480 (sive
1218 3405 1631 3480 commotasunt)
1661 3406 1836 3460 omnia

228 3527 354 3564 ossa
383 3525 498 3562 mea
521 3545 538 3573 ,
573 3510 739 3580 [actus
767 3522 879 3560 sum
907 3506 1055 3575 quasi
1096 3505 1172 3557 vir
1206 3503 1373 3556 ebrius
1415 3511 1460 3554 et
1489 3501 1638 3569 quasi
1683 3499 1835 3554 homo

230 3599 484 3654 madidus
513 3598 657 3670 (sive
683 3598 886 3670 999"
911 3595 1208 3665 separatus)
1239 3596 1355 3649 vino
1383 3611 1414 3648 a
1436 3593 1576 3663 [acie
1600 3592 1834 3659 Domini,

231 3702 280 3748 et
314 3707 348 3745 a
381 3692 513 3763 facie
549 3689 812 3744 uerborum
838 3690 1154 3744 Sanctorum
1176 3690 1288 3759 ejus
1311 3686 1453 3758 (sive
1475 3693 1518 3738 et
1540 3685 1674 3755 {acie
1688 3687 1838 3738 deco-

231 3787 311 3840 ris
331 3784 511 3854 gloria:
539 3780 698 3856 ejus).
724 3781 1086 3836 Considerate
1112 3781 1259 3833 vultu
1290 3779 1690 3842 omnipotentis
1713 3774 1832 3843 Dei,

237 3880 346 3933 hoc
367 3885 477 3941 est,
508 3875 711 3940 Patris,
734 3883 789 3930 et
809 3872 1162 3927 considerato
1186 3869 1333 3924 vultu
1368 3867 1515 3935 Filii,
1563 3868 1656 3939 qui
1687 3867 1838 3937 juxta

235 3969 567 4040 ApOstolum
599 3967 860 4037 splendor
883 3965 1034 4018 illius
1071 3963 1266 4034 gloriae
1293 3961 1838 4031 appellatur,etior-

238 4079 331 4118 ma
359 4061 684 4117 substantias
715 4059 812 4114 Dei
842 4057 1030 4129 (Hebr.
1057 4057 1118 4125 ι),
1152 4055 1428 4124 Propheta
1481 4064 1534 4110 et
1579 4053 1764 4108 animo
1787 4062 1844 4108 ct

238 4168 484 4223 eoi-pore
524 4149 922 4222 perhorrescit,
941 4160 996 4205 et
1027 4146 1282 4216 intelligit
1303 4160 1428 4202 esse
1454 4161 1514 4200 se
1543 4144 1723 4212 nihili,
1757 4158 1846 4198 se-

241 4247 485 4302 cundum
518 4243 662 4315 quod
696 4255 751 4297 et
783 4244 834 4297 in
856 4241 963 4296 alio
1006 4243 1127 4295 loco
1155 4239 1359 4294 dicitur
1395 4255 1405 4291 :
1445 4237 1513 4294 Ut
1545 4242 1845 4310 jumentum

243 4341 422 4410 factus
451 4352 567 4391 sum
605 4335 746 4408 apud
771 4345 818 4388 te
862 4332 1036 4404 (Psal.
1063 4347 1237 4397 Lxxtt,
1267 4331 1384 4402 ‘25).
1413 4331 1541 4386 Sive
1566 4331 1842 4386 victimam

242 4427 604 4485 conscientiae
632 4424 1022 4482 ethumilitutis
1055 4442 1169 4480 suae
1197 4423 1355 4479 offert
1386 4424 1499 4478 Deo
1522 4424 1676 4493 juxta
1709 4423 1843 4478 illud

243 4523 394 4594 quod
443 4523 496 4576 in
549 4521 781 4577 Psalmis
831 4519 1068 4590 legitur:
1127 4518 1463 4588 Sacriﬁcium
1493 4517 1600 4572 Deo
1627 4517 1845 4587 spiritus

1940 1913 2205 1986 perjuria,
2231 1911 2494 1967 virtutum
2523 1921 2579 1967 et
2603 1909 2960 1966 donationem
2994 1907 3120 1974 Dei,
3165 1905 3439 1963 sterilitas
3485 1903 3542 1960 in

1943 2005 2203 2061 Ecclesiis
2223 2007 2319 2060 sit.

2011 2101 2194 2171 (Vt-rs.
2233 2101 2324 2164 11,
2358 2099 2472 2166 li.)
2500 2096 2769 2170 Propheta
2795 2109 3019 2166 namque
3039 2103 3089 2148 et
3132 2092 3398 2149 Sacerdos
3424 2091 3542 2164 pol-

1939 2196 2034 2250 luti
2057 2204 2201 2259 sunt,
2230 2193 2355 2248 etin
2379 2193 2533 2247 domo
2574 2208 2687 2246 mea
2711 2191 2882 2246 inveni
2919 2190 3062 2244 mala
3098 2187 3283 2260 (Vulg.
3325 2183 3546 2256 malum]

1936 2305 2139 2354 eorum,
2184 2289 2255 2342 ait
2280 2285 2555 2341 Dominus.
2594 2285 2808 2340 Idcirco
2846 2285 2933 2338 uia
2955 2298 3135 2339 eorum
3156 2283 3260 2338 erit
3291 2281 3442 2352 quasi
3463 2283 3548 2334 lu-
3641 2324 3648 2331 .

1940 2380 2208 2434 bricumin
2241 2379 2485 2434 tenebris.
2519 2376 2866 2448 [inpellantur
2886 2375 3026 2429 enim
3047 2382 3096 2428 et
3119 2380 3362 2428 corruent
3381 2373 3434 2425 in
3456 2387 3541 2436 ea,

1938 2473 2059 2542 quia
2079 2470 2295 2539 aﬂ'eram
2319 2471 2462 2542 (sive
2486 2468 2734 2539 inferam)
2762 2484 2920 2538 super
2941 2481 3027 2520 eos
3049 2465 3210 2530 mala,
3236 2479 3434 2517 annum
3476 2463 3550 2516 vi-

1939 2564 2198 2619 sitationis
2227 2578 2427 2624 eorum,
2459 2561 2535 2615 ait
2603 2559 2879 2614 Dominus.
2937 2556 3168 2624 Quando
3204 2555 3259 2609 in
3294 2554 3544 2609 Ecclesia

1947 2656 2063 2724 Dei,
2080 2665 2136 2710 et
2153 2655 2392 2710 maxime
2421 2655 2474 2707 in
2502 2651 2842 2722 principibus
2862 2650 2980 2719 ejus
3007 2649 3363 2704 inveniuntur
3376 2646 3544 2714 inala,

1940 2749 2182 2803 sciamus
2205 2761 2329 2802 esse
2355 2745 2712 2815 completum,
2743 2742 2957 2814 1000
3012 2740 3279 2811 Propheta
3307 2749 3354 2792 ct
3376 2754 3548 2794 sacer-

1941 2841 2034 2894 dos
2065 2840 2250 2912 polluti
2279 2846 2397 2892 sunt
2418 2854 2436 2903 ,'
2457 2839 2510 2890 in
2543 2835 2696 2890 domo
2732 2851 2844 2888 mea
2866 2832 3036 2887 inueni
3068 2832 3208 2885 mala
3241 2845 3446 2894 eorum,
3471 2829 3546 2882 ait

1944 2932 2220 2986 Dominus.
2249 2930 2453 2986 Domus
2481 2939 2667 2983 autem
2695 2926 2897 2982 Christi
2931 2923 3172 2980 Ecclesia
3195 2932 3302 2991 est,
3338 2921 3407 2976 de
3438 2933 3572 2991 qua‘

1939 3039 1994 3084 et
2021 3025 2317 3098 Apostolus
2348 3023 2622 3080 scribitad
2655 3019 3041 3076 Timotheum:
3082 3015 3151 3072 Ut
3177 3018 3312 3071 scias
3332 3029 3551 3085 quomo-

1941 3121 2008 3174 do
2039 3129 2086 3173 te
2109 3125 2348 3188 oporteat
2375 3116 2427 3169 in
2450 3116 2606 3169 domo
2634 3113 2729 3167 Dei
2762 3111 3088 3174 conversari,
3111 3123 3227 3178 quia
3252 3117 3330 3162 est
3355 3107 3543 3162 Eccle-

1861 3209 1907 3270 C
1941 3216 2016 3269 sia
2037 3211 2132 3265 Dei
2159 3211 2278 3275 civi,
2303 3207 2548 3263 columna
2569 3217 2616 3262 et
2661 3205 3046 3272 ﬁrmamentum
3071 3199 3305 3255 ueritatis
3334 3199 3380 3272 (ι
3403 3196 3544 3252 Tim.

1946 3323 2023 3372 lli,
2055 3304 2169 3376 15).
2197 3303 2254 3359 In
2287 3299 2867 3373 propheta,doctorem
2894 3294 3082 3365 accipe
3108 3311 3122 3348 :
3145 3294 3201 3348 in
3229 3291 3546 3356 sacerdote,

1945 3397 2239 3457 ministerii
2271 3398 2619 3467 dignitatem.
2645 3392 2748 3460 Qui
2778 3391 2824 3445 si
2847 3405 3011 3461 prava
3039 3395 3224 3443 mente
3249 3399 3548 3440 consense-

1946 3494 2077 3557 rint,
2095 3492 2202 3546 erit
2225 3489 2312 3544 via
2342 3504 2530 3544 eorum
2560 3487 2612 3541 iu
2645 3483 2917 3540 lubricum
2947 3490 3000 3536 et
3026 3483 3080 3535 in
3121 3477 3411 3544 tenebris;
3445 3490 3549 3532 nec

1947 3586 2226 3642 habebunt
2257 3584 2545 3638 Dominum
2577 3580 2892 3650 loquentem
2931 3593 2942 3629 ς
2980 3574 3093 3646 Ego
3121 3573 3280 3628 luxin
3297 3569 3548 3624 mundum

1945 3679 2082 3742 ueni,
2113 3687 2167 3730 ut
2195 3675 2364 3730 omnis
2385 3673 2475 3743 qui
2498 3672 2662 3726 credit
2683 3671 2738 3724 in
2768 3685 2868 3733 me,
2888 3667 2945 3721 in
2962 3664 3184 3720 tenebris
3211 3679 3316 3718 non
3343 3670 3553 3716 maneat

1949 3774 2128 3850 (John.
2160 3789 2256 3840 xu,
2291 3771 2407 3843 16).
2438 3769 2596 3827 Unde
2623 3777 2850 3824 sanctus
2883 3765 3148 3834 loquitur,
3179 3774 3371 3814 omnes
3397 3769 3552 3812 tene-

1950 3871 2075 3925 bras
2107 3867 2322 3938 iugieus
2347 3863 2460 3936 (Al.
2497 3857 2789 3932 iugieutes]
2822 3875 2840 3934 :0
2863 3857 3149 3928 Signatum
3173 3851 3247 3908 est
3275 3867 3428 3924 super
3458 3865 3553 3904 nos

1950 3967 2120 4020 lumen
2143 3960 2315 4016 uultus
2356 3960 2467 4022 tui,
2499 3955 2720 4010 Domine
2761 3970 2778 4007 .'
2837 3951 3030 4006 dedisti
3073 3947 3302 4003 ltetitiam
3362 3946 3416 3998 in
3463 3960 3554 4000 cor

1950 4073 2117 4113 meum
2145 4054 2253 4128 [ΑΙ.
2287 4051 2443 4107 corde
2464 4048 2604 4121 meo]
2625 4047 2800 4120 (Psal.
2825 4041 3121 4116 tv,7).Cum
3145 4037 3555 4095 autemt‘uerint

1951 4155 2004 4207 in
2031 4149 2273 4206 tenebris
2303 4154 2360 4200 et
2388 4144 2440 4199 in
2470 4144 2555 4198 via
2583 4140 2818 4203 lubrica,
2852 4150 3048 4194 errore
3080 4133 3341 4190 videlicet
3370 4129 3552 4184 haere-

1951 4245 2082 4309 tico,
2113 4240 2180 4295 nd
2238 4252 2458 4294 omnem
2502 4241 2707 4288 motum
2750 4228 3101 4298 impellentur
3161 4235 3217 4279 ct
3265 4230 3550 4279 corruent.

1952 4338 2019 4393 Et
2042 4337 2202 4390 inlert
2228 4346 2392 4402 super
2417 4343 2516 4385 eos
2532 4325 2796 4381 Dominus
2825 4321 3224 4388 mula,nouqtlo
3248 4314 3392 4370 mala
3417 4313 3551 4376 sint,

1955 4441 2012 4484 ut
2037 4428 2297 4483 Dominus
2329 4422 2468 4478 mala
2496 4420 2695 4474 inferat
2717 4437 2729 4470 :
2753 4413 2853 4472 sed
2877 4413 3014 4468 mula
3039 4411 3126 4465 his
3145 4410 3236 4478 qui
3269 4405 3554 4463 sustinent

1953 4514 2497 4592 supplicia.Alioquin
2519 4512 2709 4567 eadem
2738 4517 2794 4562 et
2822 4505 2960 4560 mula
2984 4512 3108 4558 sunt
3137 4507 3193 4556 et
3219 4497 3552 4562 hona.Mala,

244 4617 649 4684 contribulatus,
681 4633 768 4672 cor
791 4619 1071 4671 contritum
1091 4625 1138 4670 et
1169 4615 1500 4668 hutnillatum
1552 4611 1691 4667 Deus
1742 4626 1844 4667 non
1873 4595 1927 4656 D
1948 4618 2104 4686 juxta
2135 4627 2231 4668 eos
2257 4624 2398 4680 quos
2418 4605 2667 4662 cruciant
2693 4619 2707 4656 :
2738 4598 3069 4670 bona,juxta
3085 4609 3183 4651 eos
3211 4607 3349 4664 quos
3369 4606 3555 4648 cmen-

245 4711 447 4782 spernit
475 4709 650 4782 (Psat'.
701 4726 751 4775 ι.
787 4710 898 4779 19).
944 4709 1078 4765 Ossa
1116 4717 1297 4765 autem
1330 4725 1452 4778 qua:
1497 4719 1850 4762 contremue-

249 4812 401 4869 runt,
432 4804 550 4856 sive
597 4811 870 4857 commota
896 4813 1045 4865 sunt,
1077 4802 1166 4856 illa
1198 4802 1599 4871 intelligamus,
1633 4801 1700 4856 de
1727 4801 1848 4870 qui-

249 4895 356 4951 bus
394 4893 538 4950 idem
581 4893 751 4949 David
774 4897 917 4949 cauit
954 4911 966 4947 :
1005 4893 1193 4947 Omnia
1220 4910 1340 4946 ossa
1369 4907 1479 4946 mra
1504 4894 1698 4957 dicent,
1742 4893 1849 4947 Do-

251 4992 414 5055 mine,
435 4991 549 5062 quis
593 4991 778 5046 similis
809 4989 882 5043 tui
924 4987 1099 5057 (Psal.
1137 5001 1320 5053 xxxtv,
1353 4988 1476 5059 10)?
1534 4987 1730 5044 Factus
1766 4996 1854 5044 est

248 5087 406 5152 quasi
436 5084 647 5148 ebrius,
676 5083 909 5152 etquaal
935 5086 1099 5136 horno
1138 5080 1418 5144 madidus,
1476 5083 1590 5137 sive
1612 5099 1845 5153 sopora-

253 5187 347 5231 tns
369 5175 520 5242 vino,
554 5175 764 5229 nullam
799 5175 1012 5229 habens
1043 5173 1464 5243 intelligentiam
1487 5213 1501 5239 ,
1536 5175 1852 5245 nullamque

253 5267 610 5338 sapientiam.
644 5265 902 5320 Dominus
945 5268 1083 5320 enim
1123 5268 1263 5322 novit
1315 5269 1655 5338 cogitationes
1686 5267 1854 5326 banti-

253 5378 400 5430 num,
429 5362 678 5432 quoniam
721 5375 865 5414 came
892 5369 1007 5412 sunt
1050 5357 1224 5431 (Psal.
1260 5375 1404 5423 scut,
1444 5358 1553 5429 ll).
1584 5361 1641 5416 Si
1670 5375 1852 5418 autem

258 5456 363 5510 hoc
389 5457 461 5510 ita
495 5466 603 5522 est,
638 5453 732 5510 ubi
762 5464 890 5509 sunt
913 5455 1004 5522 qui
1034 5453 1328 5524 perlectam
1365 5455 1416 5508 in
1447 5454 1669 5509 homine
1693 5456 1855 5526 justi-

258 5549 388 5602 tiam
415 5545 750 5618 prtedicant?
774 5545 933 5612 Quod
955 5545 1000 5600 si
1030 5544 1424 5615 responderint
1451 5546 1519 5601 de
1532 5547 1858 5605 sanctishoc

334 5717 358 5748 “
390 5705 621 5768 Cisterc.
651 5710 739 5766 hic
765 5719 927 5778 atque
955 5710 1092 5765 inira
1118 5719 1412 5778 superatus,
1437 5726 1535 5780 pro
1555 5723 1846 5784 separatus.

264 5805 320 5860 In
343 5806 538 5863 Graeco
559 5812 648 5861 est
690 5804 1064 5876 συνεχόμενος.
1094 5803 1252 5860 Adde
1292 5806 1437 5874 quod
1491 5806 1541 5860 in
1596 5806 1864 5864 llehraico

1953 4685 2177 4763 tltttll.El
2200 4707 2304 4760 hoc
2325 4700 2646 4765 notandum,
2661 4696 2803 4768 quod
2820 4709 2998 4750 anuus
3019 4688 3352 4744 visitationis
3370 4685 3554 4740 Domi-

1952 4803 2027 4869 ni,
2080 4797 2350 4856 correctio
2388 4792 2731 4865 peccantium
2778 4788 2991 4843 dicatur
3043 4792 3208 4853 atque
3246 4780 3553 4845 cruciatus,

1946 4894 2099 4966 juxta
2115 4891 2244 4946 illud
2263 4887 2409 4961 quod
2429 4887 2693 4957 scriptum
2708 4891 2818 4937 est:
2839 4876 3126 4933 Visitaboin
3144 4875 3289 4944 virga
3307 4872 3556 4942 iniquita-

1953 5002 2026 5044 tes
2041 5005 2236 5055 eorum,
2251 4995 2298 5040 et
2312 4985 2364 5038 in
2382 4981 2672 5037 verberibus
2696 4987 2902 5047 peccata
2923 4987 3132 5027 eorum:
3151 4968 3558 5024 misericordiam

1957 5093 2126 5136 autem
2142 5095 2308 5133 meum
2323 5092 2424 5130 non
2438 5075 2730 5144 dispergam
2748 5067 2812 5123 ab
2833 5064 3194 5138 eo(Psal.t.xx
3207 5059 3556 5131 "11,35,54).

2032 5177 2215 5246 (\‘crs.
2243 5168 2359 5241 15.)
2388 5167 2452 5222 Et
2474 5168 2528 5221 in
2561 5163 2834 5237 prophetis
2864 5161 3120 5216 Samaria:
3149 5158 3256 5212 vidi
3281 5155 3562 5212 stultitiam

1959 5271 2097 5344 (sive
2112 5266 2437 5338 iniquitatem
2470 5260 2653 5335 [Vulg.
2688 5255 3004 5332 fatuitatem]
3027 5255 3072 5328 );
3096 5251 3476 5327 prophetabant
3508 5247 3561 5300 in

1959 5360 2094 5416 Baol
2120 5361 2171 5426 δ,
2193 5373 2238 5414 et
2269 5357 2594 5428 decipiebant
2619 5353 2868 5424 populum
2897 5364 3070 5404 meum
3105 5344 3416 5409 I.\rat’l.Ego
3437 5357 3564 5408 pro.

1962 5455 2152 5525 phetas
2181 5451 2466 5516 Samaria',
2499 5449 2652 5518 juxta
2686 5446 2952 5516 mysticos
2975 5439 3311 5503 intellectus,
3343 5431 3565 5504 proprie

1962 5545 2252 5602 ha‘reticos
2281 5542 2388 5596 dici
2423 5550 2572 5612 pulo,
2603 5546 2658 5593 et
2684 5548 2878 5594 omnes
2918 5533 3010 5604 qui
3041 5531 3255 5602 jactant
3296 5525 3415 5582 falsi
3467 5539 3567 5580 no-

1959 5724 2178 5784 quoque
2200 5719 2286 5765 est
2310 5713 2378 5762 ἳἺῖ
2407 5715 2565 5769 113V.

2048 5807 2077 5847 δ
2110 5805 2262 5861 Idem
2289 5818 2388 5859 rus.
2424 5802 2594 5871 addit,
2628 5807 2673 5854 et
2696 5794 3020 5867 decipiebant
3044 5791 3099 5847 in
3128 5788 3282 5845 Baal.
