3972 6348
472 289 582 345 833

482 407 644 463 minis
668 405 972 463 scientiam.
1005 399 1293 468 Quomodo
1344 406 1530 455 autem
1575 397 1855 468 prophetae
1879 394 2074 450 Sama-
2100 426 2154 485 Α

469 500 571 555 riae
611 495 872 569 quidquid
925 492 1325 564 loquebantur,
1378 488 1788 563 prophetabant
1831 487 1886 543 in
1916 486 2071 554 Baal,

474 593 625 648 idolo
654 588 1285 656 videlicet,d:emonibus
1317 593 1683 643 consecrato:
1716 583 1799 639 sic
1828 580 2074 638 heretici
2172 582 2369 654 jieiunt
2396 599 2704 641 sermonem
2737 601 2916 642 meum
2955 606 2968 642 :
2997 588 3125 656 quid
3154 588 3389 644 dicunt?
3448 588 3699 643 Locutus
3724 596 3794 644 est

388 673 393 679 ’
473 682 736 755 quidquid
761 684 1055 755 loquuntur
1085 682 1140 737 in
1171 681 1446 748 Ecclesia,
1499 678 1621 734 sive
1672 686 1832 733 extra
1874 676 2071 732 Eccle-

473 778 635 837 siam.
671 784 732 832 ut
758 777 1114 849 supplantent
1136 774 1395 847 populum
1431 771 1620 840 Israel,
1647 772 1738 843 qui
1775 770 1925 839 prius
1945 782 2071 824 cer-

474 868 638 924 nebat
673 870 866 937 Deum,
891 869 1197 941 loquuntur
1225 867 1280 923 in
1312 864 1682 922 daemonibus.
1714 862 1872 919 Unde
1925 869 1982 917 et
2006 859 2075 916 si-

470 964 825 1033 gnificanter,
856 963 934 1017 ait
958 980 971 1015 :
998 960 1066 1016 Et
1086 962 1139 1016 in
1166 959 1445 1033 Prophetis
1470 957 1731 1015 Samaria:
1756 953 1865 1009 vidi
1895 954 2074 1009 stulti-

473 1058 599 1110 tium
637 1053 685 1108 tl
714 1054 837 1109 Cor.
866 1070 907 1118 ι,
930 1053 1027 1123 24)
1063 1069 1076 1106 :
1121 1069 1230 1108 non
1261 1052 1410 1108 enim
1441 1051 1650 1106 habent
1677 1062 1827 1114 eum,
1870 1045 1939 1103 de
1964 1061 2072 1117 quo

472 1149 694 1217 dicitur,
723 1146 963 1204 Christus
996 1146 1093 1202 Dei
1114 1147 1278 1201 virtus
1303 1154 1350 1200 et
1382 1144 1475 1198 Dei
1497 1141 1776 1216 sapientia.

550 1243 733 1316 (Vers.
766 1239 885 1310 M.)
916 1238 987 1293 Et
1002 1240 1054 1293 in
1077 1237 1343 1310 prophetis
1370 1235 1666 1291 Jerusalem
1693 1232 1797 1288 vidi
1826 1232 2073 1286 similitu-

475 1334 653 1388 dinem
674 1333 813 1405 (sive
843 1329 1166 1397 horribilia),
1201 1339 1227 1367 ⁸
1255 1326 1574 1382 adulterium
1606 1337 1651 1381 et
1676 1326 1775 1379 iter
1794 1324 2070 1390 mendacii,

474 1437 523 1481 et
554 1429 975 1497 conferuverunt
1005 1439 1195 1477 manus
1228 1421 1589 1492 pessimorum,
1610 1427 1666 1473 ut
1687 1434 1789 1472 non
1810 1427 2074 1471 converte-

472 1528 619 1574 retur
646 1518 998 1590 unusquisque
1017 1534 1049 1571 a
1071 1516 1263 1571 militia
1289 1531 1384 1570 sua
1403 1514 1542 1589 (sive
1582 1530 1614 1566 a
1642 1513 1724 1567 via
1761 1529 1860 1567 sua
1912 1512 2076 1583 pessi-

472 1616 607 1684 ma).
631 1610 788 1667 Facti
809 1620 925 1666 sunt
944 1610 1071 1665 mihi
1102 1627 1277 1665 omnes
1300 1610 1452 1681 quasi
1478 1607 1712 1665 Sodoma
1731 1649 1747 1675 ,
1794 1615 1844 1661 et
1872 1606 2073 1660 habita-

472 1718 610 1762 tores
630 1710 745 1778 ejus
766 1706 915 1777 quasi
933 1704 1244 1760 Gomorrha.
1265 1702 1386 1759 Non
1415 1703 1616 1768 solum,
1644 1700 1840 1772 inquit,
1876 1700 1930 1754 in
1964 1698 2075 1754 bte-

473 1799 776 1855 reticorum
808 1796 1193 1853 conciliabulis
1224 1794 1343 1851 bxc
1385 1802 1604 1865 reperta
1660 1802 1789 1848 sunt
1815 1833 1831 1859 ,
1889 1791 1984 1847 sed
2016 1791 2070 1846 in
2100 1826 2150 1887 Β

469 1891 753 1962 prophetis
772 1904 989 1962 quoque
1010 1886 1403 1954 Jerusalem,id
1422 1884 2067 1958 est,doctoribu51001

467 1984 734 2041 Ecclesia:
752 1983 868 2039 vidi
898 1982 1264 2047 similia,sive
1293 1979 1601 2046 horribilia,
1636 1978 2069 2034 adulterantium

470 2079 702 2135 verbum
729 2079 846 2145 Dei,
867 2088 921 2134 et
949 2074 1374 2147 ingredientium
1395 2089 1491 2146 per
1514 2074 1656 2130 viam
1685 2072 1981 2137 mendacii,
2013 2080 2071 2127 ut

470 2172 859 2229 haereticorum
884 2171 1117 2227 fallaciis
1143 2169 1584 2241 acquiescerent,
1611 2177 1668 2224 et
1686 2166 2072 2223 coufortarent

469 2279 668 2320 manus
698 2264 1086 2334 pessimorum,
1118 2277 1421 2334 eorumque
1446 2262 1589 2318 mala
1617 2261 1732 2317 suis
1762 2258 2072 2316 sceleribus

465 2359 851 2430 adjungerent,
885 2364 941 2411 et
965 2370 1102 2427 quos
1120 2356 1402 2427 corrigere
1430 2353 1768 2422 debuerant,
1797 2350 2074 2407 ducerent

471 2452 527 2507 in
560 2450 860 2506 interitum.
891 2447 994 2517 Qui
1016 2449 1121 2505 hoc
1137 2446 1399 2513 fecerint,
1427 2462 1533 2502 non
1557 2460 1618 2501 se
1647 2443 2070 2514 :estimentjm-

470 2544 710 2616 punitos.
744 2543 916 2599 Erunt
945 2544 1092 2599 enim
1114 2554 1170 2598 et
1192 2543 1293 2610 ipsi
1316 2549 1373 2596 et
1396 2540 1450 2594 lii
1480 2538 1681 2609 quibus
1703 2535 2069 2606 favent,quasi

474 2638 736 2707 Sodoma,
764 2652 1068 2708 omnesque
1099 2635 1190 2706 qui
1214 2634 1679 2689 habitanturcnm
1707 2629 1815 2695 eis,
1846 2644 1947 2684 nec
1979 2643 2068 2683 re-

472 2734 673 2793 cedent
708 2750 737 2789 a
772 2733 1006 2798 talibus,
1037 2731 1196 2801 quasi
1246 2726 1579 2785 Gomorrha.
1622 2724 1873 2780 Essultet
1902 2723 2070 2794 igitur

471 2838 735 2897 quantum
773 2824 891 2878 vult
922 2822 1170 2877 doctrina
1201 2818 1459 2890 pessima,
1484 2826 1542 2874 et
1586 2815 1891 2888 glorientur
1943 2830 2070 2886 pro-

452 2910 652 2991 pheta
682 2915 985 2974 Jerusalem
1016 2913 1161 2985 quod
1193 2911 1533 2969 obtinuerint
1558 2925 1657 2982 per
1699 2908 2065 2974 mendacium,

473 3023 530 3070 et
554 3008 989 3069 confortaverint
1013 3020 1205 3062 manus
1241 3003 1601 3076 pessimorum
1637 3020 1648 3056 :
1699 3000 1822 3056 finis
1876 3014 2067 3057 eorum

471 3106 579 3161 erit
603 3103 755 3174 quasi
782 3101 1018 3158 Sodoma
1050 3108 1106 3154 et
1132 3097 1463 3156 Gomorrba.

542 3198 729 3268 (Vers.
764 3192 880 3265 15.)
928 3192 1214 3265 Propterea
1258 3190 1369 3245 haec
1415 3189 1538 3244 dicit
1565 3185 1823 3242 Dominus
1870 3188 2071 3242 exerci—

468 3300 616 3345 tuum
660 3289 729 3342 ad
769 3284 1062 3357 Prophetas
1090 3300 1109 3339 :
1148 3281 1283 3337 Ecce
1324 3297 1422 3353 ego
1459 3279 1638 3334 cibabo
1676 3295 1763 3333 eos
1810 3276 2069 3333 absinthio

470 3381 614 3453 (sive
643 3376 931 3441 doloribus,
960 3386 1011 3431 et
1036 3375 1197 3446 juxta
1235 3371 1623 3445 Symmachum
1648 3411 1664 3435 ,
1693 3368 2067 3439 amaritudine)

467 3484 515 3530 et
542 3473 732 3547 potabo
761 3488 846 3526 eos
874 3469 993 3541 felle
1020 3470 1170 3541 (sive
1190 3483 1328 3536 aqua
1354 3465 1580 3537 amara),
1603 3464 1725 3535 quia
1762 3478 1966 3536 egressa
1994 3471 2068 3517 est

465 3587 498 3624 a
519 3567 784 3641 prophetis
811 3563 1107 3620 Jerusalem
1137 3559 1358 3634 pollutio
1388 3561 1440 3613 in
1472 3574 1673 3612 omnem
1702 3568 1913 3611 terram.
1939 3556 2070 3612 Uta-

468 3676 591 3717 mur
622 3664 723 3714 hoc
755 3655 1066 3713 testimonio
1094 3655 1386 3709 adversum
1416 3666 1532 3714 eos,
1561 3651 1651 3718 qui
1675 3650 1935 3721 epistolas
1957 3649 2071 3719 ple-

468 3769 568 3811 nas
597 3752 1010 3809 mendaciorum
1041 3759 1095 3805 et
1128 3746 1511 3803 fraudulentus:
1539 3754 1701 3814 atque
1742 3741 1969 3812 perjurii
2012 3741 2068 3796 in

466 3848 657 3906 orbem
684 3844 949 3915 dirigunt,
983 3850 1042 3897 ut
1067 3850 1123 3896 et
1145 3854 1308 3895 aures
1345 3837 1587 3908 polluant
1615 3836 1980 3896 audientium.
2014 3844 2070 3890 et

468 3939 934 4000 existimationem
967 3934 1298 4005 simplicium
1332 3931 1533 3987 laedant
1560 3972 1573 3995 ,
1606 3928 1750 4001 quod
1780 3928 2069 3998 impleatur

465 4037 520 4093 in
548 4037 628 4091 eis
657 4033 761 4089 hoc
789 4030 932 4102 quod
953 4029 1218 4100 scriptum
1249 4038 1336 4082 est
1366 4044 1379 4080 :
1410 4026 1455 4081 A
1483 4023 1749 4095 prophetis
1774 4019 2068 4077 Jerusalem

463 4139 539 4186 est
568 4144 769 4202 egressa
797 4123 1016 4198 pollutio
1040 4123 1097 4176 in
1138 4135 1341 4177 omnem
1372 4129 1583 4173 terram.
1636 4114 1756 4171 Non
1798 4116 1942 4170 enim
1984 4116 2067 4169 eis

459 4220 666 4278 sufﬁcit
690 4219 1032 4289 iniquitatem
1062 4211 1336 4283 propriam
1365 4210 1665 4272 devorare,
1698 4217 1754 4263 et
1784 4204 2066 4278 proximos

458 4313 662 4372 laedere
687 4331 701 4367 :
731 4310 828 4368 sed
857 4324 993 4381 quos
1023 4306 1194 4363 semel
1225 4304 1484 4370 oderunt,
1509 4318 1608 4374 per
1634 4301 1954 4357 universum
1975 4314 2066 4355 or-

465 4411 591 4466 bem
622 4408 882 4463 infamare
908 4410 1179 4460 conantur
1205 4443 1220 4468 ,
1268 4410 1324 4456 et
1371 4398 1573 4471 ubique
1621 4395 1897 4454 seminare
1925 4395 2064 4452 blas-

464 4505 735 4579 pbemias.

1701 277 1759 332 S.
1807 273 2072 331 EUSEBII
2114 272 2495 331 lllERONYMl

3692 279 3793 336 824

2176 408 2276 450 suo
2305 393 2473 450 corde
2499 393 2849 451 simularunt.
2902 396 3097 453 Dicunt
3143 399 3227 453 bis
3256 401 3349 470 qui
3394 396 3793 467 blaSphemant

2178 503 2285 553 me,
2317 488 2586 544 haereticis
2607 488 2863 546 videlicet
2889 499 3053 563 atque
3085 493 3385 565 perversis,
3413 493 3542 549 sive
3580 492 3683 564 qui
3707 492 3796 546 ab-

2177 674 2460 747 Dominus,
2490 693 2595 747 pax
2619 679 2718 733 erit
2745 679 2907 737 vobis.
2938 679 3018 737 Ne
3050 681 3287 738 timeatis
3318 681 3453 737 dura
3486 681 3789 751 supplicia,

2177 781 2277 823 nec
2302 771 2455 823 vanis
2476 769 2992 827 comminationibus
3011 775 3321 829 terreamini
3347 792 3360 827 :
3387 789 3491 845 pas
3510 775 3626 829 erit
3645 772 3793 830 vobis

2178 868 2341 931 atque
2369 861 2754 933 tranquillitas,
2786 875 2838 919 et
2866 865 3124 935 quidquid
3147 866 3382 922 dicimus
3407 874 3463 921 et
3497 865 3795 921 annuntia-

2179 967 2302 1008 mus
2329 952 2505 1021 vobis,
2539 954 2753 1010 locutus
2782 964 2868 1011 est
2898 955 3204 1024 Dominus;
3251 973 3355 1014 nec
3393 959 3596 1013 veniet
3635 971 3793 1028 super

2178 1061 2276 1103 vos
2296 1048 2524 1114 malum,
2550 1048 2694 1117 quod
2723 1048 2926 1105 timetis
2960 1051 3171 1125 1002
3201 1066 3296 1118 pro
3325 1051 3467 1108 mala
3498 1051 3793 1107 conscien-

2181 1141 2255 1196 tia
2280 1156 2296 1206 ;
2329 1140 2424 1197 sed
2455 1141 2657 1197 bonum
2687 1143 2832 1214 quod
2858 1143 3023 1200 vobis
3047 1148 3261 1200 loeutus
3286 1154 3370 1201 est
3394 1145 3700 1201 Dominus.

2253 1233 2381 1301 Quis
2410 1236 2547 1289 enim
2572 1234 2726 1302 affuit
2751 1236 2807 1290 in
2834 1236 3057 1292 consilio
3082 1235 3313 1306 Domini,
3341 1248 3390 1293 et
3420 1238 3581 1305 vidit,
3616 1248 3667 1293 et
3697 1253 3790 1292 au—

2179 1326 2306 1380 divit
2328 1342 2613 1382 sermonem
2637 1329 2795 1400 ejus?
2835 1329 2950 1401 quis
2975 1330 3323 1385 consideravit
3354 1331 3579 1387 verbum
3627 1330 3790 1399 illius,

2179 1430 2225 1474 et
2254 1421 2501 1475 audivit?
2532 1419 2631 1477 Ubi
2660 1435 2759 1477 nos
2789 1422 3128 1492 interpretati
3174 1439 3363 1478 sumus
3389 1466 3403 1489 ,
3436 1426 3494 1479 in
3525 1424 3751 1479 consilio
3772 1465 3787 1491 ,

2179 1522 2235 1569 et
2285 1513 2337 1568 in
2368 1512 2638 1570 Hebraico
2665 1514 2927 1585 scriptum
2958 1524 3042 1570 est
3081 1529 3247 1572 ussoo
3287 1514 3471 1587 (mn)
3518 1533 3536 1571 :
3570 1514 3788 1587 Aquila,

2178 1614 2430 1659 secretum
2477 1620 2497 1660 :
2537 1606 2929 1677 Symmachus,
2955 1622 3239 1663 sermonem
3272 1624 3291 1662 :
3327 1607 3698 1679 Septuaginta
3736 1617 3790 1663 et

2178 1695 2502 1764 Tlteodotio,
2547 1696 2906 1763 substantiam,
2936 1697 3052 1753 sive
3089 1698 3481 1754 subsistentiam
3514 1699 3791 1770 interpre-

2180 1790 2277 1845 tali
2301 1800 2450 1844 sunt.
2505 1789 2573 1845 Et
2604 1798 2689 1846 est
2718 1805 2915 1847 sensus
2955 1810 2967 1844 :
3020 1790 3201 1847 Nolite
3227 1792 3456 1847 credere
3479 1836 3496 1860 ,
3530 1807 3567 1846 ο
3597 1792 3785 1864 vulgus

2173 1882 2455 1939 indoctum
2481 1927 2496 1952 ,
2550 1882 2839 1954 Prophetis
2864 1929 2880 1953 ,
2935 1883 3092 1940 vobis
3132 1885 3264 1940 falsa
3298 1884 3779 1952 annuntiautibus,

2174 1977 2265 2049 qui
2294 1977 2500 2046 dicunt,
2539 1976 2884 2034 ltaaclocutus
2903 1988 2989 2034 est
3015 1979 3297 2047 Dominus,
3317 1994 3419 2051 pax
3454 1980 3571 2035 erit
3598 1978 3777 2035 vobis:

2172 2087 2283 2128 non
2315 2072 2498 2128 veniet
2530 2088 2696 2144 super
2723 2087 2823 2128 vos
2866 2073 3092 2130 malum.
3147 2073 3302 2131 Unde
3347 2074 3499 2131 enim
3555 2084 3778 2144 possunt

2174 2163 2272 2219 Dei
2306 2178 2469 2220 nosse
2498 2174 2710 2221 secreta
2736 2209 2750 2232 ,
2802 2174 2901 2221 aut
2945 2181 3052 2237 quo
3080 2167 3470 2235 annuntiante,
3509 2167 3610 2222 Dei
3642 2166 3776 2223 didi-

2171 2273 2297 2315 cere
2327 2258 2664 2315 consilium?
2688 2257 2969 2327 quomodo
2996 2259 3061 2314 ad
3094 2274 3189 2314 eos
3219 2258 3417 2315 divina:
3445 2258 3771 2330 dispositio-

2172 2354 2259 2408 nis
2282 2366 2466 2409 sermo
2497 2353 2746 2423 pervenit
2768 2354 2792 2406 ?
2812 2343 3053 2420 'Quidam
3087 2365 3404 2410 nostrorum
3428 2353 3487 2409 in
3522 2354 3628 2409 hoc
3659 2352 3771 2408 loco

2171 2447 2447 2517 reperisse
2471 2461 2532 2502 se
2558 2455 2771 2517 putant.
2807 2445 2899 2501 ubi
2933 2445 3030 2501 Dei
3062 2445 3409 2503 describatur
3439 2447 3765 2502 substantia.

2245 2539 2427 2611 (Vers.
2457 2539 2544 2606 19,
2577 2539 2696 2612 20.)
2728 2537 2864 2594 Ecce
2889 2541 3037 2595 turbo
3068 2539 3207 2611 (sive
3231 2548 3537 2609 tempestas,
3571 2548 3621 2595 et
3638 2555 3768 2594 cont-

2172 2629 2354 2702 motio)
2381 2630 2666 2685 Dominictc
2688 2631 3066 2705 indignationis
3090 2634 3403 2705 egredietur,
3429 2644 3483 2687 et
3502 2641 3767 2705 tempestas

2171 2739 2443 2797 erumpens
2458 2741 2612 2796 super
2637 2734 2794 2794 caput
2818 2725 3099 2794 impiorum
3126 2725 3313 2793 veniet,
3346 2736 3395 2780 et
3422 2742 3532 2781 non
3560 2733 3767 2781 reverte-

2172 2827 2256 2873 tur
2285 2821 2434 2891 furor
2460 2818 2674 2874 Domini
2702 2835 2861 2891 usque
2884 2821 3009 2874 dum
3026 2821 3209 2892 faciat,
3238 2830 3286 2876 et
3302 2837 3466 2893 usque
3492 2821 3623 2876 dum
3640 2836 3767 2875 cont-

2173 2909 2312 2983 pleat
2349 2912 2681 2985 cogitationes
2711 2912 2884 2967 cordis
2905 2914 3005 2968 sui.
3049 2911 3117 2968 In
3147 2914 3437 2969 novissimis
3468 2913 3656 2969 diebus
3692 2914 3762 2967 in-

2172 3001 2409 3075 telligetis
2435 3002 2709 3059 consilium
2741 3008 2875 3077 ejus.
2907 3004 3009 3074 Qui
3038 3020 3202 3077 supra
3233 3006 3492 3062 dixerant
3526 3024 3540 3060 :
3571 3005 3762 3061 locutus

2171 3106 2247 3153 est
2275 3096 2420 3153 nobis
2450 3097 2704 3154 Dominus
2724 3143 2738 3168 ,
2771 3116 2875 3168 pax
2903 3101 2999 3155 erit
3025 3101 3168 3156 vobis
3194 3145 3208 3169 ,
3240 3112 3293 3158 et
3321 3116 3460 3174 quos
3489 3103 3763 3172 corripue-

2095 3213 2140 3275 ρ
2176 3199 2260 3245 rat
2287 3189 2431 3262 quod
2463 3206 2571 3246 non
2614 3201 2838 3262 possent
2868 3201 3097 3249 ventura
3126 3191 3464 3265 cognoscere
3483 3239 3500 3262 ,
3550 3209 3647 3251 nec
3674 3193 3761 3250 Dei

2173 3299 2337 3339 nosse
2366 3286 2724 3354 sententiam,
2757 3301 2900 3342 nunc
2937 3286 3175 3343 ostendit
3201 3302 3299 3359 per
3322 3289 3606 3345 contraria
3630 3331 3646 3357 ,
3678 3301 3762 3345 eos

2171 3378 2395 3433 omnino
2426 3379 2659 3433 nescire.
2710 3378 2815 3434 Pro
2845 3395 2979 3450 pace
3006 3380 3151 3436 enim
3183 3390 3238 3436 et
3268 3383 3602 3450 securitate,
3635 3389 3760 3437 tem-

2173 3477 2438 3541 pestatem
2470 3472 2660 3527 venire
2688 3470 3041 3543 Babyloniam
3067 3518 3082 3541 ,
3126 3482 3184 3530 et
3232 3474 3420 3530 venire
3452 3490 3572 3531 nou
3606 3488 3757 3545 super

2170 3564 2482 3636 quoslibet,
2515 3565 2613 3621 sed
2640 3580 2806 3637 super
2827 3569 3002 3637 capita
3035 3567 3327 3638 impiorum
3355 3610 3370 3634 ,
3401 3569 3489 3625 vel
3534 3568 3753 3625 universi

2173 3658 2377 3729 populi,
2410 3658 2498 3714 vel
2529 3673 2719 3713 eorum
2750 3659 2842 3730 qui
2874 3658 3006 3718 falsa
3039 3662 3240 3731 popqu
3271 3661 3619 3719 nuntiabant.
3657 3659 3753 3717 Nec

2170 3749 2313 3806 sicut
2338 3750 2390 3806 in
2424 3751 2719 3820 praeteritis
2750 3753 3090 3822 temporibus
3125 3753 3223 3809 Dei
3250 3753 3386 3809 iram
3416 3754 3751 3824 furoremque

2173 3843 2517 3915 placandum,
2547 3844 2642 3901 sed
2671 3844 2815 3916 quod
2840 3845 3090 3915 praedixit
3114 3856 3171 3903 et
3206 3847 3515 3918 saepissime
3543 3844 3749 3903 commi-

2172 3942 2333 3991 natus
2357 3945 2464 4003 est,
2491 3951 2655 4006 opere
2680 3936 3085 4007 complendum,
3114 3947 3168 3993 et
3194 3938 3587 4008 cogitationem
3622 3936 3750 3993 illius

2169 4041 2334 4101 atque
2382 4030 2711 4086 sententiam
2752 4030 3043 4103 impiorum
3091 4032 3370 4104 suppliciis
3404 4032 3749 4106 comproban-

2168 4119 2315 4176 dam.
2382 4122 2518 4177 Cum
2539 4163 2556 4191 ,
2589 4121 2802 4194 inquit,
2834 4131 3137 4179 extremum
3175 4125 3517 4196 captivitatis
3557 4137 3746 4195 tempus

2166 4214 2475 4285 advenerit,
2499 4225 2555 4272 et
2581 4217 2878 4273 obtinuerit
2904 4232 3002 4274 vos
3030 4220 3208 4275 victor
3232 4221 3539 4288 exsultans,
3568 4230 3622 4276 et
3647 4232 3744 4272 ma-

2150 4325 2271 4380 ,nus
2300 4309 2539 4366 stridore
2580 4311 2817 4367 vinxerit
2856 4321 3175 4368 catenarum
3209 4329 3222 4366 :
3271 4320 3397 4369 tunc
3449 4309 3743 4384 intelligetis

2166 4402 2454 4459 consilium
2504 4403 2666 4475 ejus,
2711 4404 2856 4477 quod
2902 4420 3006 4461 vos
3052 4405 3254 4463 frustra
3303 4421 3447 4464 nunc
3494 4407 3637 4465 scire
3668 4404 3741 4476 ja-

2165 4495 2345 4551 etatis.

768 4595 858 4663 16,
893 4556 1031 4667 1λῄ
1072 4592 1200 4648 Hcce
1238 4593 1364 4647 dicit
1417 4591 1671 4646 Dominus
1702 4589 2055 4645 exercituum:
2087 4609 2142 4670 Ι)
2237 4588 2420 4661 (Vers,
2451 4590 2548 4657 21,
2575 4590 2695 4661 22.)
2725 4589 2847 4646 Non
2888 4593 3150 4648 mittebam
3197 4592 3492 4668 PrOphetas
3520 4637 3536 4660 ,
3579 4604 3624 4648 et
3651 4590 3739 4664 ipsi

461 4689 643 4746 Nolite
670 4688 853 4744 audire
878 4686 1031 4741 verba
1056 4686 1445 4756 praphetarum,
1463 4682 1549 4753 qui
1571 4680 1876 4754 prophetarit
1895 4677 2057 4743 vobis,

457 4793 505 4839 et
548 4783 815 4854 decipiunt
843 4798 931 4836 vos
962 4796 981 4835 :
1010 4779 1261 4834 visionem
1289 4777 1460 4830 cordis
1505 4775 1587 4830 sui
1637 4775 1923 4846 loquuntur
1947 4811 1963 4837 ,
2009 4781 2058 4826 et

454 4894 559 4932 non
586 4878 650 4931 de
676 4892 764 4931 ore
798 4873 1028 4930 Domini.
1086 4869 1276 4924 Dicunt
1320 4868 1400 4922 his
1439 4867 1527 4939 qui
1561 4864 1927 4936 blasphemant
1979 4879 2058 4942 me

454 4969 478 5041 (
501 4969 615 5024 sive
639 4967 891 5039 objiciunt
916 4963 1121 5020 verbum
1152 4959 1384 5033 meum),
1417 4958 1622 5015 locutus
1659 4967 1734 5013 est
1762 4956 2016 5011 Dominus
2039 5003 2051 5024 ,

453 5078 563 5132 pax
579 5061 678 5115 erit
704 5059 864 5113 vobis.
897 5056 963 5112 Et
984 5056 1123 5111 omni
1146 5056 1238 5126 qui
1263 5054 1492 5109 ambulat
1518 5054 1573 5106 in
1602 5051 1861 5122 pravitate
1887 5048 2058 5103 cordis

457 5156 562 5223 sui,
591 5154 835 5209 dixerunt
862 5166 881 5204 :
908 5166 1011 5204 non
1033 5148 1233 5203 venient
1259 5163 1413 5218 super
1432 5161 1521 5200 vos
1548 5144 1707 5199 mala.
1741 5141 1820 5197 Ne
1844 5151 2058 5213 putaret

454 5264 516 5306 se
544 5246 777 5320 populus
797 5243 1033 5299 alienum
1063 5255 1184 5297 esse
1210 5256 1241 5294 a
1270 5240 1429 5310 culpa
1457 5241 1501 5295 si
1533 5237 1805 5309 perversis
1833 5233 2054 5306 acquie-

457 5351 635 5399 sceret
665 5336 986 5395 Ductoribus
1012 5352 1025 5389 :
1061 5333 1263 5399 Nolite,
1297 5331 1492 5403 inquit,
1521 5330 1706 5385 audire
1727 5328 1880 5384 verba
1909 5327 2049 5383 Pro-

455 5434 728 5507 phetarum
747 5475 761 5500 ,
789 5431 878 5502 qui
901 5429 1042 5485 vobis
1072 5428 1381 5501 prophetant
1425 5425 1789 5489 mendacium,
1831 5433 1880 5478 et
1908 5422 2053 5476 deci-

453 5526 604 5596 piunt
633 5541 740 5580 vos.
786 5523 893 5579 Par
921 5523 1066 5578 enim
1095 5522 1199 5578 erit
1223 5536 1383 5593 poena
1414 5529 1473 5576 et
1498 5519 1760 5592 magistro
1786 5526 1843 5573 et
1887 5517 2049 5573 disci-

452 5617 601 5686 pulo.
649 5615 767 5671 Non
795 5616 1088 5688 loquuntur
1116 5630 1184 5671 ex
1207 5628 1305 5671 ore
1334 5611 1553 5670 Domini
1581 5653 1594 5679 ,
1627 5611 1722 5668 sed
1748 5626 1813 5668 ea
1838 5625 1960 5683 qum
1992 5610 2045 5666 in

2164 4684 2435 4738 currebant
2467 4699 2487 4739 :
2505 4700 2607 4739 non
2630 4685 2875 4757 loquebar
2900 4688 2971 4739 ad
3001 4702 3086 4741 eos
3103 4732 3118 4756 ,
3146 4698 3196 4743 et
3225 4688 3325 4761 ipsi
3352 4686 3732 4760 prophetabant.

2164 4776 2225 4830 Si
2243 4776 2495 4830 stetissent
2512 4776 2565 4830 in
2588 4776 2807 4832 consilio
2828 4794 2959 4845 meo,
2979 4789 3026 4834 et
3052 4789 3175 4835 nota
3200 4781 3441 4852 fecissent
3467 4782 3615 4838 verba
3638 4792 3738 4833 mea

2161 4868 2356 4938 papqu
2385 4882 2517 4934 meo,
2569 4869 2861 4923 avertissent
2888 4871 3066 4935 utique
3094 4887 3180 4926 eos
3218 4888 3252 4925 a
3280 4851 3487 4928 vid‘sua
3516 4870 3670 4938 mala,
3696 4876 3735 4922 et

2158 4978 2190 5014 a
2221 4961 2455 5031 pessimis
2478 4961 2876 5032 cogitationibus
2907 4964 3034 5020 suis.
3078 4964 3233 5021 Hunc
3276 4980 3499 5022 sensum
3532 4976 3585 5023 et
3611 4967 3737 5034 Apo-

2161 5056 2337 5111 stolus
2360 5056 2595 5124 explicat
2620 5057 2686 5112 ad
2720 5058 2998 5114 Romanos
3038 5078 3052 5115 :
3106 5057 3175 5114 Et
3203 5060 3336 5114 sicut
3364 5078 3467 5116 non
3510 5058 3733 5135 probave-

2160 5159 2282 5204 runt
2308 5148 2472 5205 Deum
2492 5151 2680 5206 habere
2699 5152 2758 5205 in
2785 5152 2989 5220 notitia,
3007 5151 3224 5207 tradidit
3238 5169 3325 5209 eos
3339 5150 3479 5208 Deus
3497 5154 3552 5208 in
3571 5165 3732 5223 repro-

2163 5098 2337 5111 ..........
2360 5098 2595 5124 ....,........
2620 5098 2686 5112 ..υ
2721 5098 2998 5114 ..υ.......υε.
3039 5103 3052 5115 .
3106 5098 3174 5114 υ.
3203 5098 3335 5114 ...ιη
3364 5098 3467 5116 ην..
3547 5098 3711 5117 ηιμ...

2163 5159 2282 5204 runt
2308 5148 2472 5205 Deum
2492 5151 2680 5206 habere
2699 5152 2758 5205 in
2785 5152 2989 5220 notitia,
3007 5151 3224 5207 tradidit
3238 5169 3325 5209 eos
3339 5150 3479 5208 Deus
3497 5098 3552 5208 1!;
3571 5165 3732 5223 repro-

2163 5242 2281 5297 bum
2304 5258 2509 5297 sensum
2530 5286 2544 5310 ,
2580 5252 2634 5297 ut
2659 5243 2855 5313 faciant
2881 5260 2996 5313 quae
3022 5260 3123 5299 non
3149 5245 3501 5312 conveniunt,
3530 5241 3730 5316 repletos

2161 5336 2300 5390 omni
2322 5335 2614 5407 iniquitate,
2642 5336 2865 5405 ntalitia,
2892 5338 3253 5409 fornicatione,
3283 5340 3532 5408 nequitia,
3578 5334 3727 5392 avari-

2155 5430 2230 5484 tia
2255 5428 2431 5500 (Rom.
2463 5445 2502 5496 ι,
2531 5429 2758 5499 28,29),
2787 5440 2842 5485 et
2867 5432 3104 5487 caeteris.
3155 5431 3291 5489 Cum
3323 5436 3469 5491 enim
3500 5432 3654 5492 semel
3675 5442 3727 5483 se

2156 5521 2477 5577 tradiderint
2506 5520 2629 5578 falsi
2657 5521 2918 5580 doctores
2950 5524 3248 5582 mendaciis
3285 5537 3450 5599 atque
3497 5520 3726 5600 perjuriis

2155 5623 2211 5671 et
2242 5613 2508 5672 mortibus
2534 5613 2891 5687 deceptorum
2914 5657 2930 5685 ,
2962 5632 3070 5673 non
3114 5616 3449 5691 pedetentim
3472 5661 3488 5688 ,
3541 5609 3722 5692 1003

523 5800 549 5836 κ
578 5797 638 5856 In
664 5811 774 5858 uno
800 5788 906 5856 an.
931 5814 993 5855 ac
1012 5792 1178 5871 penes
1223 5794 1528 5861 Rahanuin,
1569 5802 1690 5857 eum
1726 5797 1940 5872 Vu’lgtlt.
1981 5809 2035 5856 et
2070 5797 2492 5874 llieronymiana
2523 5798 2790 5871 'editio'ne,
2823 5803 3251 5862 odttlterantium.
3289 5805 3456 5864 lfehr.
