3972 6328
117 322 250 381 825

606 321 1257 382 COMMENTARIORUM
1299 325 1363 381 IN
1401 325 1757 385 JEREMIAI
1795 329 2219 389 PROPHE’I‘AM
2261 331 2394 389 LIB.
2448 332 2540 390 IV.
2581 333 2735 391 CAP.
2777 333 2970 392 XXIII.

3341 334 3448 395 826

118 451 245 493 nec
273 436 621 495 considerato
668 438 839 511 gradu
866 481 882 508 ,
928 441 1025 496 sed
1075 440 1384 512 prmcipites
1427 450 1654 498 currunt
1678 441 1747 498 ad
1771 449 1830 510 Α
1852 456 1901 502 et
1924 448 2173 503 mordebit
2212 465 2299 505 eos
2327 449 2506 521 (Amos
2527 465 2603 517 Ix,
2631 449 2688 517 Ξ,
2722 452 2781 521 5)
2809 469 2825 519 ;
2855 465 3182 523 rursumque
3206 452 3261 509 in
3285 467 3446 525 supe-

117 531 430 589 ioteritum
457 543 513 590 et
537 547 696 589 suum
734 542 792 590 et
814 548 1006 591 eorum
1055 550 1196 603 quos
1245 534 1582 607 deceperint.
1628 535 1743 593 Nec

114 622 377 697 loquitur
405 625 487 682 eis
517 626 815 694 Dominus,
862 627 956 684 sed
1006 628 1107 698 ipsi
1149 629 1449 701 loquuntur
1490 630 1645 701 quasi
1671 644 1739 687 ex

116 732 238 775 ore
266 718 506 785 Domini,
541 720 611 777 de
648 722 844 793 quibus
872 731 927 778 et
975 721 1172 778 dicitur
1205 740 1218 776 :
1273 723 1335 780 Si
1380 723 1640 779 stetissent
1684 724 1738 780 in

114 810 358 866 consilio
385 828 518 883 meo,
552 813 654 869 hoc
685 824 793 879 est.
826 816 872 869 si
900 829 1038 870 mete
1060 815 1361 872 voluissent
1387 817 1738 888 acquiescere

115 904 405 960 voluntati
438 946 454 971 ,
481 914 536 960 et
578 916 703 961 nota
731 907 993 964 fecissent
1019 907 1183 965 verba
1211 924 1330 965 mea
1365 910 1564 979 p0pulo
1591 926 1733 979 meo,

113 1012 244 1053 non
278 998 624 1056 blandientes
654 999 737 1055 eis
762 1009 819 1055 et
844 999 1156 1058 adulatione
1199 1001 1486 1073 pertlentes
1510 1044 1526 1071 ,
1568 1011 1630 1059 ut
1653 1003 1738 1059 di—

110 1100 362 1159 cerent,
414 1108 523 1148 non
569 1091 784 1149 habetis
818 1103 1083 1165 peccata;
1137 1094 1434 1167 perlectam
1466 1096 1733 1169 justitiam

113 1186 467 1257 possidetis;
521 1188 784 1245 sanctitas
831 1198 888 1245 et
942 1190 1198 1261 pudicitia
1238 1202 1401 1263 atque
1437 1190 1650 1263 justitia
1680 1195 1732 1249 in

107 1283 288 1338 vobis
320 1282 702 1339 tantummodo
744 1284 1093 1356 reperiuntur
1125 1303 1138 1339 ε
1172 1295 1228 1342 et
1273 1301 1377 1356 ego
1419 1301 1528 1343 non
1569 1287 1734 1343 tradi-

111 1374 338 1429 dissem
371 1390 469 1431 eos
500 1376 552 1430 in
586 1376 985 1432 immunditiam
1016 1387 1073 1433 et
1102 1378 1474 1449 ignominiam,
1504 1391 1563 1436 ut
1590 1380 1734 1437 face-

110 1476 252 1523 rent
281 1481 403 1537 quae
451 1482 557 1522 non
589 1469 941 1539 conveniunt,
975 1479 1031 1526 et
1056 1480 1415 1541 sequerentur
1445 1471 1735 1543 cogitatio-

110 1573 226 1616 nes
255 1574 383 1614 snas
413 1560 703 1631 pessimas.
753 1559 1205 1633 Contemplemnr
1234 1562 1524 1620 haereticos
1548 1606 1565 1632 ,
1597 1579 1733 1635 quo-

109 1651 295 1707 modo
341 1652 514 1708 semel
544 1651 905 1722 deSpcrantes
930 1654 1162 1710 salutem
1193 1695 1208 1720 ,
1247 1656 1384 1726 gula:
1415 1671 1475 1712 se
1521 1657 1732 1715 tradant

110 1755 176 1802 et
197 1745 421 1803 deliciis
440 1786 457 1814 ,
482 1756 778 1803 vescantur
805 1749 1059 1804 carnibus
1086 1789 1101 1815 ,
1133 1749 1450 1820 frequenter
1478 1749 1585 1823 [Αι.
1629 1750 1733 1807 fre-

1848 536 1983 597 ribri
2014 542 2225 612 psalmo
2252 560 2264 598 :
2298 542 2435 611 Quia
2456 544 2695 605 tenebrte.
2720 544 2817 612 ait,
2848 561 2952 600 non
2979 544 3389 603 obscurabuntur
3410 565 3443 603 a

1849 642 1933 699 te;
1953 643 2002 689 et
2024 651 2129 689 nox
2156 635 2288 689 sicut
2310 636 2420 691 dies
2448 635 2830 692 illuminabitur
2854 654 2874 692 :
2896 637 3030 693 sicut
3063 636 3286 693 tenebrae
3305 639 3440 707 eius,

1842 727 1916 782 ita
1937 739 1983 782 et
2005 728 2175 783 lumen
2213 731 2325 801 ejus
2348 728 2519 799 (Psal.
2544 744 2803 798 cxxxvm,
2836 729 2945 801 l2).
2984 730 3138 799 Quod
3170 740 3355 789 autem
3385 732 3438 788 in

1843 820 2134 889 Pmphetis
2162 824 2357 879 crebro
2385 823 2583 879 dicitur
2604 863 2621 890 ,
2654 823 2786 879 Haec
2824 823 2953 879 dicit
2993 823 3277 895 Dominus,
3313 839 3440 895 pro-

1843 924 2030 985 pterea
2062 929 2281 985 semper
2301 914 2550 981 infertur,
2596 931 2665 973 ne
2682 925 3104 973 contemnantur
3133 917 3287 989 quasi
3318 933 3441 974 ver-

1843 1006 1909 1062 ba
1940 1008 2356 1077 Pr0phetarnm,
2395 1010 2490 1065 sed
2516 1008 2918 1067 admoneantur
2954 1010 3159 1084 jugiter
3187 1012 3283 1069 Dei
3313 1026 3437 1070 esse

1840 1117 2124 1161 sermones
2147 1119 2284 1176 quos
2311 1105 2625 1175 loquuntur.

1915 1197 2100 1269 (Vers.
2142 1198 2216 1254 25
2251 1197 2433 1272 seqq.)
2461 1196 2691 1252 l'Audivi
2717 1215 2832 1269 qua:
2858 1199 3100 1255 dixerunt
3136 1199 3434 1271 Prophette,

1840 1294 2200 1365 prophetantes
2243 1294 2299 1348 in
2347 1293 2558 1348 nomine
2586 1308 2697 1347 meo
2723 1293 3052 1348 mendacium
3083 1303 3233 1365 atque
3262 1295 3440 1349 dicen-

1838 1397 1913 1443 tes
1943 1403 1963 1441 :
1993 1388 2262 1443 Somniaoi
2298 1387 2436 1459 (sive
2481 1387 2587 1441 vidi
2635 1386 2942 1458 somnium).
2984 1385 3261 1459 Usquequo
3297 1387 3439 1443 istud

1837 1489 1911 1535 est
1940 1482 1994 1535 in
2023 1482 2181 1536 corde
2211 1480 2323 1554 [ΑΙ.
2353 1483 2408 1537 in
2436 1480 2700 1554 cordibus]
2730 1479 3112 1551 Prophetarum
3152 1482 3441 1537 uaticinan-

1838 1576 1967 1630 tium
1992 1574 2313 1630 ntendacium
2336 1620 2350 1644 ,
2380 1584 2428 1630 et
2463 1575 2879 1647 prapltetantium
2922 1574 3249 1630 seductiones
3283 1576 3439 1645 (sive

1836 1666 2124 1722 voluntates
2152 1668 2322 1722 cordis
2359 1666 2511 1739 sui)?
2545 1667 2648 1735 Qui
2677 1666 2857 1723 uolunt
2889 1668 3037 1741 (sive
3074 1666 3327 1742 cogitant)
3348 1670 3439 1740 {a-

1836 1777 1951 1815 cere
1979 1772 2030 1814 ut
2053 1760 2380 1815 obliviscatur
2402 1760 2628 1830 populus
2653 1777 2797 1815 meus
2813 1760 3036 1816 nominis
3055 1761 3156 1816 mei
3185 1776 3204 1815 :
3227 1771 3439 1832 propter

110 1838 385 1912 quentes)
412 1838 615 1896 adeam
637 1840 904 1907 balneas;
955 1855 1141 1897 Ιηιιεοο
1173 1842 1453 1914 fragrent;
1487 1859 1730 1913 unguen-
1762 1849 1806 1909 Β
1832 1854 2035 1907 somnia
2063 1869 2260 1921 eorum,
2292 1868 2407 1925 quw
2436 1861 2615 1907 narrat
2644 1853 2996 1924 unusquisque
3030 1852 3101 1906 ad
3139 1854 3434 1923 proximum

113 1934 194 1992 tis
215 1935 389 1991 variis
409 1933 638 1991 delibuti
660 1948 904 2008 quan-ant
926 1951 1217 2005 corporum
1243 1937 1727 2009 pulchritudinem.

111 2026 315 2084 Semel
346 2028 493 2084 enim
532 2026 711 2084 futura
744 2044 851 2085 non
882 2039 1146 2100 sperant,
1202 2044 1378 2101 neque
1415 2030 1647 2086 credunt
1675 2030 1731 2086 in

114 2118 614 2175 resurrectionem.
659 2119 820 2187 Quod
850 2135 976 2175 cum
1023 2136 1276 2177 sermone
1328 2136 1436 2176 non
1471 2120 1728 2191 pandant,

114 2211 427 2269 ostendunt
451 2212 734 2284 operibus.
763 2215 815 2270 Si
833 2215 979 2271 enim
1004 2216 1433 2282 crederent,ista
1456 2231 1563 2272 non
1587 2216 1733 2273 face-

112 2321 270 2365 rent.
322 2308 393 2365 Et
423 2310 477 2365 in
518 2309 625 2366 hoc
663 2310 786 2366 loco
816 2311 906 2367 ubi
934 2312 1193 2383 scriptum
1225 2324 1309 2368 est
1341 2330 1355 2367 :
1390 2314 1436 2366 si
1478 2313 1731 2368 stetissent

109 2402 168 2457 in
199 2401 426 2459 consilio
453 2419 586 2472 meo,
618 2403 840 2476 Aquila,
874 2414 930 2460 et
962 2404 1323 2477 Symmachus
1347 2450 1361 2473 ,
1394 2417 1449 2462 et
1479 2407 1729 2463 Theodo-

114 2495 221 2562 tio,
249 2503 308 2550 et
342 2495 726 2566 Septuaginta,
760 2506 819 2551 nt
839 2512 1006 2565 supra
1030 2496 1281 2554 similiter
1306 2498 1724 2554 transtulerunt.

188 2587 383 2661 (Vers.
414 2588 511 2655 25,
539 2588 659 2660 24.)
690 2587 963 2660 Numquid
1004 2589 1190 2663 (Vulg.
1226 2589 1482 2664 Putasne]
1527 2591 1664 2646 Deus
1702 2608 1731 2647 e

113 2687 290 2743 ricino
311 2702 405 2758 ego
433 2703 571 2754 sum,
592 2687 720 2742 dicit
749 2684 1034 2754 Dominus,
1069 2699 1117 2744 et
1148 2705 1249 2744 non
1277 2687 1415 2743 Deus
1445 2689 1508 2744 de
1531 2690 1682 2761 longe
1703 2691 1729 2745 .’

113 2778 179 2835 Si
205 2777 558 2835 occultabitur
569 2779 646 2835 vir
668 2780 722 2833 in
737 2779 1074 2847 absconditis,
1094 2791 1141 2836 et
1156 2798 1250 2855 ego
1265 2798 1364 2837 non
1382 2781 1562 2836 videbo
1581 2784 1727 2837 cum?

110 2871 247 2925 dicit
277 2869 553 2927 Dominus.
630 2870 900 2942 Numquid
929 2890 1031 2927 non
1079 2875 1265 2928 etclam
1314 2883 1363 2928 et
1403 2884 1592 2929 terram
1633 2891 1725 2947 ego

109 2963 311 3036 impleo
334 2963 361 3018 .’
389 2964 518 3019 dicit
566 2964 840 3020 Dominus.
890 2964 1036 3021 LXX
1064 2985 1077 3021 ε
1111 2965 1254 3021 Dens
1296 2968 1723 3038 appropinquans

108 3074 231 3131 ego,
261 3059 392 3113 dicit
423 3058 707 3126 Dominus,
738 3070 787 3114 et
816 3076 919 3115 non
948 3060 1091 3116 Deus
1116 3062 1181 3116 de
1207 3060 1376 3134 longe.
1421 3061 1482 3117 Si
1507 3062 1723 3117 abscon-

108 3150 263 3205 detur
291 3149 447 3206 homo
472 3153 525 3206 in
552 3151 891 3219 absconditis,
921 3164 968 3208 et
994 3170 1088 3226 ego
1114 3170 1216 3208 non
1248 3154 1429 3209 videbo
1458 3154 1612 3210 eum?
1641 3154 1721 3209 di-

1832 1962 1985 2000 suum
2013 1962 2032 2000 :
2053 1946 2184 2000 sicut
2217 1945 2361 2000 obliti
2386 1954 2501 2000 sunt
2532 1956 2706 2016 patres
2732 1960 2907 2001 eorum
2932 1945 3157 1999 nominis
3184 1946 3284 2000 mei
3303 1962 3433 2016 pro-

1831 2048 1944 2109 pter
1962 2037 2096 2093 Baal
2121 2038 2260 2110 (sive
2286 2038 2337 2092 in
2363 2035 2540 2106 Baal).
2587 2036 2722 2106 Quia
2752 2037 3006 2106 superior
3038 2036 3223 2091 titnlns
3250 2046 3432 2091 contra

1830 2129 2121 2202 Prophetas
2162 2139 2275 2195 est,
2317 2131 2432 2185 sive
2458 2129 2527 2183 ad
2570 2127 2864 2197 Prophetas
2894 2172 2909 2195 ,
2960 2143 3098 2200 quos
3142 2130 3434 2199 perSpicue

1833 2222 2331 2294 pseudopmphetas
2369 2220 2718 2292 intelligimus
2746 2220 2894 2291 (sunt
2925 2229 3108 2275 autem
3131 2220 3300 2275 multa
3339 2235 3436 2291 ge.

1831 2334 1961 2373 nera
1996 2316 2352 2387 prephetandi
2392 2333 2405 2370 :
2454 2331 2685 2387 quorum
2729 2330 2897 2370 unum
2926 2324 3012 2370 est
3039 2315 3381 2371 somniorum
3408 2354 3425 2382 ,

1829 2412 1989 2480 quale
2019 2410 2119 2464 fuit
2160 2410 2212 2463 in
2246 2408 2471 2464 Daniele
2491 2406 2537 2481 ),
2569 2407 2778 2463 idcirco
2800 2420 2856 2463 et
2880 2406 2945 2461 ad
2973 2421 3071 2463 eos
3098 2406 3434 2478 prophetalis

1828 2518 2016 2559 sermo
2054 2502 2325 2573 dirigitur,
2353 2500 2448 2572 qui
2474 2501 2705 2556 credunt
2734 2500 2982 2567 somniis,
3012 2511 3068 2556 et
3092 2501 3278 2557 omnia
3305 2515 3428 2572 quae

1830 2605 2098 2665 cernunt,
2150 2604 2341 2667 putant
2379 2595 2772 2651 revelationem
2812 2609 2936 2651 esse
2982 2594 3264 2661 divinam,
3306 2609 3429 2665 qua:

1830 2690 2050 2762 proprie
2088 2689 2296 2745 sanctis
2335 2698 2389 2743 et
2415 2688 2589 2744 servis
2623 2688 2717 2743 Dei
2750 2686 3013 2756 aperitur.
3048 2686 3204 2754 Quod
3228 2687 3273 2742 si
3305 2685 3432 2755 legi-

1786 2826 1791 2831 .
1828 2798 1949 2840 mus
1979 2783 2192 2837 Pharao
2220 2780 2378 2852 (Gen.
2410 2778 2521 2851 xu)
2547 2791 2603 2835 et
2630 2779 3132 2835 Nabuchodonosor
3176 2777 3339 2851 (Dan.
3366 2777 3428 2850 ll)

1827 2879 2027 2948 impios
2058 2892 2213 2949 reges
2247 2876 2451 2932 vidisse
2479 2875 2687 2931 somnia
2716 2892 2836 2947 qua:
2865 2890 2990 2931 vera
3027 2874 3230 2930 iuerint
3271 2892 3285 2930 :
3319 2888 3428 2930 non

1826 2986 2017 3029 eorum
2051 2968 2154 3026 fuit
2189 2969 2370 3026 meriti
2397 2971 2490 3041 qui
2533 2970 2823 3034 viderunt;
2867 2969 2964 3025 sed
3010 2981 3070 3026 ut
3108 2985 3207 3040 per
3233 2983 3424 3025 eorum

1824 3065 2168 3124 occasionem
2210 3064 2382 3121 sancti
2425 3062 2527 3119 viri
2557 3062 2761 3135 Joseplt
2786 3106 2801 3133 ,
2835 3062 3134 3135 Danielque
3159 3062 3429 3120 claresce-

1825 3168 1989 3225 rent,
2020 3168 2075 3214 et
2106 3157 2240 3213 dura
2270 3155 2432 3212 corda
2461 3164 2626 3226 atque
2670 3154 3023 3211 indomabilia
3071 3166 3428 3227 tyrannorum

106 3244 176 3297 cit
212 3242 510 3311 Dominus;
549 3252 575 3282 α
603 3245 851 3316 numquid
891 3262 992 3301 non
1033 3247 1213 3301 etclam
1240 3291 1254 3315 ,
1302 3257 1349 3301 et
1394 3257 1583 3302 terram
1624 3263 1715 3319 ego
1745 3233 1791 3297 Ο
1824 3252 2041 3323 propria
2094 3249 2426 3307 conscientia
2469 3249 2738 3305 sentirent
2792 3248 3006 3304 Domini
3057 3247 3421 3319 maiestatem.

105 3338 352 3412 impleo?
378 3338 506 3394 dicit
533 3338 805 3394 Dominus.
859 3340 1051 3412 Aquila
1083 3351 1138 3396 et
1166 3341 1525 3413 Symmachus
1567 3342 1721 3397 simi-

107 3432 240 3487 liter
271 3431 612 3501 interpretati
642 3440 768 3487 sunt
798 3450 810 3486 :
846 3431 1119 3505 Numquid
1152 3431 1290 3489 Deus
1315 3434 1378 3488 de
1401 3434 1714 3506 propinquo,

105 3526 228 3582 sive
259 3526 327 3581 de
358 3526 524 3581 vicino
544 3542 637 3600 ego
661 3543 796 3595 sum,
821 3536 866 3582 et
892 3543 995 3583 non
1023 3526 1163 3582 Deus
1191 3528 1254 3583 de
1279 3526 1429 3601 longe
1445 3530 1471 3584 Ρ
1488 3527 1718 3599 Septua-

106 3621 262 3689 ginta
296 3632 428 3673 vero
454 3628 508 3673 et
536 3617 840 3675 Theodotio
863 3632 1025 3674 sensu
1056 3628 1272 3675 vertere
1298 3619 1578 3675 contrario
1602 3662 1617 3687 ,
1659 3628 1719 3675 ut

104 3713 366 3771 dicerent
397 3728 413 3767 :
458 3711 599 3768 Deus
640 3715 1065 3787 appmpinquans
1088 3731 1181 3787 ego
1201 3754 1215 3779 ,
1264 3714 1390 3768 dicit
1425 3713 1676 3769 Dominus
1696 3757 1710 3782 ,

106 3817 153 3862 et
182 3823 294 3862 non
327 3805 469 3861 Deus
497 3808 560 3861 de
582 3808 753 3880 longe.
800 3806 955 3875 Quod
983 3807 1194 3862 scilicet
1224 3810 1536 3877 superiores
1561 3822 1710 3863 asse-

105 3910 234 3959 rant
262 3900 436 3957 Deum
476 3915 584 3955 non
611 3910 818 3956 tantum
850 3898 1052 3963 vicina,
1085 3901 1178 3956 sed
1222 3909 1279 3954 et
1314 3915 1381 3955 ea
1405 3916 1525 3971 qua
1557 3901 1715 3972 longe

106 4002 239 4049 sunt
273 4006 640 4063 cognoscere;
664 4007 764 4047 nec
795 3992 1111 4062 prmsentia,
1159 3992 1253 4048 sed
1281 3991 1463 4048 futura
1490 3993 1711 4063 conspi-

105 4100 256 4142 cere.
292 4083 384 4139 Isti
415 4100 545 4140 vero
576 4084 777 4155 ubique
810 4084 976 4139 Deum
1015 4084 1287 4139 aestimant
1313 4099 1435 4141 esse
1464 4099 1708 4156 praesen-

110 4188 243 4245 tem,
287 4192 390 4233 nec
418 4178 653 4250 aliquem
684 4193 805 4234 esse
844 4179 1021 4234 locum
1056 4178 1145 4234 ubi
1198 4194 1303 4235 non
1346 4178 1489 4235 adsit
1542 4180 1709 4238 Deus.

106 4268 377 4325 Omnibus
423 4269 567 4324 enim
617 4278 672 4324 et
721 4269 999 4341 praecipue
1054 4270 1260 4325 sanctis
1307 4271 1710 4341 appropinquat

106 4360 295 4429 Deus,
359 4359 636 4434 quomodo
684 4361 734 4418 si
788 4363 1177 4418 vestimentum
1236 4361 1515 4417 adhaereat
1573 4363 1703 4418 cuti.

107 4451 443 4510 Peocatores
486 4462 667 4509 autem
714 4453 874 4523 longe
927 4452 1248 4510 recedentes
1287 4453 1357 4510 ab
1390 4469 1458 4509 eo
1484 4497 1498 4522 ,
1555 4455 1706 4525 peri-

108 4543 264 4601 bunt.
319 4544 474 4600 Hunc
520 4560 741 4601 sensum
790 4545 931 4601 etin
972 4547 1199 4617 ps:tlmis
1242 4547 1477 4618 legimus
1523 4563 1537 4601 :
1587 4546 1704 4616 Quo

106 4639 186 4695 ibo
206 4657 239 4693 a
260 4640 456 4709 spiritu
482 4649 593 4710 tuo,
623 4650 671 4694 et
695 4657 727 4694 a
752 4641 887 4713 facie
913 4651 1003 4696 tua
1028 4658 1128 4711 quo
1159 4642 1357 4713 fugiant
1383 4643 1408 4696 Ξ)
1437 4641 1500 4697 Si
1523 4657 1703 4696 ascen-
1732 4631 1785 4691 D

108 4731 232 4787 dero
270 4736 326 4787 in
361 4731 576 4806 10M
609 4732 794 4788 ctelum
814 4776 829 4799 ,
860 4743 916 4788 tu
949 4733 1062 4789 illic
1092 4750 1144 4789 es
1174 4749 1193 4789 :
1218 4735 1266 4788 si
1292 4734 1599 4788 descendero
1643 4735 1712 4787 ad

108 4827 391 4896 infernum,
420 4837 477 4882 tu
500 4827 733 4911 σόει,βί
758 4843 1026 4899 sumpsero
1057 4844 1255 4898 pennas
1287 4844 1424 4883 meas
1453 4825 1709 4892 diluculo,

107 4930 152 4975 et
175 4921 479 4976 habitttoero
498 4921 553 4975 in
578 4901 817 4976 extremis
842 4921 1003 4975 maris
1026 4936 1045 4974 :
1060 4920 1244 4975 etenim
1272 4921 1397 4974 illuc
1422 4935 1606 4974 manus
1622 4928 1712 4974 tua

109 5010 327 5067 deducet
355 5028 457 5079 me,
486 5020 535 5066 et
562 5012 749 5066 tenebit
775 5026 855 5066 me
879 5011 1097 5066 dextera
1124 5020 1216 5065 tua
1256 5009 1434 5083 (Psal.
1459 5025 1647 5077 cxvttt,
1679 5010 1704 5064 1

106 5105 293 5177 seqq.).
321 5105 491 5161 Amos
520 5119 741 5175 quoque
762 5103 816 5159 in
841 5104 957 5160 haec
973 5104 1142 5160 verba
1168 5105 1463 5171 consentit,
1489 5104 1700 5159 dicens:

109 5195 166 5251 Si
194 5195 560 5252 descenderint
589 5212 752 5267 usque
779 5196 848 5251 ad
876 5197 1138 5267 infernum
1164 5240 1179 5265 ,
1231 5195 1351 5250 inde
1383 5211 1565 5251 manus
1594 5211 1708 5250 mea

107 5288 212 5360 (Al.
241 5289 352 5363 tua]
368 5292 548 5345 educet
576 5305 700 5357 eos;
729 5300 777 5346 et
795 5294 838 5345 si
865 5292 1192 5346 ascenderint
1216 5307 1378 5359 usque
1397 5289 1467 5344 ad
1497 5290 1705 5359 coelum,

106 5380 226 5437 inde
251 5381 526 5437 detraham
554 5399 658 5438 eos.
713 5382 784 5437 Et
823 5383 870 5437 si
892 5383 1182 5439 absronditi
1214 5384 1409 5456 fuerint
1439 5384 1492 5437 in
1525 5383 1711 5438 uertice

107 5473 352 5541 Carmeli,
383 5477 505 5533 inde
531 5486 771 5533 scrutans
792 5481 1029 5550 auferam
1055 5494 1160 5532 eos.
1191 5475 1258 5534 Et
1280 5477 1326 5531 si
1356 5476 1635 5531 celaverint
1659 5493 1714 5531 se

107 5570 166 5623 ab
189 5569 360 5626 oculis
375 5570 502 5625 meis
525 5570 580 5625 in
602 5568 868 5644 profundo
889 5571 1070 5641 maris,
1112 5569 1183 5625 ibi
1206 5567 1465 5625 mandabo
1484 5570 1712 5640 serpenti

106 5716 129 5798 ζ
140 5719 204 5798 Le
227 5712 383 5798 tlunc
407 5713 754 5798 versiculum,
777 5711 1051 5786 Numquid
1072 5729 1177 5768 non
1204 5710 1407 5781 caelum,
1423 5718 1556 5780 etc.,
1575 5724 1702 5783 sup-

105 5780 415 5913 me")ng
443 5794 646 5913 ἓῗιῗξζ
676 5856 885 5928 priora,
921 5853 1104 5915 Audibi
1124 5864 1241 5927 qua:
1287 5855 1528 5912 dixerunt
1570 5853 1701 5910 Pro-

1820 3344 1958 3401 Sunt
1999 3344 2161 3401 hodie
2187 3359 2401 3415 quoque
2440 3344 2799 3398 somniatores
2829 3342 2883 3395 in
2914 3341 3151 3396 Ecclesia
3177 3381 3193 3407 ,
3223 3349 3279 3396 et
3307 3357 3426 3396 ma-

1821 3439 1969 3495 xime
1998 3441 2051 3494 in
2079 3447 2267 3494 nostro
2294 3453 2481 3509 grege,
2531 3436 2626 3508 qui
2670 3451 2888 3492 errores
2928 3450 3058 3490 suos
3092 3435 3309 3491 Domini
3337 3435 3421 3504 ja-

1818 3541 1971 3588 ctant
1996 3531 2332 3602 prophetiam
2358 3573 2373 3598 ,
2417 3538 2472 3585 et
2497 3529 2693 3585 crebro
2723 3529 3021 3599 ingerunt,
3069 3528 3322 3582 somniavi
3372 3539 3419 3595 ε,

1815 3622 2111 3677 somniavi:
2140 3636 2277 3691 quos
2318 3620 2543 3690 corripit
2582 3620 2845 3675 Dominus
2876 3619 3065 3674 dicens
3099 3637 3113 3672 :
3147 3617 3421 3691 Usquequo

1816 3715 1957 3770 istud
1984 3726 2059 3769 est
2098 3716 2150 3769 in
2186 3716 2340 3769 corde
2378 3712 2821 3785 prophetautium,
2865 3712 3257 3766 uaticinantium
3282 3728 3423 3767 men-

1818 3807 2027 3861 dacium
2059 3850 2075 3875 ,
2124 3817 2171 3861 et
2220 3806 2643 3877 prophetauttum
2688 3802 3014 3858 seductiones
3065 3804 3236 3857 cordis
3290 3804 3425 3858 sui?

1819 3899 1933 3954 lloc
1957 3908 2141 3953 autem
2189 3897 2402 3953 faciunt
2426 3938 2440 3963 ,
2475 3907 2532 3951 ut
2561 3896 2837 3966 quomodo
2864 3895 3123 3965 antiquus
3149 3896 3378 3966 populus
3404 3939 3418 3962 ,

1815 3995 1905 4066 qui
1948 3993 2017 4049 de
2045 3992 2279 4065 Egypto
2310 4006 2566 4061 egressus
2587 4001 2697 4057 est,
2736 3990 2946 4063 1005
2974 3988 3179 4044 oblitus
3206 3997 3291 4044 est
3320 4002 3420 4045 no-

1817 4085 1978 4141 minis
2007 4085 2101 4140 Dei
2135 4083 2243 4157 [Al.
2277 4082 2407 4156 mei]
2432 4100 2448 4150 ;
2473 4083 2550 4137 sic
2569 4092 2623 4137 et
2651 4083 2850 4151 posteri
2878 4096 3067 4137 eorum
3089 4080 3420 4137 obliviscan-

1817 4189 1902 4235 tur
1931 4178 2061 4234 mei.
2097 4175 2481 4249 llnjnscemodi
2510 4172 3067 4257 auternprophetatio
3109 4189 3216 4229 non
3247 4184 3330 4229 eSt
3359 4176 3413 4229 in

1815 4270 2035 4325 nomine
2075 4268 2323 4333 Domini,
2354 4267 2448 4323 sed
2476 4268 2528 4322 in
2562 4266 2781 4322 nomine
2807 4264 2934 4319 Baal
2962 4307 2976 4330 ,
3008 4263 3154 4335 quod
3195 4266 3418 4336 proptio

1812 4361 2017 4417 idolum
2050 4362 2394 4418 Sidoniorum
2423 4370 2505 4415 cst
2530 4403 2545 4428 ,
2574 4360 2687 4414 sive
2718 4358 3076 4431 Babylonium
3103 4401 3119 4428 ,
3150 4368 3208 4416 et
3237 4359 3417 4416 vicino

1814 4455 2035 4512 nomine
2060 4454 2368 4524 appellatur
2394 4452 2516 4507 Bel.

1887 4550 2069 4622 (Vers.
2092 4550 2190 4618 28,
2214 4548 2616 4622 29.)Pr0pheta
2640 4550 2730 4621 qui
2756 4548 2908 4604 habet
2928 4551 3209 4616 somnium,
3238 4561 3419 4605 narret

1810 4646 2087 4708 somnium,
2119 4653 2167 4699 et
2188 4644 2279 4715 qui
2305 4642 2456 4698 habet
2481 4659 2770 4698 sermonem
2795 4659 2986 4706 meum,
3018 4643 3264 4713 loquatur
3301 4659 3414 4697 ser-

1811 4753 2015 4793 monem
2045 4752 2213 4790 meum
2238 4751 2373 4790 vere.
2403 4732 2544 4800 Quid
2568 4733 2732 4803 paleis
2755 4737 2823 4788 ad
2851 4734 3123 4788 triticum?
3144 4732 3270 4787 dicit
3291 4732 3408 4787 Do-

1810 4832 2004 4884 minus.
2036 4822 2305 4897 Numquid
2328 4842 2429 4880 uon
2460 4826 2612 4880 verba
2642 4842 2754 4880 mea
2783 4836 2904 4880 sunt
2929 4825 3061 4878 sicut
3091 4825 3251 4896 ignis,
3279 4825 3405 4880 dicit

1810 4918 2099 4987 Dominus,
2131 4929 2178 4974 et
2206 4919 2356 4989 quasi
2376 4919 2599 4973 malleus
2631 4917 2767 4987 (sive
2793 4917 2989 4970 securis
3019 4926 3289 4971 conterens
3318 4935 3407 4988 pe-

1811 5025 1943 5068 tram
1962 5013 2007 5084 )l
2026 5012 2231 5068 Eorum
2245 5022 2329 5068 est
2343 5026 2627 5081 exponere
2649 5010 2926 5065 somnium
2950 5009 3043 5081 qui
3070 5010 3164 5065 Dei
3190 5026 3408 5068 meren-

1816 5116 1903 5162 tur
1932 5107 2134 5162 habere
2155 5119 2494 5171 sermonem,
2525 5112 2580 5159 et
2606 5102 2794 5158 dicere
2823 5120 2837 5156 :
2873 5101 3005 5158 Hac
3054 5104 3183 5158 dicit
3222 5104 3406 5159 Domi-

1813 5215 1953 5265 nus;
1978 5198 2178 5270 quibus
2205 5197 2422 5253 locutus
2452 5205 2537 5250 est
2573 5195 2861 5260 Dominus,
2889 5197 2941 5251 in
2976 5198 3176 5266 quibus
3205 5199 3412 5253 veritas

1811 5301 1919 5358 est,
1942 5300 2000 5346 et
2027 5307 2135 5346 non
2166 5289 2512 5345 mendacium
2547 5288 2977 5344 fraudulentum.
3007 5289 3151 5357 Quid
3182 5289 3286 5345 sibi
3314 5305 3410 5345 vo-

1811 5386 1932 5440 lunt
1980 5382 2369 5438 haereticorum
2422 5381 2593 5452 palem
2622 5381 2689 5436 ad
2736 5382 2978 5436 triticum
3022 5381 3412 5438 Ecclesiae?“

1812 5492 1922 5551 quo
1951 5477 2192 5533 Joannes
2234 5475 2473 5547 Baptista
2516 5474 2731 5546 plenius
2776 5474 3019 5543 loquitur
3050 5472 3267 5547 (Matth.
3294 5474 3406 5546 ιιι),

1812 5568 1958 5642 quod
2008 5579 2202 5640 purget
2244 5569 2507 5624 Dominus
2546 5581 2730 5621 aream
2755 5581 2909 5621 suam
2943 5607 2959 5633 ,
3011 5577 3066 5622 et
3093 5566 3406 5625 ventilabro

1810 5709 1997 5782 plactis,
2036 5708 2092 5764 in
2119 5707 2351 5782 Qisterc.
2377 5719 2481 5762 ms.
2505 5715 2790 5782 nonsunt.

1887 5792 1909 5820 ο
1936 5775 2082 5839 Idem
2110 5777 2365 5845 Cisterc.,
2387 5777 2638 5835 somniavi
2655 5775 2875 5833 somnia.
