  <div class='ocr_page' id='page_1' title='image "/cluster/home/n/w/nwhite01/storage/ocr_20150623/24/uva.x000826571/421.png"; bbox 0 0 3972 6330; ppageno 0'>
   <div class='ocr_carea' id='block_1_1' title="bbox 586 309 3858 376">
    <p class='ocr_par' dir='ltr' id='par_1_1' title="bbox 586 309 3858 376">
     <span class='ocr_line' id='line_1_1' title="bbox 586 309 3858 376; baseline 0.003 -11"><span class='ocrx_word' id='word_1_1' title='bbox 586 309 696 366; x_wconf 67' lang='grc' dir='ltr'><strong>8ἳῖ</strong></span> <span class='ocrx_word' id='word_1_2' title='bbox 1837 312 1895 369; x_wconf 80' lang='lat'><strong>5.</strong></span> <span class='ocrx_word' id='word_1_3' title='bbox 1940 312 2208 371; x_wconf 74' lang='lat' dir='ltr'><strong>EUSEDII</strong></span> <span class='ocrx_word' id='word_1_4' title='bbox 2250 311 2628 373; x_wconf 65' lang='lat' dir='ltr'><strong>HIEBONYMI</strong></span> <span class='ocrx_word' id='word_1_5' title='bbox 3786 318 3858 376; x_wconf 69' lang='lat' dir='ltr'><strong>Dii</strong></span> 
     </span>
    </p>
   </div>
   <div class='ocr_carea' id='block_1_2' title="bbox 588 422 3857 509">
    <p class='ocr_par' dir='ltr' id='par_1_2' title="bbox 588 422 3857 509">
     <span class='ocr_line' id='line_1_2' title="bbox 588 422 3857 509; baseline 0.005 -32"><span class='ocrx_word' id='word_1_6' title='bbox 588 426 770 495; x_wconf 74' lang='lat' dir='ltr'><strong>paleas</strong></span> <span class='ocrx_word' id='word_1_7' title='bbox 800 434 824 461; x_wconf 73' lang='grc' dir='ltr'><strong><em>λ</em></strong></span> <span class='ocrx_word' id='word_1_8' title='bbox 850 432 1134 479; x_wconf 87' lang='lat' dir='ltr'><strong>ventorum</strong></span> <span class='ocrx_word' id='word_1_9' title='bbox 1164 422 1381 481; x_wconf 82' lang='lat' dir='ltr'><strong>ﬂatibus</strong></span> <span class='ocrx_word' id='word_1_10' title='bbox 1395 424 1805 497; x_wconf 83' lang='lat' dir='ltr'><strong>dispergendas,</strong></span> <span class='ocrx_word' id='word_1_11' title='bbox 1838 428 2181 500; x_wconf 79' lang='lat' dir='ltr'><strong>tuendasque</strong></span> <span class='ocrx_word' id='word_1_12' title='bbox 2207 433 2261 495; x_wconf 77' lang='grc' dir='ltr'><strong>Α</strong></span> <span class='ocrx_word' id='word_1_13' title='bbox 2283 432 2699 489; x_wconf 69' lang='lat' dir='ltr'><strong>similitudinem</strong></span> <span class='ocrx_word' id='word_1_14' title='bbox 2733 436 2890 503; x_wconf 83' lang='lat' dir='ltr'><strong>recti,</strong></span> <span class='ocrx_word' id='word_1_15' title='bbox 2921 436 3172 507; x_wconf 86' lang='lat' dir='ltr'><strong>decipere</strong></span> <span class='ocrx_word' id='word_1_16' title='bbox 3200 452 3310 493; x_wconf 82' lang='lat' dir='ltr'><strong>non</strong></span> <span class='ocrx_word' id='word_1_17' title='bbox 3341 442 3531 509; x_wconf 87' lang='lat' dir='ltr'><strong>potest</strong></span> <span class='ocrx_word' id='word_1_18' title='bbox 3559 436 3857 494; x_wconf 84' lang='lat' dir='ltr'><strong>innocentes.</strong></span> 
     </span>
    </p>
   </div>
   <div class='ocr_carea' id='block_1_3' title="bbox 586 515 3858 600">
    <p class='ocr_par' dir='ltr' id='par_1_3' title="bbox 586 515 3858 600">
     <span class='ocr_line' id='line_1_3' title="bbox 586 515 3858 600; baseline 0.004 -28"><span class='ocrx_word' id='word_1_19' title='bbox 586 517 800 587; x_wconf 77' lang='lat' dir='ltr'><strong>ignibus</strong></span> <span class='ocrx_word' id='word_1_20' title='bbox 830 515 1180 587; x_wconf 91' lang='lat' dir='ltr'><strong>derelinquat</strong></span> <span class='ocrx_word' id='word_1_21' title='bbox 1205 535 1218 571; x_wconf 91' lang='lat'><strong>:</strong></span> <span class='ocrx_word' id='word_1_22' title='bbox 1247 517 1485 573; x_wconf 88' lang='lat' dir='ltr'><strong>triticum</strong></span> <span class='ocrx_word' id='word_1_23' title='bbox 1513 528 1694 577; x_wconf 88' lang='lat' dir='ltr'><strong>autem</strong></span> <span class='ocrx_word' id='word_1_24' title='bbox 1725 521 1932 577; x_wconf 81' lang='lat' dir='ltr'><strong>condat</strong></span> <span class='ocrx_word' id='word_1_25' title='bbox 1966 526 2018 579; x_wconf 91' lang='lat' dir='ltr'><strong>in</strong></span> <span class='ocrx_word' id='word_1_26' title='bbox 2048 523 2181 580; x_wconf 60' lang='lat' dir='ltr'><strong>hor.</strong></span> <span class='ocrx_word' id='word_1_27' title='bbox 2285 525 2570 593; x_wconf 83' lang='lat' dir='ltr'><strong>Quomodo</strong></span> <span class='ocrx_word' id='word_1_28' title='bbox 2603 526 2767 597; x_wconf 82' lang='lat' dir='ltr'><strong>igitur</strong></span> <span class='ocrx_word' id='word_1_29' title='bbox 2797 530 2848 583; x_wconf 93' lang='lat' dir='ltr'><strong>in</strong></span> <span class='ocrx_word' id='word_1_30' title='bbox 2880 529 3049 598; x_wconf 85' lang='lat' dir='ltr'><strong>priori</strong></span> <span class='ocrx_word' id='word_1_31' title='bbox 3082 530 3286 600; x_wconf 84' lang='lat' dir='ltr'><strong>populo</strong></span> <span class='ocrx_word' id='word_1_32' title='bbox 3322 530 3746 586; x_wconf 79' lang='lat' dir='ltr'><strong>mentiebantur</strong></span> <span class='ocrx_word' id='word_1_33' title='bbox 3768 531 3858 585; x_wconf 75' lang='lat' dir='ltr'><strong>Pro-</strong></span> 
     </span>
    </p>
   </div>
   <div class='ocr_carea' id='block_1_4' title="bbox 588 610 3860 691">
    <p class='ocr_par' dir='ltr' id='par_1_4' title="bbox 588 610 3860 691">
     <span class='ocr_line' id='line_1_4' title="bbox 588 610 3860 691; baseline 0.005 -28"><span class='ocrx_word' id='word_1_34' title='bbox 588 625 702 671; x_wconf 88' lang='lat' dir='ltr'><strong>rea.</strong></span> <span class='ocrx_word' id='word_1_35' title='bbox 732 624 785 664; x_wconf 86' lang='lat' dir='ltr'><strong>ut</strong></span> <span class='ocrx_word' id='word_1_36' title='bbox 817 610 909 666; x_wconf 86' lang='lat' dir='ltr'><strong>liat</strong></span> <span class='ocrx_word' id='word_1_37' title='bbox 938 611 1179 668; x_wconf 69' lang='lat' dir='ltr'><strong>cmiestis</strong></span> <span class='ocrx_word' id='word_1_38' title='bbox 1201 613 1357 680; x_wconf 87' lang='lat' dir='ltr'><strong>panis</strong></span> <span class='ocrx_word' id='word_1_39' title='bbox 1388 630 1400 667; x_wconf 91' lang='lat'>:</span> <span class='ocrx_word' id='word_1_40' title='bbox 1434 622 1490 669; x_wconf 90' lang='lat' dir='ltr'><strong>et</strong></span> <span class='ocrx_word' id='word_1_41' title='bbox 1521 615 1776 685; x_wconf 77' lang='lat' dir='ltr'><strong>loquntur</strong></span> <span class='ocrx_word' id='word_1_42' title='bbox 1807 618 2183 687; x_wconf 77' lang='lat' dir='ltr'><strong>unusquisque</strong></span> <span class='ocrx_word' id='word_1_43' title='bbox 2288 621 2461 689; x_wconf 67' lang='lat' dir='ltr'><strong>phetac</strong></span> <span class='ocrx_word' id='word_1_44' title='bbox 2484 630 2646 690; x_wconf 84' lang='lat' dir='ltr'><strong>atque</strong></span> <span class='ocrx_word' id='word_1_45' title='bbox 2673 621 2927 677; x_wconf 80' lang='lat' dir='ltr'><strong>dicebant</strong></span> <span class='ocrx_word' id='word_1_46' title='bbox 2960 639 2975 677; x_wconf 89' lang='lat'><strong>:</strong></span> <span class='ocrx_word' id='word_1_47' title='bbox 3007 622 3139 677; x_wconf 63' lang='lat' dir='ltr'><strong>Hier</strong></span> <span class='ocrx_word' id='word_1_48' title='bbox 3160 623 3290 678; x_wconf 85' lang='lat' dir='ltr'><strong>dicit</strong></span> <span class='ocrx_word' id='word_1_49' title='bbox 3327 623 3623 678; x_wconf 79' lang='lat' dir='ltr'><strong>Dominus.</strong></span> <span class='ocrx_word' id='word_1_50' title='bbox 3662 622 3745 691; x_wconf 82' lang='lat' dir='ltr'><strong>Et,</strong></span> <span class='ocrx_word' id='word_1_51' title='bbox 3780 623 3860 678; x_wconf 70' lang='lat' dir='ltr'><strong>Viti</strong></span> 
     </span>
    </p>
   </div>
   <div class='ocr_carea' id='block_1_5' title="bbox 584 701 3864 788">
    <p class='ocr_par' dir='ltr' id='par_1_5' title="bbox 584 701 3864 788">
     <span class='ocr_line' id='line_1_5' title="bbox 584 701 3864 788; baseline 0.005 -33"><span class='ocrx_word' id='word_1_52' title='bbox 584 701 931 757; x_wconf 75' lang='lat' dir='ltr'><strong>credentium</strong></span> <span class='ocrx_word' id='word_1_53' title='bbox 969 721 980 756; x_wconf 91' lang='lat'><strong>:</strong></span> <span class='ocrx_word' id='word_1_54' title='bbox 1014 701 1233 759; x_wconf 83' lang='lat' dir='ltr'><strong>Gustate</strong></span> <span class='ocrx_word' id='word_1_55' title='bbox 1278 714 1328 760; x_wconf 86' lang='lat' dir='ltr'><strong>et</strong></span> <span class='ocrx_word' id='word_1_56' title='bbox 1364 706 1561 773; x_wconf 79' lang='lat' dir='ltr'><strong>uidete,</strong></span> <span class='ocrx_word' id='word_1_57' title='bbox 1595 710 1843 779; x_wconf 81' lang='lat' dir='ltr'><strong>quoniam</strong></span> <span class='ocrx_word' id='word_1_58' title='bbox 1892 712 2063 765; x_wconf 73' lang='lat' dir='ltr'><strong>suavis</strong></span> <span class='ocrx_word' id='word_1_59' title='bbox 2112 720 2185 765; x_wconf 83' lang='lat' dir='ltr'><strong>est</strong></span> <span class='ocrx_word' id='word_1_60' title='bbox 2288 709 2616 781; x_wconf 84' lang='lat' dir='ltr'><strong>Dominum;</strong></span> <span class='ocrx_word' id='word_1_61' title='bbox 2643 723 2718 779; x_wconf 85' lang='lat' dir='ltr'><strong>et,</strong></span> <span class='ocrx_word' id='word_1_62' title='bbox 2760 713 2987 770; x_wconf 84' lang='lat' dir='ltr'><strong>Verbum</strong></span> <span class='ocrx_word' id='word_1_63' title='bbox 3013 712 3219 770; x_wconf 79' lang='lat' dir='ltr'><strong>Domini</strong></span> <span class='ocrx_word' id='word_1_64' title='bbox 3240 717 3381 788; x_wconf 82' lang='lat' dir='ltr'><strong>quod</strong></span> <span class='ocrx_word' id='word_1_65' title='bbox 3410 719 3714 787; x_wconf 76' lang='lat' dir='ltr'><strong>[actumest</strong></span> <span class='ocrx_word' id='word_1_66' title='bbox 3736 721 3793 770; x_wconf 82' lang='lat' dir='ltr'><strong>ad</strong></span> <span class='ocrx_word' id='word_1_67' title='bbox 3822 718 3864 770; x_wconf 76' lang='lat' dir='ltr'><strong>li-</strong></span> 
     </span>
    </p>
   </div>
   <div class='ocr_carea' id='block_1_6' title="bbox 584 791 3863 873">
    <p class='ocr_par' dir='ltr' id='par_1_6' title="bbox 584 791 3863 873">
     <span class='ocr_line' id='line_1_6' title="bbox 584 791 3863 873; baseline 0.005 -27"><span class='ocrx_word' id='word_1_68' title='bbox 584 791 1328 869; x_wconf 69' lang='lat' dir='ltr'><strong>Dominus(Psat.statu,9).</strong></span> <span class='ocrx_word' id='word_1_69' title='bbox 1354 796 1421 852; x_wconf 88' lang='lat' dir='ltr'><strong>Et</strong></span> <span class='ocrx_word' id='word_1_70' title='bbox 1449 799 1676 868; x_wconf 85' lang='lat' dir='ltr'><strong>pulchre</strong></span> <span class='ocrx_word' id='word_1_71' title='bbox 1693 800 1945 857; x_wconf 73' lang='lat' dir='ltr'><strong>doctrina</strong></span> <span class='ocrx_word' id='word_1_72' title='bbox 1965 816 2188 871; x_wconf 86' lang='lat' dir='ltr'><strong>pervcr-</strong></span> <span class='ocrx_word' id='word_1_73' title='bbox 2291 805 2423 873; x_wconf 90' lang='lat' dir='ltr'><strong>lmn,</strong></span> <span class='ocrx_word' id='word_1_74' title='bbox 2457 808 2572 863; x_wconf 66' lang='lat' dir='ltr'><strong>sise</strong></span> <span class='ocrx_word' id='word_1_75' title='bbox 2605 808 2756 863; x_wconf 86' lang='lat' dir='ltr'><strong>illum</strong></span> <span class='ocrx_word' id='word_1_76' title='bbox 2791 826 2805 862; x_wconf 87' lang='lat'><strong>:</strong></span> <span class='ocrx_word' id='word_1_77' title='bbox 2849 809 2931 864; x_wconf 89' lang='lat' dir='ltr'><strong>sic</strong></span> <span class='ocrx_word' id='word_1_78' title='bbox 2974 807 3220 865; x_wconf 67' lang='lat' dir='ltr'><strong>haeretici</strong></span> <span class='ocrx_word' id='word_1_79' title='bbox 3263 815 3565 866; x_wconf 85' lang='lat' dir='ltr'><strong>assumunt</strong></span> <span class='ocrx_word' id='word_1_80' title='bbox 3603 810 3863 865; x_wconf 73' lang='lat' dir='ltr'><strong>testimonia</strong></span> 
     </span>
    </p>
   </div>
   <div class='ocr_carea' id='block_1_7' title="bbox 586 887 3867 970">
    <p class='ocr_par' dir='ltr' id='par_1_7' title="bbox 586 887 3867 970">
     <span class='ocr_line' id='line_1_7' title="bbox 586 887 3867 970; baseline 0.004 -27"><span class='ocrx_word' id='word_1_81' title='bbox 586 902 649 943; x_wconf 85' lang='lat' dir='ltr'><strong>sa</strong></span> <span class='ocrx_word' id='word_1_82' title='bbox 683 887 854 958; x_wconf 82' lang='lat' dir='ltr'><strong>paleis</strong></span> <span class='ocrx_word' id='word_1_83' title='bbox 891 901 1270 959; x_wconf 86' lang='lat' dir='ltr'><strong>comparatur,</strong></span> <span class='ocrx_word' id='word_1_84' title='bbox 1301 906 1423 963; x_wconf 73' lang='lat' dir='ltr'><strong>quae</strong></span> <span class='ocrx_word' id='word_1_85' title='bbox 1466 893 1758 949; x_wconf 90' lang='lat' dir='ltr'><strong>medullam</strong></span> <span class='ocrx_word' id='word_1_86' title='bbox 1808 910 1918 950; x_wconf 90' lang='lat' dir='ltr'><strong>non</strong></span> <span class='ocrx_word' id='word_1_87' title='bbox 1965 895 2187 964; x_wconf 78' lang='lat' dir='ltr'><strong>habent,</strong></span> <span class='ocrx_word' id='word_1_88' title='bbox 2290 899 2699 970; x_wconf 85' lang='lat' dir='ltr'><strong>Scripturarum</strong></span> <span class='ocrx_word' id='word_1_89' title='bbox 2728 901 2795 956; x_wconf 88' lang='lat' dir='ltr'><strong>de</strong></span> <span class='ocrx_word' id='word_1_90' title='bbox 2824 902 2996 957; x_wconf 86' lang='lat' dir='ltr'><strong>veteri</strong></span> <span class='ocrx_word' id='word_1_91' title='bbox 3024 910 3083 957; x_wconf 89' lang='lat' dir='ltr'><strong>et</strong></span> <span class='ocrx_word' id='word_1_92' title='bbox 3112 916 3256 957; x_wconf 86' lang='lat' dir='ltr'><strong>novo</strong></span> <span class='ocrx_word' id='word_1_93' title='bbox 3296 902 3696 966; x_wconf 85' lang='lat' dir='ltr'><strong>Testamento,</strong></span> <span class='ocrx_word' id='word_1_94' title='bbox 3733 912 3780 957; x_wconf 89' lang='lat' dir='ltr'><strong>et</strong></span> <span class='ocrx_word' id='word_1_95' title='bbox 3809 901 3867 957; x_wconf 63' lang='lat' dir='ltr'><strong>lu.</strong></span> 
     </span>
    </p>
   </div>
   <div class='ocr_carea' id='block_1_8' title="bbox 592 984 2192 1056">
    <p class='ocr_par' dir='ltr' id='par_1_8' title="bbox 592 984 2192 1056">
     <span class='ocr_line' id='line_1_8' title="bbox 592 984 2192 1056; baseline 0.005 -22"><span class='ocrx_word' id='word_1_96' title='bbox 592 996 694 1039; x_wconf 89' lang='lat' dir='ltr'><strong>nec</strong></span> <span class='ocrx_word' id='word_1_97' title='bbox 720 992 946 1052; x_wconf 84' lang='lat' dir='ltr'><strong>possunt</strong></span> <span class='ocrx_word' id='word_1_98' title='bbox 974 984 1186 1040; x_wconf 90' lang='lat' dir='ltr'><strong>nutrire</strong></span> <span class='ocrx_word' id='word_1_99' title='bbox 1207 985 1545 1041; x_wconf 84' lang='lat' dir='ltr'><strong>credentium</strong></span> <span class='ocrx_word' id='word_1_100' title='bbox 1576 985 1832 1056; x_wconf 88' lang='lat' dir='ltr'><strong>populos,</strong></span> <span class='ocrx_word' id='word_1_101' title='bbox 1866 988 1959 1043; x_wconf 89' lang='lat' dir='ltr'><strong>sed</strong></span> <span class='ocrx_word' id='word_1_102' title='bbox 1983 987 2052 1044; x_wconf 91' lang='lat' dir='ltr'><strong>de</strong></span> <span class='ocrx_word' id='word_1_103' title='bbox 2075 989 2192 1043; x_wconf 87' lang='lat' dir='ltr'><strong>ina-</strong></span> 
     </span>
    </p>
   </div>
   <div class='ocr_carea' id='block_1_9' title="bbox 590 1075 2192 1149">
    <p class='ocr_par' dir='ltr' id='par_1_9' title="bbox 590 1075 2192 1149">
     <span class='ocr_line' id='line_1_9' title="bbox 590 1075 2192 1149; baseline 0.005 -20"><span class='ocrx_word' id='word_1_104' title='bbox 590 1075 751 1129; x_wconf 86' lang='lat' dir='ltr'><strong>nibns</strong></span> <span class='ocrx_word' id='word_1_105' title='bbox 781 1076 999 1145; x_wconf 79' lang='lat' dir='ltr'><strong>stipulis</strong></span> <span class='ocrx_word' id='word_1_106' title='bbox 1039 1086 1422 1133; x_wconf 83' lang='lat' dir='ltr'><strong>eonteruntur.</strong></span> <span class='ocrx_word' id='word_1_107' title='bbox 1473 1079 1539 1134; x_wconf 85' lang='lat' dir='ltr'><strong>Et</strong></span> <span class='ocrx_word' id='word_1_108' title='bbox 1567 1078 1695 1149; x_wconf 83' lang='lat' dir='ltr'><strong>quia</strong></span> <span class='ocrx_word' id='word_1_109' title='bbox 1725 1080 1905 1136; x_wconf 82' lang='lat' dir='ltr'><strong>solent</strong></span> <span class='ocrx_word' id='word_1_110' title='bbox 1952 1081 2192 1137; x_wconf 65' lang='lat' dir='ltr'><strong>heretici</strong></span> 
     </span>
    </p>
   </div>
   <div class='ocr_carea' id='block_1_10' title="bbox 588 1170 2193 1245">
    <p class='ocr_par' dir='ltr' id='par_1_10' title="bbox 588 1170 2193 1245">
     <span class='ocr_line' id='line_1_10' title="bbox 588 1170 2193 1245; baseline 0.004 -22"><span class='ocrx_word' id='word_1_111' title='bbox 588 1184 807 1238; x_wconf 81' lang='lat' dir='ltr'><strong>semper</strong></span> <span class='ocrx_word' id='word_1_112' title='bbox 837 1185 1099 1240; x_wconf 65' lang='lat' dir='ltr'><strong>prosttera</strong></span> <span class='ocrx_word' id='word_1_113' title='bbox 1129 1170 1402 1241; x_wconf 87' lang='lat' dir='ltr'><strong>polliceri,</strong></span> <span class='ocrx_word' id='word_1_114' title='bbox 1423 1182 1478 1229; x_wconf 90' lang='lat' dir='ltr'><strong>et</strong></span> <span class='ocrx_word' id='word_1_115' title='bbox 1506 1173 1775 1228; x_wconf 62' lang='lat' dir='ltr'><strong>calorum</strong></span> <span class='ocrx_word' id='word_1_116' title='bbox 1804 1188 1968 1245; x_wconf 88' lang='lat' dir='ltr'><strong>regna</strong></span> <span class='ocrx_word' id='word_1_117' title='bbox 2001 1188 2193 1245; x_wconf 83' lang='lat' dir='ltr'><strong>pecca-</strong></span> 
     </span>
    </p>
   </div>
   <div class='ocr_carea' id='block_1_11' title="bbox 593 1264 2195 1343">
    <p class='ocr_par' dir='ltr' id='par_1_11' title="bbox 593 1264 2195 1343">
     <span class='ocr_line' id='line_1_11' title="bbox 593 1264 2195 1343; baseline 0.006 -23"><span class='ocrx_word' id='word_1_118' title='bbox 593 1264 805 1320; x_wconf 72' lang='lat' dir='ltr'><strong>toribus</strong></span> <span class='ocrx_word' id='word_1_119' title='bbox 841 1266 1081 1336; x_wconf 77' lang='lat' dir='ltr'><strong>pandere</strong></span> <span class='ocrx_word' id='word_1_120' title='bbox 1114 1284 1129 1322; x_wconf 86' lang='lat'><strong>:</strong></span> <span class='ocrx_word' id='word_1_121' title='bbox 1158 1274 1219 1321; x_wconf 90' lang='lat' dir='ltr'><strong>ut</strong></span> <span class='ocrx_word' id='word_1_122' title='bbox 1257 1265 1468 1332; x_wconf 84' lang='lat' dir='ltr'><strong>dicant,</strong></span> <span class='ocrx_word' id='word_1_123' title='bbox 1506 1277 1691 1338; x_wconf 87' lang='lat' dir='ltr'><strong>parata</strong></span> <span class='ocrx_word' id='word_1_124' title='bbox 1730 1280 1862 1326; x_wconf 86' lang='lat' dir='ltr'><strong>sunt</strong></span> <span class='ocrx_word' id='word_1_125' title='bbox 1889 1273 1990 1327; x_wconf 87' lang='lat' dir='ltr'><strong>tibi</strong></span> <span class='ocrx_word' id='word_1_126' title='bbox 2029 1288 2195 1343; x_wconf 76' lang='lat' dir='ltr'><strong>regns</strong></span> 
     </span>
    </p>
   </div>
   <div class='ocr_carea' id='block_1_12' title="bbox 591 1358 2197 1437">
    <p class='ocr_par' dir='ltr' id='par_1_12' title="bbox 591 1358 2197 1437">
     <span class='ocr_line' id='line_1_12' title="bbox 591 1358 2197 1437; baseline 0.005 -23"><span class='ocrx_word' id='word_1_127' title='bbox 591 1358 1066 1430; x_wconf 72' lang='lat' dir='ltr'><strong>cmlurum,p0tes</strong></span> <span class='ocrx_word' id='word_1_128' title='bbox 1117 1359 1319 1416; x_wconf 72' lang='lat' dir='ltr'><strong>imitari</strong></span> <span class='ocrx_word' id='word_1_129' title='bbox 1360 1361 1700 1431; x_wconf 75' lang='lat' dir='ltr'><strong>maiestatem</strong></span> <span class='ocrx_word' id='word_1_130' title='bbox 1743 1362 1861 1426; x_wconf 86' lang='lat' dir='ltr'><strong>Dei,</strong></span> <span class='ocrx_word' id='word_1_131' title='bbox 1889 1373 1948 1420; x_wconf 90' lang='lat' dir='ltr'><strong>ut</strong></span> <span class='ocrx_word' id='word_1_132' title='bbox 1991 1366 2197 1437; x_wconf 79' lang='lat' dir='ltr'><strong>absque</strong></span> 
     </span>
    </p>
   </div>
   <div class='ocr_carea' id='block_1_13' title="bbox 594 1455 2197 1528">
    <p class='ocr_par' dir='ltr' id='par_1_13' title="bbox 594 1455 2197 1528">
     <span class='ocr_line' id='line_1_13' title="bbox 594 1455 2197 1528; baseline 0.004 -19"><span class='ocrx_word' id='word_1_133' title='bbox 594 1463 821 1525; x_wconf 87' lang='lat' dir='ltr'><strong>peccato</strong></span> <span class='ocrx_word' id='word_1_134' title='bbox 851 1455 963 1520; x_wconf 85' lang='lat' dir='ltr'><strong>sis;</strong></span> <span class='ocrx_word' id='word_1_135' title='bbox 997 1455 1259 1525; x_wconf 89' lang='lat' dir='ltr'><strong>accepisti</strong></span> <span class='ocrx_word' id='word_1_136' title='bbox 1291 1456 1440 1511; x_wconf 90' lang='lat' dir='ltr'><strong>enim</strong></span> <span class='ocrx_word' id='word_1_137' title='bbox 1487 1456 1642 1513; x_wconf 86' lang='lat' dir='ltr'><strong>liberi</strong></span> <span class='ocrx_word' id='word_1_138' title='bbox 1692 1457 1907 1514; x_wconf 79' lang='lat' dir='ltr'><strong>arbitrii</strong></span> <span class='ocrx_word' id='word_1_139' title='bbox 1954 1468 2197 1528; x_wconf 86' lang='lat' dir='ltr'><strong>potesta-</strong></span> 
     </span>
    </p>
   </div>
   <div class='ocr_carea' id='block_1_14' title="bbox 596 1549 2198 1623">
    <p class='ocr_par' dir='ltr' id='par_1_14' title="bbox 596 1549 2198 1623">
     <span class='ocr_line' id='line_1_14' title="bbox 596 1549 2198 1623; baseline 0.004 -21"><span class='ocrx_word' id='word_1_140' title='bbox 596 1559 725 1613; x_wconf 89' lang='lat' dir='ltr'><strong>tem,</strong></span> <span class='ocrx_word' id='word_1_141' title='bbox 759 1556 813 1603; x_wconf 90' lang='lat' dir='ltr'><strong>et</strong></span> <span class='ocrx_word' id='word_1_142' title='bbox 845 1549 979 1620; x_wconf 91' lang='lat' dir='ltr'><strong>legis</strong></span> <span class='ocrx_word' id='word_1_143' title='bbox 1010 1550 1322 1613; x_wconf 81' lang='lat' dir='ltr'><strong>scientiam,</strong></span> <span class='ocrx_word' id='word_1_144' title='bbox 1350 1563 1443 1619; x_wconf 91' lang='lat' dir='ltr'><strong>per</strong></span> <span class='ocrx_word' id='word_1_145' title='bbox 1474 1567 1635 1620; x_wconf 83' lang='lat' dir='ltr'><strong>quam</strong></span> <span class='ocrx_word' id='word_1_146' title='bbox 1665 1550 2027 1622; x_wconf 86' lang='lat' dir='ltr'><strong>consequaris</strong></span> <span class='ocrx_word' id='word_1_147' title='bbox 2054 1553 2198 1623; x_wconf 89' lang='lat' dir='ltr'><strong>quod</strong></span> 
     </span>
    </p>
   </div>
   <div class='ocr_carea' id='block_1_15' title="bbox 596 1640 2204 1712">
    <p class='ocr_par' dir='ltr' id='par_1_15' title="bbox 596 1640 2204 1712">
     <span class='ocr_line' id='line_1_15' title="bbox 596 1640 2204 1712; baseline 0.005 -19"><span class='ocrx_word' id='word_1_148' title='bbox 596 1640 838 1695; x_wconf 89' lang='lat' dir='ltr'><strong>volucris</strong></span> <span class='ocrx_word' id='word_1_149' title='bbox 874 1658 887 1691; x_wconf 91' lang='lat'><strong>:</strong></span> <span class='ocrx_word' id='word_1_150' title='bbox 919 1640 1315 1712; x_wconf 84' lang='lat' dir='ltr'><strong>decipiunlque</strong></span> <span class='ocrx_word' id='word_1_151' title='bbox 1345 1641 1628 1697; x_wconf 78' lang='lat' dir='ltr'><strong>blanditiis</strong></span> <span class='ocrx_word' id='word_1_152' title='bbox 1659 1645 1917 1710; x_wconf 67' lang='lat' dir='ltr'><strong>miseros,</strong></span> <span class='ocrx_word' id='word_1_153' title='bbox 1946 1654 2001 1699; x_wconf 89' lang='lat' dir='ltr'><strong>ct</strong></span> <span class='ocrx_word' id='word_1_154' title='bbox 2039 1646 2204 1700; x_wconf 80' lang='lat' dir='ltr'><strong>maxi-</strong></span> 
     </span>
    </p>
   </div>
   <div class='ocr_carea' id='block_1_16' title="bbox 596 1733 2197 1823">
    <p class='ocr_par' dir='ltr' id='par_1_16' title="bbox 596 1733 2197 1823">
     <span class='ocr_line' id='line_1_16' title="bbox 596 1733 2197 1823; baseline 0.004 -35"><span class='ocrx_word' id='word_1_155' title='bbox 596 1748 683 1789; x_wconf 90' lang='lat' dir='ltr'><strong>me</strong></span> <span class='ocrx_word' id='word_1_156' title='bbox 726 1733 1080 1790; x_wconf 83' lang='lat' dir='ltr'><strong>mulierculas</strong></span> <span class='ocrx_word' id='word_1_157' title='bbox 1126 1750 1384 1823; x_wconf 71' lang='lat' dir='ltr'><strong>oneratas</strong></span> <span class='ocrx_word' id='word_1_158' title='bbox 1438 1737 1703 1806; x_wconf 79' lang='lat' dir='ltr'><strong>peccatis,</strong></span> <span class='ocrx_word' id='word_1_159' title='bbox 1737 1754 1861 1809; x_wconf 66' lang='lat' dir='ltr'><strong>qua:</strong></span> <span class='ocrx_word' id='word_1_160' title='bbox 1906 1739 2197 1795; x_wconf 75' lang='lat' dir='ltr'><strong>circumfe-</strong></span> 
     </span>
    </p>
   </div>
   <div class='ocr_carea' id='block_1_17' title="bbox 2295 996 3863 1069">
    <p class='ocr_par' dir='ltr' id='par_1_17' title="bbox 2295 996 3863 1069">
     <span class='ocr_line' id='line_1_17' title="bbox 2295 996 3863 1069; baseline -0.003 -20"><span class='ocrx_word' id='word_1_161' title='bbox 2295 1002 2482 1050; x_wconf 80' lang='lat' dir='ltr'><strong>runtur</strong></span> <span class='ocrx_word' id='word_1_162' title='bbox 2509 997 2671 1051; x_wconf 75' lang='lat' dir='ltr'><strong>verha</strong></span> <span class='ocrx_word' id='word_1_163' title='bbox 2704 996 3003 1052; x_wconf 79' lang='lat' dir='ltr'><strong>Salvatnris</strong></span> <span class='ocrx_word' id='word_1_164' title='bbox 3035 998 3408 1069; x_wconf 83' lang='lat' dir='ltr'><strong>unusquisque</strong></span> <span class='ocrx_word' id='word_1_165' title='bbox 3431 1006 3462 1050; x_wconf 83' lang='lat' dir='ltr'><strong>a</strong></span> <span class='ocrx_word' id='word_1_166' title='bbox 3499 997 3757 1068; x_wconf 78' lang='lat' dir='ltr'><strong>proximo</strong></span> <span class='ocrx_word' id='word_1_167' title='bbox 3778 1011 3863 1061; x_wconf 65' lang='lat' dir='ltr'><strong>sua,</strong></span> 
     </span>
    </p>
   </div>
   <div class='ocr_carea' id='block_1_18' title="bbox 2296 1086 3867 1160">
    <p class='ocr_par' dir='ltr' id='par_1_18' title="bbox 2296 1086 3867 1160">
     <span class='ocr_line' id='line_1_18' title="bbox 2296 1086 3867 1160; baseline 0 -18"><span class='ocrx_word' id='word_1_168' title='bbox 2296 1086 2582 1157; x_wconf 79' lang='lat' dir='ltr'><strong>Prnpltetis</strong></span> <span class='ocrx_word' id='word_1_169' title='bbox 2605 1096 2664 1143; x_wconf 89' lang='lat' dir='ltr'><strong>et</strong></span> <span class='ocrx_word' id='word_1_170' title='bbox 2690 1086 3001 1159; x_wconf 78' lang='lat' dir='ltr'><strong>Apostolis,</strong></span> <span class='ocrx_word' id='word_1_171' title='bbox 3027 1098 3083 1145; x_wconf 90' lang='lat' dir='ltr'><strong>et</strong></span> <span class='ocrx_word' id='word_1_172' title='bbox 3106 1088 3472 1160; x_wconf 77' lang='lat' dir='ltr'><strong>Evangelistis</strong></span> <span class='ocrx_word' id='word_1_173' title='bbox 3509 1106 3526 1142; x_wconf 90' lang='lat'><strong>:</strong></span> <span class='ocrx_word' id='word_1_174' title='bbox 3554 1097 3615 1144; x_wconf 89' lang='lat' dir='ltr'><strong>et</strong></span> <span class='ocrx_word' id='word_1_175' title='bbox 3630 1096 3867 1143; x_wconf 79' lang='lat' dir='ltr'><strong>assumunt</strong></span> 
     </span>
    </p>
   </div>
   <div class='ocr_carea' id='block_1_19' title="bbox 2298 1181 3869 1254">
    <p class='ocr_par' dir='ltr' id='par_1_19' title="bbox 2298 1181 3869 1254">
     <span class='ocr_line' id='line_1_19' title="bbox 2298 1181 3869 1254; baseline 0.001 -18"><span class='ocrx_word' id='word_1_176' title='bbox 2298 1182 2509 1253; x_wconf 83' lang='lat' dir='ltr'><strong>linguas</strong></span> <span class='ocrx_word' id='word_1_177' title='bbox 2543 1196 2693 1248; x_wconf 85' lang='lat' dir='ltr'><strong>suas,</strong></span> <span class='ocrx_word' id='word_1_178' title='bbox 2728 1191 2788 1237; x_wconf 90' lang='grc' dir='ltr'><strong>ιιι</strong></span> <span class='ocrx_word' id='word_1_179' title='bbox 2829 1182 3015 1238; x_wconf 84' lang='lat' dir='ltr'><strong>cordis</strong></span> <span class='ocrx_word' id='word_1_180' title='bbox 3057 1196 3263 1240; x_wconf 86' lang='lat' dir='ltr'><strong>venena</strong></span> <span class='ocrx_word' id='word_1_181' title='bbox 3307 1196 3407 1238; x_wconf 87' lang='lat' dir='ltr'><strong>ore</strong></span> <span class='ocrx_word' id='word_1_182' title='bbox 3437 1181 3810 1254; x_wconf 80' lang='lat' dir='ltr'><strong>pronuntient,</strong></span> <span class='ocrx_word' id='word_1_183' title='bbox 3832 1190 3869 1238; x_wconf 79' lang='lat' dir='ltr'><strong>et</strong></span> 
     </span>
    </p>
   </div>
   <div class='ocr_carea' id='block_1_20' title="bbox 2299 1275 3869 1348">
    <p class='ocr_par' dir='ltr' id='par_1_20' title="bbox 2299 1275 3869 1348">
     <span class='ocr_line' id='line_1_20' title="bbox 2299 1275 3869 1348; baseline 0 -18"><span class='ocrx_word' id='word_1_184' title='bbox 2299 1275 2602 1332; x_wconf 87' lang='lat' dir='ltr'><strong>dormitant</strong></span> <span class='ocrx_word' id='word_1_185' title='bbox 2647 1277 3118 1343; x_wconf 85' lang='lat' dir='ltr'><strong>dormitationem,</strong></span> <span class='ocrx_word' id='word_1_186' title='bbox 3161 1278 3230 1333; x_wconf 89' lang='lat' dir='ltr'><strong>dc</strong></span> <span class='ocrx_word' id='word_1_187' title='bbox 3268 1276 3474 1348; x_wconf 82' lang='lat' dir='ltr'><strong>quibus</strong></span> <span class='ocrx_word' id='word_1_188' title='bbox 3528 1292 3666 1333; x_wconf 80' lang='lat' dir='ltr'><strong>vere</strong></span> <span class='ocrx_word' id='word_1_189' title='bbox 3709 1276 3869 1332; x_wconf 67' lang='lat' dir='ltr'><strong>dictum</strong></span> 
     </span>
    </p>
   </div>
   <div class='ocr_carea' id='block_1_21' title="bbox 2299 1369 3871 1439">
    <p class='ocr_par' dir='ltr' id='par_1_21' title="bbox 2299 1369 3871 1439">
     <span class='ocr_line' id='line_1_21' title="bbox 2299 1369 3871 1439; baseline -0.001 -14"><span class='ocrx_word' id='word_1_190' title='bbox 2299 1381 2384 1426; x_wconf 91' lang='lat' dir='ltr'><strong>est</strong></span> <span class='ocrx_word' id='word_1_191' title='bbox 2417 1388 2430 1424; x_wconf 88' lang='lat'><strong>:</strong></span> <span class='ocrx_word' id='word_1_192' title='bbox 2468 1370 2893 1426; x_wconf 85' lang='lat' dir='ltr'><strong>Dormitaverunt</strong></span> <span class='ocrx_word' id='word_1_193' title='bbox 2943 1384 3182 1426; x_wconf 85' lang='lat' dir='ltr'><strong>somnum</strong></span> <span class='ocrx_word' id='word_1_194' title='bbox 3216 1386 3392 1439; x_wconf 83' lang='lat' dir='ltr'><strong>suum,</strong></span> <span class='ocrx_word' id='word_1_195' title='bbox 3426 1381 3475 1425; x_wconf 86' lang='lat' dir='ltr'><strong>et</strong></span> <span class='ocrx_word' id='word_1_196' title='bbox 3525 1369 3666 1425; x_wconf 67' lang='lat' dir='ltr'><strong>nihil</strong></span> <span class='ocrx_word' id='word_1_197' title='bbox 3703 1370 3871 1423; x_wconf 76' lang='lat' dir='ltr'><strong>insene-</strong></span> 
     </span>
    </p>
   </div>
   <div class='ocr_carea' id='block_1_22' title="bbox 2299 1461 3871 1538">
    <p class='ocr_par' dir='ltr' id='par_1_22' title="bbox 2299 1461 3871 1538">
     <span class='ocr_line' id='line_1_22' title="bbox 2299 1461 3871 1538; baseline -0.004 -17"><span class='ocrx_word' id='word_1_198' title='bbox 2299 1476 2421 1521; x_wconf 86' lang='lat' dir='ltr'><strong>runt</strong></span> <span class='ocrx_word' id='word_1_199' title='bbox 2461 1464 2637 1538; x_wconf 82' lang='lat' dir='ltr'><strong>(Psal.</strong></span> <span class='ocrx_word' id='word_1_200' title='bbox 2680 1479 2862 1532; x_wconf 75' lang='lat' dir='ltr'><strong>um,</strong></span> <span class='ocrx_word' id='word_1_201' title='bbox 2902 1467 2995 1537; x_wconf 81' lang='lat'><strong>5).</strong></span> <span class='ocrx_word' id='word_1_202' title='bbox 3029 1465 3159 1522; x_wconf 82' lang='lat' dir='ltr'><strong>Sive</strong></span> <span class='ocrx_word' id='word_1_203' title='bbox 3196 1465 3352 1535; x_wconf 77' lang='lat' dir='ltr'><strong>juxta</strong></span> <span class='ocrx_word' id='word_1_204' title='bbox 3412 1464 3748 1520; x_wconf 82' lang='lat' dir='ltr'><strong>Hebraicum</strong></span> <span class='ocrx_word' id='word_1_205' title='bbox 3784 1461 3871 1515; x_wconf 81' lang='lat' dir='ltr'><strong>:Et</strong></span> 
     </span>
    </p>
   </div>
   <div class='ocr_carea' id='block_1_23' title="bbox 2304 1552 3871 1627">
    <p class='ocr_par' dir='ltr' id='par_1_23' title="bbox 2304 1552 3871 1627">
     <span class='ocr_line' id='line_1_23' title="bbox 2304 1552 3871 1627; baseline -0.004 -15"><span class='ocrx_word' id='word_1_206' title='bbox 2304 1559 2452 1613; x_wconf 84' lang='lat' dir='ltr'><strong>aiunt</strong></span> <span class='ocrx_word' id='word_1_207' title='bbox 2486 1558 2641 1625; x_wconf 81' lang='lat' dir='ltr'><strong>dicit,</strong></span> <span class='ocrx_word' id='word_1_208' title='bbox 2672 1568 2728 1613; x_wconf 92' lang='lat' dir='ltr'><strong>ut</strong></span> <span class='ocrx_word' id='word_1_209' title='bbox 2766 1559 3125 1613; x_wconf 88' lang='lat' dir='ltr'><strong>subaudiatur</strong></span> <span class='ocrx_word' id='word_1_210' title='bbox 3151 1555 3433 1624; x_wconf 78' lang='lat' dir='ltr'><strong>Dominus,</strong></span> <span class='ocrx_word' id='word_1_211' title='bbox 3461 1566 3566 1611; x_wconf 85' lang='lat' dir='ltr'><strong>aut</strong></span> <span class='ocrx_word' id='word_1_212' title='bbox 3612 1565 3757 1612; x_wconf 89' lang='lat' dir='ltr'><strong>certe</strong></span> <span class='ocrx_word' id='word_1_213' title='bbox 3790 1552 3871 1627; x_wconf 82' lang='grc' dir='ltr'><strong>[ΑΙ.</strong></span> 
     </span>
    </p>
   </div>
   <div class='ocr_carea' id='block_1_24' title="bbox 2306 1647 3871 1724">
    <p class='ocr_par' dir='ltr' id='par_1_24' title="bbox 2306 1647 3871 1724">
     <span class='ocr_line' id='line_1_24' title="bbox 2306 1647 3871 1724; baseline -0.004 -18"><span class='ocrx_word' id='word_1_214' title='bbox 2306 1650 2487 1724; x_wconf 83' lang='lat' dir='ltr'><strong>forte],</strong></span> <span class='ocrx_word' id='word_1_215' title='bbox 2519 1666 2691 1706; x_wconf 88' lang='lat' dir='ltr'><strong>sermo</strong></span> <span class='ocrx_word' id='word_1_216' title='bbox 2736 1651 2966 1706; x_wconf 82' lang='lat' dir='ltr'><strong>divinus.</strong></span> <span class='ocrx_word' id='word_1_217' title='bbox 3001 1649 3382 1706; x_wconf 89' lang='lat' dir='ltr'><strong>Comminatur</strong></span> <span class='ocrx_word' id='word_1_218' title='bbox 3413 1649 3613 1720; x_wconf 83' lang='lat' dir='ltr'><strong>itaque</strong></span> <span class='ocrx_word' id='word_1_219' title='bbox 3649 1647 3871 1702; x_wconf 82' lang='lat' dir='ltr'><strong>Dominus</strong></span> 
     </span>
    </p>
   </div>
   <div class='ocr_carea' id='block_1_25' title="bbox 2308 1739 3874 1816">
    <p class='ocr_par' dir='ltr' id='par_1_25' title="bbox 2308 1739 3874 1816">
     <span class='ocr_line' id='line_1_25' title="bbox 2308 1739 3874 1816; baseline -0.003 -20"><span class='ocrx_word' id='word_1_220' title='bbox 2308 1742 2417 1815; x_wconf 82' lang='grc' dir='ltr'><strong>[ΑΙ.</strong></span> <span class='ocrx_word' id='word_1_221' title='bbox 2450 1744 2597 1798; x_wconf 81' lang='lat' dir='ltr'><strong>addit</strong></span> <span class='ocrx_word' id='word_1_222' title='bbox 2625 1743 2787 1816; x_wconf 90' lang='lat' dir='ltr'><strong>nunc]</strong></span> <span class='ocrx_word' id='word_1_223' title='bbox 2810 1745 3050 1814; x_wconf 85' lang='lat' dir='ltr'><strong>seipsum</strong></span> <span class='ocrx_word' id='word_1_224' title='bbox 3082 1751 3269 1798; x_wconf 87' lang='lat' dir='ltr'><strong>contra</strong></span> <span class='ocrx_word' id='word_1_225' title='bbox 3304 1739 3701 1813; x_wconf 84' lang='lat' dir='ltr'><strong>hujuscemodi</strong></span> <span class='ocrx_word' id='word_1_226' title='bbox 3723 1740 3874 1809; x_wconf 64' lang='lat' dir='ltr'><strong>magis</strong></span> 
     </span>
    </p>
   </div>
   <div class='ocr_carea' id='block_1_26' title="bbox 595 1829 3867 1907">
    <p class='ocr_par' dir='ltr' id='par_1_26' title="bbox 595 1829 3867 1907">
     <span class='ocr_line' id='line_1_26' title="bbox 595 1829 3867 1907; baseline 0.001 -24"><span class='ocrx_word' id='word_1_227' title='bbox 595 1838 793 1883; x_wconf 90' lang='lat' dir='ltr'><strong>runtur</strong></span> <span class='ocrx_word' id='word_1_228' title='bbox 839 1829 988 1883; x_wconf 80' lang='lat' dir='ltr'><strong>onuti</strong></span> <span class='ocrx_word' id='word_1_229' title='bbox 1045 1844 1212 1886; x_wconf 82' lang='lat' dir='ltr'><strong>vento</strong></span> <span class='ocrx_word' id='word_1_230' title='bbox 1253 1830 1547 1894; x_wconf 81' lang='lat' dir='ltr'><strong>doctrinae.</strong></span> <span class='ocrx_word' id='word_1_231' title='bbox 1576 1846 1800 1903; x_wconf 88' lang='lat' dir='ltr'><strong>semper</strong></span> <span class='ocrx_word' id='word_1_232' title='bbox 1832 1832 2110 1890; x_wconf 81' lang='lat' dir='ltr'><strong>discentes</strong></span> <span class='ocrx_word' id='word_1_233' title='bbox 2144 1845 2199 1889; x_wconf 91' lang='lat' dir='ltr'><strong>et</strong></span> <span class='ocrx_word' id='word_1_234' title='bbox 2233 1837 2275 1898; x_wconf 77' lang='grc' dir='ltr'><strong>Β</strong></span> <span class='ocrx_word' id='word_1_235' title='bbox 2308 1847 2420 1891; x_wconf 90' lang='lat' dir='ltr'><strong>tros</strong></span> <span class='ocrx_word' id='word_1_236' title='bbox 2450 1851 2573 1891; x_wconf 82' lang='lat' dir='ltr'><strong>esse</strong></span> <span class='ocrx_word' id='word_1_237' title='bbox 2618 1847 2929 1901; x_wconf 83' lang='lat' dir='ltr'><strong>venturum.</strong></span> <span class='ocrx_word' id='word_1_238' title='bbox 2963 1837 3053 1907; x_wconf 86' lang='lat' dir='ltr'><strong>qui</strong></span> <span class='ocrx_word' id='word_1_239' title='bbox 3094 1834 3368 1892; x_wconf 88' lang='lat' dir='ltr'><strong>seducunt</strong></span> <span class='ocrx_word' id='word_1_240' title='bbox 3392 1833 3672 1906; x_wconf 87' lang='lat' dir='ltr'><strong>populum</strong></span> <span class='ocrx_word' id='word_1_241' title='bbox 3696 1832 3801 1902; x_wconf 69' lang='lat' dir='ltr'><strong>eius</strong></span> <span class='ocrx_word' id='word_1_242' title='bbox 3830 1831 3867 1883; x_wconf 80' lang='lat' dir='ltr'><strong>is</strong></span> 
     </span>
    </p>
   </div>
   <div class='ocr_carea' id='block_1_27' title="bbox 596 1920 2199 1993">
    <p class='ocr_par' dir='ltr' id='par_1_27' title="bbox 596 1920 2199 1993">
     <span class='ocr_line' id='line_1_27' title="bbox 596 1920 2199 1993; baseline 0.006 -20"><span class='ocrx_word' id='word_1_243' title='bbox 596 1934 890 1990; x_wconf 85' lang='lat' dir='ltr'><strong>numquam</strong></span> <span class='ocrx_word' id='word_1_244' title='bbox 918 1920 984 1975; x_wconf 91' lang='lat' dir='ltr'><strong>ad</strong></span> <span class='ocrx_word' id='word_1_245' title='bbox 1010 1920 1294 1977; x_wconf 85' lang='lat' dir='ltr'><strong>scientiam</strong></span> <span class='ocrx_word' id='word_1_246' title='bbox 1315 1922 1561 1978; x_wconf 83' lang='lat' dir='ltr'><strong>veritatis</strong></span> <span class='ocrx_word' id='word_1_247' title='bbox 1586 1927 1989 1993; x_wconf 63' lang='lat' dir='ltr'><strong>pervenientes,</strong></span> <span class='ocrx_word' id='word_1_248' title='bbox 2014 1937 2071 1981; x_wconf 92' lang='lat' dir='ltr'><strong>et</strong></span> <span class='ocrx_word' id='word_1_249' title='bbox 2088 1941 2199 1981; x_wconf 84' lang='lat' dir='ltr'><strong>om-</strong></span> 
     </span>
    </p>
   </div>
   <div class='ocr_carea' id='block_1_28' title="bbox 597 2012 2196 2089">
    <p class='ocr_par' dir='ltr' id='par_1_28' title="bbox 597 2012 2196 2089">
     <span class='ocr_line' id='line_1_28' title="bbox 597 2012 2196 2089; baseline 0.004 -22"><span class='ocrx_word' id='word_1_250' title='bbox 597 2027 698 2067; x_wconf 65' lang='grc' dir='ltr'>ιιθς</span> <span class='ocrx_word' id='word_1_251' title='bbox 725 2012 1002 2068; x_wconf 65' lang='lat' dir='ltr'><strong>auditores</strong></span> <span class='ocrx_word' id='word_1_252' title='bbox 1034 2028 1165 2068; x_wconf 88' lang='lat' dir='ltr'><strong>suos</strong></span> <span class='ocrx_word' id='word_1_253' title='bbox 1188 2013 1507 2071; x_wconf 81' lang='lat' dir='ltr'><strong>adulatiOne</strong></span> <span class='ocrx_word' id='word_1_254' title='bbox 1535 2015 1812 2085; x_wconf 87' lang='lat' dir='ltr'><strong>decipiunt</strong></span> <span class='ocrx_word' id='word_1_255' title='bbox 1836 2016 2061 2088; x_wconf 75' lang='lat' dir='ltr'><strong>(Ephes.</strong></span> <span class='ocrx_word' id='word_1_256' title='bbox 2090 2017 2196 2089; x_wconf 79' lang='lat' dir='ltr'><strong>tv);</strong></span> 
     </span>
    </p>
   </div>
   <div class='ocr_carea' id='block_1_29' title="bbox 598 2103 2201 2181">
    <p class='ocr_par' dir='ltr' id='par_1_29' title="bbox 598 2103 2201 2181">
     <span class='ocr_line' id='line_1_29' title="bbox 598 2103 2201 2181; baseline 0.006 -22"><span class='ocrx_word' id='word_1_257' title='bbox 598 2103 809 2160; x_wconf 87' lang='lat' dir='ltr'><strong>idcirco</strong></span> <span class='ocrx_word' id='word_1_258' title='bbox 835 2105 1096 2161; x_wconf 85' lang='lat' dir='ltr'><strong>Dominus</strong></span> <span class='ocrx_word' id='word_1_259' title='bbox 1121 2108 1282 2163; x_wconf 77' lang='lat' dir='ltr'><strong>verba</strong></span> <span class='ocrx_word' id='word_1_260' title='bbox 1314 2123 1411 2162; x_wconf 87' lang='lat' dir='ltr'><strong>sua</strong></span> <span class='ocrx_word' id='word_1_261' title='bbox 1439 2107 1826 2165; x_wconf 63' lang='lat' dir='ltr'><strong>haereticorum</strong></span> <span class='ocrx_word' id='word_1_262' title='bbox 1857 2111 2028 2181; x_wconf 87' lang='lat' dir='ltr'><strong>paleis</strong></span> <span class='ocrx_word' id='word_1_263' title='bbox 2049 2126 2201 2168; x_wconf 85' lang='lat' dir='ltr'><strong>cout-</strong></span> 
     </span>
    </p>
   </div>
   <div class='ocr_carea' id='block_1_30' title="bbox 602 2198 2197 2281">
    <p class='ocr_par' dir='ltr' id='par_1_30' title="bbox 602 2198 2197 2281">
     <span class='ocr_line' id='line_1_30' title="bbox 602 2198 2197 2281; baseline 0.008 -31"><span class='ocrx_word' id='word_1_264' title='bbox 602 2213 801 2269; x_wconf 86' lang='lat' dir='ltr'><strong>parans</strong></span> <span class='ocrx_word' id='word_1_265' title='bbox 818 2200 984 2254; x_wconf 87' lang='lat' dir='ltr'><strong>dicit:</strong></span> <span class='ocrx_word' id='word_1_266' title='bbox 1013 2198 1284 2271; x_wconf 75' lang='lat' dir='ltr'><strong>Numquid</strong></span> <span class='ocrx_word' id='word_1_267' title='bbox 1303 2218 1407 2257; x_wconf 86' lang='lat' dir='ltr'><strong>non</strong></span> <span class='ocrx_word' id='word_1_268' title='bbox 1431 2203 1582 2258; x_wconf 72' lang='lat' dir='ltr'><strong>verba</strong></span> <span class='ocrx_word' id='word_1_269' title='bbox 1597 2220 1709 2259; x_wconf 87' lang='lat' dir='ltr'><strong>mea</strong></span> <span class='ocrx_word' id='word_1_270' title='bbox 1725 2217 1846 2260; x_wconf 84' lang='lat' dir='ltr'><strong>sunt</strong></span> <span class='ocrx_word' id='word_1_271' title='bbox 1871 2207 2022 2278; x_wconf 86' lang='lat' dir='ltr'><strong>quasi</strong></span> <span class='ocrx_word' id='word_1_272' title='bbox 2035 2207 2197 2281; x_wconf 79' lang='lat' dir='ltr'><strong>ignis,</strong></span> 
     </span>
    </p>
   </div>
   <div class='ocr_carea' id='block_1_31' title="bbox 600 2290 2201 2365">
    <p class='ocr_par' dir='ltr' id='par_1_31' title="bbox 600 2290 2201 2365">
     <span class='ocr_line' id='line_1_31' title="bbox 600 2290 2201 2365; baseline 0.006 -21"><span class='ocrx_word' id='word_1_273' title='bbox 600 2292 725 2345; x_wconf 83' lang='lat' dir='ltr'><strong>dicit</strong></span> <span class='ocrx_word' id='word_1_274' title='bbox 768 2290 1053 2355; x_wconf 86' lang='lat' dir='ltr'><strong>Dominus,</strong></span> <span class='ocrx_word' id='word_1_275' title='bbox 1093 2303 1144 2349; x_wconf 88' lang='lat' dir='ltr'><strong>et</strong></span> <span class='ocrx_word' id='word_1_276' title='bbox 1189 2294 1341 2364; x_wconf 85' lang='lat' dir='ltr'><strong>quasi</strong></span> <span class='ocrx_word' id='word_1_277' title='bbox 1372 2294 1592 2350; x_wconf 81' lang='lat' dir='ltr'><strong>malleus</strong></span> <span class='ocrx_word' id='word_1_278' title='bbox 1641 2306 1913 2353; x_wconf 88' lang='lat' dir='ltr'><strong>conterens</strong></span> <span class='ocrx_word' id='word_1_279' title='bbox 1964 2300 2201 2365; x_wconf 81' lang='lat' dir='ltr'><strong>petram?</strong></span> 
     </span>
    </p>
   </div>
   <div class='ocr_carea' id='block_1_32' title="bbox 602 2383 2200 2460">
    <p class='ocr_par' dir='ltr' id='par_1_32' title="bbox 602 2383 2200 2460">
     <span class='ocr_line' id='line_1_32' title="bbox 602 2383 2200 2460; baseline 0.004 -21"><span class='ocrx_word' id='word_1_280' title='bbox 602 2383 751 2440; x_wconf 81' lang='lat' dir='ltr'><strong>Meus</strong></span> <span class='ocrx_word' id='word_1_281' title='bbox 774 2385 944 2449; x_wconf 86' lang='lat' dir='ltr'><strong>enim,</strong></span> <span class='ocrx_word' id='word_1_282' title='bbox 976 2386 1174 2457; x_wconf 87' lang='lat' dir='ltr'><strong>inquit,</strong></span> <span class='ocrx_word' id='word_1_283' title='bbox 1207 2402 1392 2442; x_wconf 85' lang='lat' dir='ltr'><strong>sermo</strong></span> <span class='ocrx_word' id='word_1_284' title='bbox 1441 2387 1657 2444; x_wconf 83' lang='lat' dir='ltr'><strong>nuntiat</strong></span> <span class='ocrx_word' id='word_1_285' title='bbox 1685 2389 1865 2445; x_wconf 82' lang='lat' dir='ltr'><strong>futura</strong></span> <span class='ocrx_word' id='word_1_286' title='bbox 1910 2391 2200 2460; x_wconf 83' lang='lat' dir='ltr'><strong>supplicia,</strong></span> 
     </span>
    </p>
   </div>
   <div class='ocr_carea' id='block_1_33' title="bbox 600 2478 2202 2554">
    <p class='ocr_par' dir='ltr' id='par_1_33' title="bbox 600 2478 2202 2554">
     <span class='ocr_line' id='line_1_33' title="bbox 600 2478 2202 2554; baseline 0.004 -21"><span class='ocrx_word' id='word_1_287' title='bbox 600 2489 659 2533; x_wconf 91' lang='lat' dir='ltr'><strong>ut</strong></span> <span class='ocrx_word' id='word_1_288' title='bbox 688 2479 963 2535; x_wconf 86' lang='lat' dir='ltr'><strong>deterreat</strong></span> <span class='ocrx_word' id='word_1_289' title='bbox 988 2478 1243 2536; x_wconf 85' lang='lat' dir='ltr'><strong>homines</strong></span> <span class='ocrx_word' id='word_1_290' title='bbox 1268 2499 1297 2535; x_wconf 71' lang='grc' dir='ltr'><strong>ιι</strong></span> <span class='ocrx_word' id='word_1_291' title='bbox 1329 2480 1642 2550; x_wconf 84' lang='lat' dir='ltr'><strong>peccando;</strong></span> <span class='ocrx_word' id='word_1_292' title='bbox 1674 2492 1730 2537; x_wconf 89' lang='lat' dir='ltr'><strong>et</strong></span> <span class='ocrx_word' id='word_1_293' title='bbox 1755 2482 1924 2551; x_wconf 85' lang='lat' dir='ltr'><strong>paleis</strong></span> <span class='ocrx_word' id='word_1_294' title='bbox 1948 2498 2202 2554; x_wconf 80' lang='lat' dir='ltr'><strong>peccato-</strong></span> 
     </span>
    </p>
   </div>
   <div class='ocr_carea' id='block_1_34' title="bbox 601 2574 2201 2641">
    <p class='ocr_par' dir='ltr' id='par_1_34' title="bbox 601 2574 2201 2641">
     <span class='ocr_line' id='line_1_34' title="bbox 601 2574 2201 2641; baseline 0.003 -13"><span class='ocrx_word' id='word_1_295' title='bbox 601 2588 722 2628; x_wconf 86' lang='lat' dir='ltr'><strong>rum</strong></span> <span class='ocrx_word' id='word_1_296' title='bbox 749 2575 1118 2628; x_wconf 85' lang='lat' dir='ltr'><strong>comminatur</strong></span> <span class='ocrx_word' id='word_1_297' title='bbox 1152 2574 1488 2641; x_wconf 71' lang='lat' dir='ltr'><strong>incendium,</strong></span> <span class='ocrx_word' id='word_1_298' title='bbox 1522 2585 1579 2629; x_wconf 91' lang='lat' dir='ltr'><strong>ut</strong></span> <span class='ocrx_word' id='word_1_299' title='bbox 1623 2575 2004 2632; x_wconf 77' lang='lat' dir='ltr'><strong>hzureticornm</strong></span> <span class='ocrx_word' id='word_1_300' title='bbox 2036 2578 2201 2634; x_wconf 89' lang='lat' dir='ltr'><strong>corda</strong></span> 
     </span>
    </p>
   </div>
   <div class='ocr_carea' id='block_1_35' title="bbox 600 2665 2202 2733">
    <p class='ocr_par' dir='ltr' id='par_1_35' title="bbox 600 2665 2202 2733">
     <span class='ocr_line' id='line_1_35' title="bbox 600 2665 2202 2733; baseline 0.004 -13"><span class='ocrx_word' id='word_1_301' title='bbox 600 2665 737 2721; x_wconf 88' lang='lat' dir='ltr'><strong>dura</strong></span> <span class='ocrx_word' id='word_1_302' title='bbox 762 2679 817 2721; x_wconf 89' lang='lat' dir='ltr'><strong>et</strong></span> <span class='ocrx_word' id='word_1_303' title='bbox 845 2666 1016 2721; x_wconf 85' lang='lat' dir='ltr'><strong>instar</strong></span> <span class='ocrx_word' id='word_1_304' title='bbox 1043 2668 1216 2723; x_wconf 84' lang='lat' dir='ltr'><strong>silicis</strong></span> <span class='ocrx_word' id='word_1_305' title='bbox 1240 2667 1617 2733; x_wconf 76' lang='lat' dir='ltr'><strong>indomabilis,</strong></span> <span class='ocrx_word' id='word_1_306' title='bbox 1652 2669 1925 2724; x_wconf 75' lang='lat' dir='ltr'><strong>sermonis</strong></span> <span class='ocrx_word' id='word_1_307' title='bbox 1956 2671 2038 2726; x_wconf 90' lang='lat' dir='ltr'><strong>sui</strong></span> <span class='ocrx_word' id='word_1_308' title='bbox 2067 2675 2202 2727; x_wconf 84' lang='lat' dir='ltr'><strong>mal-</strong></span> 
     </span>
    </p>
   </div>
   <div class='ocr_carea' id='block_1_36' title="bbox 600 2759 2205 2835">
    <p class='ocr_par' dir='ltr' id='par_1_36' title="bbox 600 2759 2205 2835">
     <span class='ocr_line' id='line_1_36' title="bbox 600 2759 2205 2835; baseline 0.005 -21"><span class='ocrx_word' id='word_1_309' title='bbox 600 2759 689 2815; x_wconf 85' lang='lat' dir='ltr'><strong>leo</strong></span> <span class='ocrx_word' id='word_1_310' title='bbox 735 2770 1089 2816; x_wconf 89' lang='lat' dir='ltr'><strong>conlerantur</strong></span> <span class='ocrx_word' id='word_1_311' title='bbox 1121 2780 1132 2815; x_wconf 88' lang='lat'>:</span> <span class='ocrx_word' id='word_1_312' title='bbox 1164 2760 1417 2817; x_wconf 79' lang='lat' dir='ltr'><strong>auferens</strong></span> <span class='ocrx_word' id='word_1_313' title='bbox 1457 2776 1552 2817; x_wconf 89' lang='lat' dir='ltr'><strong>cor</strong></span> <span class='ocrx_word' id='word_1_314' title='bbox 1601 2763 1896 2833; x_wconf 85' lang='lat' dir='ltr'><strong>lapideum,</strong></span> <span class='ocrx_word' id='word_1_315' title='bbox 1932 2775 1992 2820; x_wconf 91' lang='lat' dir='ltr'><strong>ut</strong></span> <span class='ocrx_word' id='word_1_316' title='bbox 2038 2774 2205 2835; x_wconf 88' lang='lat' dir='ltr'><strong>ponat</strong></span> 
     </span>
    </p>
   </div>
   <div class='ocr_carea' id='block_1_37' title="bbox 608 2855 2206 2928">
    <p class='ocr_par' dir='ltr' id='par_1_37' title="bbox 608 2855 2206 2928">
     <span class='ocr_line' id='line_1_37' title="bbox 608 2855 2206 2928; baseline 0.004 -21"><span class='ocrx_word' id='word_1_317' title='bbox 608 2869 708 2924; x_wconf 93' lang='lat' dir='ltr'><strong>pro</strong></span> <span class='ocrx_word' id='word_1_318' title='bbox 739 2869 805 2909; x_wconf 86' lang='lat' dir='ltr'><strong>eo</strong></span> <span class='ocrx_word' id='word_1_319' title='bbox 831 2869 927 2908; x_wconf 88' lang='lat' dir='ltr'><strong>cor</strong></span> <span class='ocrx_word' id='word_1_320' title='bbox 951 2869 1234 2919; x_wconf 83' lang='lat' dir='ltr'><strong>carneum.</strong></span> <span class='ocrx_word' id='word_1_321' title='bbox 1260 2856 1423 2911; x_wconf 83' lang='lat' dir='ltr'><strong>molle</strong></span> <span class='ocrx_word' id='word_1_322' title='bbox 1449 2855 1728 2923; x_wconf 88' lang='lat' dir='ltr'><strong>videlicet,</strong></span> <span class='ocrx_word' id='word_1_323' title='bbox 1749 2867 1803 2911; x_wconf 91' lang='lat' dir='ltr'><strong>et</strong></span> <span class='ocrx_word' id='word_1_324' title='bbox 1839 2857 1981 2925; x_wconf 90' lang='lat' dir='ltr'><strong>quod</strong></span> <span class='ocrx_word' id='word_1_325' title='bbox 2029 2860 2206 2928; x_wconf 85' lang='lat' dir='ltr'><strong>possit</strong></span> 
     </span>
    </p>
   </div>
   <div class='ocr_carea' id='block_1_38' title="bbox 612 2950 2206 3023">
    <p class='ocr_par' dir='ltr' id='par_1_38' title="bbox 612 2950 2206 3023">
     <span class='ocr_line' id='line_1_38' title="bbox 612 2950 2206 3023; baseline 0.003 -19"><span class='ocrx_word' id='word_1_326' title='bbox 612 2950 704 3004; x_wconf 88' lang='lat' dir='ltr'><strong>Dei</strong></span> <span class='ocrx_word' id='word_1_327' title='bbox 754 2950 1036 3020; x_wconf 88' lang='lat' dir='ltr'><strong>suscipere</strong></span> <span class='ocrx_word' id='word_1_328' title='bbox 1061 2959 1115 3004; x_wconf 88' lang='lat' dir='ltr'><strong>et</strong></span> <span class='ocrx_word' id='word_1_329' title='bbox 1142 2950 1353 3006; x_wconf 91' lang='lat' dir='ltr'><strong>sentire</strong></span> <span class='ocrx_word' id='word_1_330' title='bbox 1382 2960 1679 3020; x_wconf 60' lang='lat' dir='ltr'><strong>praecepta.</strong></span> <span class='ocrx_word' id='word_1_331' title='bbox 1709 2951 1842 3007; x_wconf 86' lang='lat' dir='ltr'><strong>Tale</strong></span> <span class='ocrx_word' id='word_1_332' title='bbox 1872 2951 1999 3023; x_wconf 88' lang='lat' dir='ltr'><strong>quid</strong></span> <span class='ocrx_word' id='word_1_333' title='bbox 2027 2961 2083 3008; x_wconf 93' lang='lat' dir='ltr'><strong>et</strong></span> <span class='ocrx_word' id='word_1_334' title='bbox 2108 2967 2206 3023; x_wconf 86' lang='lat' dir='ltr'><strong>per</strong></span> 
     </span>
    </p>
   </div>
   <div class='ocr_carea' id='block_1_39' title="bbox 607 3040 2204 3117">
    <p class='ocr_par' dir='ltr' id='par_1_39' title="bbox 607 3040 2204 3117">
     <span class='ocr_line' id='line_1_39' title="bbox 607 3040 2204 3117; baseline 0.001 -20"><span class='ocrx_word' id='word_1_335' title='bbox 607 3041 947 3098; x_wconf 82' lang='lat' dir='ltr'><strong>Ezechielem</strong></span> <span class='ocrx_word' id='word_1_336' title='bbox 1004 3041 1268 3097; x_wconf 89' lang='lat' dir='ltr'><strong>Dominus</strong></span> <span class='ocrx_word' id='word_1_337' title='bbox 1319 3042 1561 3112; x_wconf 89' lang='lat' dir='ltr'><strong>loquitur</strong></span> <span class='ocrx_word' id='word_1_338' title='bbox 1612 3040 1828 3117; x_wconf 74' lang='lat' dir='ltr'><strong>(Escelt.</strong></span> <span class='ocrx_word' id='word_1_339' title='bbox 1884 3042 2028 3115; x_wconf 69' lang='lat' dir='ltr'><strong>aut).</strong></span> <span class='ocrx_word' id='word_1_340' title='bbox 2078 3045 2204 3115; x_wconf 86' lang='lat' dir='ltr'><strong>quia</strong></span> 
     </span>
    </p>
   </div>
   <div class='ocr_carea' id='block_1_40' title="bbox 609 3134 2208 3209">
    <p class='ocr_par' dir='ltr' id='par_1_40' title="bbox 609 3134 2208 3209">
     <span class='ocr_line' id='line_1_40' title="bbox 609 3134 2208 3209; baseline 0.002 -20"><span class='ocrx_word' id='word_1_341' title='bbox 609 3134 1101 3206; x_wconf 62' lang='lat' dir='ltr'><strong>pseudoprophetis;</strong></span> <span class='ocrx_word' id='word_1_342' title='bbox 1159 3136 1443 3192; x_wconf 88' lang='lat' dir='ltr'><strong>blanditiis</strong></span> <span class='ocrx_word' id='word_1_343' title='bbox 1473 3138 1587 3191; x_wconf 81' lang='lat' dir='ltr'><strong>suis</strong></span> <span class='ocrx_word' id='word_1_344' title='bbox 1636 3136 1827 3192; x_wconf 88' lang='lat' dir='ltr'><strong>liniant</strong></span> <span class='ocrx_word' id='word_1_345' title='bbox 1878 3137 2091 3209; x_wconf 75' lang='lat'><strong>1006</strong></span> <span class='ocrx_word' id='word_1_346' title='bbox 2114 3152 2208 3207; x_wconf 86' lang='lat' dir='ltr'><strong>pa-</strong></span> 
     </span>
    </p>
   </div>
   <div class='ocr_carea' id='block_1_41' title="bbox 2303 1922 3866 2000">
    <p class='ocr_par' dir='ltr' id='par_1_41' title="bbox 2303 1922 3866 2000">
     <span class='ocr_line' id='line_1_41' title="bbox 2303 1922 3866 2000; baseline -0.004 -17"><span class='ocrx_word' id='word_1_347' title='bbox 2303 1926 2600 1984; x_wconf 88' lang='lat' dir='ltr'><strong>mendaciis</strong></span> <span class='ocrx_word' id='word_1_348' title='bbox 2631 1926 2747 1984; x_wconf 86' lang='lat' dir='ltr'><strong>suis</strong></span> <span class='ocrx_word' id='word_1_349' title='bbox 2767 1937 2823 1984; x_wconf 86' lang='lat' dir='ltr'><strong>et</strong></span> <span class='ocrx_word' id='word_1_350' title='bbox 2849 1929 2900 1983; x_wconf 88' lang='lat' dir='ltr'><strong>in</strong></span> <span class='ocrx_word' id='word_1_351' title='bbox 2927 1926 3245 2000; x_wconf 88' lang='lat' dir='ltr'><strong>stuporibus</strong></span> <span class='ocrx_word' id='word_1_352' title='bbox 3264 1936 3432 1998; x_wconf 88' lang='lat' dir='ltr'><strong>atque</strong></span> <span class='ocrx_word' id='word_1_353' title='bbox 3468 1924 3765 1982; x_wconf 85' lang='lat' dir='ltr'><strong>miraculis.</strong></span> <span class='ocrx_word' id='word_1_354' title='bbox 3784 1922 3866 1977; x_wconf 76' lang='lat' dir='ltr'><strong>iia-</strong></span> 
     </span>
    </p>
   </div>
   <div class='ocr_carea' id='block_1_42' title="bbox 2301 2014 3866 2091">
    <p class='ocr_par' dir='ltr' id='par_1_42' title="bbox 2301 2014 3866 2091">
     <span class='ocr_line' id='line_1_42' title="bbox 2301 2014 3866 2091; baseline -0.006 -16"><span class='ocrx_word' id='word_1_355' title='bbox 2301 2035 2407 2091; x_wconf 66' lang='lat' dir='ltr'><strong>gno</strong></span> <span class='ocrx_word' id='word_1_356' title='bbox 2438 2020 2584 2075; x_wconf 88' lang='lat' dir='ltr'><strong>enim</strong></span> <span class='ocrx_word' id='word_1_357' title='bbox 2632 2029 2688 2074; x_wconf 87' lang='lat' dir='ltr'><strong>et</strong></span> <span class='ocrx_word' id='word_1_358' title='bbox 2725 2020 3066 2076; x_wconf 84' lang='lat' dir='ltr'><strong>incredibilia</strong></span> <span class='ocrx_word' id='word_1_359' title='bbox 3098 2030 3155 2075; x_wconf 91' lang='lat' dir='ltr'><strong>et</strong></span> <span class='ocrx_word' id='word_1_360' title='bbox 3187 2019 3432 2089; x_wconf 75' lang='lat' dir='ltr'><strong>ingentia</strong></span> <span class='ocrx_word' id='word_1_361' title='bbox 3467 2016 3585 2091; x_wconf 75' lang='grc' dir='ltr'><strong>[ΑΙ.</strong></span> <span class='ocrx_word' id='word_1_362' title='bbox 3621 2014 3866 2072; x_wconf 79' lang='lat' dir='ltr'><strong>insensibi-</strong></span> 
     </span>
    </p>
   </div>
   <div class='ocr_carea' id='block_1_43' title="bbox 2304 2105 3867 2185">
    <p class='ocr_par' dir='ltr' id='par_1_43' title="bbox 2304 2105 3867 2185">
     <span class='ocr_line' id='line_1_43' title="bbox 2304 2105 3867 2185; baseline -0.006 -18"><span class='ocrx_word' id='word_1_363' title='bbox 2304 2112 2412 2185; x_wconf 85' lang='lat' dir='ltr'><strong>lia]</strong></span> <span class='ocrx_word' id='word_1_364' title='bbox 2468 2114 2875 2183; x_wconf 89' lang='lat' dir='ltr'><strong>repromittunt,</strong></span> <span class='ocrx_word' id='word_1_365' title='bbox 2910 2121 2966 2167; x_wconf 90' lang='lat' dir='ltr'><strong>ut</strong></span> <span class='ocrx_word' id='word_1_366' title='bbox 3014 2111 3279 2167; x_wconf 87' lang='lat' dir='ltr'><strong>scducant</strong></span> <span class='ocrx_word' id='word_1_367' title='bbox 3323 2112 3568 2166; x_wconf 83' lang='lat' dir='ltr'><strong>miseros</strong></span> <span class='ocrx_word' id='word_1_368' title='bbox 3598 2127 3614 2164; x_wconf 89' lang='lat'><strong>:</strong></span> <span class='ocrx_word' id='word_1_369' title='bbox 3646 2108 3731 2178; x_wconf 75' lang='lat' dir='ltr'><strong>qui</strong></span> <span class='ocrx_word' id='word_1_370' title='bbox 3769 2105 3867 2159; x_wconf 67' lang='lat' dir='ltr'><strong>nihil</strong></span> 
     </span>
    </p>
   </div>
   <div class='ocr_carea' id='block_1_44' title="bbox 2303 2202 3862 2278">
    <p class='ocr_par' dir='ltr' id='par_1_44' title="bbox 2303 2202 3862 2278">
     <span class='ocr_line' id='line_1_44' title="bbox 2303 2202 3862 2278; baseline 0.002 -17"><span class='ocrx_word' id='word_1_371' title='bbox 2303 2206 2616 2276; x_wconf 77' lang='lat' dir='ltr'><strong>profuerunt</strong></span> <span class='ocrx_word' id='word_1_372' title='bbox 2643 2206 2843 2278; x_wconf 82' lang='lat' dir='ltr'><strong>populo</strong></span> <span class='ocrx_word' id='word_1_373' title='bbox 2864 2207 2975 2261; x_wconf 90' lang='lat' dir='ltr'><strong>Dei.</strong></span> <span class='ocrx_word' id='word_1_374' title='bbox 3006 2207 3071 2262; x_wconf 83' lang='lat' dir='ltr'><strong>Et</strong></span> <span class='ocrx_word' id='word_1_375' title='bbox 3092 2205 3220 2262; x_wconf 90' lang='lat' dir='ltr'><strong>illud</strong></span> <span class='ocrx_word' id='word_1_376' title='bbox 3253 2204 3495 2275; x_wconf 86' lang='lat' dir='ltr'><strong>implent</strong></span> <span class='ocrx_word' id='word_1_377' title='bbox 3517 2202 3862 2274; x_wconf 76' lang='lat' dir='ltr'><strong>Apostniicum.</strong></span> 
     </span>
    </p>
   </div>
   <div class='ocr_carea' id='block_1_45' title="bbox 2304 2297 3864 2373">
    <p class='ocr_par' dir='ltr' id='par_1_45' title="bbox 2304 2297 3864 2373">
     <span class='ocr_line' id='line_1_45' title="bbox 2304 2297 3864 2373; baseline -0.003 -20"><span class='ocrx_word' id='word_1_378' title='bbox 2304 2299 2551 2355; x_wconf 67' lang='lat' dir='ltr'><strong>docentes</strong></span> <span class='ocrx_word' id='word_1_379' title='bbox 2576 2317 2693 2372; x_wconf 66' lang='lat' dir='ltr'><strong>quas</strong></span> <span class='ocrx_word' id='word_1_380' title='bbox 2723 2318 2827 2356; x_wconf 87' lang='lat' dir='ltr'><strong>non</strong></span> <span class='ocrx_word' id='word_1_381' title='bbox 2854 2309 3055 2372; x_wconf 84' lang='lat' dir='ltr'><strong>oportet</strong></span> <span class='ocrx_word' id='word_1_382' title='bbox 3081 2301 3250 2370; x_wconf 82' lang='lat' dir='ltr'><strong>turpis</strong></span> <span class='ocrx_word' id='word_1_383' title='bbox 3281 2300 3415 2354; x_wconf 85' lang='lat' dir='ltr'><strong>lucri</strong></span> <span class='ocrx_word' id='word_1_384' title='bbox 3447 2299 3631 2373; x_wconf 81' lang='lat' dir='ltr'><strong>gratia</strong></span> <span class='ocrx_word' id='word_1_385' title='bbox 3656 2312 3675 2352; x_wconf 70' lang='grc' dir='ltr'><strong>ι</strong></span> <span class='ocrx_word' id='word_1_386' title='bbox 3699 2297 3776 2367; x_wconf 88' lang='lat' dir='ltr'><strong>qui</strong></span> <span class='ocrx_word' id='word_1_387' title='bbox 3800 2310 3864 2348; x_wconf 77' lang='lat' dir='ltr'><strong>sn-</strong></span> 
     </span>
    </p>
   </div>
   <div class='ocr_carea' id='block_1_46' title="bbox 2303 2391 3792 2463">
    <p class='ocr_par' dir='ltr' id='par_1_46' title="bbox 2303 2391 3792 2463">
     <span class='ocr_line' id='line_1_46' title="bbox 2303 2391 3792 2463; baseline -0.003 -16"><span class='ocrx_word' id='word_1_388' title='bbox 2303 2391 2416 2449; x_wconf 91' lang='lat' dir='ltr'><strong>lent</strong></span> <span class='ocrx_word' id='word_1_389' title='bbox 2454 2394 2611 2449; x_wconf 89' lang='lat' dir='ltr'><strong>malis</strong></span> <span class='ocrx_word' id='word_1_390' title='bbox 2642 2409 2921 2463; x_wconf 88' lang='lat' dir='ltr'><strong>prospera,</strong></span> <span class='ocrx_word' id='word_1_391' title='bbox 2957 2402 3012 2447; x_wconf 86' lang='lat' dir='ltr'><strong>ct</strong></span> <span class='ocrx_word' id='word_1_392' title='bbox 3041 2393 3199 2449; x_wconf 87' lang='lat' dir='ltr'><strong>bonis</strong></span> <span class='ocrx_word' id='word_1_393' title='bbox 3227 2393 3513 2448; x_wconf 85' lang='lat' dir='ltr'><strong>contraria</strong></span> <span class='ocrx_word' id='word_1_394' title='bbox 3545 2391 3792 2447; x_wconf 84' lang='lat' dir='ltr'><strong>nuntiare.</strong></span> 
     </span>
    </p>
   </div>
   <div class='ocr_carea' id='block_1_47' title="bbox 2379 2478 3863 2558">
    <p class='ocr_par' dir='ltr' id='par_1_47' title="bbox 2379 2478 3863 2558">
     <span class='ocr_line' id='line_1_47' title="bbox 2379 2478 3863 2558; baseline -0.005 -20"><span class='ocrx_word' id='word_1_395' title='bbox 2379 2483 2565 2555; x_wconf 79' lang='lat' dir='ltr'><strong>(Vera.</strong></span> <span class='ocrx_word' id='word_1_396' title='bbox 2597 2484 2668 2539; x_wconf 76' lang='grc'><strong>55</strong></span> <span class='ocrx_word' id='word_1_397' title='bbox 2690 2485 2874 2555; x_wconf 79' lang='lat' dir='ltr'><strong>seqq.)</strong></span> <span class='ocrx_word' id='word_1_398' title='bbox 2902 2484 3110 2558; x_wconf 73' lang='lat'><strong>1007</strong></span> <span class='ocrx_word' id='word_1_399' title='bbox 3145 2484 3206 2539; x_wconf 89' lang='lat' dir='ltr'><strong>Si</strong></span> <span class='ocrx_word' id='word_1_400' title='bbox 3238 2485 3403 2555; x_wconf 86' lang='lat' dir='ltr'><strong>igitur</strong></span> <span class='ocrx_word' id='word_1_401' title='bbox 3436 2478 3807 2552; x_wconf 63' lang='lat' dir='ltr'><strong>interrogauit</strong></span> <span class='ocrx_word' id='word_1_402' title='bbox 3830 2488 3863 2530; x_wconf 82' lang='lat' dir='ltr'><strong>tt</strong></span> 
     </span>
    </p>
   </div>
   <div class='ocr_carea' id='block_1_48' title="bbox 2306 2570 3856 2651">
    <p class='ocr_par' dir='ltr' id='par_1_48' title="bbox 2306 2570 3856 2651">
     <span class='ocr_line' id='line_1_48' title="bbox 2306 2570 3856 2651; baseline -0.001 -20"><span class='ocrx_word' id='word_1_403' title='bbox 2306 2578 2535 2650; x_wconf 84' lang='lat' dir='ltr'><strong>populus</strong></span> <span class='ocrx_word' id='word_1_404' title='bbox 2557 2580 2675 2647; x_wconf 85' lang='lat' dir='ltr'><strong>iste,</strong></span> <span class='ocrx_word' id='word_1_405' title='bbox 2705 2580 2784 2634; x_wconf 73' lang='lat' dir='ltr'><strong>uel</strong></span> <span class='ocrx_word' id='word_1_406' title='bbox 2811 2582 3080 2651; x_wconf 76' lang='lat' dir='ltr'><strong>propheta,</strong></span> <span class='ocrx_word' id='word_1_407' title='bbox 3111 2587 3199 2633; x_wconf 83' lang='lat' dir='ltr'><strong>aut</strong></span> <span class='ocrx_word' id='word_1_408' title='bbox 3227 2578 3498 2643; x_wconf 82' lang='lat' dir='ltr'><strong>sacerdos,</strong></span> <span class='ocrx_word' id='word_1_409' title='bbox 3526 2576 3696 2630; x_wconf 84' lang='lat' dir='ltr'><strong>dicens</strong></span> <span class='ocrx_word' id='word_1_410' title='bbox 3719 2570 3856 2643; x_wconf 68' lang='lat' dir='ltr'><strong>:thd</strong></span> 
     </span>
    </p>
   </div>
   <div class='ocr_carea' id='block_1_49' title="bbox 2304 2665 3861 2744">
    <p class='ocr_par' dir='ltr' id='par_1_49' title="bbox 2304 2665 3861 2744">
     <span class='ocr_line' id='line_1_49' title="bbox 2304 2665 3861 2744; baseline -0.006 -18"><span class='ocrx_word' id='word_1_411' title='bbox 2304 2684 2376 2726; x_wconf 82' lang='lat' dir='ltr'><strong>est</strong></span> <span class='ocrx_word' id='word_1_412' title='bbox 2419 2688 2549 2727; x_wconf 87' lang='lat' dir='ltr'><strong>onus</strong></span> <span class='ocrx_word' id='word_1_413' title='bbox 2593 2673 2687 2728; x_wconf 85' lang='lat' dir='ltr'><strong>Dei</strong></span> <span class='ocrx_word' id='word_1_414' title='bbox 2711 2673 2848 2741; x_wconf 77' lang='lat' dir='ltr'><strong>(sive</strong></span> <span class='ocrx_word' id='word_1_415' title='bbox 2874 2688 2990 2744; x_wconf 71' lang='lat' dir='ltr'><strong>qua:</strong></span> <span class='ocrx_word' id='word_1_416' title='bbox 3012 2680 3087 2726; x_wconf 87' lang='lat' dir='ltr'><strong>est</strong></span> <span class='ocrx_word' id='word_1_417' title='bbox 3124 2670 3416 2739; x_wconf 70' lang='lat' dir='ltr'><strong>assumptio</strong></span> <span class='ocrx_word' id='word_1_418' title='bbox 3464 2665 3861 2739; x_wconf 79' lang='lat' dir='ltr'><strong>Dontini)?dirrs</strong></span> 
     </span>
    </p>
   </div>
   <div class='ocr_carea' id='block_1_50' title="bbox 2306 2755 3857 2831">
    <p class='ocr_par' dir='ltr' id='par_1_50' title="bbox 2306 2755 3857 2831">
     <span class='ocr_line' id='line_1_50' title="bbox 2306 2755 3857 2831; baseline -0.006 -14"><span class='ocrx_word' id='word_1_419' title='bbox 2306 2764 2376 2817; x_wconf 78' lang='lat' dir='ltr'><strong>ad</strong></span> <span class='ocrx_word' id='word_1_420' title='bbox 2398 2780 2481 2817; x_wconf 80' lang='lat' dir='ltr'><strong>eos</strong></span> <span class='ocrx_word' id='word_1_421' title='bbox 2513 2779 2531 2817; x_wconf 88' lang='lat'><strong><em>:</em></strong></span> <span class='ocrx_word' id='word_1_422' title='bbox 2564 2762 2665 2818; x_wconf 82' lang='lat' dir='ltr'><strong>Vos</strong></span> <span class='ocrx_word' id='word_1_423' title='bbox 2719 2763 2839 2818; x_wconf 81' lang='lat' dir='ltr'><strong>estis</strong></span> <span class='ocrx_word' id='word_1_424' title='bbox 2885 2778 3017 2817; x_wconf 90' lang='lat' dir='ltr'><strong>onus</strong></span> <span class='ocrx_word' id='word_1_425' title='bbox 3039 2762 3179 2831; x_wconf 87' lang='lat' dir='ltr'><strong>(sive</strong></span> <span class='ocrx_word' id='word_1_426' title='bbox 3230 2758 3579 2831; x_wconf 76' lang='lat' dir='ltr'><strong>assumptio).</strong></span> <span class='ocrx_word' id='word_1_427' title='bbox 3627 2755 3857 2827; x_wconf 69' lang='lat' dir='ltr'><strong>Proﬁciunt</strong></span> 
     </span>
    </p>
   </div>
   <div class='ocr_carea' id='block_1_51' title="bbox 2306 2849 3859 2928">
    <p class='ocr_par' dir='ltr' id='par_1_51' title="bbox 2306 2849 3859 2928">
     <span class='ocr_line' id='line_1_51' title="bbox 2306 2849 3859 2928; baseline -0.008 -18"><span class='ocrx_word' id='word_1_428' title='bbox 2306 2858 2497 2927; x_wconf 81' lang='lat' dir='ltr'><strong>quippe</strong></span> <span class='ocrx_word' id='word_1_429' title='bbox 2522 2857 2662 2928; x_wconf 82' lang='lat' dir='ltr'><strong>(sive</strong></span> <span class='ocrx_word' id='word_1_430' title='bbox 2683 2854 2929 2924; x_wconf 87' lang='lat' dir='ltr'><strong>altidam)</strong></span> <span class='ocrx_word' id='word_1_431' title='bbox 2959 2872 3067 2921; x_wconf 82' lang='lat' dir='ltr'><strong>vos,</strong></span> <span class='ocrx_word' id='word_1_432' title='bbox 3093 2855 3220 2908; x_wconf 86' lang='lat' dir='ltr'><strong>dicit</strong></span> <span class='ocrx_word' id='word_1_433' title='bbox 3252 2852 3540 2907; x_wconf 80' lang='lat' dir='ltr'><strong>Dominus.</strong></span> <span class='ocrx_word' id='word_1_434' title='bbox 3569 2850 3633 2906; x_wconf 75' lang='lat' dir='ltr'><strong>Et</strong></span> <span class='ocrx_word' id='word_1_435' title='bbox 3659 2849 3859 2921; x_wconf 78' lang='lat' dir='ltr'><strong>propius</strong></span> 
     </span>
    </p>
   </div>
   <div class='ocr_carea' id='block_1_52' title="bbox 2306 2942 3857 3020">
    <p class='ocr_par' dir='ltr' id='par_1_52' title="bbox 2306 2942 3857 3020">
     <span class='ocr_line' id='line_1_52' title="bbox 2306 2942 3857 3020; baseline -0.008 -17"><span class='ocrx_word' id='word_1_436' title='bbox 2306 2961 2353 3003; x_wconf 85' lang='lat' dir='ltr'><strong>et</strong></span> <span class='ocrx_word' id='word_1_437' title='bbox 2375 2948 2615 3004; x_wconf 78' lang='lat' dir='ltr'><strong>sacerdos</strong></span> <span class='ocrx_word' id='word_1_438' title='bbox 2627 2959 2675 3003; x_wconf 93' lang='lat' dir='ltr'><strong>et</strong></span> <span class='ocrx_word' id='word_1_439' title='bbox 2706 2947 2935 3020; x_wconf 83' lang='lat' dir='ltr'><strong>populus</strong></span> <span class='ocrx_word' id='word_1_440' title='bbox 2964 2947 3074 3019; x_wconf 82' lang='lat' dir='ltr'><strong>[AL</strong></span> <span class='ocrx_word' id='word_1_441' title='bbox 3102 2944 3419 3019; x_wconf 74' lang='lat' dir='ltr'><strong>Prophetam</strong></span> <span class='ocrx_word' id='word_1_442' title='bbox 3444 2954 3500 2998; x_wconf 87' lang='lat' dir='ltr'><strong>et</strong></span> <span class='ocrx_word' id='word_1_443' title='bbox 3521 2942 3801 3001; x_wconf 75' lang='lat' dir='ltr'><strong>Sacerdotes</strong></span> <span class='ocrx_word' id='word_1_444' title='bbox 3820 2944 3857 2990; x_wconf 81' lang='lat' dir='ltr'><strong>et</strong></span> 
     </span>
    </p>
   </div>
   <div class='ocr_carea' id='block_1_53' title="bbox 2307 3030 3857 3113">
    <p class='ocr_par' dir='ltr' id='par_1_53' title="bbox 2307 3030 3857 3113">
     <span class='ocr_line' id='line_1_53' title="bbox 2307 3030 3857 3113; baseline -0.012 -14"><span class='ocrx_word' id='word_1_445' title='bbox 2307 3039 2603 3113; x_wconf 83' lang='lat' dir='ltr'><strong>populum],</strong></span> <span class='ocrx_word' id='word_1_446' title='bbox 2627 3040 2715 3112; x_wconf 83' lang='lat' dir='ltr'><strong>qui</strong></span> <span class='ocrx_word' id='word_1_447' title='bbox 2731 3040 2878 3107; x_wconf 86' lang='lat' dir='ltr'><strong>dicit,</strong></span> <span class='ocrx_word' id='word_1_448' title='bbox 2904 3056 3037 3095; x_wconf 88' lang='lat' dir='ltr'><strong>onus</strong></span> <span class='ocrx_word' id='word_1_449' title='bbox 3062 3040 3204 3113; x_wconf 85' lang='lat' dir='ltr'><strong>(sive</strong></span> <span class='ocrx_word' id='word_1_450' title='bbox 3226 3035 3550 3108; x_wconf 84' lang='lat' dir='ltr'><strong>assumptio)</strong></span> <span class='ocrx_word' id='word_1_451' title='bbox 3576 3032 3782 3093; x_wconf 78' lang='lat' dir='ltr'><strong>Domini,</strong></span> <span class='ocrx_word' id='word_1_452' title='bbox 3802 3030 3857 3082; x_wconf 76' lang='lat' dir='ltr'><strong>ri-</strong></span> 
     </span>
    </p>
   </div>
   <div class='ocr_carea' id='block_1_54' title="bbox 2307 3119 3857 3203">
    <p class='ocr_par' dir='ltr' id='par_1_54' title="bbox 2307 3119 3857 3203">
     <span class='ocr_line' id='line_1_54' title="bbox 2307 3119 3857 3203; baseline -0.006 -17"><span class='ocrx_word' id='word_1_453' title='bbox 2307 3132 2475 3186; x_wconf 81' lang='lat' dir='ltr'><strong>sitabo</strong></span> <span class='ocrx_word' id='word_1_454' title='bbox 2514 3132 2651 3201; x_wconf 82' lang='lat' dir='ltr'><strong>(sive</strong></span> <span class='ocrx_word' id='word_1_455' title='bbox 2689 3131 2936 3202; x_wconf 84' lang='lat' dir='ltr'><strong>ulciscar)</strong></span> <span class='ocrx_word' id='word_1_456' title='bbox 2964 3147 3121 3203; x_wconf 88' lang='lat' dir='ltr'><strong>super</strong></span> <span class='ocrx_word' id='word_1_457' title='bbox 3153 3131 3321 3185; x_wconf 80' lang='lat' dir='ltr'><strong>virum</strong></span> <span class='ocrx_word' id='word_1_458' title='bbox 3352 3128 3532 3192; x_wconf 76' lang='lat' dir='ltr'><strong>illum,</strong></span> <span class='ocrx_word' id='word_1_459' title='bbox 3558 3137 3606 3183; x_wconf 83' lang='lat' dir='ltr'><strong>et</strong></span> <span class='ocrx_word' id='word_1_460' title='bbox 3633 3140 3770 3193; x_wconf 80' lang='lat' dir='ltr'><strong>super</strong></span> <span class='ocrx_word' id='word_1_461' title='bbox 3789 3119 3857 3173; x_wconf 71' lang='lat' dir='ltr'><strong>dt-</strong></span> 
     </span>
    </p>
   </div>
   <div class='ocr_carea' id='block_1_55' title="bbox 604 3213 3852 3302">
    <p class='ocr_par' dir='ltr' id='par_1_55' title="bbox 604 3213 3852 3302">
     <span class='ocr_line' id='line_1_55' title="bbox 604 3213 3852 3302; baseline -0 -20"><span class='ocrx_word' id='word_1_462' title='bbox 604 3228 797 3283; x_wconf 83' lang='lat' dir='ltr'><strong>rietem</strong></span> <span class='ocrx_word' id='word_1_463' title='bbox 842 3228 1046 3299; x_wconf 79' lang='lat' dir='ltr'><strong>absque</strong></span> <span class='ocrx_word' id='word_1_464' title='bbox 1085 3232 1654 3302; x_wconf 76' lang='lat' dir='ltr'><strong>temperamento,qni</strong></span> <span class='ocrx_word' id='word_1_465' title='bbox 1688 3244 1871 3299; x_wconf 81' lang='lat' dir='ltr'><strong>postea</strong></span> <span class='ocrx_word' id='word_1_466' title='bbox 1906 3233 2081 3288; x_wconf 88' lang='lat' dir='ltr'><strong>imbre</strong></span> <span class='ocrx_word' id='word_1_467' title='bbox 2110 3247 2208 3289; x_wconf 84' lang='lat' dir='ltr'><strong>ve-</strong></span> <span class='ocrx_word' id='word_1_468' title='bbox 2234 3233 2279 3296; x_wconf 85' lang='lat' dir='ltr'>C</span> <span class='ocrx_word' id='word_1_469' title='bbox 2312 3243 2450 3281; x_wconf 82' lang='lat' dir='ltr'><strong>mum</strong></span> <span class='ocrx_word' id='word_1_470' title='bbox 2475 3228 2608 3299; x_wconf 76' lang='lat' dir='ltr'><strong>ejus.</strong></span> <span class='ocrx_word' id='word_1_471' title='bbox 2637 3224 2767 3280; x_wconf 68' lang='grc' dir='ltr'><em>Ηαξο</em></span> <span class='ocrx_word' id='word_1_472' title='bbox 2792 3225 2972 3279; x_wconf 71' lang='lat' dir='ltr'><strong>dicetis</strong></span> <span class='ocrx_word' id='word_1_473' title='bbox 3000 3224 3357 3294; x_wconf 74' lang='lat' dir='ltr'><strong>unusquisque</strong></span> <span class='ocrx_word' id='word_1_474' title='bbox 3380 3223 3449 3276; x_wconf 77' lang='lat' dir='ltr'><strong>ad</strong></span> <span class='ocrx_word' id='word_1_475' title='bbox 3480 3220 3696 3276; x_wconf 69' lang='lat' dir='ltr'><strong>amicum</strong></span> <span class='ocrx_word' id='word_1_476' title='bbox 3719 3213 3852 3282; x_wconf 68' lang='lat' dir='ltr'><strong>[Vult-</strong></span> 
     </span>
    </p>
   </div>
   <div class='ocr_carea' id='block_1_56' title="bbox 605 3318 2206 3395">
    <p class='ocr_par' dir='ltr' id='par_1_56' title="bbox 605 3318 2206 3395">
     <span class='ocr_line' id='line_1_56' title="bbox 605 3318 2206 3395; baseline 0.003 -20"><span class='ocrx_word' id='word_1_477' title='bbox 605 3318 844 3375; x_wconf 83' lang='lat' dir='ltr'><strong>ltemcnti</strong></span> <span class='ocrx_word' id='word_1_478' title='bbox 876 3330 929 3375; x_wconf 91' lang='lat' dir='ltr'><strong>et</strong></span> <span class='ocrx_word' id='word_1_479' title='bbox 958 3322 1190 3378; x_wconf 81' lang='lat' dir='ltr'><strong>veritate</strong></span> <span class='ocrx_word' id='word_1_480' title='bbox 1209 3321 1399 3391; x_wconf 84' lang='lat' dir='ltr'><strong>judicii</strong></span> <span class='ocrx_word' id='word_1_481' title='bbox 1424 3322 1740 3378; x_wconf 86' lang='lat' dir='ltr'><strong>subruatur.</strong></span> <span class='ocrx_word' id='word_1_482' title='bbox 1772 3324 1832 3379; x_wconf 84' lang='lat' dir='ltr'><strong>Et</strong></span> <span class='ocrx_word' id='word_1_483' title='bbox 1867 3324 2206 3395; x_wconf 80' lang='lat' dir='ltr'><strong>pseudopro-</strong></span> 
     </span>
    </p>
   </div>
   <div class='ocr_carea' id='block_1_57' title="bbox 605 3414 2205 3485">
    <p class='ocr_par' dir='ltr' id='par_1_57' title="bbox 605 3414 2205 3485">
     <span class='ocr_line' id='line_1_57' title="bbox 605 3414 2205 3485; baseline 0.002 -15"><span class='ocrx_word' id='word_1_484' title='bbox 605 3414 785 3483; x_wconf 78' lang='lat' dir='ltr'><strong>pheta:</strong></span> <span class='ocrx_word' id='word_1_485' title='bbox 824 3424 1095 3471; x_wconf 84' lang='lat' dir='ltr'><strong>consuant</strong></span> <span class='ocrx_word' id='word_1_486' title='bbox 1125 3416 1412 3471; x_wconf 77' lang='lat' dir='ltr'><strong>cervicalia</strong></span> <span class='ocrx_word' id='word_1_487' title='bbox 1445 3416 1548 3471; x_wconf 75' lang='lat' dir='ltr'><strong>sub</strong></span> <span class='ocrx_word' id='word_1_488' title='bbox 1573 3418 1721 3472; x_wconf 84' lang='lat' dir='ltr'><strong>omni</strong></span> <span class='ocrx_word' id='word_1_489' title='bbox 1751 3418 1937 3473; x_wconf 85' lang='lat' dir='ltr'><strong>cubito</strong></span> <span class='ocrx_word' id='word_1_490' title='bbox 1988 3432 2205 3485; x_wconf 82' lang='lat' dir='ltr'><strong>ntanus,</strong></span> 
     </span>
    </p>
   </div>
   <div class='ocr_carea' id='block_1_58' title="bbox 601 3508 2205 3582">
    <p class='ocr_par' dir='ltr' id='par_1_58' title="bbox 601 3508 2205 3582">
     <span class='ocr_line' id='line_1_58' title="bbox 601 3508 2205 3582; baseline 0.003 -19"><span class='ocrx_word' id='word_1_491' title='bbox 601 3516 664 3563; x_wconf 91' lang='lat' dir='ltr'><strong>ut</strong></span> <span class='ocrx_word' id='word_1_492' title='bbox 713 3508 912 3564; x_wconf 81' lang='lat' dir='ltr'><strong>iaciant</strong></span> <span class='ocrx_word' id='word_1_493' title='bbox 959 3520 1276 3578; x_wconf 76' lang='lat' dir='ltr'><strong>peccatores</strong></span> <span class='ocrx_word' id='word_1_494' title='bbox 1319 3508 1705 3580; x_wconf 86' lang='lat' dir='ltr'><strong>requiescere,</strong></span> <span class='ocrx_word' id='word_1_495' title='bbox 1747 3519 1804 3566; x_wconf 91' lang='lat' dir='ltr'><strong>et</strong></span> <span class='ocrx_word' id='word_1_496' title='bbox 1856 3526 2205 3582; x_wconf 84' lang='lat' dir='ltr'><strong>nequaquam</strong></span> 
     </span>
    </p>
   </div>
   <div class='ocr_carea' id='block_1_59' title="bbox 603 3601 2205 3673">
    <p class='ocr_par' dir='ltr' id='par_1_59' title="bbox 603 3601 2205 3673">
     <span class='ocr_line' id='line_1_59' title="bbox 603 3601 2205 3673; baseline 0.002 -18"><span class='ocrx_word' id='word_1_497' title='bbox 603 3601 740 3655; x_wconf 85' lang='lat' dir='ltr'><strong>iram</strong></span> <span class='ocrx_word' id='word_1_498' title='bbox 773 3602 868 3656; x_wconf 91' lang='lat' dir='ltr'><strong>Dei</strong></span> <span class='ocrx_word' id='word_1_499' title='bbox 898 3602 1157 3672; x_wconf 80' lang='lat' dir='ltr'><strong>Iacrymis</strong></span> <span class='ocrx_word' id='word_1_500' title='bbox 1184 3603 1457 3673; x_wconf 82' lang='lat' dir='ltr'><strong>mitigare.</strong></span> <span class='ocrx_word' id='word_1_501' title='bbox 1488 3603 1595 3657; x_wconf 77' lang='lat' dir='ltr'><strong>I’ro</strong></span> <span class='ocrx_word' id='word_1_502' title='bbox 1616 3603 1824 3661; x_wconf 80' lang='lat' dir='ltr'><strong>ntalleo.</strong></span> <span class='ocrx_word' id='word_1_503' title='bbox 1851 3602 2205 3672; x_wconf 78' lang='lat' dir='ltr'><strong>Septuaginta</strong></span> 
     </span>
    </p>
   </div>
   <div class='ocr_carea' id='block_1_60' title="bbox 602 3693 2204 3765">
    <p class='ocr_par' dir='ltr' id='par_1_60' title="bbox 602 3693 2204 3765">
     <span class='ocr_line' id='line_1_60' title="bbox 602 3693 2204 3765; baseline 0.003 -20"><span class='ocrx_word' id='word_1_504' title='bbox 602 3693 829 3746; x_wconf 79' lang='lat' dir='ltr'><strong>securim</strong></span> <span class='ocrx_word' id='word_1_505' title='bbox 882 3695 1219 3762; x_wconf 83' lang='lat' dir='ltr'><strong>interpretati</strong></span> <span class='ocrx_word' id='word_1_506' title='bbox 1280 3706 1429 3759; x_wconf 79' lang='lat' dir='ltr'><strong>sunt,</strong></span> <span class='ocrx_word' id='word_1_507' title='bbox 1474 3697 1615 3749; x_wconf 82' lang='lat' dir='ltr'><strong>illaut</strong></span> <span class='ocrx_word' id='word_1_508' title='bbox 1668 3696 1942 3760; x_wconf 81' lang='lat' dir='ltr'><strong>videlicet,</strong></span> <span class='ocrx_word' id='word_1_509' title='bbox 1975 3696 2044 3750; x_wconf 90' lang='lat' dir='ltr'><strong>dc</strong></span> <span class='ocrx_word' id='word_1_510' title='bbox 2100 3711 2204 3765; x_wconf 80' lang='lat' dir='ltr'><strong>qua</strong></span> 
     </span>
    </p>
   </div>
   <div class='ocr_carea' id='block_1_61' title="bbox 607 3782 2206 3853">
    <p class='ocr_par' dir='ltr' id='par_1_61' title="bbox 607 3782 2206 3853">
     <span class='ocr_line' id='line_1_61' title="bbox 607 3782 2206 3853; baseline 0.004 -16"><span class='ocrx_word' id='word_1_511' title='bbox 607 3782 854 3853; x_wconf 83' lang='lat' dir='ltr'><strong>Baptista</strong></span> <span class='ocrx_word' id='word_1_512' title='bbox 894 3783 1138 3839; x_wconf 83' lang='lat' dir='ltr'><strong>Joanttes</strong></span> <span class='ocrx_word' id='word_1_513' title='bbox 1179 3785 1420 3852; x_wconf 86' lang='lat' dir='ltr'><strong>loquitur</strong></span> <span class='ocrx_word' id='word_1_514' title='bbox 1453 3804 1465 3839; x_wconf 89' lang='lat'><strong>:</strong></span> <span class='ocrx_word' id='word_1_515' title='bbox 1494 3784 1617 3840; x_wconf 77' lang='lat' dir='ltr'><strong>lam</strong></span> <span class='ocrx_word' id='word_1_516' title='bbox 1646 3788 1842 3842; x_wconf 85' lang='lat' dir='ltr'><strong>securis</strong></span> <span class='ocrx_word' id='word_1_517' title='bbox 1887 3787 1957 3841; x_wconf 88' lang='lat' dir='ltr'><strong>ad</strong></span> <span class='ocrx_word' id='word_1_518' title='bbox 1997 3787 2206 3843; x_wconf 88' lang='lat' dir='ltr'><strong>radices</strong></span> 
     </span>
    </p>
   </div>
   <div class='ocr_carea' id='block_1_62' title="bbox 607 3872 2210 3948">
    <p class='ocr_par' dir='ltr' id='par_1_62' title="bbox 607 3872 2210 3948">
     <span class='ocr_line' id='line_1_62' title="bbox 607 3872 2210 3948; baseline 0.006 -21"><span class='ocrx_word' id='word_1_519' title='bbox 607 3872 854 3928; x_wconf 86' lang='lat' dir='ltr'><strong>arborum</strong></span> <span class='ocrx_word' id='word_1_520' title='bbox 892 3875 1062 3948; x_wconf 85' lang='lat' dir='ltr'><strong>posita</strong></span> <span class='ocrx_word' id='word_1_521' title='bbox 1089 3883 1163 3930; x_wconf 87' lang='lat' dir='ltr'><strong>est</strong></span> <span class='ocrx_word' id='word_1_522' title='bbox 1195 3874 1417 3947; x_wconf 76' lang='lat' dir='ltr'><strong>(Matth.</strong></span> <span class='ocrx_word' id='word_1_523' title='bbox 1458 3893 1538 3945; x_wconf 85' lang='lat' dir='ltr'><strong>ut,</strong></span> <span class='ocrx_word' id='word_1_524' title='bbox 1572 3876 1686 3947; x_wconf 80' lang='grc'><strong>10).</strong></span> <span class='ocrx_word' id='word_1_525' title='bbox 1728 3877 1854 3934; x_wconf 68' lang='lat' dir='ltr'><strong>Haec</strong></span> <span class='ocrx_word' id='word_1_526' title='bbox 1886 3882 2096 3936; x_wconf 82' lang='lat' dir='ltr'><strong>securis</strong></span> <span class='ocrx_word' id='word_1_527' title='bbox 2126 3881 2210 3936; x_wconf 90' lang='lat' dir='ltr'><strong>in-</strong></span> 
     </span>
    </p>
   </div>
   <div class='ocr_carea' id='block_1_63' title="bbox 608 3964 2211 4033">
    <p class='ocr_par' dir='ltr' id='par_1_63' title="bbox 608 3964 2211 4033">
     <span class='ocr_line' id='line_1_63' title="bbox 608 3964 2211 4033; baseline 0.004 -12"><span class='ocrx_word' id='word_1_528' title='bbox 608 3964 911 4021; x_wconf 79' lang='lat' dir='ltr'><strong>fructuosus</strong></span> <span class='ocrx_word' id='word_1_529' title='bbox 944 3964 1177 4023; x_wconf 84' lang='lat' dir='ltr'><strong>succidit</strong></span> <span class='ocrx_word' id='word_1_530' title='bbox 1209 3969 1437 4024; x_wconf 84' lang='lat' dir='ltr'><strong>arbores</strong></span> <span class='ocrx_word' id='word_1_531' title='bbox 1469 4009 1484 4033; x_wconf 92' lang='lat'><strong>,</strong></span> <span class='ocrx_word' id='word_1_532' title='bbox 1531 3978 1588 4026; x_wconf 90' lang='lat' dir='ltr'><strong>et</strong></span> <span class='ocrx_word' id='word_1_533' title='bbox 1634 3968 1722 4025; x_wconf 88' lang='lat' dir='ltr'><strong>hic</strong></span> <span class='ocrx_word' id='word_1_534' title='bbox 1753 3970 1986 4026; x_wconf 87' lang='lat' dir='ltr'><strong>malleus</strong></span> <span class='ocrx_word' id='word_1_535' title='bbox 2015 3981 2211 4029; x_wconf 87' lang='lat' dir='ltr'><strong>conte-</strong></span> 
     </span>
    </p>
   </div>
   <div class='ocr_carea' id='block_1_64' title="bbox 607 4060 2209 4134">
    <p class='ocr_par' dir='ltr' id='par_1_64' title="bbox 607 4060 2209 4134">
     <span class='ocr_line' id='line_1_64' title="bbox 607 4060 2209 4134; baseline 0.004 -20"><span class='ocrx_word' id='word_1_536' title='bbox 607 4061 676 4114; x_wconf 90' lang='lat' dir='ltr'><strong>rit</strong></span> <span class='ocrx_word' id='word_1_537' title='bbox 707 4060 1033 4117; x_wconf 85' lang='lat' dir='ltr'><strong>durissimos</strong></span> <span class='ocrx_word' id='word_1_538' title='bbox 1074 4061 1303 4131; x_wconf 87' lang='lat' dir='ltr'><strong>lapides.</strong></span> <span class='ocrx_word' id='word_1_539' title='bbox 1332 4061 1487 4119; x_wconf 88' lang='lat' dir='ltr'><strong>Unde</strong></span> <span class='ocrx_word' id='word_1_540' title='bbox 1506 4072 1561 4118; x_wconf 91' lang='lat' dir='ltr'><strong>et</strong></span> <span class='ocrx_word' id='word_1_541' title='bbox 1592 4062 1803 4120; x_wconf 84' lang='lat' dir='ltr'><strong>Nahum</strong></span> <span class='ocrx_word' id='word_1_542' title='bbox 1830 4064 2099 4134; x_wconf 70' lang='lat' dir='ltr'><strong>Drepheta</strong></span> <span class='ocrx_word' id='word_1_543' title='bbox 2131 4065 2209 4120; x_wconf 83' lang='lat' dir='ltr'><strong>lo-</strong></span> 
     </span>
    </p>
   </div>
   <div class='ocr_carea' id='block_1_65' title="bbox 606 4150 2207 4226">
    <p class='ocr_par' dir='ltr' id='par_1_65' title="bbox 606 4150 2207 4226">
     <span class='ocr_line' id='line_1_65' title="bbox 606 4150 2207 4226; baseline 0.004 -21"><span class='ocrx_word' id='word_1_544' title='bbox 606 4154 794 4223; x_wconf 89' lang='lat' dir='ltr'><strong>quitur</strong></span> <span class='ocrx_word' id='word_1_545' title='bbox 825 4171 838 4209; x_wconf 90' lang='lat'><strong>:</strong></span> <span class='ocrx_word' id='word_1_546' title='bbox 875 4150 1053 4209; x_wconf 79' lang='lat' dir='ltr'><strong>Furor</strong></span> <span class='ocrx_word' id='word_1_547' title='bbox 1093 4155 1227 4223; x_wconf 76' lang='lat' dir='ltr'><strong>ejus,</strong></span> <span class='ocrx_word' id='word_1_548' title='bbox 1263 4154 1405 4210; x_wconf 91' lang='lat' dir='ltr'><strong>haud</strong></span> <span class='ocrx_word' id='word_1_549' title='bbox 1444 4154 1668 4211; x_wconf 88' lang='lat' dir='ltr'><strong>dubium</strong></span> <span class='ocrx_word' id='word_1_550' title='bbox 1700 4155 1832 4226; x_wconf 88' lang='lat' dir='ltr'><strong>quin</strong></span> <span class='ocrx_word' id='word_1_551' title='bbox 1871 4156 1989 4219; x_wconf 86' lang='lat' dir='ltr'><strong>Dei.</strong></span> <span class='ocrx_word' id='word_1_552' title='bbox 2023 4173 2207 4212; x_wconf 86' lang='lat' dir='ltr'><strong>consu-</strong></span> 
     </span>
    </p>
   </div>
   <div class='ocr_carea' id='block_1_66' title="bbox 607 4248 2206 4321">
    <p class='ocr_par' dir='ltr' id='par_1_66' title="bbox 607 4248 2206 4321">
     <span class='ocr_line' id='line_1_66' title="bbox 607 4248 2206 4321; baseline 0.004 -22"><span class='ocrx_word' id='word_1_553' title='bbox 607 4256 711 4300; x_wconf 85' lang='lat' dir='ltr'><strong>met</strong></span> <span class='ocrx_word' id='word_1_554' title='bbox 734 4248 1058 4320; x_wconf 76' lang='lat' dir='ltr'><strong>principatus</strong></span> <span class='ocrx_word' id='word_1_555' title='bbox 1090 4263 1110 4303; x_wconf 87' lang='lat'><strong><em>:</em></strong></span> <span class='ocrx_word' id='word_1_556' title='bbox 1130 4259 1177 4303; x_wconf 87' lang='lat' dir='ltr'><strong>et</strong></span> <span class='ocrx_word' id='word_1_557' title='bbox 1207 4259 1368 4321; x_wconf 67' lang='lat' dir='ltr'><strong>petra!</strong></span> <span class='ocrx_word' id='word_1_558' title='bbox 1409 4258 1735 4305; x_wconf 85' lang='lat' dir='ltr'><strong>conterentur</strong></span> <span class='ocrx_word' id='word_1_559' title='bbox 1764 4254 1830 4305; x_wconf 81' lang='lat' dir='ltr'><strong>ab</strong></span> <span class='ocrx_word' id='word_1_560' title='bbox 1858 4266 1917 4305; x_wconf 84' lang='lat' dir='ltr'><strong>eo</strong></span> <span class='ocrx_word' id='word_1_561' title='bbox 1946 4249 2206 4319; x_wconf 75' lang='lat' dir='ltr'><strong>(Nullum,</strong></span> 
     </span>
    </p>
   </div>
   <div class='ocr_carea' id='block_1_67' title="bbox 608 4339 2213 4413">
    <p class='ocr_par' dir='ltr' id='par_1_67' title="bbox 608 4339 2213 4413">
     <span class='ocr_line' id='line_1_67' title="bbox 608 4339 2213 4413; baseline 0.004 -18"><span class='ocrx_word' id='word_1_562' title='bbox 608 4356 650 4405; x_wconf 90' lang='lat' dir='ltr'><strong>l,</strong></span> <span class='ocrx_word' id='word_1_563' title='bbox 679 4339 759 4413; x_wconf 86' lang='lat'><strong>6).</strong></span> <span class='ocrx_word' id='word_1_564' title='bbox 792 4339 907 4398; x_wconf 80' lang='lat' dir='ltr'><strong>Hoc</strong></span> <span class='ocrx_word' id='word_1_565' title='bbox 938 4351 1128 4397; x_wconf 82' lang='lat' dir='ltr'><strong>contra</strong></span> <span class='ocrx_word' id='word_1_566' title='bbox 1159 4343 1472 4400; x_wconf 73' lang='lat' dir='ltr'><strong>hmreticos.</strong></span> <span class='ocrx_word' id='word_1_567' title='bbox 1506 4344 1779 4400; x_wconf 59' lang='lat' dir='ltr'><strong>(lictorum</strong></span> <span class='ocrx_word' id='word_1_568' title='bbox 1818 4345 1888 4401; x_wconf 90' lang='lat' dir='ltr'><strong>de</strong></span> <span class='ocrx_word' id='word_1_569' title='bbox 1919 4344 2213 4401; x_wconf 81' lang='lat' dir='ltr'><strong>Ecclesias-</strong></span> 
     </span>
    </p>
   </div>
   <div class='ocr_carea' id='block_1_68' title="bbox 613 4434 2210 4508">
    <p class='ocr_par' dir='ltr' id='par_1_68' title="bbox 613 4434 2210 4508">
     <span class='ocr_line' id='line_1_68' title="bbox 613 4434 2210 4508; baseline 0.004 -20"><span class='ocrx_word' id='word_1_570' title='bbox 613 4434 734 4489; x_wconf 88' lang='lat' dir='ltr'><strong>ticis</strong></span> <span class='ocrx_word' id='word_1_571' title='bbox 764 4435 895 4489; x_wconf 90' lang='lat' dir='ltr'><strong>viris</strong></span> <span class='ocrx_word' id='word_1_572' title='bbox 923 4436 1184 4506; x_wconf 88' lang='lat' dir='ltr'><strong>scriptum</strong></span> <span class='ocrx_word' id='word_1_573' title='bbox 1218 4446 1323 4503; x_wconf 87' lang='lat' dir='ltr'><strong>est,</strong></span> <span class='ocrx_word' id='word_1_574' title='bbox 1357 4438 1500 4508; x_wconf 89' lang='lat' dir='ltr'><strong>quod</strong></span> <span class='ocrx_word' id='word_1_575' title='bbox 1525 4437 1756 4493; x_wconf 85' lang='lat' dir='ltr'><strong>malleus</strong></span> <span class='ocrx_word' id='word_1_576' title='bbox 1779 4446 1835 4494; x_wconf 87' lang='lat' dir='ltr'><strong>et</strong></span> <span class='ocrx_word' id='word_1_577' title='bbox 1861 4439 2072 4495; x_wconf 72' lang='lat' dir='ltr'><strong>securis</strong></span> <span class='ocrx_word' id='word_1_578' title='bbox 2103 4453 2210 4494; x_wconf 92' lang='lat' dir='ltr'><strong>non</strong></span> 
     </span>
    </p>
   </div>
   <div class='ocr_carea' id='block_1_69' title="bbox 611 4528 1874 4608">
    <p class='ocr_par' dir='ltr' id='par_1_69' title="bbox 611 4528 1874 4608">
     <span class='ocr_line' id='line_1_69' title="bbox 611 4528 1874 4608; baseline 0.005 -25"><span class='ocrx_word' id='word_1_579' title='bbox 611 4528 723 4583; x_wconf 85' lang='lat' dir='ltr'><strong>sint</strong></span> <span class='ocrx_word' id='word_1_580' title='bbox 752 4529 937 4585; x_wconf 89' lang='lat' dir='ltr'><strong>audita</strong></span> <span class='ocrx_word' id='word_1_581' title='bbox 970 4530 1024 4585; x_wconf 92' lang='lat' dir='ltr'><strong>in</strong></span> <span class='ocrx_word' id='word_1_582' title='bbox 1056 4530 1218 4585; x_wconf 88' lang='lat' dir='ltr'><strong>domo</strong></span> <span class='ocrx_word' id='word_1_583' title='bbox 1253 4531 1464 4588; x_wconf 90' lang='lat' dir='ltr'><strong>Domini</strong></span> <span class='ocrx_word' id='word_1_584' title='bbox 1491 4532 1583 4601; x_wconf 89' lang='lat' dir='ltr'><strong>(ill</strong></span> <span class='ocrx_word' id='word_1_585' title='bbox 1618 4531 1748 4608; x_wconf 76' lang='lat' dir='ltr'><strong>Reg.</strong></span> <span class='ocrx_word' id='word_1_586' title='bbox 1775 4533 1874 4604; x_wconf 85' lang='lat' dir='ltr'><strong>vt).</strong></span> 
     </span>
    </p>
   </div>
   <div class='ocr_carea' id='block_1_70' title="bbox 2309 3305 3917 3392">
    <p class='ocr_par' dir='ltr' id='par_1_70' title="bbox 2309 3305 3917 3392">
     <span class='ocr_line' id='line_1_70' title="bbox 2309 3305 3917 3392; baseline -0.011 -17"><span class='ocrx_word' id='word_1_587' title='bbox 2309 3317 2627 3392; x_wconf 71' lang='lat' dir='ltr'><strong>proximum]</strong></span> <span class='ocrx_word' id='word_1_588' title='bbox 2658 3335 2830 3387; x_wconf 87' lang='lat' dir='ltr'><strong>suum,</strong></span> <span class='ocrx_word' id='word_1_589' title='bbox 2863 3328 2910 3373; x_wconf 92' lang='lat' dir='ltr'><strong>et</strong></span> <span class='ocrx_word' id='word_1_590' title='bbox 2931 3318 3000 3372; x_wconf 88' lang='lat' dir='ltr'><strong>ad</strong></span> <span class='ocrx_word' id='word_1_591' title='bbox 3029 3317 3244 3388; x_wconf 76' lang='lat' dir='ltr'><strong>fratrem</strong></span> <span class='ocrx_word' id='word_1_592' title='bbox 3272 3333 3425 3371; x_wconf 86' lang='lat' dir='ltr'><strong>suum</strong></span> <span class='ocrx_word' id='word_1_593' title='bbox 3451 3331 3475 3371; x_wconf 90' lang='lat'><strong><em>:</em></strong></span> <span class='ocrx_word' id='word_1_594' title='bbox 3504 3312 3626 3386; x_wconf 86' lang='lat' dir='ltr'><strong>quid</strong></span> <span class='ocrx_word' id='word_1_595' title='bbox 3644 3305 3855 3380; x_wconf 74' lang='lat' dir='ltr'><strong>respondit</strong></span> <span class='ocrx_word' id='word_1_596' title='bbox 3902 3344 3917 3389; x_wconf 23' lang='grc' dir='ltr'><strong>,ξ</strong></span> 
     </span>
    </p>
   </div>
   <div class='ocr_carea' id='block_1_71' title="bbox 2308 3398 3853 3482">
    <p class='ocr_par' dir='ltr' id='par_1_71' title="bbox 2308 3398 3853 3482">
     <span class='ocr_line' id='line_1_71' title="bbox 2308 3398 3853 3482; baseline -0.006 -20"><span class='ocrx_word' id='word_1_597' title='bbox 2308 3407 2588 3473; x_wconf 84' lang='lat' dir='ltr'><strong>Dominus,</strong></span> <span class='ocrx_word' id='word_1_598' title='bbox 2621 3418 2667 3466; x_wconf 89' lang='lat' dir='ltr'><strong>et</strong></span> <span class='ocrx_word' id='word_1_599' title='bbox 2691 3409 2819 3482; x_wconf 78' lang='lat' dir='ltr'><strong>quid</strong></span> <span class='ocrx_word' id='word_1_600' title='bbox 2850 3410 3055 3464; x_wconf 81' lang='lat' dir='ltr'><strong>locutus</strong></span> <span class='ocrx_word' id='word_1_601' title='bbox 3090 3419 3165 3464; x_wconf 89' lang='lat' dir='ltr'><strong>est</strong></span> <span class='ocrx_word' id='word_1_602' title='bbox 3197 3406 3498 3463; x_wconf 81' lang='lat' dir='ltr'><strong>Dominus?</strong></span> <span class='ocrx_word' id='word_1_603' title='bbox 3532 3406 3595 3462; x_wconf 82' lang='lat' dir='ltr'><strong>Et</strong></span> <span class='ocrx_word' id='word_1_604' title='bbox 3619 3398 3853 3468; x_wconf 76' lang='lat' dir='ltr'><strong>onus(site</strong></span> 
     </span>
    </p>
   </div>
   <div class='ocr_carea' id='block_1_72' title="bbox 2308 3494 3853 3573">
    <p class='ocr_par' dir='ltr' id='par_1_72' title="bbox 2308 3494 3853 3573">
     <span class='ocr_line' id='line_1_72' title="bbox 2308 3494 3853 3573; baseline -0.01 -16"><span class='ocrx_word' id='word_1_605' title='bbox 2308 3502 2615 3573; x_wconf 78' lang='lat' dir='ltr'><strong>assumptio)</strong></span> <span class='ocrx_word' id='word_1_606' title='bbox 2638 3501 2849 3556; x_wconf 85' lang='lat' dir='ltr'><strong>Domini</strong></span> <span class='ocrx_word' id='word_1_607' title='bbox 2883 3502 3025 3556; x_wconf 80' lang='lat' dir='ltr'><strong>ultra</strong></span> <span class='ocrx_word' id='word_1_608' title='bbox 3064 3517 3167 3555; x_wconf 87' lang='lat' dir='ltr'><strong>non</strong></span> <span class='ocrx_word' id='word_1_609' title='bbox 3206 3498 3602 3564; x_wconf 73' lang='lat' dir='ltr'><strong>numerabitur,</strong></span> <span class='ocrx_word' id='word_1_610' title='bbox 3621 3494 3730 3567; x_wconf 79' lang='lat' dir='ltr'><strong>quia</strong></span> <span class='ocrx_word' id='word_1_611' title='bbox 3756 3503 3853 3544; x_wconf 78' lang='lat' dir='ltr'><strong>om</strong></span> 
     </span>
    </p>
   </div>
   <div class='ocr_carea' id='block_1_73' title="bbox 2310 3580 3848 3666">
    <p class='ocr_par' dir='ltr' id='par_1_73' title="bbox 2310 3580 3848 3666">
     <span class='ocr_line' id='line_1_73' title="bbox 2310 3580 3848 3666; baseline -0.003 -18"><span class='ocrx_word' id='word_1_612' title='bbox 2310 3595 2450 3664; x_wconf 85' lang='lat' dir='ltr'><strong>(sive</strong></span> <span class='ocrx_word' id='word_1_613' title='bbox 2484 3596 2801 3666; x_wconf 82' lang='lat' dir='ltr'><strong>assumptio)</strong></span> <span class='ocrx_word' id='word_1_614' title='bbox 2841 3594 2937 3650; x_wconf 86' lang='lat' dir='ltr'><strong>erit</strong></span> <span class='ocrx_word' id='word_1_615' title='bbox 2969 3594 3245 3664; x_wconf 81' lang='lat' dir='ltr'><strong>unicuique</strong></span> <span class='ocrx_word' id='word_1_616' title='bbox 3271 3609 3439 3647; x_wconf 78' lang='lat' dir='ltr'><strong>sermo</strong></span> <span class='ocrx_word' id='word_1_617' title='bbox 3469 3588 3708 3662; x_wconf 66' lang='lat' dir='ltr'><strong>suum.</strong></span> <span class='ocrx_word' id='word_1_618' title='bbox 3733 3580 3848 3657; x_wconf 63' lang='lat' dir='ltr'><strong>ejus]-</strong></span> 
     </span>
    </p>
   </div>
   <div class='ocr_carea' id='block_1_74' title="bbox 2315 3670 3849 3758">
    <p class='ocr_par' dir='ltr' id='par_1_74' title="bbox 2315 3670 3849 3758">
     <span class='ocr_line' id='line_1_74' title="bbox 2315 3670 3849 3758; baseline -0.003 -17"><span class='ocrx_word' id='word_1_619' title='bbox 2315 3687 2548 3742; x_wconf 85' lang='lat' dir='ltr'><strong>Verbnm</strong></span> <span class='ocrx_word' id='word_1_620' title='bbox 2601 3686 2924 3743; x_wconf 83' lang='lat' dir='ltr'><strong>ilebrnicnm</strong></span> <span class='ocrx_word' id='word_1_621' title='bbox 2980 3684 3608 3758; x_wconf 69' lang='lat' dir='ltr'><strong>ussss(ttm),Aquila</strong></span> <span class='ocrx_word' id='word_1_622' title='bbox 3653 3670 3849 3757; x_wconf 60' lang='lat' dir='ltr'><strong>cipue,“</strong></span> 
     </span>
    </p>
   </div>
   <div class='ocr_carea' id='block_1_75' title="bbox 2308 3772 3845 3849">
    <p class='ocr_par' dir='ltr' id='par_1_75' title="bbox 2308 3772 3845 3849">
     <span class='ocr_line' id='line_1_75' title="bbox 2308 3772 3845 3849; baseline -0.005 -12"><span class='ocrx_word' id='word_1_623' title='bbox 2308 3790 2414 3849; x_wconf 86' lang='lat' dir='ltr'><strong>est,</strong></span> <span class='ocrx_word' id='word_1_624' title='bbox 2467 3797 2597 3836; x_wconf 87' lang='lat' dir='ltr'><strong>onus</strong></span> <span class='ocrx_word' id='word_1_625' title='bbox 2641 3794 2695 3835; x_wconf 90' lang='lat' dir='ltr'><strong>et</strong></span> <span class='ocrx_word' id='word_1_626' title='bbox 2755 3780 2958 3849; x_wconf 81' lang='lat' dir='ltr'><strong>pondus</strong></span> <span class='ocrx_word' id='word_1_627' title='bbox 3003 3780 3405 3849; x_wconf 74' lang='lat' dir='ltr'><strong>interpretatur</strong></span> <span class='ocrx_word' id='word_1_628' title='bbox 3450 3796 3462 3832; x_wconf 88' lang='lat'><strong>:</strong></span> <span class='ocrx_word' id='word_1_629' title='bbox 3514 3772 3845 3849; x_wconf 61' lang='lat' dir='ltr'><strong>Symmachum</strong></span> 
     </span>
    </p>
   </div>
   <div class='ocr_carea' id='block_1_76' title="bbox 2310 3869 3849 3947">
    <p class='ocr_par' dir='ltr' id='par_1_76' title="bbox 2310 3869 3849 3947">
     <span class='ocr_line' id='line_1_76' title="bbox 2310 3869 3849 3947; baseline -0.01 -14"><span class='ocrx_word' id='word_1_630' title='bbox 2310 3876 2665 3947; x_wconf 69' lang='lat' dir='ltr'><strong>Septuaginta</strong></span> <span class='ocrx_word' id='word_1_631' title='bbox 2689 3884 2744 3930; x_wconf 91' lang='lat' dir='ltr'><strong>et</strong></span> <span class='ocrx_word' id='word_1_632' title='bbox 2772 3872 3104 3942; x_wconf 89' lang='lat' dir='ltr'><strong>Theodotie,</strong></span> <span class='ocrx_word' id='word_1_633' title='bbox 3125 3874 3558 3943; x_wconf 82' lang='lat' dir='ltr'><strong>assumptionem.</strong></span> <span class='ocrx_word' id='word_1_634' title='bbox 3575 3869 3849 3930; x_wconf 67' lang='lat' dir='ltr'><strong>Ubicumque</strong></span> 
     </span>
    </p>
   </div>
   <div class='ocr_carea' id='block_1_77' title="bbox 2311 3950 3845 4037">
    <p class='ocr_par' dir='ltr' id='par_1_77' title="bbox 2311 3950 3845 4037">
     <span class='ocr_line' id='line_1_77' title="bbox 2311 3950 3845 4037; baseline -0.001 -15"><span class='ocrx_word' id='word_1_635' title='bbox 2311 3981 2443 4037; x_wconf 88' lang='lat' dir='ltr'><strong>ergo</strong></span> <span class='ocrx_word' id='word_1_636' title='bbox 2478 3980 2643 4037; x_wconf 86' lang='lat' dir='ltr'><strong>grave</strong></span> <span class='ocrx_word' id='word_1_637' title='bbox 2669 3974 2772 4030; x_wconf 86' lang='lat' dir='ltr'><strong>est,</strong></span> <span class='ocrx_word' id='word_1_638' title='bbox 2805 3965 2949 4036; x_wconf 90' lang='lat' dir='ltr'><strong>quod</strong></span> <span class='ocrx_word' id='word_1_639' title='bbox 2987 3965 3249 4020; x_wconf 88' lang='lat' dir='ltr'><strong>Dominus</strong></span> <span class='ocrx_word' id='word_1_640' title='bbox 3278 3964 3665 4025; x_wconf 79' lang='lat' dir='ltr'><strong>comminatur,</strong></span> <span class='ocrx_word' id='word_1_641' title='bbox 3696 3964 3743 4011; x_wconf 83' lang='lat' dir='ltr'><strong>et</strong></span> <span class='ocrx_word' id='word_1_642' title='bbox 3762 3950 3845 4020; x_wconf 70' lang='grc' dir='ltr'><strong>νιε-</strong></span> 
     </span>
    </p>
   </div>
   <div class='ocr_carea' id='block_1_78' title="bbox 2313 4040 3847 4126">
    <p class='ocr_par' dir='ltr' id='par_1_78' title="bbox 2313 4040 3847 4126">
     <span class='ocr_line' id='line_1_78' title="bbox 2313 4040 3847 4126; baseline -0.002 -16"><span class='ocrx_word' id='word_1_643' title='bbox 2313 4071 2443 4112; x_wconf 90' lang='lat' dir='ltr'><strong>num</strong></span> <span class='ocrx_word' id='word_1_644' title='bbox 2481 4056 2740 4126; x_wconf 84' lang='lat' dir='ltr'><strong>ponderis</strong></span> <span class='ocrx_word' id='word_1_645' title='bbox 2771 4070 2835 4112; x_wconf 86' lang='lat' dir='ltr'><strong>ac</strong></span> <span class='ocrx_word' id='word_1_646' title='bbox 2866 4055 3101 4123; x_wconf 89' lang='lat' dir='ltr'><strong>laboris,</strong></span> <span class='ocrx_word' id='word_1_647' title='bbox 3134 4067 3191 4112; x_wconf 89' lang='lat' dir='ltr'><strong>et</strong></span> <span class='ocrx_word' id='word_1_648' title='bbox 3238 4055 3615 4125; x_wconf 81' lang='lat' dir='ltr'><strong>importabile,</strong></span> <span class='ocrx_word' id='word_1_649' title='bbox 3643 4054 3689 4107; x_wconf 87' lang='lat' dir='ltr'><strong>in</strong></span> <span class='ocrx_word' id='word_1_650' title='bbox 3730 4040 3847 4099; x_wconf 68' lang='grc' dir='ltr'>ιίωὶο</span> 
     </span>
    </p>
   </div>
   <div class='ocr_carea' id='block_1_79' title="bbox 2311 4144 3847 4228">
    <p class='ocr_par' dir='ltr' id='par_1_79' title="bbox 2311 4144 3847 4228">
     <span class='ocr_line' id='line_1_79' title="bbox 2311 4144 3847 4228; baseline -0.01 -21"><span class='ocrx_word' id='word_1_651' title='bbox 2311 4166 2527 4223; x_wconf 90' lang='lat' dir='ltr'><strong>quoque</strong></span> <span class='ocrx_word' id='word_1_652' title='bbox 2572 4151 2735 4228; x_wconf 80' lang='grc' dir='ltr'><strong><em>ἅρμα,</em></strong></span> <span class='ocrx_word' id='word_1_653' title='bbox 2780 4150 2882 4206; x_wconf 89' lang='lat' dir='ltr'><strong>hoc</strong></span> <span class='ocrx_word' id='word_1_654' title='bbox 2924 4160 3042 4216; x_wconf 83' lang='lat' dir='ltr'><strong>est,</strong></span> <span class='ocrx_word' id='word_1_655' title='bbox 3072 4151 3271 4219; x_wconf 88' lang='lat' dir='ltr'><strong>pondus</strong></span> <span class='ocrx_word' id='word_1_656' title='bbox 3317 4148 3541 4204; x_wconf 83' lang='lat' dir='ltr'><strong>dicitur.</strong></span> <span class='ocrx_word' id='word_1_657' title='bbox 3576 4144 3847 4208; x_wconf 79' lang='lat' dir='ltr'><strong>Ubicumque</strong></span> 
     </span>
    </p>
   </div>
   <div class='ocr_carea' id='block_1_80' title="bbox 2310 4242 3846 4313">
    <p class='ocr_par' dir='ltr' id='par_1_80' title="bbox 2310 4242 3846 4313">
     <span class='ocr_line' id='line_1_80' title="bbox 2310 4242 3846 4313; baseline -0.011 -14"><span class='ocrx_word' id='word_1_658' title='bbox 2310 4253 2494 4299; x_wconf 89' lang='lat' dir='ltr'><strong>autem</strong></span> <span class='ocrx_word' id='word_1_659' title='bbox 2527 4259 2791 4313; x_wconf 86' lang='lat' dir='ltr'><strong>prospera</strong></span> <span class='ocrx_word' id='word_1_660' title='bbox 2823 4243 3083 4298; x_wconf 86' lang='lat' dir='ltr'><strong>Dominus</strong></span> <span class='ocrx_word' id='word_1_661' title='bbox 3104 4242 3414 4313; x_wconf 86' lang='lat' dir='ltr'><strong>pollicetur,</strong></span> <span class='ocrx_word' id='word_1_662' title='bbox 3443 4242 3564 4296; x_wconf 85' lang='lat' dir='ltr'><strong>sive</strong></span> <span class='ocrx_word' id='word_1_663' title='bbox 3596 4243 3706 4307; x_wconf 82' lang='lat' dir='ltr'><strong>post</strong></span> <span class='ocrx_word' id='word_1_664' title='bbox 3731 4243 3846 4287; x_wconf 87' lang='lat' dir='ltr'><strong>cotu-</strong></span> 
     </span>
    </p>
   </div>
   <div class='ocr_carea' id='block_1_81' title="bbox 2314 4314 3847 4405">
    <p class='ocr_par' dir='ltr' id='par_1_81' title="bbox 2314 4314 3847 4405">
     <span class='ocr_line' id='line_1_81' title="bbox 2314 4314 3847 4405; baseline -0.007 -13"><span class='ocrx_word' id='word_1_665' title='bbox 2314 4336 2673 4393; x_wconf 66' lang='lat' dir='ltr'><strong>minationcm</strong></span> <span class='ocrx_word' id='word_1_666' title='bbox 2705 4336 2937 4392; x_wconf 83' lang='lat' dir='ltr'><strong>meliora</strong></span> <span class='ocrx_word' id='word_1_667' title='bbox 2966 4335 3254 4405; x_wconf 88' lang='lat' dir='ltr'><strong>promittit,</strong></span> <span class='ocrx_word' id='word_1_668' title='bbox 3283 4333 3362 4390; x_wconf 87' lang='lat' dir='ltr'><strong>ibi</strong></span> <span class='ocrx_word' id='word_1_669' title='bbox 3398 4332 3547 4389; x_wconf 84' lang='lat' dir='ltr'><strong>Visio</strong></span> <span class='ocrx_word' id='word_1_670' title='bbox 3571 4330 3761 4389; x_wconf 85' lang='lat' dir='ltr'><strong>dicitur,</strong></span> <span class='ocrx_word' id='word_1_671' title='bbox 3784 4314 3847 4374; x_wconf 66' lang='lat' dir='ltr'><strong>vel</strong></span> 
     </span>
    </p>
   </div>
   <div class='ocr_carea' id='block_1_82' title="bbox 2312 4416 3849 4501">
    <p class='ocr_par' dir='ltr' id='par_1_82' title="bbox 2312 4416 3849 4501">
     <span class='ocr_line' id='line_1_82' title="bbox 2312 4416 3849 4501; baseline -0.012 -16"><span class='ocrx_word' id='word_1_672' title='bbox 2312 4441 2466 4487; x_wconf 86' lang='lat' dir='ltr'><strong>certe</strong></span> <span class='ocrx_word' id='word_1_673' title='bbox 2486 4431 2697 4485; x_wconf 75' lang='lat' dir='ltr'><strong>verbum</strong></span> <span class='ocrx_word' id='word_1_674' title='bbox 2722 4429 2933 4484; x_wconf 82' lang='lat' dir='ltr'><strong>Domini</strong></span> <span class='ocrx_word' id='word_1_675' title='bbox 2948 4443 2967 4485; x_wconf 82' lang='lat'><strong><em>:</em></strong></span> <span class='ocrx_word' id='word_1_676' title='bbox 2985 4439 3040 4487; x_wconf 85' lang='lat' dir='ltr'><strong>et</strong></span> <span class='ocrx_word' id='word_1_677' title='bbox 3061 4430 3409 4501; x_wconf 75' lang='lat' dir='ltr'><strong>perspicuum</strong></span> <span class='ocrx_word' id='word_1_678' title='bbox 3426 4437 3547 4485; x_wconf 84' lang='lat' dir='ltr'><strong>erat</strong></span> <span class='ocrx_word' id='word_1_679' title='bbox 3566 4442 3625 4482; x_wconf 80' lang='lat' dir='ltr'><strong>ex</strong></span> <span class='ocrx_word' id='word_1_680' title='bbox 3643 4423 3746 4493; x_wconf 89' lang='lat' dir='ltr'><strong>ipso</strong></span> <span class='ocrx_word' id='word_1_681' title='bbox 3762 4416 3849 4471; x_wconf 87' lang='lat' dir='ltr'><strong>titu-</strong></span> 
     </span>
    </p>
   </div>
   <div class='ocr_carea' id='block_1_83' title="bbox 2314 4506 3843 4595">
    <p class='ocr_par' dir='ltr' id='par_1_83' title="bbox 2314 4506 3843 4595">
     <span class='ocr_line' id='line_1_83' title="bbox 2314 4506 3843 4595; baseline -0.007 -15"><span class='ocrx_word' id='word_1_682' title='bbox 2314 4524 2369 4581; x_wconf 89' lang='lat' dir='ltr'><strong>lo</strong></span> <span class='ocrx_word' id='word_1_683' title='bbox 2392 4525 2692 4595; x_wconf 73' lang='lat' dir='ltr'><strong>prophctize</strong></span> <span class='ocrx_word' id='word_1_684' title='bbox 2735 4523 3015 4595; x_wconf 86' lang='lat' dir='ltr'><strong>ponderis,</strong></span> <span class='ocrx_word' id='word_1_685' title='bbox 3060 4522 3181 4580; x_wconf 87' lang='lat' dir='ltr'><strong>sive</strong></span> <span class='ocrx_word' id='word_1_686' title='bbox 3211 4523 3471 4590; x_wconf 84' lang='lat' dir='ltr'><strong>visionis,</strong></span> <span class='ocrx_word' id='word_1_687' title='bbox 3501 4531 3557 4579; x_wconf 87' lang='lat' dir='ltr'><strong>et</strong></span> <span class='ocrx_word' id='word_1_688' title='bbox 3598 4514 3737 4574; x_wconf 78' lang='lat' dir='ltr'><strong>Verbi</strong></span> <span class='ocrx_word' id='word_1_689' title='bbox 3757 4506 3843 4569; x_wconf 76' lang='lat' dir='ltr'><strong>Dei.</strong></span> 
     </span>
    </p>
   </div>
   <div class='ocr_carea' id='block_1_84' title="bbox 689 4606 2205 4698">
    <p class='ocr_par' dir='ltr' id='par_1_84' title="bbox 689 4606 2205 4698">
     <span class='ocr_line' id='line_1_84' title="bbox 689 4606 2205 4698; baseline 0.001 -20"><span class='ocrx_word' id='word_1_690' title='bbox 689 4620 873 4695; x_wconf 81' lang='lat' dir='ltr'><strong>(Vere.</strong></span> <span class='ocrx_word' id='word_1_691' title='bbox 910 4622 981 4678; x_wconf 79' lang='grc' dir='ltr'><strong>ὅθ</strong></span> <span class='ocrx_word' id='word_1_692' title='bbox 1008 4622 1192 4697; x_wconf 82' lang='lat' dir='ltr'><strong>seqq.)</strong></span> <span class='ocrx_word' id='word_1_693' title='bbox 1227 4624 1509 4693; x_wconf 83' lang='lat' dir='ltr'><strong>Propterea</strong></span> <span class='ocrx_word' id='word_1_694' title='bbox 1537 4642 1653 4681; x_wconf 85' lang='lat' dir='ltr'><strong>ecce</strong></span> <span class='ocrx_word' id='word_1_695' title='bbox 1676 4606 1770 4698; x_wconf 71' lang='lat' dir='ltr'><strong>ego</strong></span> <span class='ocrx_word' id='word_1_696' title='bbox 1797 4628 1866 4682; x_wconf 84' lang='lat' dir='ltr'><strong>ad</strong></span> <span class='ocrx_word' id='word_1_697' title='bbox 1894 4626 2205 4697; x_wconf 78' lang='lat' dir='ltr'><strong>Prophetas,</strong></span> 
     </span>
    </p>
   </div>
   <div class='ocr_carea' id='block_1_85' title="bbox 2309 4606 3847 4698">
    <p class='ocr_par' dir='ltr' id='par_1_85' title="bbox 2316 4606 3847 4687">
     <span class='ocr_line' id='line_1_85' title="bbox 2316 4606 3847 4687; baseline -0.002 -18"><span class='ocrx_word' id='word_1_698' title='bbox 2316 4618 2492 4687; x_wconf 87' lang='lat' dir='ltr'><strong>qualis</strong></span> <span class='ocrx_word' id='word_1_699' title='bbox 2542 4616 2857 4673; x_wconf 83' lang='lat' dir='ltr'><strong>vaticinatio</strong></span> <span class='ocrx_word' id='word_1_700' title='bbox 2885 4625 3233 4687; x_wconf 87' lang='lat' dir='ltr'><strong>sequeretur.</strong></span> <span class='ocrx_word' id='word_1_701' title='bbox 3264 4616 3400 4685; x_wconf 84' lang='lat' dir='ltr'><strong>Quia</strong></span> <span class='ocrx_word' id='word_1_702' title='bbox 3428 4615 3591 4686; x_wconf 88' lang='lat' dir='ltr'><strong>igitur</strong></span> <span class='ocrx_word' id='word_1_703' title='bbox 3621 4606 3847 4678; x_wconf 67' lang='lat' dir='ltr'><strong>i‘rupllcue</strong></span> 
     </span>
    </p>
   </div>
   <div class='ocr_carea' id='block_1_86' title="bbox 615 4713 2218 4790">
    <p class='ocr_par' dir='ltr' id='par_1_86' title="bbox 615 4713 2218 4790">
     <span class='ocr_line' id='line_1_86' title="bbox 615 4713 2218 4790; baseline 0.005 -25"><span class='ocrx_word' id='word_1_704' title='bbox 615 4713 743 4769; x_wconf 83' lang='lat' dir='ltr'><strong>dicit</strong></span> <span class='ocrx_word' id='word_1_705' title='bbox 772 4713 1053 4782; x_wconf 87' lang='lat' dir='ltr'><strong>Dominus,</strong></span> <span class='ocrx_word' id='word_1_706' title='bbox 1081 4717 1170 4786; x_wconf 81' lang='lat' dir='ltr'><strong>qui</strong></span> <span class='ocrx_word' id='word_1_707' title='bbox 1202 4721 1447 4787; x_wconf 80' lang='lat' dir='ltr'><strong>furantur</strong></span> <span class='ocrx_word' id='word_1_708' title='bbox 1475 4718 1631 4772; x_wconf 79' lang='lat' dir='ltr'><strong>verba</strong></span> <span class='ocrx_word' id='word_1_709' title='bbox 1656 4734 1769 4773; x_wconf 87' lang='lat' dir='ltr'><strong>mea</strong></span> <span class='ocrx_word' id='word_1_710' title='bbox 1809 4719 2164 4790; x_wconf 83' lang='lat' dir='ltr'><strong>unusquisque</strong></span> <span class='ocrx_word' id='word_1_711' title='bbox 2185 4734 2218 4773; x_wconf 80' lang='grc' dir='ltr'><strong>ιι</strong></span> 
     </span>
    </p>
   </div>
   <div class='ocr_carea' id='block_1_87' title="bbox 614 4806 2213 4881">
    <p class='ocr_par' dir='ltr' id='par_1_87' title="bbox 614 4806 2213 4881">
     <span class='ocr_line' id='line_1_87' title="bbox 614 4806 2213 4881; baseline 0.006 -27"><span class='ocrx_word' id='word_1_712' title='bbox 614 4807 853 4875; x_wconf 73' lang='lat' dir='ltr'><strong>proximo</strong></span> <span class='ocrx_word' id='word_1_713' title='bbox 903 4823 997 4861; x_wconf 88' lang='lat' dir='ltr'><strong>suo</strong></span> <span class='ocrx_word' id='word_1_714' title='bbox 1029 4806 1144 4878; x_wconf 78' lang='grc' dir='ltr'><strong>[ΑΙ.</strong></span> <span class='ocrx_word' id='word_1_715' title='bbox 1176 4808 1245 4862; x_wconf 88' lang='lat' dir='ltr'><strong>ad</strong></span> <span class='ocrx_word' id='word_1_716' title='bbox 1287 4810 1580 4881; x_wconf 76' lang='lat' dir='ltr'><strong>proximum</strong></span> <span class='ocrx_word' id='word_1_717' title='bbox 1608 4808 1804 4881; x_wconf 85' lang='lat' dir='ltr'><strong>suum].</strong></span> <span class='ocrx_word' id='word_1_718' title='bbox 1839 4806 1976 4863; x_wconf 81' lang='lat' dir='ltr'><strong>Ecce</strong></span> <span class='ocrx_word' id='word_1_719' title='bbox 2024 4825 2119 4878; x_wconf 85' lang='lat' dir='ltr'><strong>ego</strong></span> <span class='ocrx_word' id='word_1_720' title='bbox 2145 4812 2213 4864; x_wconf 90' lang='lat' dir='ltr'><strong>ad</strong></span> 
     </span>
    </p>
   </div>
   <div class='ocr_carea' id='block_1_88' title="bbox 616 4895 2219 4973">
    <p class='ocr_par' dir='ltr' id='par_1_88' title="bbox 616 4895 2219 4973">
     <span class='ocr_line' id='line_1_88' title="bbox 616 4895 2219 4973; baseline 0.006 -25"><span class='ocrx_word' id='word_1_721' title='bbox 616 4895 931 4969; x_wconf 75' lang='lat' dir='ltr'><strong>I’rOpItetas,</strong></span> <span class='ocrx_word' id='word_1_722' title='bbox 964 4901 1088 4955; x_wconf 86' lang='lat' dir='ltr'><strong>dicit</strong></span> <span class='ocrx_word' id='word_1_723' title='bbox 1114 4898 1389 4966; x_wconf 83' lang='lat' dir='ltr'><strong>Dominus,</strong></span> <span class='ocrx_word' id='word_1_724' title='bbox 1421 4900 1512 4972; x_wconf 84' lang='lat' dir='ltr'><strong>qui</strong></span> <span class='ocrx_word' id='word_1_725' title='bbox 1547 4909 1817 4956; x_wconf 84' lang='lat' dir='ltr'><strong>assumunt</strong></span> <span class='ocrx_word' id='word_1_726' title='bbox 1856 4899 2065 4973; x_wconf 80' lang='lat' dir='ltr'><strong>linguas</strong></span> <span class='ocrx_word' id='word_1_727' title='bbox 2094 4918 2219 4958; x_wconf 86' lang='lat' dir='ltr'><strong>suos</strong></span> 
     </span>
    </p>
   </div>
   <div class='ocr_carea' id='block_1_89' title="bbox 618 4990 2218 5065">
    <p class='ocr_par' dir='ltr' id='par_1_89' title="bbox 618 4990 2218 5065">
     <span class='ocr_line' id='line_1_89' title="bbox 618 4990 2218 5065; baseline 0.006 -25"><span class='ocrx_word' id='word_1_728' title='bbox 618 4997 665 5041; x_wconf 86' lang='lat' dir='ltr'><strong>et</strong></span> <span class='ocrx_word' id='word_1_729' title='bbox 696 4990 863 5058; x_wconf 85' lang='lat' dir='ltr'><strong>aiunt,</strong></span> <span class='ocrx_word' id='word_1_730' title='bbox 895 4992 1020 5047; x_wconf 87' lang='lat' dir='ltr'><strong>dicit</strong></span> <span class='ocrx_word' id='word_1_731' title='bbox 1051 4990 1078 5030; x_wconf 69' lang='grc' dir='ltr'><strong>ιι</strong></span> <span class='ocrx_word' id='word_1_732' title='bbox 1097 4991 1238 5065; x_wconf 61' lang='lat' dir='ltr'><strong>(sive</strong></span> <span class='ocrx_word' id='word_1_733' title='bbox 1265 4993 1551 5047; x_wconf 85' lang='lat' dir='ltr'><strong>dormitant</strong></span> <span class='ocrx_word' id='word_1_734' title='bbox 1581 4993 2048 5065; x_wconf 85' lang='lat' dir='ltr'><strong>dormitotionem).</strong></span> <span class='ocrx_word' id='word_1_735' title='bbox 2087 4993 2218 5050; x_wconf 85' lang='lat' dir='ltr'><strong>Ecce</strong></span> 
     </span>
    </p>
   </div>
   <div class='ocr_carea' id='block_1_90' title="bbox 617 5082 2221 5155">
    <p class='ocr_par' dir='ltr' id='par_1_90' title="bbox 617 5082 2221 5155">
     <span class='ocr_line' id='line_1_90' title="bbox 617 5082 2221 5155; baseline 0.003 -18"><span class='ocrx_word' id='word_1_736' title='bbox 617 5098 709 5154; x_wconf 81' lang='lat' dir='ltr'><strong>ego</strong></span> <span class='ocrx_word' id='word_1_737' title='bbox 747 5084 814 5136; x_wconf 90' lang='lat' dir='ltr'><strong>ad</strong></span> <span class='ocrx_word' id='word_1_738' title='bbox 850 5082 1138 5155; x_wconf 78' lang='lat' dir='ltr'><strong>Prophetas</strong></span> <span class='ocrx_word' id='word_1_739' title='bbox 1180 5087 1496 5141; x_wconf 83' lang='lat' dir='ltr'><strong>somniantes</strong></span> <span class='ocrx_word' id='word_1_740' title='bbox 1539 5086 1887 5154; x_wconf 82' lang='lat' dir='ltr'><strong>mendacium,</strong></span> <span class='ocrx_word' id='word_1_741' title='bbox 1930 5088 2003 5142; x_wconf 87' lang='lat' dir='ltr'><strong>ait</strong></span> <span class='ocrx_word' id='word_1_742' title='bbox 2038 5086 2221 5142; x_wconf 84' lang='lat' dir='ltr'><strong>Domi-</strong></span> 
     </span>
    </p>
   </div>
   <div class='ocr_carea' id='block_1_91' title="bbox 618 5177 2218 5253">
    <p class='ocr_par' dir='ltr' id='par_1_91' title="bbox 618 5177 2218 5253">
     <span class='ocr_line' id='line_1_91' title="bbox 618 5177 2218 5253; baseline 0.003 -23"><span class='ocrx_word' id='word_1_743' title='bbox 618 5193 738 5243; x_wconf 88' lang='lat' dir='ltr'><strong>nus,</strong></span> <span class='ocrx_word' id='word_1_744' title='bbox 782 5177 872 5247; x_wconf 85' lang='lat' dir='ltr'><strong>qui</strong></span> <span class='ocrx_word' id='word_1_745' title='bbox 918 5187 1136 5232; x_wconf 85' lang='lat' dir='ltr'><strong>nnrrant</strong></span> <span class='ocrx_word' id='word_1_746' title='bbox 1172 5195 1250 5242; x_wconf 85' lang='lat' dir='ltr'><strong>ea,</strong></span> <span class='ocrx_word' id='word_1_747' title='bbox 1279 5188 1326 5233; x_wconf 89' lang='lat' dir='ltr'><strong>et</strong></span> <span class='ocrx_word' id='word_1_748' title='bbox 1371 5180 1628 5235; x_wconf 81' lang='lat' dir='ltr'><strong>seducunt</strong></span> <span class='ocrx_word' id='word_1_749' title='bbox 1651 5179 1760 5253; x_wconf 83' lang='lat' dir='ltr'><strong>[AL</strong></span> <span class='ocrx_word' id='word_1_750' title='bbox 1792 5190 2134 5235; x_wconf 80' lang='lat' dir='ltr'><strong>narrnosrunt</strong></span> <span class='ocrx_word' id='word_1_751' title='bbox 2166 5189 2218 5234; x_wconf 90' lang='lat' dir='ltr'><strong>et</strong></span> 
     </span>
    </p>
   </div>
   <div class='ocr_carea' id='block_1_92' title="bbox 614 5268 2218 5343">
    <p class='ocr_par' dir='ltr' id='par_1_92' title="bbox 614 5268 2218 5343">
     <span class='ocr_line' id='line_1_92' title="bbox 614 5268 2218 5343; baseline 0.002 -18"><span class='ocrx_word' id='word_1_752' title='bbox 614 5268 956 5343; x_wconf 74' lang='lat' dir='ltr'><strong>seduxerunt]</strong></span> <span class='ocrx_word' id='word_1_753' title='bbox 971 5274 1219 5343; x_wconf 85' lang='lat' dir='ltr'><strong>pepulum</strong></span> <span class='ocrx_word' id='word_1_754' title='bbox 1252 5286 1422 5327; x_wconf 81' lang='lat' dir='ltr'><strong>meum</strong></span> <span class='ocrx_word' id='word_1_755' title='bbox 1452 5275 1505 5329; x_wconf 87' lang='lat' dir='ltr'><strong>in</strong></span> <span class='ocrx_word' id='word_1_756' title='bbox 1528 5274 1812 5329; x_wconf 84' lang='lat' dir='ltr'><strong>mendaciis</strong></span> <span class='ocrx_word' id='word_1_757' title='bbox 1840 5277 1947 5329; x_wconf 84' lang='lat' dir='ltr'><strong>suis</strong></span> <span class='ocrx_word' id='word_1_758' title='bbox 1974 5287 2021 5329; x_wconf 86' lang='lat' dir='ltr'><strong>et</strong></span> <span class='ocrx_word' id='word_1_759' title='bbox 2042 5275 2097 5329; x_wconf 86' lang='lat' dir='ltr'><strong>in</strong></span> <span class='ocrx_word' id='word_1_760' title='bbox 2122 5274 2218 5328; x_wconf 83' lang='lat' dir='ltr'><strong>nti-</strong></span> 
     </span>
    </p>
   </div>
   <div class='ocr_carea' id='block_1_93' title="bbox 614 5362 2217 5437">
    <p class='ocr_par' dir='ltr' id='par_1_93' title="bbox 614 5362 2217 5437">
     <span class='ocr_line' id='line_1_93' title="bbox 614 5362 2217 5437; baseline -0.001 -19"><span class='ocrx_word' id='word_1_761' title='bbox 614 5362 811 5419; x_wconf 78' lang='lat' dir='ltr'><strong>raculis</strong></span> <span class='ocrx_word' id='word_1_762' title='bbox 846 5363 997 5437; x_wconf 81' lang='lat' dir='ltr'><strong>(sive</strong></span> <span class='ocrx_word' id='word_1_763' title='bbox 1036 5364 1334 5437; x_wconf 74' lang='lat' dir='ltr'><strong>uaporibus</strong></span> <span class='ocrx_word' id='word_1_764' title='bbox 1372 5377 1528 5433; x_wconf 84' lang='lat' dir='ltr'><strong>atque</strong></span> <span class='ocrx_word' id='word_1_765' title='bbox 1571 5368 1853 5422; x_wconf 83' lang='lat' dir='ltr'><strong>terroribus</strong></span> <span class='ocrx_word' id='word_1_766' title='bbox 1894 5365 2066 5437; x_wconf 84' lang='lat' dir='ltr'><strong>suis),</strong></span> <span class='ocrx_word' id='word_1_767' title='bbox 2098 5380 2217 5418; x_wconf 86' lang='lat' dir='ltr'><strong>cum</strong></span> 
     </span>
    </p>
   </div>
   <div class='ocr_carea' id='block_1_94' title="bbox 617 5454 2218 5529">
    <p class='ocr_par' dir='ltr' id='par_1_94' title="bbox 617 5454 2218 5529">
     <span class='ocr_line' id='line_1_94' title="bbox 617 5454 2218 5529; baseline 0.001 -19"><span class='ocrx_word' id='word_1_768' title='bbox 617 5472 712 5527; x_wconf 83' lang='lat' dir='ltr'><strong>ego</strong></span> <span class='ocrx_word' id='word_1_769' title='bbox 751 5473 853 5511; x_wconf 85' lang='lat' dir='ltr'><strong>non</strong></span> <span class='ocrx_word' id='word_1_770' title='bbox 896 5456 1150 5511; x_wconf 83' lang='lat' dir='ltr'><strong>misissent</strong></span> <span class='ocrx_word' id='word_1_771' title='bbox 1194 5473 1302 5521; x_wconf 82' lang='lat' dir='ltr'><strong>eos,</strong></span> <span class='ocrx_word' id='word_1_772' title='bbox 1335 5472 1428 5510; x_wconf 84' lang='lat' dir='ltr'><strong>nec</strong></span> <span class='ocrx_word' id='word_1_773' title='bbox 1466 5458 1792 5512; x_wconf 82' lang='lat' dir='ltr'><strong>tttandassem</strong></span> <span class='ocrx_word' id='word_1_774' title='bbox 1828 5458 1923 5526; x_wconf 88' lang='lat' dir='ltr'><strong>eis,</strong></span> <span class='ocrx_word' id='word_1_775' title='bbox 1960 5457 2050 5529; x_wconf 89' lang='lat' dir='ltr'><strong>qui</strong></span> <span class='ocrx_word' id='word_1_776' title='bbox 2084 5454 2218 5511; x_wconf 79' lang='lat' dir='ltr'><strong>nihil</strong></span> 
     </span>
    </p>
   </div>
   <div class='ocr_carea' id='block_1_95' title="bbox 613 5547 2217 5620">
    <p class='ocr_par' dir='ltr' id='par_1_95' title="bbox 613 5547 2217 5620">
     <span class='ocr_line' id='line_1_95' title="bbox 613 5547 2217 5620; baseline 0.003 -22"><span class='ocrx_word' id='word_1_777' title='bbox 613 5552 922 5619; x_wconf 78' lang='lat' dir='ltr'><strong>profuerunt</strong></span> <span class='ocrx_word' id='word_1_778' title='bbox 945 5550 1139 5618; x_wconf 83' lang='lat' dir='ltr'><strong>populo</strong></span> <span class='ocrx_word' id='word_1_779' title='bbox 1161 5547 1449 5613; x_wconf 84' lang='lat' dir='ltr'><strong>huic,dicit</strong></span> <span class='ocrx_word' id='word_1_780' title='bbox 1479 5547 2006 5620; x_wconf 78' lang='lat' dir='ltr'><strong>Dominus.Semper</strong></span> <span class='ocrx_word' id='word_1_781' title='bbox 2040 5548 2217 5604; x_wconf 85' lang='lat' dir='ltr'><strong>imita-</strong></span> 
     </span>
    </p>
   </div>
   <div class='ocr_carea' id='block_1_96' title="bbox 616 5639 2213 5710">
    <p class='ocr_par' dir='ltr' id='par_1_96' title="bbox 616 5639 2213 5710">
     <span class='ocr_line' id='line_1_96' title="bbox 616 5639 2213 5710; baseline 0.001 -18"><span class='ocrx_word' id='word_1_782' title='bbox 616 5646 702 5693; x_wconf 91' lang='lat' dir='ltr'><strong>tur</strong></span> <span class='ocrx_word' id='word_1_783' title='bbox 723 5640 1063 5695; x_wconf 85' lang='lat' dir='ltr'><strong>mendacium</strong></span> <span class='ocrx_word' id='word_1_784' title='bbox 1096 5642 1380 5696; x_wconf 83' lang='lat' dir='ltr'><strong>veritatem</strong></span> <span class='ocrx_word' id='word_1_785' title='bbox 1409 5658 1419 5694; x_wconf 90' lang='lat'><strong>:</strong></span> <span class='ocrx_word' id='word_1_786' title='bbox 1446 5648 1504 5695; x_wconf 93' lang='lat' dir='ltr'><strong>et</strong></span> <span class='ocrx_word' id='word_1_787' title='bbox 1542 5641 1647 5697; x_wconf 89' lang='lat' dir='ltr'><strong>nisi</strong></span> <span class='ocrx_word' id='word_1_788' title='bbox 1678 5639 1932 5697; x_wconf 87' lang='lat' dir='ltr'><strong>habuerit</strong></span> <span class='ocrx_word' id='word_1_789' title='bbox 1972 5640 2213 5710; x_wconf 83' lang='lat' dir='ltr'><strong>aliquam</strong></span> 
     </span>
    </p>
   </div>
   <div class='ocr_carea' id='block_1_97' title="bbox 699 5822 1586 5895">
    <p class='ocr_par' dir='ltr' id='par_1_97' title="bbox 699 5822 1586 5895">
     <span class='ocr_line' id='line_1_97' title="bbox 699 5822 1586 5895; baseline 0 -17"><span class='ocrx_word' id='word_1_790' title='bbox 699 5830 723 5859; x_wconf 71' lang='grc' dir='ltr'>η</span> <span class='ocrx_word' id='word_1_791' title='bbox 757 5822 870 5878; x_wconf 88' lang='lat' dir='ltr'><strong>Duo</strong></span> <span class='ocrx_word' id='word_1_792' title='bbox 899 5839 1057 5891; x_wconf 86' lang='lat' dir='ltr'><strong>mss.,</strong></span> <span class='ocrx_word' id='word_1_793' title='bbox 1095 5825 1270 5895; x_wconf 84' lang='lat' dir='ltr'><strong>paleas</strong></span> <span class='ocrx_word' id='word_1_794' title='bbox 1298 5825 1586 5879; x_wconf 80' lang='lat' dir='ltr'><strong>verborum.</strong></span> 
     </span>
    </p>
   </div>
   <div class='ocr_carea' id='block_1_98' title="bbox 2315 4708 3846 4781">
    <p class='ocr_par' dir='ltr' id='par_1_98' title="bbox 2315 4708 3846 4781">
     <span class='ocr_line' id='line_1_98' title="bbox 2315 4708 3846 4781; baseline -0.012 -16"><span class='ocrx_word' id='word_1_795' title='bbox 2315 4710 2566 4766; x_wconf 87' lang='lat' dir='ltr'><strong>solebant</strong></span> <span class='ocrx_word' id='word_1_796' title='bbox 2611 4711 2812 4780; x_wconf 90' lang='lat' dir='ltr'><strong>popqu</strong></span> <span class='ocrx_word' id='word_1_797' title='bbox 2855 4710 3127 4781; x_wconf 84' lang='lat' dir='ltr'><strong>peccaturi</strong></span> <span class='ocrx_word' id='word_1_798' title='bbox 3158 4709 3334 4766; x_wconf 85' lang='lat' dir='ltr'><strong>tristis</strong></span> <span class='ocrx_word' id='word_1_799' title='bbox 3378 4711 3645 4773; x_wconf 81' lang='lat' dir='ltr'><strong>nuntiare,</strong></span> <span class='ocrx_word' id='word_1_800' title='bbox 3667 4711 3716 4758; x_wconf 88' lang='lat' dir='ltr'><strong>et</strong></span> <span class='ocrx_word' id='word_1_801' title='bbox 3737 4708 3846 4752; x_wconf 80' lang='lat' dir='ltr'><strong>cout-</strong></span> 
     </span>
    </p>
   </div>
   <div class='ocr_carea' id='block_1_99' title="bbox 2315 4791 3843 4889">
    <p class='ocr_par' dir='ltr' id='par_1_99' title="bbox 2315 4791 3843 4889">
     <span class='ocr_line' id='line_1_99' title="bbox 2315 4791 3843 4889; baseline -0.004 -29"><span class='ocrx_word' id='word_1_802' title='bbox 2315 4803 2512 4860; x_wconf 88' lang='lat' dir='ltr'><strong>minari</strong></span> <span class='ocrx_word' id='word_1_803' title='bbox 2550 4804 2851 4876; x_wconf 85' lang='lat' dir='ltr'><strong>supplicia,</strong></span> <span class='ocrx_word' id='word_1_804' title='bbox 2884 4815 2943 4860; x_wconf 91' lang='lat' dir='ltr'><strong>ut</strong></span> <span class='ocrx_word' id='word_1_805' title='bbox 2985 4821 3082 4861; x_wconf 86' lang='lat' dir='ltr'><strong>eos</strong></span> <span class='ocrx_word' id='word_1_806' title='bbox 3126 4806 3472 4861; x_wconf 82' lang='lat' dir='ltr'><strong>retraherent</strong></span> <span class='ocrx_word' id='word_1_807' title='bbox 3511 4802 3576 4859; x_wconf 87' lang='lat' dir='ltr'><strong>ad</strong></span> <span class='ocrx_word' id='word_1_808' title='bbox 3631 4791 3843 4889; x_wconf 41' lang='lat' dir='ltr'><strong>while-{1&#39;</strong></span> 
     </span>
    </p>
   </div>
   <div class='ocr_carea' id='block_1_100' title="bbox 2316 4879 3843 4955">
    <p class='ocr_par' dir='ltr' id='par_1_100' title="bbox 2316 4879 3843 4955">
     <span class='ocr_line' id='line_1_100' title="bbox 2316 4879 3843 4955; baseline -0.008 -4"><span class='ocrx_word' id='word_1_809' title='bbox 2316 4896 2445 4952; x_wconf 84' lang='lat' dir='ltr'><strong>tinm</strong></span> <span class='ocrx_word' id='word_1_810' title='bbox 2481 4911 2495 4950; x_wconf 89' lang='lat'><strong>:</strong></span> <span class='ocrx_word' id='word_1_811' title='bbox 2535 4898 2779 4953; x_wconf 85' lang='lat' dir='ltr'><strong>clemens</strong></span> <span class='ocrx_word' id='word_1_812' title='bbox 2830 4906 3011 4955; x_wconf 87' lang='lat' dir='ltr'><strong>autem</strong></span> <span class='ocrx_word' id='word_1_813' title='bbox 3060 4908 3116 4952; x_wconf 87' lang='lat' dir='ltr'><strong>et</strong></span> <span class='ocrx_word' id='word_1_814' title='bbox 3174 4898 3471 4954; x_wconf 82' lang='lat' dir='ltr'><strong>miseratur</strong></span> <span class='ocrx_word' id='word_1_815' title='bbox 3515 4891 3748 4952; x_wconf 88' lang='lat' dir='ltr'><strong>Dominus</strong></span> <span class='ocrx_word' id='word_1_816' title='bbox 3776 4879 3843 4934; x_wconf 64' lang='lat' dir='ltr'><strong>diu</strong></span> 
     </span>
    </p>
   </div>
   <div class='ocr_carea' id='block_1_101' title="bbox 2314 4974 3847 5059">
    <p class='ocr_par' dir='ltr' id='par_1_101' title="bbox 2314 4974 3847 5059">
     <span class='ocr_line' id='line_1_101' title="bbox 2314 4974 3847 5059; baseline -0.01 -16"><span class='ocrx_word' id='word_1_817' title='bbox 2314 4989 2642 5043; x_wconf 81' lang='lat' dir='ltr'><strong>sententiam</strong></span> <span class='ocrx_word' id='word_1_818' title='bbox 2673 4988 2981 5058; x_wconf 74' lang='lat' dir='ltr'><strong>dill’erebat,</strong></span> <span class='ocrx_word' id='word_1_819' title='bbox 3014 4988 3243 5059; x_wconf 85' lang='lat' dir='ltr'><strong>putabat</strong></span> <span class='ocrx_word' id='word_1_820' title='bbox 3282 4989 3546 5058; x_wconf 86' lang='lat' dir='ltr'><strong>deceptus</strong></span> <span class='ocrx_word' id='word_1_821' title='bbox 3584 4977 3785 5056; x_wconf 81' lang='lat' dir='ltr'><strong>populus</strong></span> <span class='ocrx_word' id='word_1_822' title='bbox 3809 4974 3847 5022; x_wconf 76' lang='lat' dir='ltr'><strong>ei</strong></span> 
     </span>
    </p>
   </div>
   <div class='ocr_carea' id='block_1_102' title="bbox 2322 5072 3845 5151">
    <p class='ocr_par' dir='ltr' id='par_1_102' title="bbox 2322 5072 3845 5151">
     <span class='ocr_line' id='line_1_102' title="bbox 2322 5072 3845 5151; baseline -0.007 -17"><span class='ocrx_word' id='word_1_823' title='bbox 2322 5080 2926 5151; x_wconf 83' lang='lat' dir='ltr'><strong>pseudopropltctarum</strong></span> <span class='ocrx_word' id='word_1_824' title='bbox 2973 5082 3165 5138; x_wconf 80' lang='lat' dir='ltr'><strong>fraude</strong></span> <span class='ocrx_word' id='word_1_825' title='bbox 3205 5082 3487 5148; x_wconf 61' lang='lat' dir='ltr'><strong>seducta,</strong></span> <span class='ocrx_word' id='word_1_826' title='bbox 3536 5094 3633 5133; x_wconf 88' lang='lat' dir='ltr'><strong>non</strong></span> <span class='ocrx_word' id='word_1_827' title='bbox 3671 5072 3845 5126; x_wconf 64' lang='lat' dir='ltr'><strong>ventura</strong></span> 
     </span>
    </p>
   </div>
   <div class='ocr_carea' id='block_1_103' title="bbox 2322 5157 3842 5249">
    <p class='ocr_par' dir='ltr' id='par_1_103' title="bbox 2322 5157 3842 5249">
     <span class='ocr_line' id='line_1_103' title="bbox 2322 5157 3842 5249; baseline -0.012 -22"><span class='ocrx_word' id='word_1_828' title='bbox 2322 5188 2445 5245; x_wconf 80' lang='lat' dir='ltr'><strong>qnte</strong></span> <span class='ocrx_word' id='word_1_829' title='bbox 2478 5174 2737 5229; x_wconf 81' lang='lat' dir='ltr'><strong>Dominus</strong></span> <span class='ocrx_word' id='word_1_830' title='bbox 2761 5174 3093 5241; x_wconf 87' lang='lat' dir='ltr'><strong>minabatur,</strong></span> <span class='ocrx_word' id='word_1_831' title='bbox 3122 5184 3177 5229; x_wconf 91' lang='lat' dir='ltr'><strong>et</strong></span> <span class='ocrx_word' id='word_1_832' title='bbox 3202 5189 3318 5230; x_wconf 84' lang='lat' dir='ltr'><strong>rem</strong></span> <span class='ocrx_word' id='word_1_833' title='bbox 3340 5186 3611 5236; x_wconf 82' lang='lat' dir='ltr'><strong>severam,</strong></span> <span class='ocrx_word' id='word_1_834' title='bbox 3635 5167 3681 5221; x_wconf 91' lang='lat' dir='ltr'><strong>in</strong></span> <span class='ocrx_word' id='word_1_835' title='bbox 3707 5157 3842 5249; x_wconf 69' lang='lat' dir='ltr'><strong>induat</strong></span> 
     </span>
    </p>
   </div>
   <div class='ocr_carea' id='block_1_104' title="bbox 2322 5247 3843 5337">
    <p class='ocr_par' dir='ltr' id='par_1_104' title="bbox 2322 5247 3843 5337">
     <span class='ocr_line' id='line_1_104' title="bbox 2322 5247 3843 5337; baseline -0.01 -15"><span class='ocrx_word' id='word_1_836' title='bbox 2322 5278 2376 5321; x_wconf 91' lang='lat' dir='ltr'><strong>et</strong></span> <span class='ocrx_word' id='word_1_837' title='bbox 2420 5268 2605 5337; x_wconf 72' lang='lat' dir='ltr'><strong>iocum</strong></span> <span class='ocrx_word' id='word_1_838' title='bbox 2659 5275 2973 5333; x_wconf 79' lang='lat' dir='ltr'><strong>vertet-ant;</strong></span> <span class='ocrx_word' id='word_1_839' title='bbox 3021 5264 3580 5335; x_wconf 83' lang='lat' dir='ltr'><strong>prophetautibttsque</strong></span> <span class='ocrx_word' id='word_1_840' title='bbox 3621 5247 3843 5337; x_wconf 63' lang='grc' dir='ltr'>Ρτοριιεξιίέ</span> 
     </span>
    </p>
   </div>
   <div class='ocr_carea' id='block_1_105' title="bbox 2321 5335 3844 5429">
    <p class='ocr_par' dir='ltr' id='par_1_105' title="bbox 2321 5335 3844 5429">
     <span class='ocr_line' id='line_1_105' title="bbox 2321 5335 3844 5429; baseline -0.007 -16"><span class='ocrx_word' id='word_1_841' title='bbox 2321 5335 2475 5429; x_wconf 78' lang='grc' dir='ltr'>ιιιιιιιιί</span> <span class='ocrx_word' id='word_1_842' title='bbox 2502 5358 2818 5425; x_wconf 87' lang='lat' dir='ltr'><strong>irridentes,</strong></span> <span class='ocrx_word' id='word_1_843' title='bbox 2843 5357 3136 5414; x_wconf 87' lang='lat' dir='ltr'><strong>dicebant:</strong></span> <span class='ocrx_word' id='word_1_844' title='bbox 3162 5356 3397 5412; x_wconf 82' lang='lat' dir='ltr'><strong>Rursmn</strong></span> <span class='ocrx_word' id='word_1_845' title='bbox 3421 5355 3507 5410; x_wconf 87' lang='lat' dir='ltr'><strong>hic</strong></span> <span class='ocrx_word' id='word_1_846' title='bbox 3523 5350 3660 5410; x_wconf 85' lang='lat' dir='ltr'><strong>videt</strong></span> <span class='ocrx_word' id='word_1_847' title='bbox 3683 5335 3844 5429; x_wconf 50' lang='lat' dir='ltr'><strong>pontiiﬁ</strong></span> 
     </span>
    </p>
   </div>
   <div class='ocr_carea' id='block_1_106' title="bbox 2322 5422 3845 5520">
    <p class='ocr_par' dir='ltr' id='par_1_106' title="bbox 2322 5422 3845 5520">
     <span class='ocr_line' id='line_1_106' title="bbox 2322 5422 3845 5520; baseline -0.016 -12"><span class='ocrx_word' id='word_1_848' title='bbox 2322 5422 2379 5508; x_wconf 78' lang='lat' dir='ltr'><strong>et</strong></span> <span class='ocrx_word' id='word_1_849' title='bbox 2410 5467 2552 5508; x_wconf 89' lang='lat' dir='ltr'><strong>onus</strong></span> <span class='ocrx_word' id='word_1_850' title='bbox 2585 5422 2818 5507; x_wconf 75' lang='lat' dir='ltr'><strong>Domini.</strong></span> <span class='ocrx_word' id='word_1_851' title='bbox 2843 5448 3023 5520; x_wconf 84' lang='lat' dir='ltr'><strong>Atque</strong></span> <span class='ocrx_word' id='word_1_852' title='bbox 3049 5450 3126 5504; x_wconf 87' lang='lat' dir='ltr'><strong>ita</strong></span> <span class='ocrx_word' id='word_1_853' title='bbox 3158 5449 3343 5517; x_wconf 77' lang='lat' dir='ltr'><strong>(iebat,</strong></span> <span class='ocrx_word' id='word_1_854' title='bbox 3376 5458 3435 5502; x_wconf 91' lang='lat' dir='ltr'><strong>ut</strong></span> <span class='ocrx_word' id='word_1_855' title='bbox 3468 5447 3764 5515; x_wconf 77' lang='lat' dir='ltr'><strong>nequaquam</strong></span> <span class='ocrx_word' id='word_1_856' title='bbox 3787 5422 3845 5477; x_wconf 65' lang='lat' dir='ltr'><strong>ul‘</strong></span> 
     </span>
    </p>
   </div>
   <div class='ocr_carea' id='block_1_107' title="bbox 2325 5529 3843 5619">
    <p class='ocr_par' dir='ltr' id='par_1_107' title="bbox 2325 5529 3843 5619">
     <span class='ocr_line' id='line_1_107' title="bbox 2325 5529 3843 5619; baseline -0.009 -18"><span class='ocrx_word' id='word_1_857' title='bbox 2325 5555 2406 5601; x_wconf 91' lang='lat' dir='ltr'><strong>tra</strong></span> <span class='ocrx_word' id='word_1_858' title='bbox 2444 5545 2611 5613; x_wconf 83' lang='lat' dir='ltr'><strong>Visio,</strong></span> <span class='ocrx_word' id='word_1_859' title='bbox 2635 5544 2733 5601; x_wconf 89' lang='lat' dir='ltr'><strong>sed</strong></span> <span class='ocrx_word' id='word_1_860' title='bbox 2766 5561 2862 5615; x_wconf 83' lang='lat' dir='ltr'><strong>per</strong></span> <span class='ocrx_word' id='word_1_861' title='bbox 2878 5544 3064 5612; x_wconf 86' lang='lat' dir='ltr'><strong>jocum</strong></span> <span class='ocrx_word' id='word_1_862' title='bbox 3085 5555 3253 5612; x_wconf 85' lang='lat' dir='ltr'><strong>atque</strong></span> <span class='ocrx_word' id='word_1_863' title='bbox 3281 5541 3541 5608; x_wconf 86' lang='lat' dir='ltr'><strong>derismn,</strong></span> <span class='ocrx_word' id='word_1_864' title='bbox 3562 5529 3843 5619; x_wconf 81' lang='lat' dir='ltr'><strong>onusel</strong></span> 
     </span>
    </p>
   </div>
   <div class='ocr_carea' id='block_1_108' title="bbox 2325 5614 3839 5710">
    <p class='ocr_par' dir='ltr' id='par_1_108' title="bbox 2325 5614 3839 5710">
     <span class='ocr_line' id='line_1_108' title="bbox 2325 5614 3839 5710; baseline -0.017 -14"><span class='ocrx_word' id='word_1_865' title='bbox 2325 5638 2423 5693; x_wconf 87' lang='lat' dir='ltr'><strong>dus</strong></span> <span class='ocrx_word' id='word_1_866' title='bbox 2465 5637 2861 5710; x_wconf 86' lang='lat' dir='ltr'><strong>appellaretur.</strong></span> <span class='ocrx_word' id='word_1_867' title='bbox 2901 5634 3174 5706; x_wconf 80' lang='lat' dir='ltr'><strong>Praecepit</strong></span> <span class='ocrx_word' id='word_1_868' title='bbox 3219 5646 3353 5705; x_wconf 81' lang='lat' dir='ltr'><strong>ergo</strong></span> <span class='ocrx_word' id='word_1_869' title='bbox 3398 5629 3659 5689; x_wconf 87' lang='lat' dir='ltr'><strong>Dominus,</strong></span> <span class='ocrx_word' id='word_1_870' title='bbox 3683 5625 3729 5673; x_wconf 86' lang='lat' dir='ltr'><strong>ut</strong></span> <span class='ocrx_word' id='word_1_871' title='bbox 3751 5614 3839 5666; x_wconf 62' lang='lat' dir='ltr'><strong>si“</strong></span> 
     </span>
    </p>
   </div>
   <div class='ocr_carea' id='block_1_109' title="bbox 2398 5810 3491 5885">
    <p class='ocr_par' dir='ltr' id='par_1_109' title="bbox 2398 5810 3491 5885">
     <span class='ocr_line' id='line_1_109' title="bbox 2398 5810 3491 5885; baseline -0.01 -9"><span class='ocrx_word' id='word_1_872' title='bbox 2398 5817 2425 5858; x_wconf 76' lang='grc' dir='ltr'>ι’</span> <span class='ocrx_word' id='word_1_873' title='bbox 2452 5816 2619 5876; x_wconf 81' lang='lat' dir='ltr'><strong>Addit</strong></span> <span class='ocrx_word' id='word_1_874' title='bbox 2644 5814 2820 5874; x_wconf 83' lang='lat' dir='ltr'><strong>Vatic.</strong></span> <span class='ocrx_word' id='word_1_875' title='bbox 2851 5812 2938 5870; x_wconf 88' lang='lat' dir='ltr'><strong>hic</strong></span> <span class='ocrx_word' id='word_1_876' title='bbox 2968 5826 3187 5885; x_wconf 84' lang='lat' dir='ltr'><strong>quoque</strong></span> <span class='ocrx_word' id='word_1_877' title='bbox 3218 5810 3491 5868; x_wconf 84' lang='lat' dir='ltr'><strong>Dominus.</strong></span> 
     </span>
    </p>
   </div>
  </div>
