3972 6330
115 365 243 422 83.9

614 365 1266 424 COMMENTARIORU.“
1309 365 1374 422 IN
1413 357 1763 424 JEREMIAM
1805 359 2238 424 PIlOPHE'l'AM
2278 367 2406 424 LIB.
2453 369 2515 423 γ.
2557 368 2713 424 CAP.
2757 367 2952 423 XXIV.

3339 363 3446 424 830

117 484 396 555 populus,
431 483 552 540 sive
587 484 875 553 prOpheta,
910 484 1026 539 sive
1065 483 1325 539 sacerdos
1361 485 1738 555 interrogare-
1766 482 1821 544 Α
1846 483 2015 540 sionis
2051 491 2106 540 et
2138 485 2289 540 verbi
2321 483 2416 540 Dei
2451 479 2630 556 :quod
2657 485 2780 552 quia
2813 480 3041 554 populus
3065 481 3294 554 implere
3315 497 3448 540 con-

116 578 246 632 rint
289 575 612 638 Jeremiam,
644 575 774 646 quid
817 577 885 630 sit
927 577 1138 645 pondus
1169 575 1274 647 (At.
1303 575 1476 648 onus]
1508 577 1590 631 vel
1619 587 1742 645 qua:

115 669 444 739 assumptio
473 669 712 731 Domini.
749 669 1083 738 respondeat
1111 670 1190 725 eis
1218 678 1274 725 et
1298 669 1446 724 dicat
1472 685 1484 723 :
1522 669 1628 723 Vos
1659 683 1740 723 es-

115 763 198 816 tis
229 773 385 826 onus,
414 767 462 815 et
483 775 572 815 vos
595 761 897 832 assumptio.
926 760 1216 816 Assumam
1245 762 1391 816 enim
1413 777 1512 817 vos
1529 769 1584 817 et
1613 777 1740 832 pro-

111 853 344 923 jiciam,
371 854 700 924 :tllidamque
731 864 787 909 et
817 855 1046 932 interire
1081 854 1299 911 faciam.
1332 855 1389 912 Si
1415 857 1537 926 quis
1556 867 1738 912 autem

119 946 427 1014 deinceps,
459 945 542 1001 vel
580 946 992 1016 prophetarum,
1021 949 1105 1003 vel
1136 949 1506 1016 sacerdotum,
1531 951 1614 1006 vel
1648 964 1742 1021 po-

121 1040 282 1108 puli,
306 1056 470 1096 ausus
499 1041 663 1096 fuerit
691 1055 829 1095 onus
853 1050 909 1096 et
933 1042 1146 1111 pondus
1174 1043 1386 1098 Domini
1415 1046 1696 1100 nominare
1724 1063 1736 1099 :

135 1130 405 1198 Visitabo,
439 1133 632 1203 inquit,
664 1149 818 1195 super
863 1134 1026 1188 cirum
1065 1135 1238 1201 illum,
1264 1145 1310 1190 et
1339 1153 1491 1206 super
1530 1137 1741 1191 domum

115 1225 323 1291 illius;
367 1235 421 1281 et
461 1242 584 1282 eum
627 1227 824 1284 delebo
875 1229 927 1283 in
975 1240 1318 1300 perpetuum.
1368 1231 1520 1286 Dicat
1558 1232 1740 1302 itaque

120 1319 514 1388 unusquisque
535 1321 784 1388 proximo
809 1329 866 1374 et
886 1321 1062 1376 amico
1086 1340 1206 1390 suo,
1235 1339 1572 1394 nequaquam
1594 1326 1738 1396 quod

117 1419 219 1465 est
254 1411 468 1484 1003
508 1427 647 1467 onus
679 1413 931 1468 Domini?
958 1417 1054 1468 sed
1087 1415 1214 1486 quid
1249 1417 1528 1486 respondit
1561 1417 1741 1472 Domi-

120 1505 358 1560 nus?et
387 1506 515 1575 quid
547 1507 763 1562 locutus
798 1517 885 1562 est
927 1510 1230 1564 Dominus?
1261 1510 1472 1566 Veteris
1517 1512 1740 1568 oblivis-

119 1597 327 1650 cimini
356 1615 369 1652 :
399 1613 556 1666 onus,
588 1610 642 1655 et
671 1601 909 1672 pondus,
933 1603 1048 1658 sive
1071 1603 1375 1674 assumptio
1409 1606 1460 1659 in
1493 1618 1588 1660 ore
1618 1621 1740 1661 ves-

123 1701 222 1742 tro
257 1690 398 1744 ultra
443 1707 549 1745 non
582 1703 804 1748 resonet
831 1712 843 1746 :
874 1695 996 1764 quia
1025 1695 1250 1766 singulis
1285 1697 1593 1752 hominibus
1622 1713 1740 1754 ser-

120 1796 226 1834 mo
257 1796 390 1836 suus
429 1791 483 1836 et
529 1799 664 1854 opus
705 1797 864 1840 suum
898 1788 950 1842 in
983 1803 1118 1843 onus
1153 1790 1476 1861 pondusque
1519 1803 1735 1862 reputa-

1845 583 2164 646 tempserat,
2193 577 2366 646 ipsum
2401 576 2627 632 verbum
2656 577 3048 647 interpretatur
3073 585 3238 646 super
3260 577 3362 643 eis,
3388 586 3445 632 et

1845 668 1976 725 dicit
2005 686 2017 723 :
2051 669 2318 738 Quoniam
2341 668 2555 725 dixistis
2576 669 2718 740 quod
2746 668 2918 736 nolui,
2951 671 3003 722 et
3023 666 3126 723 hoc
3153 677 3275 724 cum
3299 680 3446 735 stupe

1847 760 2150 831 Prophetas
2197 763 2492 827 mitterem,
2519 762 2835 831 etjuberem
2869 775 2936 815 ne
2953 756 3210 814 diceretis
3243 775 3255 812 :
3284 771 3449 828 prop-

1847 864 1996 910 terea
2015 865 2324 909 sermonem
2345 863 2584 910 vestrum
2611 851 3019 924 assumptiouis,
3039 852 3225 908 oneris
3241 857 3294 906 et
3319 863 3448 922 pon-

1845 949 1994 1005 deris
2029 949 2081 1004 in
2107 949 2262 1004 vobis
2286 961 2454 1018 opere
2478 946 2787 1019 complebo.
2808 949 3096 1004 Assumant
3120 949 3320 1017 quippe
3350 959 3450 1002 vos

1845 1050 1899 1098 et
1931 1042 2116 1096 tollam
2133 1050 2295 1110 atque
2319 1042 2570 1111 portabo,
2593 1051 2644 1096 et
2667 1041 2912 1106 allidam,
2936 1057 2998 1095 ac
3025 1039 3092 1094 de
3123 1033 3448 1095 sublimibus

1842 1133 1894 1189 in
1913 1139 2114 1189 lerraut
2140 1149 2404 1189 corruere
2419 1133 2633 1188 faciam.
2651 1129 2768 1188 Non
2784 1135 2962 1189 solum
2995 1141 3176 1187 autem
3202 1147 3321 1197 vos,
3341 1133 3437 1188 sed

1840 1239 1893 1282 et
1923 1229 2112 1282 urbem
2144 1237 2421 1292 vestram,
2453 1241 2614 1297 quam
2669 1223 2801 1282 dedi
2835 1223 3082 1296 patribus
3114 1227 3334 1281 vestris.
3374 1218 3441 1279 Et

1843 1322 1996 1385 dabo,
2020 1322 2216 1391 inquit,
2243 1338 2327 1374 ros
2355 1323 2406 1374 in
2440 1318 2795 1390 approbrium,
2820 1329 2867 1372 et
2897 1318 3234 1390 ignominiam
3267 1318 3452 1384 sempi-

1843 1423 2184 1482 ternam,th
2199 1429 2480 1481 numquam
2504 1411 2758 1466 oblivione
2777 1409 3052 1466 delebitur.
3065 1409 3177 1465 Hoc
3195 1415 3376 1464 autem
3395 1416 3452 1463 et

1843 1519 2088 1578 tempore
2115 1506 2425 1580 Babylonia:
2446 1506 2774 1578 captivitatis
2807 1505 3002 1560 factum
3027 1517 3151 1559 esse
3176 1502 3443 1568 novimus;

1841 1604 1936 1659 scd
1970 1600 2180 1672 plenius
2220 1611 2382 1673 atque
2424 1600 2721 1671 perfectius
2759 1603 2884 1669 post
2906 1597 3208 1655 Salvatoris
3238 1596 3446 1668 passio-

1843 1715 1964 1754 nem
1999 1698 2570 1767 resurrectionemque
2607 1697 2938 1765 completur,
2968 1693 3184 1765 quando
3212 1683 3444 1748 'locutus

1843 1803 1927 1847 est
1952 1789 2216 1846 Dominus
2244 1809 2256 1844 :
2284 1789 2624 1861 Relinquetur
2659 1783 2797 1844 vobis
2830 1788 3014 1842 domus
3041 1795 3209 1842 vestra
3237 1785 3442 1840 deserta

120 1873 310 1936 bitur,
343 1877 642 1931 secundum
667 1878 796 1933 illud
822 1881 963 1949 quod
991 1883 1256 1949 scriptum
1284 1893 1369 1939 est
1397 1884 1514 1941 :Ex
1542 1903 1630 1940 ore
1651 1897 1737 1940 tua
1770 1867 1818 1929 Β
1849 1885 2001 1961 (Luc.
2038 1901 2152 1952 xlii,
2186 1883 2300 1958 35):
2329 1893 2381 1940 et
2405 1899 2574 1955 usque
2605 1883 2670 1938 ad
2695 1881 2855 1938 linem
2879 1883 2997 1950 ejus
3023 1881 3289 1935 sententia
3317 1893 3441 1948 per-

103 1967 525 2038 justiﬁeaberis,
546 1979 592 2023 et
621 1988 686 2026 ea;
712 1989 800 2026 ore
829 1985 916 2027 tuo
939 1974 1358 2030 condemnaberis
1384 1977 1598 2041 (Matth.
1619 1977 1734 2052 xv).

204 2059 392 2131 (Vers.
430 2063 496 2116 57
529 2064 713 2135 seqq.)
739 2064 806 2119 Et
835 2069 1126 2138 pervertitis
1159 2068 1268 2140 [ΑΙ.
1297 2071 1606 2144 pervenisti]
1629 2087 1740 2126 cer-

120 2155 194 2207 lta
232 2153 332 2208 Dei
351 2157 562 2211 viventis
592 2174 610 2212 :
637 2156 852 2214 Domini
877 2163 1212 2228 exercituum,
1254 2161 1350 2216 Dei
1394 2166 1572 2221 nostri.
1607 2165 1739 2220 Htec

122 2247 280 2300 dices
311 2247 450 2315 (sive
491 2251 668 2304 dicetis
692 2249 802 2322 [AL
831 2251 1024 2325 dicitis]
1043 2256 1060 2322 )
1082 2251 1152 2308 ad
1197 2246 1519 2328 I’rophetam
1547 2273 1568 2312 :
1599 2259 1737 2325 Quid

119 2341 404 2409 respondit
438 2340 546 2412 [ΔΙ.
583 2344 931 2417 respondebit]
963 2346 1054 2401 tibi
1093 2346 1370 2417 Dominus,
1403 2358 1450 2404 et
1492 2351 1620 2422 quid
1660 2352 1739 2406 lo-

118 2442 284 2486 cutus
313 2444 388 2487 est
427 2431 678 2490 Dominus
699 2440 722 2491 ἴ)
743 2437 806 2493 Si
834 2449 1003 2493 autem
1043 2457 1173 2495 onus
1223 2442 1429 2498 Domini
1473 2445 1734 2502 dixeritis.

119 2532 150 2558 ⁸
191 2523 486 2595 Hucusque
518 2527 570 2581 in
603 2527 747 2583 LXX
782 2547 887 2584 non
914 2531 1168 2601 habetur,
1199 2541 1255 2590 et
1282 2536 1530 2606 sequitur
1563 2555 1575 2592 :
1603 2537 1738 2594 Pro-

120 2627 248 2686 pter
277 2615 377 2671 hoc
398 2620 508 2673 Ιηεε
545 2621 670 2675 dicit
702 2621 957 2680 Dominus
989 2641 1007 2680 :
1039 2626 1175 2693 Quia
1210 2628 1414 2684 dixistis
1451 2647 1735 2687 sermonem

119 2714 314 2779 istum,
344 2730 472 2768 onus
498 2715 646 2787 (sive
673 2720 994 2791 assumptio)
1029 2714 1262 2787 Domini,
1297 2734 1342 2776 et
1383 2726 1500 2780 misi
1528 2728 1596 2780 ad
1627 2745 1730 2796 ros,

122 2805 310 2859 dicens
335 2822 354 2860 :
379 2809 540 2862 nolite
569 2809 760 2877 dicere,
786 2825 914 2866 onus
947 2815 1083 2882 (sive
1112 2819 1536 2889 assumptionem)
1555 2815 1736 2873 Domi-

124 2897 185 2949 ni
212 2913 233 2951 :
254 2909 524 2967 propterea
555 2918 668 2955 ecce
688 2915 782 2971 ego
813 2903 994 2958 tollam
1025 2907 1160 2976 (sive
1189 2911 1472 2982 assumant)
1504 2929 1588 2965 ros
1612 2930 1734 2982 por—

128 2999 274 3057 tans,
306 3003 354 3046 et
388 2995 662 3066 projiclam
694 2997 876 3069 [Vulg.
914 3000 1226 3074 relinquam]
1257 3021 1341 3057 t'os
1368 3016 1416 3058 et
1451 3007 1728 3074 civitatem,

122 3103 289 3150 quam
313 3087 433 3140 dedi
454 3089 594 3142 vobis
615 3098 662 3142 et
693 3093 925 3162 patribus
957 3096 1156 3158 vestris,
1186 3111 1217 3149 a
1244 3095 1377 3166 facie
1403 3111 1536 3165 mea,
1571 3107 1616 3150 et
1637 3099 1733 3155 da-

125 3177 194 3230 bo
216 3195 302 3230 ros
325 3180 376 3231 in
393 3183 729 3249 opprobrium
754 3186 1138 3254 sempiternum,
1157 3196 1202 3240 et
1226 3189 1564 3262 ignominiam
1582 3203 1731 3247 teter-

1847 1979 2106 2034 manebit.
2131 1977 2385 2033 Dicamus
2421 1986 2475 2031 ct
2515 1975 2675 2031 aliter
2699 1974 2981 2029 dumtaxat
3020 1974 3168 2040 juxta
3202 1971 3434 2040 Septua-

1841 2073 1987 2141 ginta
2009 2091 2018 2125 :
2040 2071 2216 2145 λῆμμα
2238 2085 2346 2124 non
2373 2069 2546 2123 solum
2575 2067 2997 2139 assurnptionem,
3022 2060 3114 2120 sed
3140 2071 3192 2118 ct
3219 2063 3436 2131 donum,

1840 2179 2138 2233 munusque
2165 2163 2457 2232 signiﬁcat.
2484 2161 2620 2230 Quia
2653 2159 2816 2229 igitur
2838 2155 2936 2213 sibi
2964 2153 3192 2227 pepulus
3218 2165 3436 2224 semper

1843 2267 2105 2328 prospera
2152 2253 2528 2324 promittebat,
2557 2251 2723 2319 dicit,
2754 2263 2850 2307 eos
2899 2262 3238 2319 nequaquam
3291 2245 3434 2301 ultra

1841 2351 1946 2406 hoc
1977 2348 2179 2405 debere
2222 2347 2425 2402 dicere.
2471 2343 2728 2416 Indignus
2767 2345 2912 2399 enim
2963 2355 3087 2397 esse
3133 2355 3230 2394 eos
3275 2339 3435 2394 donis

1842 2444 1935 2498 [lci
1965 2451 2127 2511 atque
2157 2439 2496 2502 muneribus,
2525 2438 2653 2507 quin
2669 2438 2847 2508 potius
2861 2433 3201 2504 abjiciendos
3227 2431 3440 2504 1009

1839 2543 1896 2591 et
1921 2549 1948 2590 a
1982 2535 2074 2589 Dei
2103 2531 2310 2588 auxilio
2340 2532 2560 2603 penitus
2592 2527 3000 2600 relinquendos.
3033 2527 3110 2582 Ex
3145 2527 3324 2581 verbis
3347 2542 3446 2578 att-

1840 2637 1949 2684 tem
1975 2639 2026 2683 et
2053 2627 2511 2695 interpretatione
2537 2624 2814 2678 nominum
2848 2635 2998 2690 saepe
3024 2635 3111 2675 res
3140 2618 3440 2673 oStendun-

1838 2733 1947 2790 tur,
1984 2731 2042 2777 ut
2068 2720 2366 2782 Abraham,
2400 2718 2569 2780 Sarae,
2602 2724 2658 2772 et
2701 2715 2870 2778 Petri,
2907 2725 2962 2770 et
2991 2713 3230 2769 ﬁliorum
3268 2713 3440 2768 Zcbe-

1838 2819 1940 2874 dmi
1970 2816 2236 2871 vocabula
2263 2819 2598 2869 commutata
2629 2809 2942 2881 significant
2972 2825 3154 2864 rerum
3187 2810 3442 2863 mutatio-

1839 2927 1960 2967 nem
1997 2928 2010 2963 :
2045 2920 2098 2964 et
2122 2911 2176 2963 in
2211 2907 2315 2962 hoc
2335 2907 2528 2961 eodem
2563 2905 2828 2973 propheta
2861 2903 3063 2976 (Supra
3093 2901 3206 2971 xx),
3233 2900 3441 2954 Phasur

1839 3005 1950 3078 [ΑΙ.
1987 3003 2189 3057 Phasor
2207 3007 2256 3057 et
2283 2998 2544 3070 Phascor]
2575 2998 2775 3052 dicitttr
2797 3011 2980 3065 pavor,
3005 2996 3118 3049 sive
3143 2994 3439 3057 translatio,

1838 3109 1892 3153 et
1923 3096 2161 3161 colonus,
2184 3094 2301 3148 sive
2330 3091 2652 3166 peregrinus.
2695 3088 3002 3144 Notandum
3053 3087 3195 3156 quod
3244 3084 3435 3152 verba,

1845 3189 2185 3252 Deivicemis,
2220 3185 2433 3239 Domini
2473 3187 2812 3246 exercituum,
2838 3179 2933 3234 Dei
2964 3181 3146 3242 nostri,
3183 3179 3356 3234 Latini
3387 3187 3444 3234 et

125 3288 275 3335 nam,
303 3283 418 3342 qua!
439 3291 718 3346 numquam
745 3277 1004 3333 obliuione
1025 3258 1298 3335 delebitur.
1331 3284 1596 3353 I’rmcepit
1627 3285 1730 3339 Do-
1761 3258 1806 3321 C
1839 3285 2014 3341 Grmci
2047 3283 2266 3337 codices
2298 3295 2404 3334 non
2438 3280 2672 3339 habent;
2705 3285 2760 3330 et
2793 3275 3003 3330 Ilcb'raai
3039 3273 3092 3329 in
3125 3274 3238 3328 suis
3290 3275 3443 3327 voln-

126 3366 337 3430 Ininus,
374 3375 430 3420 ttt
479 3381 818 3439 neanquatu
867 3370 1087 3436 oneris,
1119 3385 1174 3427 et
1224 3374 1507 3444 ponderis,
1539 3385 1592 3430 et
1645 3391 1732 3432 as-

122 3461 456 3530 sumptionis
489 3475 671 3517 sermo
706 3465 981 3520 diceretur
1020 3467 1070 3519 in
1107 3469 1339 3538 populo;
1371 3467 1464 3522 scd
1501 3481 1728 3541 reSpon-

201 3607 228 3634 ο
256 3597 516 3676 clausula
541 3601 752 3666 isthzec,
787 3603 1069 3676 [lucusque
1101 3607 1151 3659 in
1175 3606 1324 3662 LXX
1357 3625 1457 3663 non
1490 3610 1723 3676 habetur,

124 3685 235 3722 non
285 3672 703 3749 ltic_lt)ci_ant«-a
736 3683 877 3749 erat,
908 3672 1002 3730 sed
1053 3677 1117 3731 ad
1163 3677 1320 3749 littera
1359 3697 1525 3749 usque
1577 3672 1719 3738 sacri

123 3750 307 3794 textus
336 3741 706 3799 diﬂ’erebatur.
736 3745 894 3800 Falso
920 3755 1097 3800 autem
1124 3757 1248 3804 tunc
1268 3741 1592 3806 dimittantur
1610 3770 1728 3808 vcr-

126 3814 284 3892 sicnli
315 3814 600 3892 58,‘59__et
641 3816 733 3892 40,
763 3819 855 3886 qui
884 3821 1014 3892 hinc
1039 3821 1469 3892 subsequuntur,
1505 3827 1557 3877 in
1586 3826 1726 3891 Sep-

127 3883 533 3955 tuagintavirali
579 3883 831 3945 versione
865 3890 1168 3947 desiderari
1195 3883 1238 3961 ,’
1267 3909 1388 3948 cum
1435 3883 1728 3952 manifesto

1838 3378 2071 3436 minibus
2111 3385 2297 3433 contra
2332 3391 2392 3430 se
2423 3374 2629 3445 legant,
2663 3369 2811 3444 quod
2848 3373 3070 3440 proprie
3114 3372 3438 3441 mysterium

1839 3471 2107 3544 s'gnillcat
2136 3467 2443 3524 Trinitatis.

1835 3613 2137 3668 habeantur
2167 3611 2490 3680 ho-liern‘nm
2511 3610 2597 3664 Διά
2617 3607 2770 3664 τοῦτὸ
2793 3606 2911 3664 τάδε
2932 3607 3066 3680 λέγει
3085 3607 3279 3680 κύριος,
3303 3615 3435 3670 etc.,

1833 3701 1932 3739 nec
1966 3684 2065 3737 ηἰπί
2091 3671 2514 3754 ςιιριξιιὶοιῂᾲοεξε
2550 3682 2825 3754 pericope,
2852 3671 3020 3754 quam
3057 3671 3160 3754 huc
3183 3684 3436 3731 revocata

1833 3756 2114 3809 annotatio
2134 3748 2432 3807 concludit.
2468 3750 2575 3805 Nor.
2606 3752 2673 3804 de
2708 3748 2828 3802 loco
2851 3750 2944 3815 ita,
2979 3748 3441 3810 utiecimus,rrs-

1835 3827 2081 3882 tituendo
2113 3839 2244 3881 mss.
2279 3837 2498 3896 quoque
2518 3830 2872 3877 monuerunt.

150 4000 3434 4029 Ἦ

1099 4129 1588 4249 LIBER
1677 4139 2434 4270 QUINTUS.

202 4411 660 4493 ιωθ-ιοιο
689 4419 916 4489 Quintus
938 4419 1464 4481 Commentariorum
1499 4428 1548 4482 ih
1581 4426 1722 4485 Jerc-

1837 4436 2018 4490 nenati
2046 4452 2258 4493 morsus
2281 4454 2386 4493 non
2419 4439 2821 4508 prazvalebunt,
2851 4451 3188 4506 securusque
3211 4435 3443 4506 populus

125 4515 288 4566 miam
315 4513 470 4579 liber,
497 4531 522 4566 ει
548 4516 782 4583 duobus,
814 4518 977 4574 frater
1006 4511 1222 4587 Eusebi,
1255 4521 1487 4578 calathis
1510 4523 1732 4582 habebit
1757 4509 1811 4570 D
1840 4529 2052 4585 Domini
2085 4546 2207 4585 cum
2241 4530 2367 4587 Jesu
2396 4532 2648 4587 Jordanis
2680 4531 2882 4586 tlttenta
2916 4528 3192 4591 transibit,
3227 4538 3282 4582 et
3325 4537 3447 4596 post

127 4605 449 4681 exordium,
497 4636 724 4689 quorum
777 4621 920 4678 alter
969 4633 1133 4680 recite
1187 4627 1307 4681 lidei
1361 4628 1728 4696 dulcedinem,

127 4724 266 4780 alter
317 4726 693 4782 lizcreticorum
742 4729 988 4800 perﬁdiae
1015 4732 1432 4790 amaritudinem
1478 4735 1730 4792 demons-

131 4825 307 4882 trabit.
357 4827 616 4898 Quamvis
648 4832 889 4886 Ananias
924 4832 1066 4888 (ilius
1095 4837 1238 4889 Azur
1265 4847 1530 4907 repugnet
1576 4837 1730 4893 .lere-

127 4929 271 4994 mim,
303 4939 358 4984 et
382 4929 627 4984 Semcias
653 4924 1388 5003 Nehelamites'i‘rophetam
1422 4935 1555 4991 mitti
1585 4947 1610 4974 ιι
1639 4954 1732 4993 ru-

131 5033 236 5102 piat
265 5034 316 5086 in
351 5047 652 5099 carcerem,
677 5042 732 5090 et
759 5033 1063 5104 Sephonias
1102 5037 1364 5091 sacerdos
1396 5037 1448 5091 in
1486 5039 1724 5095 Pseudo-

130 5131 513 5201 prophctarum
556 5134 716 5188 verba
765 5133 1011 5204 conjnret
1060 5133 1274 5200 (lerem.
1309 5145 1492 5204 smn,
1524 5141 1678 5209 xxix)
1711 5157 1723 5193 :

128 5236 304 5282 tamen
336 5229 532 5281 veritas
570 5227 747 5284 claudi
796 5237 852 5283 et
880 5228 1034 5299 ligari
1068 5235 1268 5299 potest,
1301 5230 1440 5285 vinci
1471 5247 1575 5286 non
1626 5248 1726 5303 pu-

130 5326 251 5384 test,
279 5333 402 5387 qua:
432 5327 489 5373 et
527 5331 746 5374 suorum
781 5321 1054 5390 paucitate
1081 5334 1332 5376 contenta
1366 5331 1468 5385 est,
1502 5333 1553 5376 et
1586 5324 1726 5378 mul-

131 5417 356 5473 titndine
403 5419 640 5474 hostium
688 5435 794 5475 non
843 5427 1098 5478 terretur.
1165 5424 1325 5493 Erige
1374 5425 1555 5492 itaque
1604 5439 1726 5481 cum

130 5520 309 5592 Moyse
339 5521 404 5574 ad
435 5523 636 5578 (mlum
668 5538 880 5592 manus,
916 5534 969 5578 et
997 5525 1274 5597 antiquum
1318 5539 1624 5597 serpentem
1673 5529 1728 5583 in

130 5638 313 5680 eremo
334 5625 628 5696 suapende,
643 5627 934 5698 statimque
949 5637 1002 5683 ct
1017 5617 1241 5684 Amalec
1253 5627 1548 5698 delebitur,
1565 5639 1618 5684 et
1639 5646 1729 5686 ve-

201 5820 225 5847 ι
269 5809 385 5862 Duo
416 5796 548 5862 mss.
581 5816 743 5879 atque
772 5809 900 5863 olim
925 5807 1079 5875 editi,
1107 5808 1305 5875 iubeat.

200 5882 224 5920 ι)
264 5880 599 5949 lutcrscrunt
631 5883 806 5938 nostri
833 5897 966 5939 mss.
1003 5890 1057 5938 ct
1088 5881 1354 5940 vetustior
1383 5898 1522 5939 unus
1563 5898 1734 5955 penes

1840 4635 2044 4680 rustam
2093 4625 2475 4692 Solitudinem,
2522 4626 2772 4683 comedet
2818 4640 3037 4696 panem,
3068 4623 3157 4692 qui
3193 4623 3244 4676 in
3278 4621 3442 4677 Betti-

1840 4720 1975 4774 leem
2003 4730 2188 4774 nostro
2211 4729 2367 4775 natus
2393 4729 2475 4776 est
2507 4719 2690 4775 viculo
2717 4718 2914 4791 (Exod.
2942 4732 3069 4781 xvu,
3100 4713 3264 4768 Num.
3303 4712 3438 4784 ut).

1909 4877 2066 4958 (Cap.
2119 4875 2312 4938 XXIV.
2345 4913 2417 4923 —
2447 4877 2602 4937 Vers.
2637 4873 2660 4936 Ι
2694 4877 2874 4950 seqq.)
2909 4873 3143 4933 Ostendit
3175 4875 3302 4930 mihi
3335 4875 3443 4931 Do-

1839 4980 2009 5034 minus
2028 5023 2042 5045 ,
2075 4989 2121 5034 et
2149 4995 2259 5034 ecce
2287 4977 2390 5032 duo
2419 4975 2610 5031 calathi
2661 4973 2798 5045 (sive
2826 4971 2852 5010 δ
2879 4972 3110 5043 mphini)
3142 4969 3279 5042 pleni
3305 4971 3439 5040 ﬁcis,

1839 5072 1992 5141 positi
2019 5083 2138 5124 ante
2157 5067 2430 5140 Templum
2461 5067 2668 5121 Domini
2693 5083 2711 5121 :
2739 5075 3006 5138 postquam
3035 5065 3297 5119 transtulit
3329 5063 3444 5117 Na-

1838 5162 2234 5217 buchodonosor
2261 5178 2353 5216 rex
2395 5151 2674 5231 Babylonis
2705 5157 3010 5212 Jechoniam
3039 5156 3210 5226 ﬁlium
3236 5156 3442 5209 Joacim

1836 5273 2006 5330 regem
2037 5255 2179 5310 Juda
2207 5266 2252 5310 et
2275 5255 2533 5326 principes
2561 5255 2692 5327 ejus,
2727 5261 2771 5304 et
2801 5250 3028 5322 fabrum,
3060 5257 3104 5301 et
3135 5248 3444 5302 inclusorum

1835 5351 1900 5403 de
1942 5347 2250 5413 Jerusalem,
2283 5353 2327 5400 et
2357 5346 2577 5400 adduxit
2609 5362 2690 5399 eos
2723 5343 2774 5397 in
2803 5337 3141 5413 Babylonem.
3196 5336 3444 5393 Calathus

1834 5459 1967 5496 unus
1994 5442 2122 5512 ﬁcus
2171 5437 2328 5494 bonas
2374 5438 2590 5493 habebat
2649 5437 2824 5502 nimis,
2858 5445 2910 5488 ut
2955 5434 3116 5487 solent
3163 5432 3288 5499 ﬁcus
3338 5447 3446 5484 esse

1835 5534 1988 5605 primi
2015 5535 2258 5596 temporis
2289 5548 2307 5586 :
2336 5541 2384 5586 et
2427 5528 2663 5585 calathus
2691 5543 2824 5581 unus
2849 5525 2978 5597 ﬁcus
3028 5516 3241 5578 habebat
3275 5521 3443 5576 malas

1835 5629 2012 5694 nimis,
2041 5641 2158 5698 quw
2187 5624 2384 5680 comedi
2405 5639 2506 5678 non
2537 5625 2796 5693 poterant,
2819 5634 2876 5672 eo
2908 5619 3048 5688 quod
3077 5623 3241 5671 essent
3266 5613 3440 5669 mala’.

1838 5811 2234 5875 Montlaucon.,
2249 5809 2486 5877 denique
2500 5807 2700 5879 vulgati
2724 5805 2928 5876 aliquot
2948 5804 3098 5872 libri,
3114 5806 3273 5878 jua'ta
3295 5802 3445 5876 Sym-

1849 5883 2110 5954 machum,
2140 5894 2275 5955 quas
2296 5895 2459 5940 voces
2488 5882 2543 5938 in
2569 5887 2776 5940 textum
2805 5879 3048 5950 recipere
3073 5891 3171 5951 per
3193 5889 3280 5934 tne
