3972 6350
593 304 697 361 851

1847 297 1905 354 8.
1951 296 2201 355 EUSEBI

2315 296 2650 354 IEBONYMI
3806 298 3873 355 85!
3922 354 3925 355 ν

593 418 660 474 Et
688 420 823 474 dixit
845 418 1101 473 Dominus
1125 417 1193 473 ad
1220 432 1299 471 me
1322 432 1342 472 :
1372 416 1510 484 Quid
1537 424 1593 472 tu
1619 416 1785 482 uides,
1811 414 2087 471 Ieremia?
2128 416 2197 469 Et
2224 415 2279 479 Α
2303 413 2467 487 (Dan.
2492 416 2575 485 ιιι)
2604 432 2617 469 :
2647 425 2704 472 et
2730 376 2961 485 expletis
2985 417 3141 472 annis
3166 416 3537 489 septuaginta
3569 413 3679 472 sub
3695 414 3872 473 Zoroa-

592 510 703 564 dixi
724 524 745 564 :
772 508 902 579 licus
920 507 1104 577 bonas,
1132 508 1290 564 bonas
1317 508 1507 575 valde;
1537 515 1583 563 et
1607 506 1795 575 malas,
1828 508 1994 563 malas
2020 509 2192 574 valde,

590 616 708 672 qua:
726 600 927 655 comedi
951 616 1055 654 non
1076 610 1311 671 possunt,
1337 616 1395 655 eo
1414 603 1554 672 quod
1579 600 1732 655 malae
1751 600 1874 654 sint.
1901 599 1970 655 Et
2000 603 2197 672 factum

589 702 665 749 est
688 694 896 749 uerbum
920 693 1130 749 Domini
1158 695 1225 750 ad
1264 711 1364 764 nte,
1397 694 1572 751 dicens
1598 711 1616 749 :
1648 692 1779 750 lltcc
1801 695 1925 748 dicit
1947 694 2197 749 Dominus

593 786 733 844 Deus
745 786 913 844 Israel
928 804 946 844 :
961 788 1110 845 Sicut
1121 790 1250 860 ﬁcus
1259 788 1342 844 Ita:
1360 789 1524 852 bonte,
1540 789 1614 842 sic
1636 803 1942 859 cognoscam
1956 788 2198 842 transmi-

590 879 881 951 grationcm
899 879 1223 948 Juda,quam
1252 880 1396 935 emisi
1418 880 1481 933 de
1499 884 1612 934 loco
1642 880 1806 935 istoin
1825 888 2017 934 terront
2039 876 2198 935 Chal-

593 972 847 1039 dteorum,
874 973 929 1027 in
955 972 1166 1027 bonum.
1196 972 1266 1027 Et
1297 990 1485 1044 ponant
1532 972 1710 1027 oculos
1754 988 1893 1027 meos
1931 989 2084 1042 super
2114 988 2199 1027 eos

596 1071 623 1102 ι
651 1065 703 1119 in
725 1068 938 1131 bonum,
962 1072 1008 1119 et
1029 1064 1274 1119 reducam
1301 1080 1388 1119 eos
1407 1066 1460 1119 in
1476 1074 1665 1119 terram
1694 1065 1848 1129 hanc,
1864 1075 1912 1119 et
1931 1063 2199 1132 aediﬁcabo

595 1175 699 1226 eos,
733 1168 781 1212 et
811 1174 915 1213 non
941 1158 1205 1213 destruant
1232 1174 1251 1214 :
1280 1166 1328 1213 et
1356 1159 1599 1229 plantabo
1619 1175 1724 1228 eos,
1752 1167 1801 1213 et
1830 1176 1933 1213 non
1962 1158 2191 1213 evellam.

600 1248 668 1304 Ει
696 1249 831 1305 dabo
852 1266 923 1304 ets
944 1265 1033 1305 cor
1058 1258 1112 1304 ut
1132 1251 1295 1305 sciant
1317 1266 1417 1318 nte,
1443 1251 1563 1317 quia
1589 1265 1682 1321 ego
1703 1266 1816 1305 sum
1846 1249 2123 1317 Dominus;
2150 1259 2197 1305 et

600 1350 750 1396 erunt
763 1341 888 1396 mihi
900 1342 953 1395 in
970 1342 1240 1412 populum,
1253 1353 1300 1396 et
1311 1359 1402 1414 ego
1415 1359 1501 1397 ero
1514 1343 1586 1397 eis
1616 1342 1670 1395 in
1691 1341 1857 1396 Deum
1869 1358 1887 1397 :
1900 1344 2022 1412 quia
2032 1360 2200 1398 rever-

598 1443 775 1490 tentur
800 1438 870 1488 ad
890 1450 970 1489 nte
989 1438 1042 1489 in
1070 1443 1177 1489 toto
1200 1436 1354 1490 corde
1374 1451 1490 1489 suo.
1526 1433 1593 1488 Et
1623 1434 1754 1489 sicut
1786 1435 1916 1503 ﬁcus
1945 1435 2197 1505 pessimae,

598 1543 714 1594 qua:
732 1527 927 1582 comedi
948 1544 1051 1582 non
1082 1536 1319 1595 possunt,
1340 1544 1399 1581 eo
1423 1530 1561 1599 quod
1585 1528 1687 1582 sint
1719 1528 1870 1582 mola:
1898 1544 1918 1583 :
1948 1527 2057 1582 Itazc
2078 1529 2200 1583 dicit

603 1618 882 1687 Dominus,
911 1622 987 1675 sic
1001 1620 1133 1677 dabo
1147 1619 1258 1694 [ΑΙ.
1274 1620 1529 1695 clamabo]
1544 1622 1679 1694 (sive
1692 1622 1915 1691 tradant)
1930 1620 2200 1676 Scdeciant

601 1728 770 1784 regem
791 1710 933 1768 ludo
954 1720 1003 1768 et
1027 1714 1284 1782 principes
1313 1716 1448 1787 ejus,
1472 1722 1518 1768 et
1538 1714 1763 1785 reliquos
1793 1714 1858 1768 de
1884 1711 2200 1780 Jerusalem,

598 1806 689 1875 qtti
718 1816 1069 1861 remanserunt
1096 1808 1151 1860 in
1193 1806 1316 1861 urbe
1367 1808 1483 1876 hac,
1511 1815 1558 1861 et
1585 1810 1673 1877 qui
1698 1806 1935 1861 habitant
1983 1808 2037 1860 iu
2070 1816 2206 1862 terra
2238 1807 2285 1867 B
2312 1819 2417 1867 tem
2438 1810 2710 1866 calathum
2740 1811 2833 1882 qui
2856 1810 3030 1866 bonas
3060 1810 3456 1867 licushabchat
3475 1823 3537 1867 et
3561 1810 3733 1866 bonas
3751 1810 3891 1878 nimis,
3936 1806 3937 1883 1

600 1896 846 1970 sEggpti.
879 1897 948 1952 Et
979 1898 1112 1953 dabo
1159 1917 1244 1954 eos
1274 1901 1329 1954 in
1379 1901 1719 1968 vexationem,
1765 1900 2206 1973 afﬂictionemque

596 1994 737 2067 (sive
753 1994 1149 2067 dispersiouetn)
1163 1995 1399 2051 omnibus
1418 1997 1590 2067 regnis
1607 2005 1758 2052 term
1773 1996 1827 2051 in
1845 1997 2200 2069 opprobrium,

598 2098 645 2141 et
666 2090 720 2142 in
751 2086 1074 2157 parabolam,
1106 2096 1153 2142 et
1177 2089 1232 2143 itt
1260 2089 1605 2159 proverbium,
1632 2098 1680 2143 et
1709 2090 1764 2143 in
1792 2089 2205 2144 maledictionent

598 2180 654 2233 in
682 2180 929 2235 universis
959 2181 1107 2247 locis,
1149 2181 1219 2236 ad
1255 2196 1368 2249 quia
1392 2181 1521 2251 eieci
1564 2197 1668 2237 eos.
1702 2179 1774 2234 Et
1804 2182 2006 2236 mittam
2026 2184 2080 2236 in
2120 2198 2206 2236 eos

601 2272 860 2344 gladium,
890 2284 938 2328 et
962 2277 1176 2346 famem,
1206 2283 1253 2329 et
1295 2282 1513 2345 pestem,
1537 2273 1703 2329 donec
1742 2284 2113 2330 consumantur
2140 2274 2204 2327 de

598 2375 740 2421 terra
758 2383 917 2440 quam
943 2367 1063 2423 dedi
1086 2368 1159 2423 eis
1183 2379 1231 2423 et
1262 2369 1493 2440 patribus
1518 2384 1716 2423 eorum.
1746 2368 1895 2424 Duos
1920 2368 2204 2439 coltbinos,

598 2459 715 2516 sive
744 2461 986 2517 calathos
1016 2461 1280 2518 bonorum
1331 2474 1387 2518 et
1415 2464 1677 2520 malorum
1705 2462 1822 2536 [ΑΙ.
1853 2463 2118 2520 bonarum
2152 2471 2208 2518 et

596 2553 890 2629 malarum]
941 2556 1187 2620 licorum,
1217 2556 1432 2627 quidam
1485 2560 1908 2627 interpretantur
1936 2558 1990 2613 in
2038 2557 2203 2629 Lege,

598 2647 731 2703 et'in
763 2648 1087 2718 Evangelia;
1114 2649 1422 2722 Synagoga,
1471 2666 1525 2707 et
1575 2652 1855 2717 Ecclesia;
1889 2663 1945 2708 et
1992 2651 2207 2712 Judan-

603 2757 721 2796 rum
766 2742 984 2813 populo,
1037 2751 1094 2797 et
1141 2743 1619 2811 Christianorum;
1653 2747 1926 2817 gehenua,
1955 2757 2009 2802 et
2039 2761 2207 2817 regno

600 2832 864 2886 caelorum
898 2877 913 2901 ,
956 2848 1185 2904 quorum
1237 2836 1468 2891 alterum
1497 2836 1564 2893 ad
1597 2839 1920 2909 supplicium
1967 2850 2208 2912 pertinet

601 2933 973 2995 peccatorum,
1019 2926 1248 2982 alterunt
1274 2927 1341 2983 ad
1381 2928 1704 2986 Sanctorum
1755 2932 1964 3004 ιοιι
1999 2932 2209 2987 habita-

606 3016 813 3073 culum.
863 3016 973 3074 Sed
1019 3033 1121 3074 nos
1162 3021 1397 3077 scientes
1442 3023 1597 3093 juxta
1631 3026 1946 3094 Apostolutu
1979 3024 2205 3080 Paulum

607 3110 787 3183 (Rom.
839 3113 938 3183 vn)
983 3111 1156 3184 legem
1190 3113 1384 3170 bonum
1414 3125 1470 3172 et
1495 3127 1765 3183 sanctam,
1795 3127 1848 3172 et
1892 3117 2204 3173 ntandatum

2276 2155 2286 2165 υ
2309 2089 2515 2154 Aaron,
2533 2097 2587 2144 et
2607 2088 2730 2149 Job.
2749 2098 2807 2146 et
2827 2091 3041 2145 caeteris
3062 2091 3265 2147 sanctis
3285 2092 3452 2157 viris,
3477 2092 3555 2146 de
3579 2091 3771 2163 quibus
3785 2105 3889 2145 unos
3936 2124 3937 2165 1

2300 507 2383 562 bel
2404 519 2457 563 et
2484 506 2611 564 Jesu
2638 508 2923 568 sacerdme
2942 523 3142 581 magno
3156 519 3213 566 et
3243 509 3381 565 Ezra
3415 524 3495 565 ac
3530 507 3774 572 Neemia,
3796 510 3874 579 νιε-
3928 544 3931 581 λ

2300 550 2383 562 -...
2405 550 2457 563 ν.
2484 550 2611 564 --....
2638 550 2923 568 -....-.μνω
2942 550 3141 581 .....,,....
3156 550 3213 566 υ.
3244 550 3381 565 ω...
3415 550 3495 565 ...,
3530 550 3774 572 -.-.,......,
3798 550 3871 579 ,π

2299 602 2432 656 rima
2464 615 2591 672 pars
2623 616 2841 658 reversa
2868 604 2940 658 sit
2984 603 3291 661 Jerusalem
3322 620 3337 657 :
3371 617 3644 674 quorum
3674 619 3878 661 numerus
3924 550 3931 677 1

2299 693 2353 748 in
2378 693 2619 763 ejusdem
2662 695 2814 751 Ezrte
2842 698 3118 753 volumine
3163 698 3497 754 Continetur
3530 696 3594 767 (1
3645 696 3880 769 Esdrau}.

2298 786 2602 842 Notandum
2633 804 2851 860 quoque
2895 788 2997 862 [AL
3034 789 3254 861 quippe]
3285 792 3440 858 quod
3497 790 3633 847 lta'c
3664 790 3798 846 Visio
3818 791 3883 849 Se-

2299 878 2465 933 dccia-
2500 879 2835 950 temporibus
2863 880 2999 935 facta
3031 882 3102 936 sit
3129 881 3194 936 ad
3224 882 3585 952 Prophetam
3605 924 3620 946 ,
3655 893 3885 951 postquam

2299 970 2587 1027 Jechonias
2614 972 2805 1027 ductus
2828 981 2915 1029 est
2943 972 2999 1027 in
3016 975 3578 1045 transtnigrationem
3610 991 3626 1030 :
3651 972 3763 1029 Non
3782 978 3885 1031 enim

2302 1014 2587 1027 .νυ..υ...-..
2614 1014 2805 1027 ...........
2828 1014 2915 1029 ν...
2943 1014 2999 1027 ...
3017 1014 3053 1028 ..
3073 1014 3577 1045 ...υ-...,...υνηιηυ
3610 1017 3626 1030 .
3783 1014 3885 1031 w...

2302 1065 2440 1119 dixit
2478 1064 2844 1134 captivitatem
2866 1110 2881 1134 ,
2915 1066 3041 1135 quia
3072 1081 3132 1121 se
3180 1067 3321 1120 ultro
3352 1065 3706 1121 tradiderat.
3737 1065 3888 1122 Fabios

2301 1168 2479 1213 autem
2514 1158 2909 1228 etinclusorcs,
2939 1160 3016 1214 \cl
3061 1161 3195 1232 legis
3225 1162 3579 1231 interpretes
3621 1170 3780 1231 atque
3801 1162 3890 1217 αοε-
3936 1144 3937 1193 Ῐ

2304 1260 2449 1307 tores
2498 1250 2763 1308 debemus
2796 1254 3067 1321 accipere,
3098 1254 3181 1309 vel
3229 1254 3486 1309 artiﬁces
3518 1253 3891 1324 inclusoresqle

2306 1344 2412 1413 [ΑΙ.
2454 1344 2830 1419 clusoresque]
2861 1347 2977 1401 auri
3035 1356 3197 1418 atque
3225 1362 3627 1419 gemmarum.
3680 1363 3791 1417 quae
3831 1362 3891 1401 ars
3936 1368 3937 1419 ,

2303 1435 2443 1505 apud
2476 1435 2742 1492 Barbaros
2762 1444 3011 1493 nationes
3042 1438 3446 1508 pretiosissima
3482 1448 3598 1494 est.
3635 1438 3740 1494 Pro
3765 1439 3895 1493 inclu-

2304 1529 2518 1583 soribus
2571 1528 2924 1600 Septuaginta
2986 1530 3180 1586 vinctos
3240 1531 3605 1601 interpretati
3656 1539 3814 1593 sunt,
3856 1542 3893 1587 ut

2305 1621 2639 1691 captivitatis
2670 1622 3043 1694 signiﬁcarent
3067 1626 3290 1689 malum;
3321 1635 3378 1679 et
3399 1625 3480 1680 de
3516 1638 3626 1681 suo
3656 1624 3891 1687 addidere.

2307 1717 2506 1783 divites,
2538 1718 2682 1789 quod
2708 1721 2761 1772 in
2788 1717 3061 1773 llebraieo
3088 1733 3194 1774 non
3223 1718 3488 1774 habetur.
3525 1718 3894 1789 Comparatao-

2309 1901 2428 1956 ttcis
2455 1903 2610 1972 pritni
2643 1903 2923 1974 temporis,
2956 1919 3079 1973 qua:
3099 1903 3290 1960 Grzece
3314 1904 3689 1974 appellantur
3704 1907 3889 1983 πρὼῐμι,

2306 1996 2544 2052 Abrahze
2601 1997 2873 2066 videlicet,
2928 1999 3078 2053 lsaac
3107 2040 3122 2064 ,
3172 2008 3229 2054 et
3278 1998 3481 2065 Jacob,
3518 2008 3580 2055 et
3620 1999 3818 2071 Moysi.
3851 2004 3891 2052 et

2307 2178 2377 2236 de
2405 2180 2691 2237 duodecim
2733 2182 2945 2255 1012
2992 2183 3230 2253 loquitur
3287 2184 3707 2254 Prophetarum
3737 2202 3749 2236 :
3777 2183 3887 2237 Sicut

2310 2289 2459 2328 uvam
2489 2274 2541 2328 in
2570 2274 2770 2330 deserta
2799 2276 2974 2329 inveni
2998 2272 3191 2345 Israel,
3221 2285 3269 2330 et
3294 2277 3432 2332 sicut
3459 2280 3606 2345 ﬁcus
3630 2277 3685 2331 in
3710 2276 3885 2346 ﬁculnea
3936 2300 3937 2359 ἦ

2308 2364 2480 2418 inveni
2509 2376 2683 2437 patres
2707 2382 2884 2420 eorum
2913 2365 3061 2438 (οδε.
3089 2383 3165 2437 tx,
3200 2366 3309 2439 10).
3340 2367 3512 2426 Unde
3538 2377 3597 2424 et
3628 2383 3725 2422 uos
3741 2368 3883 2437 appel—
3936 2362 3937 2417 i

2311 2456 2485 2511 lantur
2532 2457 2630 2512 tilii
2661 2458 2955 2515 Abraham.
3008 2461 3077 2516 Et
3120 2463 3440 2518 econtrario
3492 2462 3698 2518 dicitur
3723 2459 3780 2514 ad
3817 2459 3883 2514 itt-

2310 2548 2457 2604 daeos
2492 2564 2507 2603 :
2540 2549 2603 2605 Si
2635 2562 2781 2622 pater
2819 2565 2982 2608 vester
3009 2561 3139 2609 esset
3170 2553 3458 2623 Abraham,
3498 2556 3731 2628 faceretis
3764 2566 3877 2623 opm
3936 2582 3937 2625 ι

2309 2646 2423 2717 ejus
2448 2643 2629 2715 (Joan.
2652 2660 2768 2715 vut,
2792 2646 2909 2717 39).
2943 2646 3005 2702 Hi
3034 2656 3213 2703 autem
3241 2647 3471 2718 calathi,
3508 2647 3602 2719 qui
3630 2647 3787 2704 bonas
3811 2644 3879 2696 bs-

2312 2735 2505 2792 bebant
2539 2749 2590 2791 et
2613 2738 2784 2792 malas
2806 2737 2963 2806 licus,
2991 2755 3098 2794 non
3125 2749 3281 2795 erant
3311 2738 3453 2795 loris
3486 2748 3545 2795 et
3565 2746 3715 2795 extra
3735 2734 3872 2791 Eccle-
3936 2748 3937 2777 ι

2310 2828 2469 2896 siam,
2499 2829 2596 2885 sed
2627 2841 2753 2886 ante
2801 2832 3058 2901 templum
3089 2831 3326 2898 Domini,
3351 2847 3417 2887 eo
3451 2832 3608 2904 quod
3640 2840 3807 2887 cuneta
3830 2827 3874 2881 il-
3936 2822 3937 2845 ³

2308 2921 2418 2977 lius
2439 2922 2680 2977 scientiae
2711 2930 2930 3001 pateant
2966 2942 2978 2979 :
3012 2940 3113 2980 nec
3138 2934 3336 2981 tantam
3367 2924 3586 2983 habent
3613 2918 3869 2978 amaritudi-

2313 3028 2435 3069 nem
2459 3012 2541 3068 ha:
2570 3014 2705 3070 licus
2731 3030 2850 3086 qua:
2882 3014 3012 3072 luris
3040 3032 3187 3086 sunt,
3218 3027 3483 3088 quantam
3529 3016 3639 3072 illa:
3658 3028 3766 3085 quae
3786 3018 3871 3083 post

2310 3106 2712 3164 confessionem
2746 3110 2870 3165 lidei
2900 3111 3355 3181 praevaricatione
3378 3122 3611 3166 mutatio
3638 3119 3767 3164 sunt.
3791 3103 3865 3159 Nec

603 3208 886 3267 bonumet
931 3223 1280 3279 sanctum,et
1328 3230 1495 3270 unum
1525 3229 1648 3270 esse
1695 3214 1978 3285 utriusque
2017 3213 2204 3270 Te5ta-

2315 3206 2519 3253 tantam
2542 3200 2862 3255 suavitatem
2894 3200 3051 3256 bona:
3082 3201 3239 3271 licus,
3280 3216 3401 3272 qua”:
3430 3218 3549 3256 non
3574 3199 3754 3255 suntin
3776 3210 3868 3249 conv

607 3303 776 3359 menti
834 3302 1028 3368 Deum,
1076 3305 1161 3360 vel
1208 3305 1275 3359 ad
1320 3320 1416 3361 eos
1460 3306 1630 3376 magis
1675 3306 1999 3373 referamus,
2031 3305 2204 3377 quiin

606 3395 844 3452 adventu
891 3396 1103 3453 Domini
1150 3396 1447 3457 Salvatoris
1475 3399 1845 3465 crediderunt,
1868 3409 1927 3455 et
1956 3414 2063 3454 non
2090 3415 2209 3455 cre-

605 3487 859 3543 diderunt
887 3505 902 3542 :
934 3498 990 3544 ιιι
1039 3491 1130 3561 qui
1155 3507 1182 3544 a
1212 3489 1421 3546 Scribis
1467 3497 1523 3547 et
1545 3492 1922 3549 sacerdotibus
1948 3492 2207 3547 concitati

604 3579 1009 3646 elatttaverunt,
1062 3580 1308 3638 dicentes
1351 3600 1365 3636 :
1413 3579 1704 3655 Cruei/ige,
1753 3584 2001 3654 cruci/ige
2057 3584 2210 3637 talem

607 3668 763 3739 (Luc.
800 3686 951 3739 mn,
980 3671 1098 3739 21),
1132 3672 1236 3726 sint
1264 3672 1509 3728 calathus
1537 3673 1768 3728 ﬁcorum
1798 3674 2091 3738 malomm;
2121 3675 2212 3743 qui

612 3776 742 3817 \ero
775 3773 896 3833 post
923 3762 1296 3818 ascensionem
1328 3764 1445 3834 ejus
1488 3765 1558 3819 de
1602 3764 1802 3835 populo
1840 3764 2211 3829 crediderunt,

610 3857 679 3912 ad
729 3857 901 3913 bonas
928 3856 1092 3925 licus,
1137 3867 1192 3913 et
1217 3857 1282 3912 ad
1313 3858 1585 3913 calathum
1616 3857 2025 3929 cophinumque
2067 3859 2212 3929 apti-

614 3964 760 4003 mum
809 3948 1132 4005 referantur.
1165 3948 1479 4020 Simplicem
1521 3960 1699 4005 autem
1725 3960 1782 4006 et
1806 3964 1990 4006 veram
2020 3964 2213 4021 sequa-

616 4057 739 4097 tnur
780 4041 1081 4108 historiam,
1108 4042 1253 4114 quod
1284 4043 1550 4098 bonorum
1580 4044 1804 4099 licorum
1834 4043 2105 4099 calathum
2130 4043 2215 4099 di-

2312 3299 2471 3362 pectu
2501 3292 2689 3361 templi
2721 3292 2813 3346 Dei
2847 3310 2862 3348 :
2893 3293 3084 3365 quales
3107 3292 3329 3349 fuerunt
3372 3293 3566 3350 mundi
3593 3286 3862 3364 philosophi.

2312 3389 2403 3459 qui
2436 3388 2663 3442 naturali
2697 3388 2840 3443 bono
2868 3397 2924 3443 et
2951 3388 3310 3460 intelligentia
3338 3387 3640 3449 Creatoris,
3668 3400 3763 3441 non
3789 3392 3862 3434 tam

2313 3480 2412 3534 visi
2436 3489 2561 3535 sunt
2581 3481 2759 3551 sequi,
2788 3496 2946 3551 quant
2974 3482 3199 3538 laudare
3229 3482 3460 3538 virtutes
3501 3505 3514 3539 :
3546 3493 3775 3555 quantam
3798 3475 3863 3528 ha-

2315 3574 2441 3628 bent
2467 3574 2786 3629 suavitatem
2819 3573 2975 3640 ilcus,
3008 3590 3128 3646 quae
3157 3584 3286 3631 sunt
3310 3576 3363 3631 in
3394 3577 3602 3647 templo
3631 3573 3745 3637 Dei,
3770 3583 3862 3639 qut-

2315 3681 2433 3720 rum
2468 3667 2681 3721 luerunt
2705 3665 2991 3736 PrOphetat
3016 3679 3071 3724 et
3092 3668 3363 3738 Apostoli,
3394 3667 3463 3724 de
3499 3668 3684 3740 quibus
3716 3677 3800 3719 una
3816 3659 3859 3712 ti-

2315 3775 2410 3815 cus
2458 3760 2816 3830 loquebatur:
2849 3760 2956 3814 Lac
2987 3763 3123 3816 vobis
3148 3762 3291 3828 dedi,
3339 3779 3441 3817 non
3485 3761 3701 3818 solidum
3737 3755 3859 3812 cibari

2314 3852 2373 3923 (ι
2404 3850 2526 3906 Cor.
2560 3868 2640 3921 ιιι,
2671 3853 2748 3923 ‘2).
2783 3853 2884 3908 Et:
2919 3851 3097 3907 Filioli
3134 3854 3256 3920 mei,
3285 3870 3410 3924 quos
3458 3855 3645 3910 iterum
3682 3848 3857 3919 ρατικνίσ

2317 3945 2476 3999 donec
2505 3944 2736 4001 Christus
2762 3948 3012 4016 formetur
3033 3947 3087 4001 in
3115 3947 3255 4002 vobis
3287 3946 3486 4020 (Galat.
3514 3964 3586 4013 tv,
3622 3943 3719 4016 l9).
3749 3936 3857 3994 Unde

2318 4039 2536 4105 dicitur,
2580 4040 2721 4109 qttod
2768 4041 2820 4095 in
2863 4050 3160 4111 conspectu
3193 4042 3378 4112 templi
3407 4044 3547 4108 Dei,
3590 4042 3711 4096 licus
3744 4037 3857 4091 bona:

615 4132 1109 4204 xeritlechoniam,
1140 4136 1232 4207 qui
1262 4151 1321 4193 se
1346 4135 1598 4192 Jeretuite
1622 4136 1873 4202 consilio,
1908 4147 1962 4192 et
1986 4138 2215 4207 imperio
2317 4129 2520 4186 fuerint
2549 4131 2704 4186 bona:
2742 4118 2941 4199 valde;
3000 4144 3052 4187 et
3103 4136 3235 4190 licus
3281 4135 3472 4204 make,
3524 4133 3706 4191 iuerint
3741 4125 3856 4183 malm

617 4226 734 4296 Dei,
766 4227 1062 4284 tradiderat
1089 4231 1199 4301 regi
1234 4230 1534 4302 Babylonio
1565 4247 1579 4284 :
1611 4230 1700 4286 cui
1744 4240 1801 4286 et
1829 4245 2085 4301 prospera
2115 4233 2219 4285 llu-
2320 4225 2498 4280 valde.
2540 4227 2617 4280 Ac
2644 4241 2713 4282 ne
2744 4234 2994 4295 putemur
3024 4237 3266 4283 nostrum
3294 4243 3514 4285 sensum
3542 4239 3748 4300 ponere.
3774 4221 3855 4289 ipsi

620 4322 800 4379 minus
850 4323 1136 4393 pollicetur
1166 4342 1179 4379 :
1215 4326 1476 4381 Maiarum
1525 4334 1707 4381 autem
1749 4324 2031 4383 Scdeciam
2058 4370 2073 4395 ,
2123 4328 2215 4397 qui
2322 4316 2599 4387 Scriptura
2637 4332 2697 4373 se
2729 4317 2932 4389 pandit.
2967 4317 3155 4391 Sicut,
3190 4320 3388 4390 inquit,
3437 4322 3570 4392 ﬁcus
3606 4318 3680 4373 lue
3708 4316 3859 4369 bona:

619 4416 1000 4474 contradicens
1042 4424 1335 4476 sententia:
1388 4421 1480 4476 Ι)ρί
1528 4430 1719 4491 captus
1748 4423 1842 4491 sit,
1874 4430 2218 4485 Caecatusqne
2321 4412 2395 4466 δῖε
2435 4428 2737 4484 cognoscam
2767 4414 3269 4486 lramtttigrationem
3298 4412 3476 4477 Iuda.
3508 4429 3654 4486 quam
3676 4404 3795 4463 εηιίεί
3813 4403 3859 4453 ἀι

623 4509 799 4564 oculis
844 4508 1038 4564 ductus
1081 4519 1165 4566 est
1211 4510 1265 4566 in
1312 4511 1687 4585 Babylonem,
1733 4512 1917 4584 ibique
1972 4525 2217 4569 mortuus
2323 4504 2437 4559 loco
2473 4505 2571 4559 58w
2616 4504 2671 4558 in
2715 4515 2903 4559 terram
2952 4502 3318 4561 Chaldaeorum
3356 4508 3411 4561 in
3455 4507 3676 4561 bonum:
3710 4496 3857 4555 180W

620 4612 707 4657 t-st
761 4600 848 4673 (lV
899 4600 1027 4674 Reg.
1084 4602 1234 4677 xxv).
1275 4606 1332 4660 In
1357 4613 1563 4662 tantum
1611 4617 1793 4662 autem
1842 4606 1985 4663 Deus
2040 4608 2220 4678 posuit
2247 4585 2300 4647 Ι)
2324 4599 2470 4657 niam
2493 4608 2547 4655 et
2576 4599 2869 4670 principes,
2898 4601 3134 4670 quicum
3160 4615 3227 4654 eo
3249 4600 3391 4670 capti
3414 4610 3557 4667 sunt,
3584 4590 3853 4667 signiﬁcans-

621 4696 812 4752 oculos
847 4712 973 4752 suos
998 4698 1049 4752 itt
1080 4698 1282 4754 bonum
1330 4700 1414 4755 his
1452 4701 1542 4771 qui
1595 4700 1822 4772 imperio
1849 4703 1966 4769 ejus
2003 4702 2222 4772 acquie-

623 4798 815 4844 verunt
836 4788 1032 4864 (Infra.
1076 4793 1231 4862 sui),
1255 4802 1309 4848 et
1334 4792 1549 4848 reduxit
1576 4794 1698 4850 illos
1726 4794 1780 4850 itt
1818 4803 2015 4850 terram
2040 4810 2216 4864 suam,

625 4894 678 4937 et
720 4884 1010 4941 :edilicavit
1048 4896 1105 4941 et
1134 4903 1240 4943 non
1274 4887 1586 4954 destruxit,
1616 4898 1672 4944 et
1720 4889 1983 4959 plantavit
2012 4897 2068 4945 et
2112 4906 2221 4943 non

2329 4694 2396 4749 Et
2419 4692 2727 4747 econtrario
2763 4693 2830 4747 de
2856 4694 3091 4757 calatho,
3117 4692 3208 4762 qui
3235 4693 3404 4748 malas
3435 4691 3656 4748 habebat
3675 4684 3853 4743 ﬁcusit"

2324 4788 2454 4842 sicut
2477 4787 2625 4856 licus,
2658 4786 2750 4856 ait,
2784 4788 3018 4850 pessimis
3039 4785 3148 4859 [AL
3172 4788 3438 4859 pessimos]
3463 4803 3574 4858 qua:
3596 4779 3761 4839 comedi
3781 4788 3852 4827 που

2330 4888 2569 4951 possunt,
2601 4895 2660 4933 eo
2685 4879 2824 4949 quod
2844 4879 2946 4933 sint
2966 4876 3123 4933 malle
3149 4879 3257 4933 :sic
3285 4878 3420 4934 dabo
3452 4876 3701 4935 Sedeciatn
3722 4878 3848 4937 regem

623 4974 854 5045 evulsit,
886 4977 1145 5048 deditque
1178 4978 1257 5034 eis
1288 4994 1383 5035 cor
1412 4991 1468 5034 ut
1517 4954 1893 5049 scirent-eum,
1923 4982 2065 5053 quod
2111 4983 2225 5052 ipse
2327 4970 2471 5027 Iuda
2489 4982 2536 5026 et
2559 4971 2815 5043 principes
2843 4972 2978 5043 ejus,
3008 4979 3057 5026 et
3078 4987 3164 5025 eos
3183 4972 3274 5042 qui
3296 4972 3350 5024 in
3372 4970 3649 5043 .Egyptum
3674 4954 3853 5053 tramite

623 5078 771 5121 esset
800 5043 1079 5133 Dominus,
1105 5080 1160 5125 et
1189 5073 1380 5129 tierent
1408 5073 1483 5128 illt
1530 5075 1582 5129 in
1608 5074 1891 5144 populum,
1921 5043 1975 5130 et
2003 5043 2204 5145 ipse-ei.

2327 5073 2530 5136 gerunt.
2548 5073 2595 5117 et
2612 5064 2704 5133 qui
2714 5072 3072 5117 remanserunt
3092 5062 3147 5117 in
3168 5064 3294 5117 urbe
3312 5061 3412 5118 hac
3431 5064 3484 5118 in
3503 5058 3777 5118 vexationem
3793 5043 3849 5145 ﬂl'

625 5170 770 5216 esset
799 5161 850 5214 in
883 5161 1046 5217 Deum
1081 5181 1093 5216 :
1121 5174 1179 5218 ut
1206 5165 1365 5220 etiam
1395 5167 1449 5222 itt
1483 5137 1796 5239 captivitate
1838 5137 2077 5239 [timuerit
2103 5184 2225 5225 ocu-
2316 5155 2963 5228 ‘ﬂiﬂionem‘ll‘eo’wwus
2978 5154 3506 5229 regnislerrwﬂnfm
3529 5137 3849 5222 “llltqnndo
3936 5174 3937 5185 ‘

624 5257 708 5312 los
724 5270 853 5317 suos
874 5272 1037 5326 super
1056 5256 1197 5326 illos,
1224 5268 1279 5314 et
1304 5275 1562 5319 exercere
1591 5272 1813 5325 terram.
1842 5263 2110 5319 mditicare
2132 5264 2204 5319 do-

2328 5251 2383 5307 iu
2415 5250 2655 5323 Egypto
2686 5264 2904 5321 quoque
2934 5251 3079 5320 capti
3112 5258 3262 5317 sunt,
3311 5260 3370 5306 et
3414 5242 3846 5306 Nabuchodonosor

626 5365 767 5419 mos,
798 5349 1045 5426 plautare
1091 5352 1329 5421 pomaria
1378 5352 1483 5426 [ΑΙ.
1538 5348 1811 5427 pomeria]
1843 5354 1896 5411 in
1926 5354 2227 5428 Babylonia
2332 5345 2511 5417 Ροειιίι
2551 5344 2606 5400 in
2656 5343 2902 5414 Τθμιιιιίε
2953 5344 3151 5399 εοιίιιιιι
3202 5358 3364 5400 suum
3393 5387 3408 5411 ,
3458 5342 3689 5406 ιηίεἱιιιιιθ
3726 5337 3847 5428 ξυΡθτ

625 5424 846 5513 regione
873 5444 1183 5516 permiserit
1214 5464 1229 5501 :
1264 5424 1450 5503 Daniel
1507 5424 2126 5519 signorum—miraculis,
2156 5450 2204 5504 dt

2333 5457 2429 5499 eos
2476 5438 2735 5495 Dominus
2777 5437 3043 5509 gladium,
3103 5439 3325 5508 fantem,
3360 5448 3417 5495 et
3459 5447 3673 5511 pestem.
3714 5424 3840 5481 donec

625 5538 842 5607 captivo
886 5538 1067 5597 subito
1118 5542 1376 5615 princeps
1403 5543 1572 5601 iactus
1610 5546 1683 5602 sit
1708 5544 1874 5617 (Dan.
1903 5544 1980 5618 v),
2010 5546 2226 5620 otgtres
2334 5543 2794 5594 consumerentur
2823 5533 2893 5590 de
2948 5542 3101 5590 terra
3157 5549 3319 5604 quam
3351 5532 3503 5589 dedit
3552 5525 3841 5620 patribus

628 5630 784 5698 pueri
831 5630 1069 5701 gloriose
1111 5633 1181 5692 de
1246 5612 1484 5696 fornacis
1542 5612 1794 5697 incendio
1854 5612 2228 5697 liberati‘sint
2336 5648 2480 5692 rum.
2536 5629 2693 5701 Quod
2735 5637 2919 5686 autem
2973 5627 3113 5685 dixit
3163 5626 3233 5686 de
3283 5628 3401 5686 ticis
3432 5612 3834 5686 bonis:Dab0tli

706 5818 731 5847 ⁸
770 5805 830 5868 In
875 5827 982 5870 uno
1027 5816 1205 5874 Vatic.
1250 5819 1320 5874 ad
1350 5821 1662 5893 placandum
1693 5821 1923 5892 legitur.
1957 5835 2058 5892 pro
2088 5820 2138 5876 in
2164 5819 2372 5876 bonum.
2440 5883 2443 5885 .
