3972 6358
60 285 174 344 835

574 279 1223 347 COMMENTARIOBUM
1263 282 1331 346 lN
1370 280 1729 347 JEREMIAM
1758 284 2187 347 PROPHETAM
2226 285 2355 347 LIB.
2400 285 2467 346 ν.
2516 287 2671 348 CAP.
2712 286 2915 373 XXV.~

3272 294 3382 354 854

54 418 156 457 cor
184 409 243 455 ut
275 400 446 457 sciant
479 418 576 468 me,
614 405 735 475 quia
766 422 863 479 ego
892 422 1007 460 sum
1056 404 1331 475 Dominus,
1376 406 1453 461 illi
1496 406 1678 462 simile
1705 413 1754 469 Α
1784 405 1977 462 diebus
2006 406 2249 464 diluculo
2269 416 2324 464 et
2343 406 2413 465 de
2458 418 2621 465 nocte
2651 422 3016 481 consurgens,
3050 409 3383 483 loquebatur

59 504 152 551 est
185 494 705 565 Apostolico:Deus
731 505 805 551 est
827 498 916 568 qui
945 506 1194 569 operatur
1209 499 1267 553 in
1284 498 1422 554 vobis
1449 507 1496 554 et
1525 499 1676 565 velle,

59 599 113 644 et
136 589 396 660 perﬁcere
425 588 699 663 (Philipp.
719 605 779 658 ιι,
800 589 930 662 l3):
955 592 1100 662 quod
1134 607 1241 648 non
1274 592 1453 648 solum
1483 607 1676 663 opera,

57 681 167 736 sed
219 692 276 736 et
307 680 562 736 voluntas
592 689 785 736 uestra
816 681 909 737 Dei
958 683 1160 740 nitatur
1209 683 1438 740 auxilio.
1472 684 1683 740 Delirat

60 773 124 830 in
156 773 267 831 hoc
297 774 419 829 loco
440 774 773 845 allegoricus
794 790 1015 843 semper
1045 778 1342 847 interpres,
1373 786 1428 835 et
1448 778 1555 834 vim
1586 793 1682 835 cu-

62 867 232 940 piens
255 866 534 924 historicas
562 868 744 925 facere
772 869 1010 936 veritati,
1037 870 1109 927 de
1130 872 1342 929 caelesti
1366 872 1678 930 Jerusalem

66 974 269 1034 captus
295 964 493 1032 refert,
534 977 698 1039 atque
735 970 1032 1028 translatos
1063 970 1116 1025 in
1150 980 1352 1027 terram
1383 971 1679 1028 Chaldaeo-

66 1072 195 1112 rum
220 1075 233 1111 :
254 1073 581 1129 rursumque
607 1059 673 1115 ad
706 1060 884 1118 locum
914 1063 1208 1134 pristinum
1241 1079 1585 1132 reversuros,
1621 1073 1683 1120 ut

67 1147 373 1205 Jeremiam
405 1159 464 1207 et
492 1160 725 1208 caeteros
756 1163 976 1210 sanctos
1011 1155 1340 1226 prophetas;
1372 1157 1510 1213 alios
1545 1171 1681 1214 vero

70 1234 171 1312 qtii
194 1250 512 1313 peccatores
542 1244 765 1313 fuerint,
795 1245 849 1300 in
876 1256 1020 1302 terra
1051 1247 1154 1303 hac
1178 1249 1309 1304 etin
1334 1248 1474 1305 valle
1504 1249 1684 1323 lacry-

69 1350 292 1392 marum
322 1351 445 1393 esse
472 1337 787 1393 moriturus.
830 1338 1019 1394 Totam
1050 1340 1280 1396 visionis
1311 1340 1471 1412 hujus
1513 1342 1680 1398 simul

70 1430 238 1498 posui
272 1435 576 1507 περικοπὴν,
632 1431 844 1503 1013
872 1447 939 1488 ne
975 1446 1199 1488 sensum
1239 1434 1295 1489 in
1331 1434 1681 1505 expositione

73 1518 408 1578 dividerem.

150 1612 309 1687 (Cap.
341 1614 745 1673 XXV.—Vers.
766 1617 846 1688 1.)
868 1617 1095 1673 Verbum
1121 1620 1260 1691 quod
1284 1623 1479 1692 factum
1508 1630 1584 1675 est
1610 1620 1680 1674 ad

69 1708 363 1765 Ieremiam
399 1708 464 1765 de
504 1710 645 1764 omni
674 1708 871 1782 populo
900 1710 1047 1765 Iuda
1080 1711 1225 1782 (sive
1270 1728 1427 1783 super
1477 1728 1680 1766 omnem

1786 500 1854 555 ad
1887 502 2171 572 populum.
2204 502 2269 557 Et
2289 510 2414 571 non,
2444 504 2640 573 inquit,
2670 506 2913 561 audistis.
2956 505 3053 562 Sin
3081 515 3283 573 autem,
3321 514 3384 562 ut

1785 593 1910 648 novi
1940 608 2004 648 ex
2038 593 2315 650 veteribus
2340 592 2556 667 1015
2582 593 2828 652 haeretici
2856 596 3064 659 volunt.
3095 596 3181 653 lex
3204 596 3381 653 semel

1785 684 1839 740 in
1867 685 2198 757 adjutorium
2224 687 2351 743 data
2376 697 2483 755 est,
2516 699 2576 745 et
2603 690 2901 746 constituta
2932 698 3205 761 pracepta
3257 704 3382 752 qua:

1783 779 1959 833 nostri
1990 779 2204 835 arbitrii
2234 780 2519 837 voluntate
2545 781 2633 837 vel
2665 780 2928 851 facimus,
2977 784 3063 839 vel
3101 798 3210 839 non
3254 781 3388 838 taci-

1783 885 1938 936 mus;
1963 871 2240 941 quomodo
2266 872 2542 943 Propheta
2573 887 2635 929 se
2660 888 2880 945 semper
2909 874 3131 946 ingerit,
3161 883 3219 930 et
3246 889 3384 945 quo-

1787 959 1919 1017 tidie
1950 961 2184 1033 replicat
2222 962 2473 1020 mandata
2521 964 2641 1031 Dei,
2691 981 2813 1037 quae
2855 966 3041 1036 utique
3070 966 3239 1024 semel
3284 982 3377 1024 ac-

1783 1062 1959 1122 cepta,
2016 1053 2345 1110 suﬁ'ecerant
2391 1056 2474 1111 eis
2503 1056 2705 1127 quibus
2745 1056 2875 1113 data
2904 1057 3149 1123 fuerant;
3180 1057 3286 1114 nisi
3326 1067 3386 1114 ut

1784 1146 1892 1202 hoc
1919 1147 2194 1215 ostendat,
2246 1148 2338 1204 Dei
2385 1164 2486 1203 nos
2516 1165 2734 1220 semper
2772 1150 3018 1222 indigere
3064 1151 3289 1219 auxilio;
3323 1160 3385 1209 et

1785 1253 2085 1308 numquam
2139 1253 2302 1311 posse
2357 1238 2637 1308 sufﬁcere,
2688 1240 2830 1311 quod
2862 1241 3029 1297 semel
3059 1242 3245 1299 datum
3273 1250 3379 1312 est,

1785 1330 1890 1386 nisi
1923 1331 2167 1402 quotidie
2187 1328 2404 1387 Domini
2431 1332 2806 1388 admonitione
2835 1333 3155 1389 renovetur?

1858 1422 1926 1477 Et
1954 1424 2093 1479 misit
2114 1422 2374 1480 Dominus
2395 1426 2466 1479 ad
2492 1441 2579 1481 vos
2600 1442 2780 1481 omnes
2800 1441 2973 1482 servos
2999 1443 3120 1483 suos
3144 1424 3385 1498 PrOphe-

1786 1523 1883 1582 tas,
1913 1532 2225 1589 consurgens
2256 1516 2514 1583 diluculo,
2557 1518 2900 1590 mittensque:
2931 1529 3105 1574 etnon
3135 1519 3382 1575 audistis.

1784 1608 1903 1664 Non
1937 1625 2034 1679 per
2057 1626 2226 1666 unum
2255 1610 2614 1682 Prophetam,
2647 1613 2744 1670 sed
2773 1628 2872 1684 per
2897 1628 3092 1670 omnes
3126 1614 3386 1685 populum

1785 1715 1945 1757 suum
1979 1703 2122 1759 Deus
2162 1718 2380 1775 semper
2411 1705 2716 1775 admonuit,
2757 1716 2814 1763 et
2836 1707 2994 1779 quasi
3023 1707 3219 1778 ipsein
3245 1708 3388 1781 vigi-

66 1803 330 1874 populum
358 1801 529 1873 Iuda)
566 1802 619 1857 in
657 1819 797 1857 anno
826 1811 1016 1874 quarto
1039 1802 1247 1858 Joacim
1272 1803 1375 1872 ﬁlii
1399 1804 1563 1860 logia:
1587 1822 1675 1861 re-
1706 1800 1755 1861 Β
1781 1794 1893 1864 liis,
1920 1806 2087 1867 atque
2111 1798 2358 1854 excubiis
2389 1798 2725 1855 constitutus
2754 1803 2990 1857 surrexit
3020 1801 3287 1869 diluculo,
3332 1814 3389 1860 ut

70 1896 157 1971 gis
187 1895 355 1951 Iuda.
414 1896 544 1953 Hmc
579 1899 761 1967 priora
808 1906 936 1953 sunt
975 1899 1249 1969 praeterita
1278 1898 1528 1955 visione:
1581 1901 1672 1956 illa

70 1990 225 2046 enim
272 1990 373 2046 sub
418 1989 646 2048 Sedecia
694 1992 836 2047 facta
889 2000 993 2059 est,
1044 2002 1330 2063 postquam
1379 1993 1675 2049 Jeebonias

69 2080 383 2136 translatus
410 2089 497 2137 est
543 2080 914 2152 Babylonem;
971 2081 1090 2139 haec
1125 2092 1307 2138 autem
1338 2083 1441 2138 sub
1466 2082 1673 2139 Joacim

82 2172 200 2227 tilio
225 2172 412 2241 Josize,
444 2183 496 2228 et
520 2180 672 2243 patre
701 2172 999 2230 Jechonize.
1065 2174 1183 2230 Non
1212 2175 1356 2231 enim
1384 2190 1531 2232 curm
1557 2183 1677 2232 erat

73 2265 97 2338 (
112 2274 176 2320 ut
199 2276 329 2321 ante
348 2268 458 2335 jam
484 2266 596 2322 disi
618 2268 636 2337 )
659 2267 949 2336 Prophetis
972 2266 1081 2340 [ΑΙ.
1109 2268 1437 2343 prephetiaz]
1465 2277 1677 2341 tempo—

75 2374 524 2426 raconservare,
567 2375 688 2431 quae
726 2359 971 2416 historiae
998 2361 1149 2430 leges
1177 2362 1525 2429 desiderant;
1577 2363 1674 2419 sed

69 2452 323 2510 scribere
366 2464 663 2524 utcumque
707 2454 1059 2511 audientibus
1113 2464 1277 2526 atque
1311 2457 1535 2513 lecturis
1563 2458 1673 2513 uti-

70 2544 130 2602 le
154 2554 442 2601 noverant.
466 2544 626 2603 Unde
656 2555 712 2602 et
737 2544 792 2601 in
824 2546 1088 2602 Psalterio
1112 2547 1254 2604 male
1278 2548 1501 2620 quidam
1520 2548 1673 2621 juxta

71 2645 288 2693 textum
343 2638 589 2693 historiae
660 2640 991 2708 psalmorum
1048 2640 1337 2710 requirnnt
1389 2640 1674 2710 ordinem,

70 2729 221 2803 quod
252 2731 305 2785 in
338 2731 509 2803 Iyrico
534 2730 777 2787 carmine
798 2745 905 2787 non
930 2730 1276 2787 observatur.

119 2874 129 2883 .
155 2824 342 2897 (Vers.
375 2825 460 2897 2.)
501 2823 625 2898 Ipse
655 2834 729 2881 est
760 2842 932 2881 annus
954 2826 1157 2898 primus
1188 2825 1678 2883 Nabuchodonosor

73 2920 218 2991 regis
238 2918 523 2990 Babylonis
550 2930 576 2957 α
609 2919 776 2992 (quod
806 2920 862 2975 in
886 2919 1031 2975 LXX
1060 2937 1167 2977 non
1202 2920 1453 2977 habetur.
1498 2922 1564 2977 Et
1589 2938 1675 2978 se-

73 3012 318 3084 quitur):
353 3010 505 3078 Quod
522 3012 725 3066 locutus
741 3021 816 3067 est
834 3012 1090 3068 Jeremias
1108 3010 1215 3068 Pro
1222 3013 1377 3083 pheta
1390 3013 1458 3069 ad
1474 3031 1675 3069 omnem

73 3103 327 3177 populum
359 3099 394 3156 1
401 3103 530 3168 uda,
557 3113 604 3158 et
634 3103 704 3157 ad
733 3104 999 3159 universos
1032 3104 1344 3159 habitatores
1376 3105 1676 3161 Jerusalem

1781 1902 1941 1944 suum
1971 1890 2231 1961 populum
2263 1901 2664 1948 commoneret.
2734 1891 2804 1947 Et
2838 1909 2962 1959 non,
2988 1894 3183 1965 inquit,
3224 1895 3385 1950 audi-

1778 1984 1907 2049 stis;
1939 1993 1996 2039 ut
2023 1994 2228 2055 quanto
2270 1985 2519 2042 crebrior
2558 1985 2896 2051 admonitio,
2950 1994 3104 2043 tanto
3133 2000 3384 2045 contem-

1780 2075 2027 2132 nentium
2060 2074 2266 2131 fuerint
2294 2089 2514 2145 peccata
2533 2078 2777 2149 majora?

1854 2166 2038 2238 (Vers.
2071 2170 2126 2234 «ι,
2156 2167 2238 2239 5.)
2265 2167 2446 2240 Neque
2467 2170 2762 2225 inclinastis
2791 2188 2942 2227 aures
2966 2180 3185 2241 vestras,
3208 2182 3265 2228 ut
3285 2189 3385 2229 au-

1779 2258 1982 2329 diretis,
2027 2276 2143 2314 cum
2168 2260 2393 2317 dicerem
2424 2260 2607 2335 [Vulg.
2638 2261 2852 2336 diceret]
2886 2280 2900 2318 :
2941 2262 3279 2319 Revertimini
3314 2264 3385 2319 ad

1775 2370 1857 2408 me
1904 2355 2251 2426 unusquisque
2289 2373 2320 2409 a
2352 2357 2436 2410 uia
2465 2373 2563 2410 sua
2590 2357 2752 2421 mala,
2781 2366 2832 2412 et
2858 2375 2891 2411 a
2915 2359 3153 2430 pessimis
3175 2360 3377 2433 cogita-

1780 2446 2004 2502 tionibus
2023 2449 2241 2503 vestris:
2268 2456 2316 2503 et
2335 2446 2633 2504 Itabitabitis
2652 2449 2707 2503 in
2732 2457 2893 2516 terra,
2921 2466 3076 2521 quam
3106 2449 3247 2503 dedit
3276 2447 3389 2503 Do-

1778 2538 1949 2593 minus
1978 2538 2119 2594 vobis
2141 2548 2188 2592 et
2209 2539 2437 2606 patribus
2465 2540 2641 2594 vestris
2659 2555 2690 2593 a
2716 2538 2908 2596 saeculo
2934 2555 3098 2607 usque
3137 2541 3191 2595 in
3212 2555 3375 2595 saecu-

1779 2631 1907 2687 lum.
1933 2631 2106 2687 Tanta
2127 2630 2227 2686 fuit
2250 2632 2449 2688 duritia
2481 2632 2687 2703 populi,
2720 2641 2863 2688 utne
2884 2631 3130 2688 habitum
3156 2632 3379 2705 quidem

1777 2723 2050 2781 audientis
2080 2734 2412 2793 assumeret,
2446 2733 2502 2781 et
2530 2724 2819 2781 inclinaret
2840 2740 3024 2780 aurem
3046 2740 3222 2794 suam,
3246 2740 3384 2797 prae-

1777 2823 1934 2894 cipue
1989 2822 2222 2878 Domino
2266 2831 2677 2889 commonente,
2726 2831 2789 2878 ut
2819 2829 3195 2879 reverteretur
3220 2838 3390 2879 unus-

1776 2914 2004 2986 quisque
2025 2929 2054 2968 a
2084 2914 2168 2969 via
2194 2914 2467 2975 suaamala
2507 2923 2565 2970 et
2591 2931 2621 2971 a
2662 2914 2919 2985 pessimis
2964 2914 3388 2984 cogitationibus

1777 3006 1909 3061 suis.
1947 3005 2036 3074 Et,
2069 3020 2104 3061 ο
2131 3005 2343 3061 inﬁnita
2374 3005 2813 3074 clementia,non
2837 3006 3165 3078 supplicium
3187 3005 3393 3065 inferre

1777 3114 1878 3170 pro
1910 3099 2138 3166 scelere,
2163 3098 2262 3156 sed
2290 3099 2355 3155 ad
2388 3101 2763 3172 pmuitentiam
2794 3116 3119 3172 provocare,
3144 3111 3254 3158 tam
3272 3117 3392 3159 ma-

75 3194 281 3250 dicens.
339 3193 544 3261 Quarto
582 3210 726 3250 anno
750 3195 895 3266 regis
925 3194 1156 3265 Joacim,
1193 3197 1291 3253 filii
1311 3196 1479 3254 Josiae
1506 3198 1675 3268 patris
1704 3192 1750 3255 C
1782 3191 1960 3247 lorum
1986 3207 2237 3262 operum,
2266 3208 2388 3263 quae
2417 3192 2689 3265 significat
2717 3192 2805 3249 via
2837 3194 2998 3260 mala,
3033 3210 3192 3266 quam
3220 3195 3394 3268 pessi-

73 3283 381 3354 Jcchoniae,
406 3284 916 3343 Nabuchodonosor
939 3288 992 3343 in
1012 3287 1288 3360 Babylone
1311 3290 1551 3358 suscepit
1578 3290 1677 3345 im-

74 3382 318 3450 perium,
357 3389 518 3449 atque
559 3379 631 3434 ita
679 3379 880 3436 factum
909 3390 1014 3449 est,
1063 3390 1122 3436 nt
1149 3397 1324 3438 annus
1344 3383 1436 3452 qui
1472 3383 1677 3452 primus

76 3483 205 3531 erat
226 3471 733 3529 Nabuchodonosor
761 3472 815 3529 in
849 3473 1146 3546 Babylone.
1189 3486 1417 3546 quartus
1447 3484 1593 3531 esset
1623 3474 1676 3529 in

77 3566 391 3623 Jerusalem
421 3567 566 3637 regis
590 3565 822 3623 Joacim.
865 3567 1111 3639 Denique
1131 3576 1326 3624 octavo
1353 3583 1498 3625 anno
1524 3568 1679 3641 regni

80 3660 196 3722 sui.
222 3658 553 3716 Jechuniam
596 3675 720 3715 cum
769 3669 944 3716 matre
985 3670 1040 3715 et
1076 3660 1415 3730 principibus
1440 3661 1594 3716 duxit
1624 3660 1676 3715 in

78 3753 485 3825 Captivitatem,
515 3754 604 3824 qui
635 3754 811 3811 tribus
844 3762 1054 3810 tantum
1088 3764 1209 3825 post
1236 3754 1677 3812 interfectionem

78 3848 260 3920 patris
309 3845 517 3902 Joacim
566 3855 820 3917 regnarat
866 3846 1164 3902 mensibus.
1235 3846 1558 3904 Interfectus
1595 3856 1681 3904 est

80 3950 270 3996 autem
313 3937 522 3995 Joacim
564 3938 852 3996 undecimo
891 3954 1035 3995 anno
1058 3939 1212 4010 regni
1243 3941 1328 3995 sui
1364 3941 1418 3995 in
1453 3939 1683 3997 Jerusa-

79 4032 194 4089 lem
222 4030 314 4105 (ιν
347 4030 479 4102 Reg.
523 4028 696 4103 sxw).
1450 4048 1461 4055 '

162 4123 348 4195 (Vera.
374 4124 456 4192 ὅ.)
482 4123 528 4178 Α
556 4124 706 4178 tertio
727 4123 924 4178 decimo
965 4140 1106 4178 anno
1138 4122 1302 4179 Iasiae
1332 4124 1433 4195 ﬁlii
1460 4123 1683 4180 Ammon

79 4220 224 4292 regis
250 4218 281 4273 J
289 4220 394 4274 uda
418 4235 577 4288 usque
605 4218 672 4272 ad
695 4218 833 4272 diem
860 4219 1017 4285 hanc,
1046 4220 1145 4272 iste
1170 4226 1246 4273 est
1267 4219 1448 4273 tertius
1472 4229 1519 4273 et
1550 4219 1684 4274 vict:—

82 4315 252 4369 simus
272 4329 467 4377 annus,
500 4316 697 4382 factum
728 4320 805 4365 est
832 4312 1041 4367 verbum
1068 4309 1367 4365 Dontiuiad
1396 4327 1497 4378 me,
1526 4320 1575 4364 et
1601 4310 1680 4365 lo-

86 4418 242 4464 cutus
267 4422 386 4461 sum
412 4406 482 4459 ad
512 4421 598 4460 vos
630 4405 694 4459 de
743 4413 890 4459 nocte
928 4420 1245 4479 consurgens
1295 4413 1344 4457 et
1374 4404 1609 4475 loquens,
1637 4410 1688 4458 et

84 4517 194 4557 non
235 4498 476 4553 audistis.
524 4498 709 4553 Tertio
751 4496 974 4552 decimo
1004 4512 1150 4551 anno
1183 4496 1327 4567 regis
1356 4492 1465 4567 [Αι.
1511 4494 1687 4568 regni]

1782 3298 1992 3339 marum
2025 3284 2440 3355 cogitationum,
2488 3301 2610 3354 quae
2638 3293 2696 3342 et
2725 3285 2841 3355 ipse
2870 3285 3076 3358 absque
3098 3302 3265 3359 opere
3305 3304 3394 3345 re-

1784 3387 2041 3450 putentur
2072 3379 2127 3434 in
2181 3391 2490 3450 peccatum.
2545 3379 2614 3435 Et
2659 3380 2926 3451 promittit
2984 3382 3311 3453 praemium,
3343 3382 3391 3438 si

1780 3472 2009 3528 fecerint
2048 3472 2194 3543 quod
2240 3481 2571 3543 praeceptum
2619 3481 2725 3541 est,
2760 3484 2820 3527 ut
2852 3472 3102 3530 habitent
3129 3474 3184 3531 in
3218 3484 3385 3542 terra,

1781 3581 1904 3637 qua:
1944 3565 2066 3622 data
2121 3566 2194 3621 sit
2241 3566 2507 3636 patribus,
2539 3575 2595 3621 et
2625 3577 2847 3637 propter
2868 3567 3105 3624 ﬁliorum
3128 3568 3257 3624 vitia
3288 3584 3382 3624 su-

1782 3657 1946 3712 blata.
1979 3656 2243 3727 Quodque
2275 3657 2351 3712 ait
2386 3674 2398 3711 :
2436 3657 2479 3711 Α
2521 3657 2710 3713 saeculo
2739 3672 2786 3713 et
2815 3675 2972 3730 usque
3014 3660 3069 3714 in
3113 3660 3384 3727 saeculum,

1783 3750 1919 3817 sive,
1950 3754 2015 3804 ab
2043 3760 2237 3805 teter-no
2267 3759 2312 3804 et
2341 3759 2499 3822 usque
2527 3751 2581 3806 in
2609 3762 2882 3819 teternum,
2904 3752 3140 3809 ostendit
3162 3752 3265 3809 Dei
3293 3752 3395 3809 do-

1784 3857 1856 3897 na
1913 3849 2202 3913 perpetua,
2233 3841 2280 3897 si
2334 3840 2483 3913 digni
2532 3841 2853 3898 exsdterint
2908 3841 2964 3898 hi
3010 3843 3212 3915 quibus
3258 3842 3388 3899 data

1786 3943 1934 3990 SUDI.

1857 4028 2049 4099 (Vere.
2098 4028 2152 4095 6,
2198 4028 2296 4099 7.)
2345 4027 2412 4082 Et
2465 4027 2622 4084 nolite
2665 4026 2742 4083 ire
2771 4035 2887 4097 post
2926 4027 3052 4084 deos
3080 4028 3302 4096 alienos,
3337 4040 3393 4082 ιιι

1785 4120 2019 4175 serviatis
2046 4121 2139 4188 eis,
2172 4120 2496 4193 adoretisque
2522 4136 2642 4188 eos;
2670 4136 2830 4191 neque
2857 4137 2935 4176 me
2968 4121 3038 4175 ad
3075 4121 3399 4176 iracundiam

1788 4212 2074 4284 provocetis
2101 4213 2157 4267 in
2186 4214 2424 4284 operibus
2455 4228 2705 4267 manuum
2723 4223 3032 4280 restrurum,
3060 4224 3108 4269 et
3137 4231 3239 4269 non
3259 4213 3404 4286 afﬂi-

1787 4322 1906 4376 gam
1925 4322 2034 4361 vos.
2063 4304 2133 4360 Et
2155 4323 2259 4361 non
2279 4307 2500 4362 audistis
2523 4323 2624 4373 me,
2656 4316 2678 4345 ε
2704 4306 2829 4361 dicit
2852 4303 3127 4376 Dominus,
3155 4317 3211 4363 ut
3232 4324 3312 4363 me
3332 4309 3401 4364 ad

1787 4401 2113 4456 iracundiam
2133 4403 2481 4474 provocaretis
2509 4404 2561 4456 in
2584 4402 2823 4472 operibus
2846 4418 3096 4457 manuum
3117 4412 3404 4461 vestrarum

1791 4495 1845 4551 in
1873 4497 2067 4551 malum
2115 4508 2361 4553 vestrum.
2410 4498 2479 4554 Et
2527 4497 2667 4565 haec,
2714 4499 2913 4570 inquit,
2945 4500 3233 4556 monebam
3277 4517 3403 4557 cum

86 4591 257 4649 Josiae
283 4591 374 4661 qui
416 4590 666 4661 regnavit
710 4588 763 4645 in
795 4589 1102 4645 Jerusalem
1132 4588 1294 4643 armis
1319 4587 1347 4625 ι’
1380 4587 1601 4658 triginta
1634 4595 1689 4642 et
1717 4589 1768 4650 D
1794 4591 2194 4662 superioribus,
2228 4608 2297 4649 ne
2319 4593 2650 4663 diis;alienis
2677 4594 2985 4662 serviretis,
3023 4606 3078 4652 et
3105 4595 3409 4652 adoraretis

90 4701 229 4750 uno,
258 4683 534 4741 Jeremias
564 4684 893 4754 prophetare
918 4697 1152 4739 exorsus
1181 4690 1288 4749 est,
1312 4691 1367 4737 et
1394 4680 1690 4753 prOpheta-

90 4779 175 4835 vit
215 4779 317 4833 sub
356 4792 425 4833 eo
452 4778 612 4832 annis
649 4776 838 4833 decem
872 4785 932 4832 et
966 4791 1187 4844 novem,
1223 4777 1310 4832 cui
1339 4777 1606 4833 successit
1638 4777 1691 4832 in

92 4885 325 4941 regnum
357 4868 505 4924 illius
531 4868 653 4940 ejus
677 4868 947 4925 Joachaz:
980 4883 1089 4938 quo
1116 4868 1301 4923 statim
1327 4867 1492 4924 ducto
1521 4868 1573 4923 in
1604 4883 1697 4925 ea-

93 4962 409 5034 ptivitatem
428 4976 457 5014 a
478 4959 702 5017 Necbao
723 4958 1270 5032 regeIEgyptiorum,
1287 4975 1517 5031 regnum
1544 4960 1690 5016 obti-

93 5054 218 5110 nuit
244 5054 457 5110 Joacim
497 5051 668 5109 frater
718 5053 841 5124 ejus
892 5051 983 5125 (IV
1027 5052 1161 5126 Reg.
1193 5053 1380 5125 um).
1448 5054 1505 5110 In
1535 5054 1694 5126 cujus

95 5145 255 5217 regni
296 5152 497 5215 quarto
543 5160 709 5212 anno,
762 5146 870 5202 iste
905 5144 971 5199 ad
997 5144 1292 5201 Jeremiam
1314 5144 1373 5200 ﬁt
1400 5143 1524 5219 [AL
1551 5146 1696 5220 fuit]

96 5254 285 5296 sermo
320 5238 567 5306 Domini,
611 5254 676 5295 ac
707 5254 806 5309 per
839 5238 946 5294 hoc
974 5238 1274 5307 vigesimus
1305 5240 1501 5295 tertius
1523 5255 1699 5296 attnus

97 5343 217 5389 erat
261 5332 521 5390 Ieremia:
551 5334 857 5406 prophetae,-
901 5348 969 5389 ex
1006 5349 1117 5403 quo
1158 5332 1308 5404 loqui
1347 5333 1412 5389 ad
1440 5334 1699 5424 populum

97 5427 301 5500 etrapit;
326 5435 384 5483 et
411 5442 705 5499 numquam
736 5426 1037 5499 praedicare
1066 5426 1326 5493 cessavit,
1349 5426 1445 5482 sed
1471 5425 1704 5499 singulis

172 5597 197 5625 η
228 5585 442 5644 Victor.
499 5586 617 5643 haec
662 5586 832 5644 verba
882 5583 1200 5657 parenthesi
1247 5583 1694 5657 inclusagdelet,

101 5658 307 5743 quippe
351 5674 477 5716 cum
520 5658 723 5716 falsum
755 5659 855 5724 sit,
884 5653 1114 5713 'comma
1148 5655 1284 5712 illud
1314 5656 1368 5712 in
1414 5653 1558 5711 LXX
1598 5671 1704 5711 non

102 5730 475 5860 bageéisterc.
511 5816 643 5867 ms.,
671 5799 824 5856 annis
854 5800 1034 5871 uiginti
1063 5809 1109 5854 et
1141 5816 1268 5854 uno.

1794 4700 1915 4751 eos,
1947 4693 2003 4740 et
2033 4700 2100 4741 ne
2137 4686 2238 4740 ista
2272 4684 2523 4742 faciendo
2553 4701 2640 4743 me
2673 4688 3047 4757 provocaretis
3076 4686 3147 4743 ad
3192 4688 3409 4743 iracun-

1794 4776 1939 4833 diam
1972 4788 2197 4849 propter
2225 4788 2393 4850 opera
2418 4794 2677 4835 manuum
2706 4787 3035 4846 vestrarum,
3086 4789 3145 4835 ut
3172 4779 3410 4837 facerem

1794 4870 1940 4941 quod
1969 4871 2246 4942 uolebam,
2277 4881 2335 4929 et
2366 4871 2671 4943 afﬂigerem,
2701 4872 2913 4946 1015
2942 4888 3065 4940 vos,
3097 4883 3152 4930 et
3180 4886 3286 4931 non
3317 4889 3414 4929 au.

1795 4961 1958 5018 distis
1990 4980 2099 5020 me.
2132 4964 2401 5036 Quodque
2439 4965 2714 5035 sequitur,
2746 4962 2885 5017 Dicit
2916 4962 3211 5034 Dominus,
3244 4976 3300 5021 ut
3332 4982 3414 5022 me

1798 5057 1868 5112 ad
1905 5058 2231 5113 iracundiam
2279 5059 2628 5131 provocantis
2666 5058 2723 5111 in
2764 5057 3003 5129 operibus
3049 5075 3296 5115 manuum
3331 5076 3418 5116 ue-

1800 5156 2026 5203 strarum
2052 5150 2108 5204 in
2154 5148 2354 5205 malum
2400 5157 2642 5218 vestrum,
2674 5146 2733 5204 in
2773 5148 3135 5224 Septuaginta
3178 5167 3290 5210 non
3320 5152 3420 5209 ha-

1804 5240 1981 5297 betur.

1879 5334 2085 5406 (Vers.
2124 5334 2216 5407 8.)
2267 5333 2558 5409 Propterea
2602 5334 2715 5392 haec
2760 5336 2885 5392 dicit
2928 5333 3187 5393 Dominus
3224 5336 3424 5393 exerci-

1810 5436 1997 5483 tuum:
2036 5444 2129 5499 pro
2162 5442 2221 5482 eo
2250 5428 2389 5498 quod
2421 5444 2528 5484 non
2556 5428 2783 5484 audistis
2813 5428 2967 5483 verba
2995 5444 3131 5499 mea,
3173 5443 3287 5484 ecce
3322 5444 3419 5501 ego

1887 5594 1909 5624 ο
1950 5585 2082 5653 Qua:
2104 5585 2233 5642 hinc
2284 5586 2692 5653 subsequuntur
2739 5585 2881 5642 sacri
2934 5594 3114 5642 textus
3141 5586 3331 5653 verba,
3363 5588 3418 5644 in

1814 5654 2171 5731 Cisterciensi
2200 5672 2304 5712 ms.
2339 5657 2435 5731 hic
2469 5654 2582 5714 loci
2614 5673 2722 5731 non
2753 5656 3046 5725 habentur,
3077 5657 3279 5731 quippe
3298 5674 3421 5731 qua:

1814 5728 1981 5798 paulo
2012 5740 2136 5799 post
2170 5729 2393 5800 proprio
2420 5729 2544 5785 loco
2568 5727 2891 5786 recitantur.
