3972 6336
627 236 734 308 833

623 458 696 511 ait
750 454 1045 516 Dominus;
1095 456 1142 504 et
1194 444 1684 501 Nabuchodonosor
1729 460 1901 515 regem
1944 441 2232 515 Babylonis

621 561 824 600 servant
872 559 1060 597 meum.
1094 539 1230 608 Quia
1270 554 1356 594 me
1386 537 1453 592 ad
1494 536 1832 595 iracundiam
1868 537 2228 604 provocastis,

620 645 676 691 et
707 635 911 691 fecistis
941 632 1144 687 malum
1175 631 1230 685 in
1253 630 1534 686 interitum
1557 637 1824 695 vestrum,
1856 639 1909 682 et
1935 641 2236 698 provocan-

619 740 730 785 tem
753 728 819 784 ad
841 727 1248 799 paenitentiam,
1270 725 1510 794 superbo
1530 721 1784 778 calcasti:
1806 720 1964 790 pede,
1997 720 2229 785 mittam,

617 821 819 892 inquit,
853 820 921 875 ad
947 820 1230 886 universas
1251 817 1626 888 cognationes,
1652 815 1770 870 sire
1793 812 2044 868 nationes
2071 813 2236 882 Aqui-

617 915 782 979 lonis,
813 923 872 970 et
900 913 1170 970 adducam
1199 911 1501 982 principem
1524 924 1709 965 earnm
1733 906 2236 964 Nabuchodonosor

619 1022 808 1077 regem
839 1005 1140 1078 Babylonis
1169 1018 1392 1060 servum
1445 1016 1650 1057 meum.
1701 999 1862 1056 Mittit
1894 1011 2076 1054 autem
2128 999 2236 1052 Do-

620 1102 803 1157 minus
831 1102 915 1157 vel
947 1099 1210 1170 Angelos,
1252 1107 1314 1153 ut
1360 1096 1640 1152 concitent
1685 1105 1901 1165 gentes,
1944 1094 2032 1149 vel
2081 1102 2235 1148 certe

621 1191 935 1263 ltujusmodi
965 1201 1149 1246 movet
1177 1188 1563 1260 cognationes,
1585 1195 1642 1242 ut
1671 1185 1872 1242 faciant
1906 1183 2120 1240 Domini
2140 1199 2236 1238 vo-

619 1284 907 1340 luntatem.
940 1281 1206 1353 Quodque
1235 1289 1394 1337 vocat
1423 1294 1643 1334 servum
1674 1293 1835 1333 suum
1868 1274 2232 1332 Nabuchodo-

621 1395 810 1444 nosnr,
843 1393 949 1432 non
973 1378 1055 1432 sic
1083 1389 1284 1431 servus
1313 1382 1542 1428 vocatur
1571 1381 1631 1427 ut
1655 1371 1941 1441 Propheta:
1960 1378 2014 1424 et
2042 1381 2234 1422 omnes

618 1472 821 1539 sancti,
852 1471 946 1541 qui
977 1483 1106 1526 vere
1139 1469 1390 1524 serviunt
1423 1465 1692 1528 Domino;
1725 1463 1822 1519 sed
1852 1477 1962 1533 quo
1995 1462 2048 1516 in
2079 1475 2235 1515 ever-

618 1566 776 1621 sione
805 1563 1134 1629 Jerusalem,
1184 1559 1399 1616 Domini
1431 1559 1638 1613 serviat
1686 1556 1986 1612 voluntati:
2031 1569 2231 1610 secun-

619 1661 750 1717 dum
777 1658 923 1730 quod
956 1655 1329 1726 ctApostolus
1363 1655 1636 1724 loquitur:
1673 1652 1816 1720 Quos
1845 1650 2039 1704 tradidi
2073 1649 2231 1704 Sata-

1885 239 1946 297 s.
1992 237 2264 298 eussun
2299 220 2678 296 ntsnosrui

625 369 824 420 mittam
865 369 912 417 et
952 372 1211 414 assumant
1251 350 1516 409 universas
1558 349 1888 425 cognationes
1933 350 2222 424 Aquilonis,
2253 355 2308 416 Α
2331 352 2453 406 anni
2495 350 2856 423 septuaginta,
2889 347 3106 404 visitabo
3134 362 3292 418 super
3321 362 3490 418 regem
3532 347 3828 420 Babylonis,
3851 366 3878 406 α

3810 219 3877 294 ui

2335 462 2492 516 super
2520 454 2726 517 gentem
2750 443 2918 508 illaut,
2951 443 3077 498 dicit
3112 442 3388 510 Dominus,
3417 443 3719 512 iniquitates
3735 460 3875 508 eorum,

2337 546 2382 592 et
2412 554 2568 608 super
2595 548 2788 591 terram
2817 535 3205 602 Chaldaeorum,
3239 545 3286 588 et
3318 552 3510 605 ponam
3543 534 3697 588 illaut
3723 537 3770 590 in
3794 541 3878 591 soli-

2337 629 2544 684 tudines
2571 631 2936 700 sentpiternas.
2981 627 3046 682 Et
3076 628 3336 683 adducam
3375 645 3536 699 super
3570 638 3759 685 terram
3785 633 3881 687 illam

2338 725 2512 777 omnia
2562 723 2712 776 verba
2757 740 2870 776 mea
2922 739 3038 793 quo:
3093 722 3300 776 locutus
3349 739 3468 776 sunt
3518 733 3710 778 contra
3759 741 3883 779 ests:

2339 832 2487 870 omne
2513 815 2652 885 quod
2671 817 2924 887 scriptum
2949 825 3021 871 est
3044 817 3097 869 in
3135 814 3266 869 libro
3287 816 3387 870 isto
3403 859 3418 883 ,
3446 831 3778 886 quacumque
3800 835 3882 890 prs.

2335 908 2561 979 phetavit
2591 909 2844 964 Jeromias
2867 911 3138 965 adversum
3161 927 3336 964 omnes
3365 920 3569 983 gentes.
3601 914 3754 967 Sicut
3776 913 3887 968 leru-
3940 913 3941 928 ‘

2337 1001 2511 1058 salem
2556 1013 2678 1073 post
2721 1004 3064 1074 septuaginta
3103 1019 3278 1060 anttos
3317 1004 3516 1074 recipit
3547 1002 3670 1076 [AL
3701 1005 3885 1078 recepit)

2339 1096 2603 1166 pristinos
2648 1096 3026 1160 habitatores,
3070 1107 3126 1152 et
3163 1095 3401 1166 expletis
3441 1098 3766 1168 suppliciis,
3799 1101 3885 1168 quis

2337 1188 2581 1244 obedivit
2597 1191 2886 1244 sententia:
2914 1190 3026 1255 Dei,
3054 1191 3316 1246 felicitate
3339 1193 3580 1262 pristina
3606 1192 3885 1262 perfruitur;

2338 1280 2419 1336 sic
2461 1297 2557 1337 rex
2610 1280 2907 1353 Babylonis
2936 1283 3028 1352 qui
3070 1283 3250 1338 elatus
3284 1282 3454 1338 estin
3497 1287 3891 1354 superbiam,et

2338 1391 2558 1431 suarum
2592 1375 2888 1430 arbitratus
2912 1386 2995 1429 est
3025 1375 3246 1435 virium.
3273 1375 3419 1445 quod
3451 1377 3705 1446 regnavit
3725 1377 3772 1430 in
3792 1392 3889 1446 gan-

2340 1467 2507 1534 tibus,
2533 1477 2587 1522 et
2613 1484 2721 1522 non
2749 1467 2965 1523 Domini
2989 1469 3306 1533 voluntatis,
3330 1469 3504 1524 Medis
3531 1470 3808 1540 Persisque
3826 1485 3891 1524 re.

2341 1562 2615 1617 nientibus
2661 1561 3004 1618 destruetur.
3054 1563 3301 1633 Denique
3344 1577 3525 1634 usque
3578 1563 3739 1618 hodie
3777 1563 3890 1618 urbis

2339 1654 2637 1726 Babylonis
2667 1656 2910 1725 reliqulm
2944 1665 3152 1711 tantum
3187 1668 3432 1713 manent.
3472 1658 3542 1712 Et
3579 1660 3752 1728 posuit
3780 1659 3890 1712 illam
3940 1654 3941 1748 ξ

622 1769 724 1815 ma,
757 1761 812 1806 ut
842 1752 1047 1806 discant
1093 1767 1196 1804 non
1244 1747 1606 1817 blasphemare
1645 1745 1696 1817 (Ι
1738 1744 1878 1802 Tim.
1921 1758 1960 1810 I,
2009 1741 2141 1812 20).
2173 1740 2234 1796 In
2266 1732 2313 1793 Β
2343 1749 2601 1802 Dominus
2638 1748 2690 1803 itt
2727 1748 3080 1804 solitudinem
3120 1750 3549 1820 sempiternam,
3592 1759 3650 1805 et
3691 1751 3889 1819 implerit

617 1843 929 1915 Aquilonis
952 1851 1132 1897 autem
1165 1847 1321 1912 parte
1352 1853 1475 1894 esse
1511 1837 1822 1902 Chaldaeos,
1871 1834 2024 1905 juxta
2056 1833 2220 1888 situm

616 1936 927 1992 Jerusalem
961 1933 1098 1989 nulli
1129 1933 1352 1988 dubium
1384 1940 1488 1986 est.

691 2032 879 2102 (Vers.
908 2031 991 2101 9.)
1033 2029 1100 2083 Et
1131 2029 1391 2083 adducam
1415 2041 1502 2081 eos
1549 2041 1704 2096 super
1750 2035 1936 2078 terram
1966 2021 2144 2086 istam,
2179 2028 2226 2074 et

613 2143 768 2196 super
798 2124 1113 2179 habitatores
1143 2123 1278 2192 ejus,
1326 2130 1373 2175 et
1402 2135 1556 2188 super
1609 2119 1846 2174 nationes
1896 2129 2068 2169 omnes
2115 2127 2227 2182 quia

613 2221 668 2272 in
701 2219 919 2271 circuitu
947 2214 1092 2270 illius
1123 2222 1261 2278 sunt;
1293 2222 1342 2267 et
1372 2211 1685 2280 interﬁciant
1713 2225 1821 2275 eos,
1851 2217 1899 2261 et
1932 2222 2124 2278 ponam
2140 2220 2228 2259 eos

611 2312 667 2366 in
699 2320 980 2380 stuporem,
997 2316 1046 2360 et
1062 2309 1113 2364 in
1133 2306 1362 2372 sibilum,
1391 2313 1440 2360 et
1466 2306 1519 2358 in
1539 2303 1844 2358 solitudines
1863 2300 2224 2369 sempiternas.

614 2407 720 2462 Ista
741 2413 868 2460 sunt
901 2403 1122 2473 pmmia
1155 2409 1619 2470 contemptorum,
1652 2405 1710 2453 et
1740 2394 2014 2452 Dciverba
2035 2391 2229 2447 audire

614 2499 937 2556 nolentium.
957 2494 1225 2566 Quidquid
1251 2494 1414 2564 igitur
1443 2491 1571 2545 mali
1594 2504 1760 2559 super
1789 2501 1890 2541 nos
1919 2484 2226 2548 adducitur,

614 2603 804 2648 nostra
828 2598 1056 2663 peccata
1109 2590 1375 2644 fecerunt.
1427 2585 1740 2653 Omnesque
1767 2589 1964 2652 gentes
1992 2587 2054 2632 ut
2102 2587 2230 2632 tunc

613 2686 865 2742 adducta:
900 2695 1029 2738 sunt
1057 2691 1250 2737 contra
1282 2679 1589 2736 Jerusalem
1615 2677 1730 2730 :sic
1760 2673 1922 2728 hodie
1943 2671 2228 2727 adducun-

614 2786 702 2833 tur
730 2785 925 2831 contra
957 2773 1261 2830 Ecclesiam
1291 2770 1682 2842 negligentem,
1705 2777 1767 2822 ut
1796 2765 2084 2821 interliciat
2105 2781 2224 2833 eos,

612 2880 668 2926 et
694 2877 862 2940 ponat
891 2869 945 2922 in
978 2875 1282 2936 stuporem,
1317 2874 1370 2921 et
1403 2864 1454 2917 in
1477 2863 1724 2928 sibilum,
1754 2862 1885 2915 etin
1905 2856 2229 2914 solitudines

613 2961 1004 3031 sempiternas,
1039 2968 1098 3015 ut
1127 2959 1180 3015 in
1215 2958 1468 3029 exemplo
1490 2959 1602 3010 sint
1629 2953 1874 3010 omnium
1908 2962 2069 3022 atque
2121 2950 2227 3004 mi-

2328 1846 2515 1898 omnia
2544 1845 2740 1909 verba,
2771 1861 2894 1913 quae
2927 1845 2980 1899 itt
3026 1845 3184 1900 istius
3225 1846 3397 1915 ipsius
3443 1847 3735 1918 l‘rOphetat
3773 1849 3889 1903 volu-
3940 1837 3941 1858 ¹

2330 1937 2478 1994 mine
2507 1937 2880 1993 continentur.
2909 1937 3042 1994 Nam
3065 1939 3120 1992 ln
3138 1939 3630 2010 consequentibus,
3655 1956 3768 2010 qua:
3788 1941 3888 1994 mals

2333 2049 2561 2104 passura
2594 2035 2666 2089 sit
2695 2034 2964 2106 Babylon,
2994 2034 3254 2090 Ieremia:
3284 2050 3474 2090 sermo
3498 2035 3779 2092 describit.

2405 2127 2604 2200 (Vers.
2636 2129 2724 2183 14.
2750 2129 2768 2199 )
2801 2127 2939 2195 Quia
2979 2129 3263 2182 seruierunt
3295 2128 3369 2182 eis
3409 2145 3533 2182 cum
3567 2138 3730 2184 essent
3755 2139 3888 2195 gentes

2332 2223 2529 2287 multa,
2555 2232 2602 2275 et
2633 2236 2784 2293 reges
2815 2221 3021 2292 magni;
3044 2230 3093 2278 et
3121 2220 3335 2276 reddam
3363 2222 3436 2276 eis
3468 2201 3748 2276 secundum
3772 2236 3885 2293 opera

2332 2331 2510 2368 eorum
2531 2355 2546 2380 ,
2590 2323 2640 2368 et
2669 2314 2959 2367 secundum
2991 2313 3134 2384 facta
3167 2329 3420 2367 manuum
3462 2331 3701 2368 suarum.
3732 2315 3825 2368 l-loe
3849 2315 3885 2366 in

2333 2407 2687 2478 Septuaginta
2739 2424 2844 2462 non
2901 2407 3156 2462 habetur.
3212 2407 3505 2477 Signiﬁcat
3555 2421 3729 2466 autem
3775 2408 3884 2479 quod

2335 2516 2439 2554 non
2483 2500 2659 2555 solum
2701 2509 2896 2554 contra
2941 2498 3274 2570 Babylonem
3321 2501 3738 2571 prophetaverit
3769 2501 3884 2555 lere-

2334 2597 2492 2662 mins,
2524 2594 2618 2650 sed
2651 2603 2842 2649 contra
2871 2606 3101 2649 caeteras
3128 2602 3321 2665 gentes
3344 2637 3358 2662 ,
3387 2611 3519 2666 qum
3553 2598 3608 2651 in
3638 2595 3883 2667 Babylonio

2335 2690 2555 2744 fuerant
2586 2691 2860 2754 exercitu,
2911 2697 2969 2744 et
2997 2696 3186 2744 contra
3233 2690 3450 2745 Domini
3486 2692 3736 2762 pupulum
3763 2688 3883 2745 dimi-

2332 2793 2547 2839 carunt.
2573 2784 2814 2854 Denique
2840 2784 2891 2838 in
2918 2784 3272 2853 sequentibus
3296 2784 3503 2840 dicitur
3526 2799 3708 2842 contra
3730 2785 3880 2855 tEgyp-

2335 2888 2480 2943 lum,
2512 2888 2570 2933 et
2595 2876 2932 2932 Philisthiim
2955 2921 2968 2946 ,
3003 2888 3055 2933 et
3096 2877 3254 2933 Moab
3278 2921 3292 2944 ,
3334 2889 3389 2935 et
3417 2879 3694 2942 Ammon,
3726 2890 3767 2934 et
3792 2878 3881 2932 ldu-

2331 2987 2550 3037 mtcain,
2583 2979 2640 3026 et
2669 2971 3019 3039 Damascum,
3053 2981 3108 3027 et
3136 2971 3338 3039 Cedar,
3381 2983 3437 3029 et
3471 2991 3641 3046 regna
3673 2975 3808 3038 Aser,
3842 2979 3879 3026 et
3940 2981 3941 3016 ι

613 3057 826 3114 raculo.
859 3055 1064 3113 Sibilus
1095 3066 1278 3110 autem
1312 3051 1560 3108 miraculi
1591 3059 1648 3106 et
1673 3049 1914 3120 stuporis
1964 3044 2225 3099 indicium
2259 3128 2296 3139 _
2335 3066 2515 3130 Elam,
2561 3073 2615 3120 ει
2641 3064 2708 3119 ad
2744 3075 3048 3121 cnnamum
3089 3077 3279 3121 comm
3327 3044 3666 3139 Babylohem
3700 3079 3879 3124 ,cmm.

611 3159 722 3215 cst;
749 3159 804 3205 et
832 3147 1076 3205 solitudo
1097 3147 1434 3216 sempiterna
1468 3145 1520 3199 in
1548 3144 1633 3200 his
1656 3137 2220 3214 deprehenditur,qui
2251 3128 2297 3192 C
2327 3177 2432 3233 que
2460 3128 2795 3215 mammam.

617 3242 908 3314 praesidem
933 3256 1039 3296 non
1068 3240 1275 3296 habent
1304 3239 1496 3294 Deum.

679 3335 862 3409 (Vers.
897 3333 1014 3404 10.)
1054 3333 1380 3403 Pet-dantque
1407 3347 1472 3386 ex
1500 3331 1573 3384 eis
1605 3345 1771 3385 vocem
1813 3329 2013 3400 gaudii,
2050 3336 2096 3381 et
2125 3343 2214 3380 tvo-

607 3445 717 3486 cem
767 3428 1006 3496 laetitiae;
1042 3443 1217 3482 vocem
1250 3426 1450 3496 sponsi,
1475 3433 1522 3478 et
1551 3439 1724 3478 vocem
1744 3437 1987 3492 sponsae;
2043 3435 2213 3475 vocem

607 3524 780 3592 molaz,
828 3535 874 3578 et
929 3526 1100 3578 lumen
1137 3522 1382 3576 lucerna.
1432 3519 1497 3573 Et
1537 3519 1632 3573 erit
1680 3519 1917 3572 unirersa
1939 3527 2078 3572 terra
2101 3519 2214 3588 ejus

607 3616 791 3686 [thlg.
821 3615 951 3688 lure]
971 3617 1020 3668 in
1048 3615 1380 3670 solitudinem
1402 3622 1447 3667 et
1468 3613 1520 3665 in
1539 3621 1820 3682 stuporem.
1857 3611 1968 3664 lloc
1999 3609 2050 3664 itt
2083 3623 2216 3663 con-

605 3707 862 3763 ciliabulo
908 3707 1318 3778 malignantlum
1365 3717 1422 3760 et
1470 3704 1631 3759 hodie
1681 3703 2105 3774 comprobatur;
2155 3708 2215 3754 ut

603 3801 848 3873 magistri
880 3815 1073 3856 eorum
1101 3815 1210 3853 non
1243 3798 1479 3852 doceant
1506 3796 1732 3852 verbum
1759 3796 1873 3860 Dei,
1908 3793 2004 3849 sed
2039 3793 2214 3848 instar

602 3896 811 3952 colubri
840 3894 1089 3950 sibilent.
1117 3893 1375 3963 Peritque
1415 3892 1469 3944 in
1494 3889 1574 3946 eis
1608 3906 1708 3944 vox
1740 3888 1944 3960 gaudii,
2000 3901 2212 3957 voxque

601 3990 828 4059 laztitiaa,
861 3997 918 4044 ut
949 4003 1242 4060 numquam
1275 3986 1502 4041 audiant
1524 3983 1658 4040 illud
1688 3982 1934 4053 Apostoli
1961 4000 1976 4038 :
2005 3981 2206 4036 Gaude-

600 4095 670 4156 te,
694 4087 878 4140 ilerum
925 4083 1040 4137 dico
1064 4078 1570 4155 gaulete(Plsilipp.
1621 4093 1693 4145 tv,
1725 4075 1804 4147 4).
1847 4076 1960 4130 Vox
1993 4089 2211 4147 quoque

597 4191 838 4247 Sponsaz,
875 4173 1279 4230 Ecclesiastiete
1321 4170 1478 4236 fidei;
1507 4181 1564 4225 et
1597 4185 1700 4224 vox
1749 4169 1959 4238 sponsi,
1992 4167 2210 4222 Domini

599 4268 906 4326 Salvatoris
974 4284 989 4320 :
1042 4267 1144 4334 Qui
1215 4266 1353 4320 enim
1406 4264 1558 4319 habet
1636 4278 1919 4335 sponsam,
1987 4277 2210 4332 sponsus

596 4372 672 4418 est
703 4359 886 4433 (Joan.
927 4375 1007 4427 tu,
1035 4360 1155 4431 29).
1191 4359 1404 4432 1016
1431 4358 1552 4413 Vox
1584 4357 1766 4424 molae,
1793 4365 1852 4410 ut
1881 4370 1990 4412 non
2021 4363 2212 4411 conte-

594 4463 787 4510 rantur
810 4455 862 4510 in
895 4468 957 4509 ea
989 4452 1295 4518 frumenta,
1321 4462 1377 4507 et
1407 4451 1628 4524 populis
1655 4449 1936 4506 vescenda
1964 4445 2210 4505 tribuan-

2395 3253 2604 3324 (Vers.
2645 3252 2709 3307 l5
2756 3253 2956 3325 seqq.)
3015 3253 3152 3320 Quia
3211 3257 3286 3309 sic
3334 3256 3412 3310 ait
3481 3255 3725 3312 Dominus
3777 3255 3876 3309 Dm

2320 3343 2493 3400 Israel
2539 3345 2608 3400 ad
2655 3362 2735 3400 me
2780 3344 2961 3418 [Vulgu
3010 3347 3162 3401 addit
3211 3349 3559 3418 exercituum,
3602 3359 3654 3405 et
3699 3349 3800 3404 silet
3827 3347 3875 3398 ad

2321 3437 2422 3508 me]
2475 3451 2664 3490 :sume
2713 3437 2926 3490 calicem
2974 3438 3080 3492 vini
3126 3439 3324 3509 furoris
3379 3440 3527 3513 (sive
3580 3439 3722 3510 meri)
3759 3440 3873 3508 hujus

2319 3529 2384 3582 de
2431 3545 2587 3584 manu
2626 3546 2740 3584 mea
2767 3571 2781 3596 ,
2821 3539 2869 3585 et
2917 3530 3214 3600 propinabis
3266 3531 3331 3586 de
3380 3532 3475 3587 illo
3523 3535 3714 3588 caudis
3751 3531 3872 3604 genti-

2320 3622 2431 3689 bus,
2485 3623 2554 3676 ad
2600 3639 2727 3694 quas
2765 3640 2858 3696 ego
2893 3625 3093 3678 mittam
3143 3633 3208 3690 te,
3267 3634 3314 3680 et
3360 3627 3557 3692 bibent,
3609 3637 3655 3682 et
3697 3627 3872 3681 inebria-

2319 3717 2509 3770 buntur
2553 3714 2755 3788 [Vulg.
2803 3715 3188 3789 turbabuntur]
3237 3717 3374 3789 (sive
3417 3719 3677 3793 comem);
3703 3728 3744 3774 et
3769 3720 3872 3771 ima-

2318 3807 2458 3861 nient
2496 3826 2527 3860 a
2566 3809 2698 3879 facie
2743 3809 2936 3877 gladii,
2981 3825 3128 3878 quem
3165 3827 3257 3881 ego
3301 3811 3509 3866 mittam
3549 3814 3682 3868 inter
3700 3828 3788 3867 eos.
3821 3807 3869 3860 Et

2315 3899 2489 3970 accepi
2502 3900 2710 3952 calicem
2726 3898 2788 3952 de
2805 3915 2958 3952 manu
2983 3899 3213 3964 Domini,
3231 3911 3276 3956 et
3295 3904 3574 3972 propinavi
3594 3905 3870 3972 cuncting-

2316 3992 2450 4046 tibus
2479 3993 2547 4045 ad
2571 4009 2696 4060 quas
2724 3992 2859 4046 misit
2879 4009 2959 4046 me
2988 3991 3260 4050 Dominus.
3291 3994 3613 4065 Propinatio
3634 3995 3807 4055 calicis,
3828 4005 3868 4047 et

2321 4086 2530 4157 1017
2560 4085 2747 4140 calicis
2778 4087 2930 4152 meri,
2964 4087 3078 4141 sive
3111 4102 3216 4142 non
3249 4090 3406 4144 mixti
3438 4088 3551 4160 [AL
3585 4085 3864 4157 commixti],

2314 4194 2436 4250 quae
2471 4177 2664 4233 Graece
2701 4177 2903 4234 dicitur
2943 4181 3192 4257 ἀκράτου,
3242 4182 3509 4238 Dominici
3543 4184 3734 4239 furoris
3761 4179 3868 4236 indi-

2315 4273 2454 4326 cium
2489 4281 2592 4338 est,
2625 4272 2652 4302 "
2683 4280 2744 4326 ut
2771 4286 2961 4328 omnes
2988 4282 3203 4342 gentes,
3237 4289 3360 4345 qua:
3392 4287 3582 4332 contra
3617 4277 3704 4332 Dei
3733 4288 3867 4346 popu-

2313 4366 2422 4421 lum
2455 4366 2780 4432 militarunt,
2813 4366 2997 4422 bibant
3029 4367 3099 4424 de
3129 4368 3301 4425 calice
3333 4369 3540 4426 furoris
3573 4369 3789 4435 Domini,
3816 4367 3867 4420 de

2313 4475 2421 4530 quo
2452 4460 2642 4514 scribit
2669 4454 2837 4515 Isaias
2859 4469 3050 4514 contra
3082 4461 3388 4518 Jerusalem
3425 4481 3438 4516 :
3473 4464 3733 4536 Scyphum
3753 4463 3866 4535 furo-

595 4557 686 4605 tur
715 4565 728 4602 :
761 4560 819 4605 et
850 4549 1040 4604 lumen
1069 4547 1334 4613 lucerna»,
1358 4547 1614 4602 doctrina
1643 4544 1904 4600 videlicet
1934 4553 1990 4600 et
2020 4544 2199 4600 scien-
2225 4528 2280 4588 Ῑ)
2305 4528 2396 4617 ris,
2433 4550 2648 4605 calicem
2681 4552 2846 4605 ruina:
2873 4551 3074 4607 ebibisti
3101 4561 3147 4607 et
3179 4557 3452 4623 eraeuasli,
3489 4528 3865 4627 proptcrca'cou-

594 4644 668 4700 tia
705 4643 824 4716 [ΑΙ.
857 4642 1163 4699 doctrinam
1196 4650 1243 4698 et
1273 4640 1602 4714 scientiam]
1635 4640 2060 4712 Prophetarum.
2095 4639 2200 4693 De-

591 4737 759 4808 nique
779 4746 834 4792 et
857 4736 926 4792 de
950 4735 1163 4791 Joanne
1187 4734 1429 4803 Baptista
1452 4734 1693 4788 dicitur:
1723 4729 1828 4787 Ille
1849 4741 1964 4786 erat
1989 4732 2203 4785 lucerna

590 4831 768 4885 lucens
795 4829 979 4902 (Joau.
1015 4845 1068 4897 v,
1112 4829 1229 4900 35).
1279 4827 1529 4890 Et,alius
1563 4825 1836 4897 Propheta
1874 4844 1886 4880 :
1919 4825 2158 4880 Lucerna
2179 4868 2194 4892 ,

590 4922 789 4992 inquit,
821 4923 1034 4992 pedibus
1067 4924 1194 4977 meis
1221 4921 1432 4976 verbum
1461 4930 1629 4987 tuum,
1666 4919 1907 4987 Domine,
1939 4929 1985 4973 et
2013 4919 2104 4974 lux
2127 4937 2203 4974 se-

589 5017 728 5070 ntitis
753 5018 876 5070 meis
896 5015 1076 5088 (Psal.
1109 5031 1296 5082 cum,
1323 5016 1471 5086 105).
1498 5013 1784 5079 Universa,
1811 5013 2008 5086 inquit,
2043 5023 2191 5068 terra

587 5110 976 5166 haereticorum
1019 5111 1131 5166 erit
1167 5110 1222 5164 in
1267 5109 1655 5174 solitudinem,
1701 5117 1758 5164 et
1796 5110 1849 5164 in
1881 5117 2192 5179 stuporem,

583 5219 709 5260 cum
772 5203 1134 5259 novissimum
1193 5203 1313 5274 ejus
1373 5203 1641 5274 insipiens
1707 5202 1869 5257 fuerit
1931 5201 2191 5256 demons-

585 5307 808 5354 tratum.

2302 4663 2454 4718 surge
2477 4643 2612 4718 (lsa.
2647 4661 2716 4711 ιι,
2752 4644 2863 4716 l7).
2889 4644 2996 4702 ISIe
3025 4657 3207 4703 autem
3236 4648 3379 4704 calix
3407 4648 3616 4706 idcirco
3645 4649 3822 4704 bibitur
3842 4659 3864 4696 a

2300 4740 2513 4795 cunctis
2542 4740 2818 4808 gentibus,
2849 4746 2913 4794 ut
2941 4751 3164 4796 vomant
3194 4749 3248 4796 et
3277 4742 3574 4798 insaniant.
3603 4741 3749 4812 Quod
3772 4737 3864 4810 qui-

2301 4831 2424 4886 dam
2458 4845 2662 4902 pravus
2701 4831 2974 4902 interpres
3010 4833 3065 4888 in
3100 4833 3291 4888 bonam
3327 4844 3536 4904 partem
3570 4834 3757 4905 accipit
3784 4848 3794 4884 :
3821 4837 3861 4883 ut

2302 4924 2474 4979 instar
2517 4924 2833 4980 catharticzc
2876 4925 3114 4994 potionis
3151 4926 3414 4997 quidquid
3457 4928 3697 4984 cholera:
3725 4936 3768 4979 ct
3798 4922 3862 4993 pi-

2303 5019 2455 5073 tuita:
2498 5027 2552 5073 et
2595 5018 2747 5074 noxii
2792 5018 3036 5075 humoris
3071 5020 3126 5075 in
3158 5032 3379 5092 pectore
3408 5033 3515 5088 est,
3551 5022 3694 5078 foras
3744 5017 3860 5075 exire

2297 5113 2633 5184 compellat,
2696 5121 2750 5168 et
2797 5113 3054 5169 restituat
3103 5115 3386 5185 pristinam
3442 5119 3740 5172 sanitatem.
3780 5113 3859 5168 Pro

2292 5205 2531 5262 Ieremia
2586 5220 2804 5276 quoque
2855 5205 3200 5262 Salvatorem
3246 5206 3273 5246 ι)
3318 5209 3543 5281 accipit,
3593 5208 3728 5280 quod
3768 5207 3858 5275 ipse
3940 5233 3941 5264 ξ

2291 5297 2508 5353 cunctis
2549 5297 2805 5369 gentibus
2851 5297 3158 5368 propinarit
3201 5297 3268 5354 ad
3309 5317 3443 5372 quas
3485 5309 3542 5357 et
3572 5304 3760 5357 missus
3784 5296 3856 5359 sit,

652 5390 842 5462 (Vcrs.
877 5390 936 5446 il
970 5388 1152 5462 seqq.)
1184 5387 1251 5444 Et
1279 5391 1499 5444 servient
1530 5405 1704 5444 omnes
1734 5398 1914 5463 gentes
1942 5389 2054 5444 ista:
2080 5389 2187 5461 regi
2282 5401 2348 5446 ut
2396 5391 2608 5462 abiecta
2665 5391 2982 5446 idololatria
3009 5433 3023 5457 ,
3081 5392 3178 5447 Dei
3229 5406 3288 5448 se
3340 5393 3506 5449 cultui
3559 5392 3852 5449 dedicarem.

585 5481 870 5556 Babylonis
909 5484 1248 5573 septuaginta
1287 5485 1462 5538 annis.
1495 5482 1726 5558 Cumque
1756 5483 1960 5562 impleti
1992 5485 2186 5556 fuerint
2261 5483 2307 5552 Q
2335 5484 2444 5542 uod
2476 5485 2818 5542 contrarium
2858 5498 2984 5542 esse
3026 5484 3325 5556 Scriptura:
3367 5499 3591 5554 satione,
3624 5493 3855 5542 monstra-

653 5698 678 5724 ει
701 5687 982 5742 Inlcrscrit
1011 5687 1291 5746 Rabanus.
1325 5687 1390 5742 de
1418 5699 1519 5756 quo
1563 5687 1619 5740 in
1663 5686 1862 5753 psalmo
1903 5683 2150 5756 scriptum

583 5766 675 5824 rat,
707 5756 858 5810 Galil:
889 5761 938 5810 in
972 5776 1126 5814 manu
1161 5758 1393 5822 Domini,
1414 5758 1520 5812 vini
1555 5758 1682 5813 meri
1715 5756 1897 5827 plenus
1927 5757 2107 5812 mixto.

2333 5681 2361 5724 ι)
2384 5685 2584 5743 Confer
2615 5683 2869 5758 Origenis
2897 5687 3190 5745 ilomiliam
3225 5690 3277 5748 in
3309 5689 3452 5748 hunc
3484 5691 3678 5747 laeum.
