3972 6334
571 245 678 300 839

1852 227 1913 286 S.
1954 223 2230 287 EUSEDII
2272 219 2650 284 lllERONYMl

3800 210 3899 275 διο

574 362 889 434 vigesimum
921 352 1241 417 secundam,
1265 354 1324 408 et
1346 355 1652 407 extremam
1671 345 1911 403 litteram
1942 360 2087 401 rrum
2108 356 2172 412 Π,

2284 369 2488 436 comite,
2511 376 2558 422 et
2585 366 2777 433 cadite,
2805 372 2854 421 et
2865 365 3029 421 nolite
3053 362 3449 437 consurgere.Si
3464 361 3684 419 bibere
3713 368 3775 418 et
3795 360 3897 418 inc-

576 454 975 527 cuipenultima
997 458 1087 507 est
1114 458 1281 510 stum.
1300 447 1553 519 Legimus
1578 446 1761 515 itaque
1775 459 1970 509 Αιειιιι,
2001 456 2167 507 ιιιλιι,

575 563 737 615 seru,
770 561 851 601 sus
870 554 924 605 tt:
941 556 983 605 ι
1008 555 1050 603 τι
1076 554 1136 602 tt.
1167 541 1418 612 Cumque
1444 539 1764 597 venerimus
1792 537 1859 591 ad
1892 535 2130 592 medium
2156 577 2169 600 ,

574 624 1026 709 Lauenbdittera:
1037 637 1282 694 occurrit
1298 646 1518 694 CBAPID
1536 650 1550 687 :
1565 641 1620 688 et
1634 642 1713 698 ut,
1736 630 1781 686 si
1796 628 2013 704 [ALsic]
2027 636 2174 684 recte

574 738 842 809 legamus,
870 734 1104 806 legimus
1116 747 1287 788 BAIEL
1300 713 1455 801 (‘71:)
1478 728 1584 783 :ita
1598 725 1796 782 ordine
1810 730 2175 790 commutato,

574 834 810 906 legimus
839 844 1039 887 SESACE
1072 826 1298 911 (ww).
1332 822 1569 880 Vocales
1595 830 1777 876 autem
1807 816 2007 873 litterae
2035 823 2061 853 ⁸
2092 815 2174 870 in-

577 940 659 989 ter
686 944 830 986 smn
859 936 914 984 et
944 940 1123 992 seru,
1160 932 1214 979 et
1249 937 1427 978 ιΑιιευ
1460 918 1512 984 ιι,
1542 919 1698 990 juxta
1741 915 1939 973 idioma
1972 913 2175 983 linguae

576 1021 823 1079 llcbra'a:
859 1020 914 1076 iu
944 1017 1049 1073 hoc
1078 1014 1301 1072 nomine
1332 1027 1439 1068 non
1482 1018 1779 1083 ponuntur.
1811 1006 2175 1074 Arbitrorque

574 1132 606 1174 a
650 1128 842 1174 sancto
886 1112 1159 1185 PrOpbeta
1205 1108 1509 1183 prudenter
1560 1106 1731 1162 fuisse
1779 1102 2017 1160 celatum
2043 1142 2059 1169 ,
2104 1112 2175 1155 ne

575 1218 766 1283 aperte
792 1221 984 1264 eorum
1016 1213 1206 1261 contra
1240 1216 1303 1258 se
1336 1200 1602 1256 insaniam
1631 1203 2041 1259 commoveret,
2083 1190 2172 1262 qui

575 1301 901 1360 obsidebant
924 1297 1229 1355 Jerusalem
1253 1337 1267 1361 ,
1303 1304 1357 1350 et
1384 1292 1494 1364 jam
1533 1290 1760 1361 jamque
1788 1287 1906 1358 ejus
1948 1282 2174 1357 petituri

575 1405 738 1454 erant
765 1393 997 1468 1020.
1041 1390 1198 1459 Quod
1230 1398 1286 1445 et
1317 1384 1639 1458 Apostolum
1665 1390 1855 1439 contra
1884 1378 2171 1450 imperium

577 1489 884 1546 Romanum
935 1486 1133 1541 fecisse
1188 1480 1462 1552 legimus,
1509 1477 1842 1535 scribentem
1892 1473 1961 1529 de
2012 1470 2169 1527 Anti-

575 1582 784 1641 cltristo
816 1598 831 1635 :
863 1579 988 1635 Non
1032 1576 1336 1632 meministis
1379 1572 1517 1645 quod
1547 1586 1666 1626 cum
1706 1568 1850 1639 apud
1892 1583 1977 1622 vos
2013 1580 2171 1621 essent

575 1675 768 1743 adhuc,
791 1674 904 1730 htec
930 1670 1165 1727 dicebam
1192 1668 1373 1725 vobis?
1400 1665 1469 1720 Et
1495 1681 1634 1719 nunc
1662 1663 1789 1735 quid
1814 1660 2042 1715 detineat
2068 1657 2172 1713 sci-

2281 460 2450 517 briari
2473 502 2489 528 ,
2517 475 2773 527 vomere,
2806 470 2860 516 et
2885 459 3081 517 cadere
3102 459 3296 515 salutis
3346 457 3626 513 iudicium
3687 465 3782 510 est
3804 497 3820 521 ,
3848 464 3895 510 ut

2279 555 2452 610 instar
2479 553 2798 610 catharticte
2830 553 3253 625 potionisjnoxia
3291 566 3519 623 quaeque
3566 548 3893 620 pellantur:

2277 648 2551 720 quomodo
2577 648 2825 719 sequitur
2841 690 2857 715 ,
2891 658 2940 703 et
2962 648 3125 703 nolite
3147 647 3495 720 consurgere?
3520 645 3681 714 Quae
3714 644 3791 700 sit
3815 659 3894 699 au-

2277 748 2387 797 tem
2418 740 2587 812 potio,
2620 756 2742 812 quae
2779 754 2874 797 eos
2894 740 3090 797 cadere
3118 738 3283 795 faciat
3311 739 3365 793 in
3395 746 3690 794 aeternum
3710 776 3728 801 ,
3758 735 3895 806 potiit

2277 833 2621 890 manifestius
2647 876 2663 902 ,
2702 833 2755 890 id
2787 843 2892 903 est,
2925 835 3135 907 1021
3171 849 3204 887 α
3240 832 3374 901 facie
3399 830 3580 902 gladii
3619 845 3787 900 quem
3813 845 3893 901 ego

2279 932 2480 984 mittam
2508 930 2647 984 inter
2666 945 2775 984 vos.

2350 1021 2537 1093 (Vers.
2566 1020 2686 1093 28.)
2720 1020 2951 1093 Cumque
2984 1021 3242 1076 noluerint
3289 1019 3525 1091 occipere
3563 1016 3804 1071 calicem
3842 1019 3892 1070 de

2279 1090 2434 1170 manu
2458 1124 2549 1171 tua
2573 1123 2631 1169 ut
2660 1090 3026 1183 bibant,'dices
3050 1115 3120 1170 ad
3150 1131 3235 1171 eos
3259 1129 3279 1169 :
3308 1090 3436 1168 Haec
3458 1113 3597 1167 dicit
3635 1108 3894 1165 Dominus
3948 1090 3949 1095 ‘

2275 1209 2591 1265 exercituum
2617 1226 2631 1263 :
2653 1208 2892 1264 Bibentes
2931 1210 3113 1265 bibetis
3136 1225 3155 1263 :
3174 1210 3299 1279 quia
3326 1222 3441 1262 ecce
3478 1207 3533 1261 in
3561 1205 3822 1269 civitate,
3850 1205 3891 1255 iu
3948 1192 3949 1213 ‘

2274 1319 2376 1375 qua
2403 1304 2694 1359 invocatum
2719 1311 2792 1357 est
2819 1318 3007 1357 nomen
3031 1319 3222 1369 meum,
3247 1318 3341 1374 ego
3367 1300 3573 1370 incipio
3597 1296 3803 1371 [Vulg
3829 1297 3898 1349 ir.-

2276 1395 2488 1470 cipiam]
2509 1396 2753 1469 afﬂigere,
2777 1404 2823 1450 et
2846 1412 2934 1451 eos
2954 1396 3106 1467 quasi
3135 1396 3432 1450 innocentes
3454 1392 3737 1446 immunes
3766 1390 3894 1445 eritis

2279 1490 2420 1563 (sive
2445 1500 2494 1545 et
2520 1506 2607 1545 vos
2635 1490 2895 1545 munditia
2931 1490 3113 1543 mundi
3133 1487 3347 1559 eritis)?
3384 1503 3489 1543 non
3516 1487 3679 1541 eritis
3714 1488 3896 1540 immu-

2276 1600 2365 1639 nes
2394 1583 2534 1656 (sive
2575 1601 2679 1639 non
2708 1584 2853 1639 eritis
2878 1582 3107 1654 mundi).
3140 1581 3401 1638 Latenter
3429 1579 3697 1636 ostendit
3717 1623 3733 1647 ,
3766 1593 3894 1649 prae-

2276 1686 2496 1748 ceptum
2525 1674 2643 1743 Dei,
2678 1676 2770 1747 qui
2804 1675 3090 1731 voluntate
3114 1673 3297 1731 facere
3324 1673 3642 1737 noluerint,
3680 1684 3896 1739 suscep-

577 1770 666 1835 tis,
716 1776 773 1822 ut
813 1765 1066 1822 reveletur
1112 1763 1167 1818 in
1204 1778 1302 1817 suo
1350 1768 1601 1830 tempore,
1647 1754 1973 1812 subauditur
2022 1750 2175 1806 Anti-

2284 1776 2431 1823 turos
2457 1768 2813 1835 necessitate,
2862 1777 2919 1823 et
2966 1766 3313 1834 audituros:
3357 1764 3641 1830 Bibentes,
3694 1762 3891 1819 bibetis.

576 1861 838 1920 Christus.
879 1859 1006 1915 lam
1034 1858 1175 1914 enim
1214 1854 1521 1928 mysterium
1556 1850 1846 1924 iniquitatis
1876 1854 2125 1920 operatur
2155 1862 2175 1899 :

577 1961 781 2010 tantum
806 1952 897 2022 qui
924 1950 1046 2025 (Al.
1079 1958 1136 2005 ut
1168 1947 1291 2022 qui]
1318 1955 1452 2003 tenet
1491 1945 1682 2012 modo,
1723 1930 1893 1998 tenizat
1924 1943 2085 1995 donec
2111 1938 2176 1992 de

579 2049 749 2104 medio
772 2047 888 2118 ﬁat,
916 2053 965 2101 et
985 2054 1106 2099 tunc
1130 2041 1443 2098 revelabitur
1462 2040 1551 2095 ille
1574 2040 1799 2110 iniquus,
1819 2051 1970 2108 quem
1996 2033 2176 2088 Denti-

521 2204 524 2208 ,
580 2158 679 2197 nus
704 2138 860 2195 Iesus
903 2137 1177 2208 inter/Sciet
1210 2136 1398 2209 spiritu
1427 2133 1532 2188 oris
1569 2131 1673 2198 sui,
1724 2139 1770 2185 et
1799 2130 2026 2184 destruet
2052 2125 2179 2180 illu-

583 2234 1132 2291 minationeadventus
1145 2232 1226 2286 sui
1255 2229 1324 2304 (ll
1346 2228 1526 2284 Thess.
1554 2243 1618 2294 ιι,
1647 2224 1890 2297 3seqq.).
1920 2222 2055 2278 Eum
2082 2219 2176 2291 qui

581 2338 752 2397 tenet,
786 2327 1090 2383 Romanum
1122 2324 1417 2397 imperium
1447 2319 1688 2378 ostendit
1721 2337 1734 2373 :
1762 2319 1867 2374 nisi
1897 2316 2042 2373 enim
2075 2314 2178 2369 boc

581 2422 919 2479 destructum
968 2419 1162 2487 fuerit,
1217 2416 1604 2486 sublatumque
1650 2413 1720 2469 de
1767 2409 1977 2475 medio,
2022 2408 2177 2479 juxta

583 2515 928 2589 prophetiam
956 2513 1236 2578 Danielis,
1282 2509 1649 2569 Antichristus
1682 2516 1809 2562 ante
1834 2520 1943 2560 non
1973 2502 2175 2557 veniet.

580 2610 739 2680 Quod
768 2609 816 2667 si
844 2619 1033 2680 aperte
1061 2606 1250 2662 dicere
1274 2604 1564 2670 voluisset,
1588 2599 1757 2655 stulte
1777 2592 2177 2668 persecutionis

582 2705 872 2761 adversum
893 2699 1237 2757 Christianos
1264 2707 1323 2754 et
1362 2706 1492 2752 tunc
1519 2701 1835 2750 nascentem
1878 2687 2175 2745 Ecclesium

585 2797 791 2854 rabiem
810 2794 1163 2850 concitasset.
1196 2791 1435 2859 Longius
1456 2802 1618 2860 quam
1646 2779 2174 2841 Commentariorum

583 2890 825 2948 brevitas
872 2889 1102 2962 patitur,
1153 2886 1223 2943 de
1270 2885 1374 2941 hoc
1419 2882 1661 2955 capitulo
1708 2879 1978 2946 diximus,
2032 2873 2176 2948 quod

582 2983 761 3043 Graeci
789 2982 1011 3041 forsitan
1043 2980 1331 3052 Latinique
1364 2977 1667 3044 fastidierit,
1708 2975 1832 3046 quia
1862 2972 1916 3029 in
1946 2971 2061 3027 suis
2082 2986 2176 3027 co-

583 3078 797 3135 dicibus
844 3090 950 3133 non
1007 3074 1264 3131 habetur.
1310 3071 1418 3129 Sed
1457 3070 1588 3144 quid
1646 3069 1893 3141 proderit
1944 3081 2071 3123 cum
2120 3064 2175 3119 in

2282 1860 2497 1930 Velitis,
2521 1860 2718 1932 inquit,
2753 1860 2962 1927 nolitis,
2988 1859 3085 1916 Dei
3113 1861 3377 1915 sententia
3409 1856 3767 1929 complenda
3796 1863 3889 1911 est.

2277 1953 2336 2010 Si
2365 1952 2508 2010 enim
2534 1953 2725 2009 civitas
2751 1953 3080 2020 Jerusalem,
3108 1955 3161 2009 in
3189 1969 3295 2024 qua
3327 1962 3520 2009 notum
3555 1952 3666 2007 fuit
3699 1967 3887 2007 nomen

2282 2047 2403 2115 Dei,
2445 2047 2662 2105 dicente
2705 2047 2977 2118 Propheta
3018 2068 3031 2103 :
3085 2045 3259 2102 Notus
3284 2046 3341 2099 in
3373 2043 3575 2100 Judcea
3614 2043 3769 2099 Deus
3802 2042 3886 2097 :in

2282 2139 2451 2197 Israel
2477 2157 2661 2197 nomen
2688 2157 2934 2213 magnum
2957 2145 3069 2214 ejus
3091 2138 3264 2213 (Psal.
3292 2155 3458 2207 Lxxv,
3490 2137 3575 2211 1),
3607 2138 3758 2195 bibit
3784 2153 3884 2194 mc-

2279 2250 2467 2292 racum
2496 2235 2724 2292 calicem
2755 2235 2957 2291 furoris
2992 2253 3005 2289 :
3036 2242 3242 2305 quanto
3273 2234 3445 2306 magis
3466 2248 3577 2290 vos
3606 2248 3726 2289 non
3746 2233 3886 2287 critit

2279 2327 2491 2394 mundi,
2523 2327 2616 2399 qui
2639 2342 2742 2401 pro
2770 2327 2863 2384 Dei
2896 2330 3123 2383 nomine
3149 2326 3292 2382 idola
3324 2324 3507 2382 colitis
3537 2327 3553 2380 l

2351 2421 2536 2494 (Vers.
2581 2419 2703 2492 29.)
2752 2418 3003 2475 Gladium
3047 2419 3186 2475 enim
3216 2435 3308 2493 ego
3348 2435 3474 2475 voco
3510 2435 3681 2491 super
3720 2433 3883 2474 omnes

2278 2512 2594 2568 habitatores
2637 2524 2810 2591 terrm,
2840 2512 2964 2569 dicit
2988 2509 3246 2569 Dominus
3269 2516 3618 2569 exercituum.
3661 2512 3773 2568 Ista
3807 2519 3881 2567 est

2279 2605 2427 2677 potio
2477 2607 2890 2674 meracissitna,
2929 2607 3032 2662 iste
3072 2604 3215 2662 calix
3255 2608 3459 2663 furoris
3500 2606 3754 2672 Domini,
3798 2603 3880 2676 qui

2279 2716 2389 2757 non
2433 2717 2600 2773 super
2641 2702 2811 2759 solam
2853 2699 3154 2758 Jerusalem
3174 2747 3189 2770 ,
3216 2701 3312 2758 sed
3339 2716 3509 2773 super
3539 2716 3766 2758 omnem
3796 2715 3879 2755 vo-

2278 2803 2436 2852 catur
2478 2805 2717 2862 terram,
2767 2805 2824 2852 et
2847 2806 3075 2853 cunctas
3114 2795 3169 2851 in
3200 2795 3434 2852 circuitu
3475 2798 3758 2852 nationes.
3807 2792 3877 2848 De

2278 2906 2387 2963 quo
2409 2905 2572 2961 supra
2599 2890 2814 2946 dixerat
2839 2908 2854 2947 :
2885 2888 2953 2944 Et
2979 2891 3183 2944 mittam
3200 2890 3267 2945 ad
3296 2888 3786 2945 Nabuchodonosor
3805 2902 3877 2939 re-

2278 3001 2392 3057 gem
2418 2981 2705 3055 Babylonis
2740 2999 2943 3038 servum
2974 2999 3143 3038 meum
3162 3025 3178 3051 ,
3220 2991 3268 3038 et
3294 2983 3559 3038 adducam
3585 2999 3707 3037 eum
3732 2995 3873 3048 super

2280 3086 2471 3131 terram
2495 3076 2673 3146 istam,
2698 3085 2744 3130 et
2771 3091 2929 3148 super
2949 3075 3262 3132 habitatores
3290 3079 3426 3150 ejus,
3457 3086 3503 3133 et
3527 3091 3690 3147 super
3709 3087 3872 3128 oinnes

582 3168 1046 3239 consequentibus
1089 3168 1178 3223 liic
1215 3165 1333 3238 ipse
1372 3165 1644 3237 Propheta
1681 3162 1866 3220 dicat:
1906 3157 2177 3226 Quomodo
2204 3164 2249 3227 ρ
2283 3169 2519 3225 natione,
2538 3170 2726 3242 φιωξη
2752 3170 2970 3224 circuitu
2999 3168 3140 3225 iui...
3164 3178 3303 3224 mu,

579 3274 734 3339 capta
759 3273 835 3321 est
864 3261 1061 3320 Sesach
1079 3305 1094 3332 ,
1125 3270 1171 3317 et
1198 3260 1576 3333 comprehensa
1604 3264 1680 3313 est
1705 3254 1898 3327 inclyta
1926 3255 2179 3308 universte

578 3360 770 3416 terrae?
796 3356 1056 3432 quomodo
1083 3359 1227 3429 facta
1256 3362 1332 3410 est
1367 3354 1422 3407 in
1456 3361 1723 3425 stuporem
1766 3345 2005 3420 Babylon
2043 3347 2179 3401 inter

574 3452 789 3525 gentes?
805 3448 1097 3521 Allegorici
1123 3448 1459 3516 interpretes
1481 3446 1643 3500 istum
1664 3456 1883 3498 omnem
1907 3440 2083 3495 locum
2110 3435 2177 3491 ad

575 3552 804 3602 cunctas
830 3542 1075 3599 referunt
1105 3541 1377 3605 nationes,
1396 3553 1532 3610 quas
1553 3534 1909 3595 inebriaverit
1923 3533 2178 3591 diabolus

575 3635 748 3692 calice
770 3644 1115 3707 peccatorum
1127 3633 1523 3689 meracissimo.
1541 3632 1609 3687 Et
1626 3630 1987 3687 novissimum
2014 3626 2176 3683 etiam

578 3729 758 3800 ipsum
801 3728 1098 3783 bibiturum
1135 3726 1404 3796 supplicia
1437 3733 1602 3795 atque
1632 3725 1930 3790 cruciatus,
1964 3721 2032 3777 de
2070 3735 2179 3793 quo

574 3821 769 3878 scribit
785 3819 1114 3891 Apostolus:
1139 3817 1305 3885 Quem
1327 3816 1584 3873 Dominus
1603 3816 1756 3871 Iesus
1782 3816 2055 3885 interﬁciat
2073 3817 2181 3888 spi-

574 3916 680 3969 ritu
698 3914 898 3970 orissui
912 3911 983 3987 (ll
1002 3910 1184 3967 Thess.
1205 3910 1363 3982 11,8).
1388 3910 1451 3966 Et
1469 3907 1744 3983 [ALUnde
1766 3906 1836 3981 et]
1865 3909 1916 3963 in
1932 3908 2040 3962 alio
2057 3907 2179 3963 loco

574 4008 710 4066 dicit
728 4025 741 4063 :
761 4006 815 4063 Ν
818 4008 1089 4064 ovissimus
1101 4013 1273 4061 autem
1287 4005 1528 4059 inimicus
1539 4003 1831 4059 destruetur
1841 4018 1980 4057 mors
1994 4002 2039 4072 (l
2055 4000 2177 4057 Cor.

574 4119 671 4173 xv,
700 4103 819 4176 26).
844 4102 1000 4173 Quod
1047 4116 1368 4174 magnarum
1415 4102 1612 4156 virium
1656 4107 1741 4156 est
1776 4114 1940 4171 posse
1982 4098 2182 4156 direr-

574 4213 760 4255 sarum
785 4197 1049 4254 vocabula
1080 4197 1361 4252 nationum
1381 4196 1683 4251 transferre
1710 4193 1811 4250 sub
1826 4192 2179 4266 etymologiis

572 4292 725 4356 suis,
753 4301 810 4346 et
833 4290 1047 4361 singula
1089 4290 1220 4345 vitia
1242 4331 1257 4356 ,
1289 4287 1522 4360 singulis
1560 4285 1873 4345 nominibus
1898 4295 2176 4357 coaptare.

648 4387 834 4463 (Vers.
887 4384 1008 4461 27.)
1059 4385 1129 4440 Et
1176 4386 1319 4441 dices
1358 4384 1427 4439 ad
1472 4399 1589 4449 eos;
1616 4386 1724 4438 htec
1762 4382 1888 4437 dicit
1928 4380 2179 4436 Dominus

576 4484 897 4540 exercituum
932 4477 1077 4535 Deus
1108 4476 1278 4535 Israel
1306 4494 1324 4534 :
1350 4476 1519 4533 Bibite
1544 4486 1592 4532 et
1619 4475 1970 4544 inebriamini,
2009 4483 2055 4529 et
2085 4490 2176 4529 vo-

2356 3262 2538 3336 (Vers.
2573 3260 2664 3329 εο,
2696 3258 2817 3332 ⁸51.)
2858 3259 2927 3315 Et
2972 3271 3027 3316 tu
3072 3260 3406 3334 prophetubis
3456 3262 3525 3317 ad
3574 3279 3667 3317 eos
3710 3258 3867 3316 omnia

2281 3356 2436 3412 verba
2461 3358 2590 3425 hac,
2618 3367 2665 3413 et
2694 3356 2837 3412 dices
2878 3356 2949 3411 ad
2979 3356 3097 3412 illos
3126 3372 3145 3411 :
3173 3354 3433 3412 Dominus
3462 3357 3527 3412 de
3558 3357 3761 3413 excelso
3786 3372 3860 3408 ru-

2281 3451 2385 3521 giet
2427 3450 2571 3523 (sive
2600 3465 2909 3520 responsum
2937 3450 3143 3522 dabit),
3174 3461 3223 3504 et
3264 3450 3329 3506 de
3355 3451 3665 3507 habitacula
3705 3456 3859 3507 sancto

2280 3560 2376 3598 suo
2403 3544 2550 3599 dabit
2581 3560 2753 3600 vocem
2788 3550 2962 3601 ‘suam.
2997 3543 3227 3617 Rugiens
3253 3545 3398 3618 rugit
3442 3560 3610 3616 super
3652 3544 3854 3598 decorem

2280 3652 2433 3692 suum
2463 3638 2601 3707 (sive
2641 3636 2975 3707 respondebit
3004 3652 3157 3707 super
3182 3638 3360 3691 locum
3400 3635 3615 3707 suum),
3659 3635 3856 3690 celeuma

2280 3731 2433 3803 quasi
2460 3722 2775 3786 calcantium
2805 3722 3106 3784 concinetur
3138 3730 3418 3783 adversum
3467 3743 3651 3782 omnes
3678 3724 3852 3778 habita-

2283 3831 2418 3878 tores
2447 3832 2619 3878 ταντα».
2654 3820 2895 3876 Peruenit
2924 3821 3124 3876 sonitus
3153 3819 3291 3891 (sive
3319 3819 3594 3889 interitus)
3635 3832 3782 3889 usque
3802 3812 3857 3868 ad

2283 3926 2510 3970 extrema
2552 3914 2692 3989 (sive
2738 3931 2897 3983 super
2941 3915 3164 3986 partem)
3212 3924 3368 3969 terra:
3397 3928 3417 3968 :
3459 3913 3591 3984 quia
3627 3909 3855 3987 judicium

2287 4009 2513 4065 Domino
2530 4025 2652 4064 cum
2663 4008 2903 4083 gentibus
2929 4023 2948 4062 :
2969 4007 3238 4078 iudicatur
3260 4007 3373 4077 ipse
3383 4022 3505 4061 cum
3522 4007 3671 4061 omni
3690 4017 3824 4059 carne
3846 4015 3856 4051 :

2282 4104 2470 4174 impios
2491 4103 2688 4158 tradidi
2716 4100 2827 4176 [AL
2861 4099 3106 4173 tradidit]
3147 4098 3327 4173 gladio
3349 4141 3367 4168 ,
3419 4099 3548 4154 dicit
3604 4098 3853 4155 Dominus.

2283 4196 2527 4253 Primum
2557 4195 2808 4253 dicamus
2836 4201 2897 4251 ut
2920 4210 2986 4252 se
3010 4193 3490 4265 interpretationis
3536 4196 3740 4251 veritas
3775 4190 3857 4244 lia-

2285 4294 2396 4350 bet.
2426 4290 2674 4360 Cunctis,
2707 4291 2905 4362 inquit,
2945 4288 3201 4361 gentibus
3233 4287 3621 4361 prophetabis,
3655 4295 3706 4344 et
3731 4284 3857 4340 dices

2283 4387 2429 4458 quod
2459 4387 2724 4443 Dominus
2753 4385 2822 4440 de
2854 4387 3075 4441 excelso
3107 4384 3314 4456 rugiat,
3351 4383 3454 4440 boc
3482 4392 3569 4440 est
3597 4426 3615 4452 ,
3661 4381 3748 4438 det
3790 4375 3855 4432 sui

2285 4481 2487 4536 luroris
2513 4479 2812 4546 indicium;
2855 4477 3012 4548 juxta
3062 4476 3197 4534 illud
3244 4477 3390 4549 quod
3443 4479 3715 4548 scriptum
3746 4481 3855 4528 cst:

574 4578 715 4642 mite,
743 4585 790 4632 et
816 4575 1003 4643 carlite,
1035 4582 1084 4628 et
1112 4571 1277 4628 nolite
1308 4587 1621 4644 consurgere
1655 4569 1836 4644 (Vulg.
1870 4585 2032 4641 neque
2055 4584 2174 4624 snr-
2204 4565 2256 4627 Ι)
2284 4572 2390 4629 Leo
2415 4578 2611 4647 ruglet,
2640 4582 2689 4629 et
2723 4573 2937 4646 1m
2959 4572 3077 4644 quis
3098 4587 3202 4627 non
3230 4572 3474 4627 timebit?
3510 4569 3764 4627 Dominus
3796 4567 3859 4621 lo-

570 4669 729 4745 gatis]
749 4687 782 4725 a
803 4670 936 4743 facie
961 4667 1151 4741 gladii,
1168 4683 1319 4738 quem
1338 4682 1431 4737 ego
1455 4667 1655 4721 mittam
1680 4666 1731 4719 in
1748 4663 1860 4735 (Al.
1884 4661 2039 4735 inter]
2065 4680 2170 4720 vos.

571 4762 891 4836 Postquam,
924 4761 1124 4831 inquit,
1156 4758 1372 4817 cunctis
1397 4758 1652 4831 gentibus
1686 4755 2089 4827 proliinaveris,
2118 4762 2177 4812 et

573 4859 886 4933 impleveris
902 4865 1235 4930 praceptum
1255 4853 1493 4920 Domini,
1513 4867 1733 4908 rursum
1750 4851 1865 4907 haec
1877 4850 2059 4907 verbis
2073 4849 2177 4907 Do-

575 4952 710 5009 mini
744 4963 767 4992 ο
799 4952 1131 5023 imperabis,
1161 4959 1218 5007 et
1246 4949 1398 5007 dices
1424 4946 1631 5005 :Bibite
1656 4955 1705 5002 et
1734 4945 2084 5013 inebriamini,
2129 4955 2177 5001 et

649 5102 677 5132 ἰ
700 5091 851 5148 Inter
871 5106 1012 5147 seru
1037 5099 1087 5145 et
1107 5104 1268 5146 nuru.
1290 5088 1582 5148 Suuerﬂue
1613 5088 1668 5142 in
1697 5085 1958 5143 omnibus
1980 5100 2169 5143 exem-

573 5163 815 5238 plaribus
854 5178 989 5238 mag.
1019 5162 1240 5238 additur
1270 5169 1319 5238 et
1345 5158 1632 5238 Cnph;_ibi
1659 5158 2061 5238 errinrlegitur,
2086 5158 2173 5238 in-

573 5178 815 5238 ptarrnus
854 5178 989 5218 mss.
1020 5178 1240 5216 auatlur
1270 5178 1319 5216 et
1345 5178 1418 5216 bo
1456 5178 1529 5227 tt;
1557 5178 1632 5214 ιυι
1659 5178 1807 5213 enim
1835 5178 2061 5227 tegttur,
2086 5178 2172 5212 sn-

573 5248 651 5294 ter
676 5233 808 5291 Beth
842 5242 890 5290 et
914 5232 1069 5302 Beth,
1094 5230 1289 5287 Lanted
1319 5241 1367 5287 et
1405 5178 1552 5303 gaph
1577 5247 1595 5284 :
1627 5245 1751 5285 cum
1784 5229 1854 5285 sit
1887 5242 2074 5285 sermo
2101 5229 2172 5284 de

572 5328 799 5388 nomine
822 5309 959 5392 5:11,
990 5324 1150 5392 cujus
1189 5324 1334 5378 inter
1362 5331 1739 5378 consonantes
1776 5320 2015 5387 litteras,
2064 5334 2174 5377 non

571 5402 846 5458 adduntur
874 5399 1098 5453 vocales
1140 5394 1340 5450 litterae
1372 5393 1531 5465 juxta
1571 5392 1768 5465 idionta
1812 5392 2010 5465 lingua.-
2058 5392 2171 5449 ﬂe-

571 5472 759 5529 braaae.
782 5470 941 5526 Boias
962 5476 1166 5524 uocant.
1189 5463 1434 5523 Consule
1454 5464 1550 5522 lib.
1574 5463 1870 5520 Nominum
1894 5463 1961 5520 ad
1980 5477 2174 5521 vocem

574 5542 743 5602 Luca.
785 5542 1060 5599 Mantua.

646 5637 676 5677 ι’
708 5638 766 5694 In
793 5635 1027 5693 Cisterc.
1055 5630 1517 5706 quemadmodum
1554 5641 1617 5706 et
1656 5632 1710 5706 in
1755 5631 1873 5706 suis
1918 5643 2177 5706 mss_._re-

578 5707 722 5781 perit
759 5699 1144 5781 Martianreu's,
1183 5704 1414 5781 _additur_
1456 5712 1506 5760 et
1526 5702 1723 5781 _Chaph
1762 5718 1783 5781 ς
1824 5701 1949 5781 hoc
1965 5699 2177 5781 scilicet

581 5771 773 5848 sensu,
805 5775 953 5848 quod
981 5776 1140 5832 sicuti
1182 5775 1238 5833 itt
1269 5775 1493 5834 nomine
1520 5771 1705 5843 Babel,
1744 5772 1950 5845 duplici
2002 5771 2133 5831 Beth
2158 5815 2174 5843 ,

2285 4675 2435 4721 cutus
2455 4676 2551 4733 est,
2579 4674 2630 4721 et
2652 4666 2769 4737 quis
2800 4682 2907 4720 non
2935 4664 3261 4738 prophetabit
3284 4664 3469 4739 (Amos
3492 4682 3576 4735 ιιι,
3600 4662 3702 4737 8)?
3724 4659 3855 4719 Etdc

2280 4760 2600 4817 habitacqu
2627 4768 2821 4817 sancto
2852 4776 2954 4816 suo
2985 4758 3140 4816 dabit
3159 4774 3351 4818 vocem
3374 4776 3557 4827 suam,
3579 4769 3644 4817 ut
3659 4763 3855 4816 cunctos

2282 4862 2489 4911 terreat
2532 4853 2847 4912 audientes.
2908 4853 3113 4925 Rugiet
3152 4862 3340 4911 autem
3398 4869 3570 4925 super
3628 4853 3851 4909 decorem

2280 4961 2466 5014 suum,
2499 4946 2603 5003 boc
2630 4955 2737 5016 εει,
2763 4961 2929 5018 Super
2954 4944 3278 5018 Templum.
3305 4946 3554 5019 Cumque
3582 4945 3680 5003 ille
3698 4940 3852 5014 rugie-

2272 5101 2393 5157 qure
2426 5087 2479 5142 in
2514 5086 2804 5157 alphabeto
2831 5085 3027 5143 Graeco
3054 5085 3296 5142 secunda
3329 5095 3412 5143 est
3453 5086 3660 5152 littera,
3680 5083 3846 5152 duplex
3948 5138 3949 5141 η

2275 5156 2329 5213 in
2353 5156 2585 5213 nomine
2609 5156 2806 5215 Sesach
2830 5157 3131 5229 respondet
3153 5158 3274 5226 Sin,
3296 5173 3421 5229 quae
3445 5159 3849 5229 penultimaAesl:

2277 5230 2349 5284 ita
2376 5230 2575 5304 eodem
2601 5229 2797 5304 ordine
2823 5237 2898 5304 τῷ
2929 5226 3479 5304 Lantedrespondea't
3505 5228 3715 5304 ςΙιιιιιΙιὲ
3736 5226 3849 5304 sunt

2276 5315 2413 5356 vero
2441 5300 2537 5370 qui
2566 5302 2745 5356 locum
2776 5303 2849 5355 ita
2870 5294 3254 5370 supplendum
3280 5300 3482 5368 velint,
3510 5294 3649 5355 inter
3674 5294 3789 5355 Beth
3812 5300 3847 5345 ιε

2276 5370 2410 5427 Beth
2439 5380 2487 5427 et
2518 5370 2716 5427 Lamed
2744 5388 2763 5427 :
2787 5372 2924 5427 inter
2950 5371 3050 5427 Sin
3070 5379 3120 5425 et
3151 5370 3248 5427 Sin
3271 5379 3321 5426 et
3349 5370 3552 5428 Chanh.
3596 5370 3757 5428 Huius
3773 5379 3848 5417 au-

2280 5387 2410 5427 uetn
2439 5387 2487 5427 et
2518 5387 2714 5427 eamea
2744 5388 2763 5427 :
2787 5387 2924 5427 inter
2950 5387 3050 5427 mn
3070 5387 3120 5425 er
3151 5387 3248 5427 om
3271 5387 3321 5426 et
3349 5387 3552 5442 unapn.
3596 5387 3675 5428 nu
3701 5387 3757 5425 us
3773 5387 3848 5417 au.

2280 5452 2388 5526 tein
2419 5442 2803 5526 Cabbalisticaa
2841 5442 3263 5526 permutationis
3288 5458 3454 5526 ,__qua:
3480 5387 3845 5526 apudJuda'gs

2279 5515 2532 5587 obtinet,
2563 5507 2885 5587 vulgairique
2914 5517 3136 5587 nomine
3164 5507 3475 5587 appellatur
3499 5507 3544 5587 a'_
3574 5511 3754 5587 primis
3773 5507 3841 5587 ljt-
3948 5516 3949 5531 ‘

2281 5586 2416 5643 teris
2437 5576 2871 5653 Athbas,'tota'in
2894 5576 3399 5658 Alphabetbo'ratiu
3423 5594 3508 5643 est
3531 5576 3841 5658 hujusmodi:

2430 5664 3542 5770 .Sznimmmq'tvnp-mamns

2349 5788 2370 5816 ε
2396 5775 2625 5833 Cisterc.
2657 5773 3054 5847 imprOperabis,
3087 5787 3186 5843 pro
3212 5773 3509 5844 imperabis.
