3972 6368
122 326 244 381 8M

649 321 1301 385 COMMENTARIORUM
1343 327 1410 384 IN
1450 329 1800 387 JEREMIAM
1842 328 2274 391 PROPIIETAM
2314 333 2446 392 LIB.
2494 337 2560 393 ν.
2591 336 2746 394 CAP.
2793 337 2961 393 XXV.

3369 345 3482 400 Si!

128 441 212 495 rit
248 440 432 496 instar
453 441 779 498 calcautium
807 443 859 497 in
887 444 1258 500 torcularibus
1289 454 1315 482 ἰ
1347 445 1598 501 celeuma
1623 459 1757 502 can-
1792 450 1843 509 Α
1873 448 2254 522 Dicunturque
2278 451 2550 508 interfecti
2575 471 2600 505 a
2622 453 2879 522 Domino,
2906 469 3018 510 non
3037 456 3182 526 quod
3207 458 3477 515 Dominus

129 534 381 600 tabitur,
409 543 464 590 et
494 535 546 588 in
575 533 847 590 elfusione
877 535 1157 608 sanguinis
1181 535 1358 590 mutui
1378 535 1488 609 [Αι.
1523 536 1761 610 mutuo],

127 640 379 684 carmen
435 627 668 700 lugubre
717 629 1043 685 eoucinetnr
1087 648 1100 683 :
1157 633 1300 700 quod
1352 630 1713 702 Symmachus
1742 672 1756 694 ,

129 722 486 796 κατὰληγμας
516 721 738 790 Aquila,
765 721 792 761 δ
824 724 1009 794 ἰασμόν
1036 731 1220 778 vocat.
1245 723 1412 792 Cujus
1441 723 1762 778 celcutltalis

130 823 195 867 ct
229 814 499 869 carminis
524 815 740 870 sonitus
769 830 946 886 usque
978 815 1045 871 ad
1081 826 1242 871 terra:
1274 826 1521 871 extrema
1571 831 1764 887 perve-

132 911 285 979 niet,
315 913 442 982 quia
466 911 736 980 judicium
767 913 982 967 Domini
1016 928 1140 967 cum
1163 912 1438 982 gentibus.
1475 912 1531 967 Si
1565 922 1749 968 autem

127 1005 416 1075 judicium
446 1005 667 1060 Domini
700 1020 827 1060 cum
856 1006 1117 1076 gentibus
1142 1019 1247 1072 ρει,
1282 1015 1409 1061 sunt
1431 1017 1484 1062 et
1513 1008 1759 1076 gentium

130 1098 346 1153 merita
379 1096 600 1152 diversa
631 1097 780 1168 (Ose.
814 1099 910 1169 tv).
947 1097 1030 1154 Ad
1071 1101 1459 1169 esponenilum
1495 1099 1650 1154 illum
1684 1101 1764 1154 Io-

133 1205 302 1254 cmn,
333 1202 388 1243 ut
421 1188 644 1260 quidam
677 1191 874 1246 vnlunt
903 1207 919 1246 :
954 1190 1057 1258 Qui
1099 1209 1203 1246 non
1230 1193 1423 1258 credit,
1457 1196 1576 1267 jam
1603 1193 1762 1266 judi-

135 1293 298 1338 catus
324 1292 398 1338 est
421 1282 606 1356 (loan.
633 1299 712 1348 ut,
753 1285 863 1352 18).
893 1283 1182 1340 Judicatns
1229 1285 1455 1357 quidem
1496 1296 1581 1340 est
1611 1289 1664 1342 in
1695 1301 1764 1342 eo

134 1379 293 1451 quod
320 1394 427 1435 non
447 1378 711 1442 credidit;
742 1380 839 1434 sed
877 1381 980 1448 ipsi
1008 1383 1098 1450 qtti
1122 1399 1228 1435 nou
1251 1382 1486 1437 credunt
1510 1381 1656 1438 inter
1677 1399 1760 1451 se,

129 1472 379 1528 diversis
428 1470 747 1528 afticieutur
774 1473 1085 1543 suppliciis.
1131 1473 1420 1530 Judicatur
1465 1476 1586 1546 ipse
1627 1491 1751 1530 cum

141 1568 307 1622 omni
339 1581 542 1630 carne.
591 1577 652 1623 ut
704 1567 887 1623 nullus
935 1567 1270 1639 iujudicatus
1319 1569 1501 1625 abeat.
1557 1567 1758 1639 Impios

140 1671 364 1722 autem.
399 1658 504 1715 huc
529 1670 636 1722 est.
667 1661 759 1730 qui
796 1661 1030 1714 Domino
1055 1659 1163 1734 [AL
1197 1660 1251 1715 in
1281 1661 1478 1734 Deum]
1508 1677 1620 1716 non
1643 1677 1765 1718 cre-

135 1752 306 1815 dunt,
332 1752 496 1807 tradit
519 1751 702 1822 gladio
725 1755 1087 1822 sempiterno.
1114 1754 1404 1824 Allegorici
1435 1757 1765 1825 interpretes

1864 541 1984 612 ipse
2018 546 2326 615 percutiat;
2358 547 2453 603 sed
2482 565 2589 617 quo
2619 549 2670 604 iu
2707 550 2931 606 interitu
2955 553 3341 621 pessimorum,
3375 571 3470 609 vo-

1873 636 2059 691 luntas
2087 648 2142 693 rt
2170 639 2456 710 imperium
2490 643 2698 697 Domini
2729 645 3090 713 compleatur.

1941 728 2125 799 (Vers.
2157 732 2250 793 54.
2284 732 2406 802 55.)
2444 733 2657 790 Utulate
2679 737 2817 807 (sive
2848 737 3100 809 jubilate)
3137 747 3392 811 pastores,
3426 747 3474 794 et

1867 822 2089 876 clamate
2109 864 2122 888 ,
2158 834 2207 879 et
2237 826 2498 897 aspergite
2523 843 2612 882 vos
2640 829 2809 882 cinere
2833 831 3108 900 Optimam
3135 832 3303 901 gregis
3335 833 3476 900 (sive

1883 917 2114 991 plangite
2140 920 2323 974 arietes
2353 922 2548 992 arium)
2583 941 2596 977 ε
2621 925 2742 988 quia
2771 923 3014 994 ccmpleti
3033 935 3154 978 sunt
3183 925 3292 980 dies
3316 925 3472 980 vestri

1870 1021 1927 1065 ut
1947 1012 2358 1079 interﬁciamini,
2384 1025 2431 1067 et
2454 1015 2820 1087 dissipationes
2840 1029 3041 1085 vestrm,
3058 1028 3102 1071 et
3120 1018 3313 1072 cadetis
3327 1018 3474 1086 quasi

1869 1119 1994 1157 vasa
2023 1107 2251 1176 pretiosa
2277 1105 2418 1178 (sive
2445 1108 2591 1177 quasi
2618 1108 2802 1163 arietes
2823 1109 3014 1180 electi).
3049 1109 3116 1164 Et
3134 1112 3316 1182 ptribit
3342 1116 3470 1183 fuga

1868 1211 1899 1248 a
1927 1195 2240 1264 pastoribus,
2261 1206 2307 1249 et
2331 1198 2552 1252 saluatio
2580 1200 2644 1252 ab
2670 1201 3006 1271 aptimatibus
3027 1201 3174 1274 (sive
3192 1202 3472 1274 arietibus)

1866 1289 2057 1358 gregis.
2091 1287 2398 1344 Notandum
2430 1290 2575 1360 quod
2605 1291 2656 1345 in
2688 1290 2790 1344 hoc
2826 1301 3038 1345 tantum
3071 1292 3190 1348 loco
3214 1291 3357 1347 LXX
3377 1297 3444 1366 ju
3465 1322 3478 1333 -

1869 1379 2031 1433 bilum
2071 1380 2124 1432 in
2159 1381 2358 1434 malam
2401 1392 2610 1451 partem
2646 1385 2933 1452 posuerint
2966 1403 2978 1438 :
3007 1399 3104 1454 pro
3135 1399 3243 1453 quo
3269 1385 3361 1440 alii
3388 1387 3477 1439 in-

1869 1481 2146 1543 terpretes
2213 1475 2475 1529 ululatum
2524 1474 2607 1546 (ut
2650 1477 2703 1531 iu
2753 1477 2990 1532 Hebraeo
3033 1479 3304 1548 Scriptum
3351 1480 3472 1549 est)

1870 1567 2235 1622 transtulere.
2260 1566 2407 1622 Inter
2433 1577 2682 1633 pastores
2707 1582 2762 1624 et
2786 1572 3013 1637 arietes,
3037 1571 3157 1628 sive
3179 1573 3476 1642 optimates

1870 1659 2071 1727 gregis,
2105 1657 2207 1712 ista
2239 1659 2496 1715 distantia
2527 1670 2632 1727 est,
2662 1663 2804 1733 quod
2837 1674 3090 1734 pastores
3123 1667 3472 1722 rationalium

1875 1760 2038 1815 sunt;
2067 1751 2269 1807 arietes
2294 1764 2478 1809 autem
2509 1763 2566 1809 et
2592 1757 2889 1824 optimates
2919 1758 3233 1812 referuntur
3278 1759 3346 1814 ad
3391 1759 3476 1813 di—

132 1845 302 1917 juxta
336 1844 480 1900 LXX
511 1844 659 1900 hunc
690 1845 872 1900 locum
903 1847 981 1902 sic
1009 1847 1348 1913 edisseruut,
1379 1857 1436 1902 ut
1462 1848 1530 1903 ad
1563 1848 1748 1904 bonan

1879 1842 2042 1910 vites,
2073 1845 2163 1914 qui
2197 1853 2251 1899 et
2284 1845 2386 1915 ipsi
2415 1859 2541 1915 pars
2569 1847 2753 1915 gregis
2797 1847 3160 1918 appellantur.
3212 1849 3483 1919 Quodque

140 1953 364 2010 partem
399 1939 642 1996 referant
687 1949 936 2010 apertam
975 1941 1192 1995 Domini
1243 1943 1758 1998 commiuationem.

136 2032 434 2098 Dominus,
454 2034 733 2103 inquiunt,
765 2034 834 2089 de
865 2033 1088 2090 excelso
1116 2050 1442 2104 responsum
1465 2035 1641 2100 dabit,
1678 2036 1763 2091 his

139 2125 403 2180 videlicet
429 2140 566 2197 quos
609 2125 919 2181 salvaturus
945 2133 1051 2180 est.
1083 2125 1147 2180 Et
1179 2125 1247 2181 de
1291 2126 1411 2182 loco
1429 2139 1628 2183 sancto
1657 2142 1760 2183 suo

139 2221 298 2276 dabit
321 2235 506 2276 vocem
528 2235 703 2286 suam,
733 2219 1197 2290 respondebitque
1219 2235 1528 2276 sermonem
1558 2221 1612 2276 iu
1642 2221 1764 2277 loco

139 2329 265 2369 suo.
290 2313 377 2369 Illi
402 2324 586 2368 autem
611 2313 768 2384 quasi
793 2312 1192 2368 vindemiantes
1223 2314 1365 2380 pleni
1396 2314 1682 2380 fructibus,
1709 2316 1768 2369 il-

139 2407 246 2462 lius
266 2407 553 2462 sententia:
569 2405 1006 2476 respondebunt:
1032 2406 1416 2476 Superonines
1431 2405 1765 2463 habitatores

139 2508 307 2555 terra:
333 2499 516 2555 veniet
547 2499 804 2554 interitus
834 2516 848 2553 :
878 2514 983 2553 non
1009 2500 1508 2569 superuaiversam
1531 2509 1754 2568 terram,

143 2593 242 2648 sed
259 2609 429 2664 super
459 2601 667 2664 partem
695 2602 878 2660 terrae,
905 2609 1093 2648 eorum
1113 2595 1368 2649 videlicet
1388 2595 1478 2665 qui
1503 2610 1610 2650 non
1630 2612 1755 2650 cre-

141 2687 304 2742 dunt.
333 2685 603 2742 Judieium
637 2688 744 2742 erit
772 2688 825 2741 in
857 2687 1133 2758 gentibus,
1168 2697 1225 2744 et
1256 2689 1371 2757 ipse
1408 2689 1755 2759 judicabitnr

135 2793 262 2836 cum
293 2779 442 2834 omni
475 2793 664 2834 carne.
701 2777 855 2848 lmpii
887 2789 1074 2834 autem
1119 2779 1406 2834 tradentur
1430 2781 1635 2851 gladio.

212 2871 397 2943 (Vers.
435 2871 527 2936 3'2,
556 2871 676 2940 35.)
730 2869 862 2926 Ηωσ
897 2871 1022 2926 dicit
1066 2870 1326 2927 Dominus
1372 2876 1691 2928 exercituum
1722 2889 1740 2927 :

141 2964 279 3019 Ecce
324 2964 547 3036 afﬂictio
597 2963 739 3035 (sive
784 2962 1004 3034 malum)
1050 2966 1342 3036 egredietur
1383 2966 1446 3020 de
1489 2975 1638 3039 gente
1689 2967 1742 3020 in

139 3070 364 3132 gentem.
391 3067 437 3110 et
466 3056 614 3109 turbo
643 3073 864 3126 magnus
897 3056 1038 3129 (sive
1067 3057 1361 3129 tempestas)
1390 3059 1684 3132 egredietur
1714 3076 1746 3112 a

139 3147 527 3202 summitatibus
560 3148 701 3219 (sive
720 3151 985 3217 extremis)
1011 3160 1183 3203 terrae.
1214 3147 1282 3202 Et
1311 3162 1461 3204 erunt
1492 3150 1749 3220 interfecti

149 3237 361 3294 Damini
390 3240 531 3312 (sive
551 3241 807 3294 vulnerati
837 3259 871 3295 a
897 3238 1148 3308 Domino)
1173 3241 1223 3294 in
1251 3240 1339 3296 dic
1360 3240 1456 3297 illa
1484 3261 1516 3296 a
1546 3259 1747 3296 summa
1776 3232 1820 3293 C

143 3344 300 3390 terra:
330 3352 492 3407 usque
517 3335 585 3389 ad
615 3352 874 3390 summum
898 3339 1033 3409 ejus.
1063 3334 1182 3389 Non
1204 3338 1519 3408 plungentur
1542 3347 1622 3391 :et
1645 3320 1746 3390 non

140 3427 472 3500 colligentur,
504 3445 662 3500 neque
689 3428 1003 3502 sepelientnr
1030 3445 1049 3484 :
1076 3431 1130 3484 in
1163 3430 1553 3502 sterquilinium
1590 3447 1748 3504 super

141 3521 326 3590 faciem
354 3523 793 3594 terrtejacebunt.
847 3522 1058 3594 1023
1108 3522 1457 3576 Erubescant
1498 3521 1590 3592 qui
1635 3523 1744 3576 vim

142 3616 444 3688 Scriptura!
468 3629 674 3672 sancta:
695 3618 875 3672 facere
894 3627 1188 3682 conantur,
1221 3617 1273 3670 in
1310 3616 1508 3671 bonam
1535 3627 1746 3686 partem

141 3724 204 3765 ea
234 3726 355 3781 quae
382 3709 829 3765 comminationis
854 3709 1015 3778 plena
1048 3718 1202 3774 sunt,
1253 3709 1623 3764 disserentes.
1668 3709 1746 3763 De

144 3802 247 3858 hoc
276 3813 462 3858 autem
496 3803 616 3858 loco
640 3813 771 3872 puto
789 3803 996 3858 dixisse
1019 3813 1076 3858 et
1103 3803 1388 3858 Dominum
1417 3820 1431 3856 :
1458 3801 1744 3873 Consurget

141 3911 264 3966 gens
292 3894 538 3948 adversus
564 3905 784 3968 gentem.
815 3905 861 3949 et
891 3911 1104 3966 regnum
1131 3903 1310 3949 contra
1335 3911 1556 3965 regnum
1584 3894 1740 3966 (Luc.

145 4002 256 4052 ssi,
284 3986 406 4056 40);
438 3997 496 4043 et
524 3997 723 4043 cetera
750 4002 872 4056 quia:
899 3988 957 4042 in
991 3987 1160 4058 ipsius
1198 3987 1476 4058 Evangelii
1508 3998 1738 4044 senten-

141 4081 215 4134 tia
243 4080 626 4134 continentur.
671 4079 1046 4150 lntelligamus
1089 4094 1273 4135 autem
1307 4079 1424 4134 haec
1453 4077 1560 4150 [AL
1601 4079 1743 4153 ipsa]

145 4172 278 4227 facta
321 4171 478 4242 juxta
524 4172 856 4237 historiam,
913 4171 1136 4243 quando
1176 4186 1207 4226 a
1257 4187 1387 4243 rege
1438 4171 1742 4245 Babylonio

143 4272 354 4320 cuncta:
379 4263 633 4319 nationes
665 4264 719 4319 in
747 4265 980 4320 circuitu
1014 4262 1320 4332 subiugata:
1342 4273 1472 4319 sunt
1506 4281 1519 4318 :
1564 4274 1619 4320 et
1643 4269 1744 4321 im-

143 4357 354 4429 perium
394 4358 514 4425 ejus
543 4372 768 4414 sensere
794 4358 1040 4415 crudele.
1071 4356 1170 4412 γει
1203 4357 1360 4427 juxta
1393 4357 1740 4429 prophetiam

144 4450 303 4521 longo
323 4458 446 4521 post
474 4459 725 4519 tempore
746 4448 802 4504 in
820 4449 1298 4507 consummatione
1322 4449 1509 4505 tnundi
1532 4449 1738 4507 futura.

1872 1933 2033 1989 infert
2067 1952 2080 1988 :
2113 1935 2369 2004 Completi
2392 1947 2513 1991 sunt
2542 1937 2652 1992 dies
2687 1939 2841 1993 vestri
2866 1981 2881 2004 ,
2933 1948 2988 1994 ut
3034 1941 3422 2011 interﬁciamini
3452 1960 3473 1998 :

1870 2035 1997 2081 tunc
2024 2028 2452 2098 complebuntur
2476 2029 2595 2084 dies
2621 2045 2834 2096 eorum,
2863 2031 3082 2101 quando
3113 2032 3321 2088 fuerint
3349 2050 3474 2104 pec-

1869 2131 1990 2176 cata
2016 2123 2286 2192 completa
2312 2139 2326 2188 ;
2361 2132 2418 2178 et
2437 2123 2826 2195 dispergentur
2847 2136 2902 2179 et
2931 2125 3150 2192 cadent,
3178 2129 3320 2183 sicut
3344 2144 3473 2184 vasa

1871 2215 2132 2285 pretiosa,
2179 2227 2240 2271 ut
2283 2220 2566 2273 conframa
2614 2233 2719 2272 nou
2764 2219 2988 2275 valeant
3029 2220 3372 2275 instaurari:
3418 2232 3475 2278 et

1869 2319 2076 2379 quanto
2106 2319 2234 2365 ante
2263 2310 2414 2366 fuere
2445 2313 2771 2380 pretiosiora
2820 2311 2929 2383 (At.
2979 2314 3265 2386 pretiosa],
3320 2326 3471 2370 tanto

1867 2401 2046 2471 majus
2067 2417 2255 2456 eorum
2282 2405 2337 2458 iu
2361 2403 2735 2459 confractionc
2753 2407 2825 2458 sit
2847 2406 3108 2460 damnum
3135 2426 3148 2461 :
3172 2412 3290 2462 sive
3313 2411 3470 2479 quasi

1865 2496 2068 2550 arietes
2099 2497 2290 2561 εἰει-εἰ,
2343 2507 2402 2552 ut
2450 2499 2665 2568 pinguis
2703 2501 2884 2554 hostia
2925 2503 2997 2554 sit
3047 2503 3324 2558 devorare
3371 2521 3468 2559 cu-

1863 2587 2155 2658 pientium.
2190 2587 2412 2654 Peribit,
2444 2591 2641 2660 inquit,
2672 2595 2798 2661 fuga
2819 2609 2850 2644 a
2874 2595 3168 2664 pastoribus
3196 2635 3210 2657 ,
3241 2597 3468 2666 quando

1863 2695 1968 2733 non
1997 2680 2213 2750 egerint
2246 2682 2649 2750 paenitentiam.
2686 2683 2931 2754 Denique
2961 2686 3160 2741 dicitur
3209 2691 3274 2742 ad
3323 2689 3465 2744 Pha-

1859 2774 2051 2828 risteos
2079 2791 2093 2827 :
2126 2772 2404 2828 Genimina
2425 2775 2740 2846 viperarum,
2765 2778 2881 2845 quis
2911 2779 3137 2832 ostendit
3187 2780 3330 2834 vobis
3375 2783 3463 2851 fu-

1856 2882 1978 2935 gere
2005 2883 2037 2918 a
2060 2875 2276 2920 ventura
2297 2869 2376 2920 ira
2402 2866 2555 2932 (Luc.
2580 2883 2633 2932 v,
2659 2867 2758 2938 7)?
2782 2869 2846 2924 Et
2869 2870 2921 2923 in
2950 2870 3174 2938 p~almis
3197 2873 3427 2942 legimus
3453 2893 3465 2926 :

1857 2956 2027 3010 Periit
2053 2959 2181 3028 fuga
2207 2976 2238 3010 a
2261 2975 2341 3011 nte
2368 2957 2544 3030 (Psal.
2575 2974 2719 3022 cui,
2752 2957 2830 3029 5).
2870 2959 2934 3014 Et
2962 2960 3191 3016 sal-ratio
3213 3007 3227 3030 ,
3260 2964 3462 3035 inquit,

1853 3049 1919 3103 ab
1939 3049 2276 3119 aptimatibus
2298 3050 2491 3120 gregis,
2519 3049 2637 3104 sive
2663 3050 2912 3104 arietibus
2939 3067 2958 3105 :
2990 3055 3094 3107 ἀπὸ
3124 3063 3312 3121 κοινοῦ,
3334 3058 3464 3111 sub-

1855 3142 2075 3196 auditur
2101 3142 2314 3212 peribit.

1930 3234 2114 3308 (Vers.
2145 3234 2261 3306 '56.)
2301 3234 2412 3290 Vox
2438 3234 2679 3290 clamoris
2710 3245 2997 3309 pastorum,
3030 3248 3076 3292 et
3109 3237 3345 3295 ululatus
3367 3259 3462 3314 0p-

1855 3329 2095 3383 timatutn
2124 3330 2295 3401 gregis
2327 3328 2468 3399 (sive
2485 3327 2718 3400 jubilum
2741 3329 2986 3400 arietum)
3018 3350 3030 3384 :
3063 3334 3188 3402 quia
3235 3337 3456 3389 vastavit

1856 3420 2110 3477 Dominus
2140 3439 2334 3494 pascua
2376 3440 2576 3477 eorum.
2630 3423 2694 3476 lit
2742 3425 3102 3478 conticuerunt
3147 3443 3271 3481 arva
3315 3426 3455 3497 (sive

1852 3518 2112 3589 speciosa)
2141 3518 2282 3588 pacis
2311 3534 2343 3570 a
2362 3516 2494 3585 [acie
2525 3518 2616 3571 irte
2644 3518 2838 3588 furoris
2865 3517 3099 3572 Domini.
3134 3519 3201 3574 Et
3231 3520 3320 3575 hic
3350 3537 3451 3574 uo-

1850 3609 2078 3664 tandum
2109 3610 2256 3678 quod
2281 3607 2424 3679 apud
2450 3608 2842 3682 LXXjubilum
2868 3627 2966 3680 pro
2987 3611 3190 3666 ululatu
3216 3615 3452 3681 positutn

1848 3703 1939 3758 sit.
1975 3704 2120 3758 Inter
2149 3711 2401 3772 pastores
2448 3713 2631 3756 autem
2675 3712 2730 3756 et
2761 3702 2963 3758 arietes
3008 3704 3110 3758 ista
3161 3705 3456 3761 diversitas

1848 3804 1955 3861 est,
1986 3794 2131 3866 quod
2182 3802 2428 3863 pastores
2477 3805 2740 3864 putentur
2769 3794 2823 3848 iu
2859 3795 3106 3850 Ecclesia
3130 3838 3144 3861 ,
3174 3797 3266 3868 qui
3310 3814 3454 3868 pra:—

1848 3897 1976 3943 sunt
2032 3889 2187 3959 gregi
2219 3903 2342 3942 cum
2385 3887 2656 3957 sapientia
2688 3898 2745 3943 et
2773 3887 3082 3944 eruditione
3123 3901 3289 3962 atque
3325 3892 3454 3947 dor-

1849 3984 2014 4038 trina.
2048 3983 2266 4038 Arietes
2290 3997 2420 4037 vero
2457 3981 2671 4054 1024
2694 3983 2784 4052 qui
2812 3983 3093 4054 principes
3124 3985 3346 4054 quidem
3371 3990 3449 4040 vi-

1848 4076 2044 4132 dentur
2069 4075 2122 4129 in
2155 4076 2375 4144 populo,
2418 4076 2514 4129 sed
2563 4076 2698 4129 nihil
2745 4075 2950 4130 habent
2996 4076 3142 4132 inse
3179 4077 3448 4135 doctrina:

1850 4178 2016 4240 atque
2043 4169 2348 4239 sapienter,
2366 4179 2418 4224 et
2440 4184 2537 4238 per
2565 4167 2788 4223 nimiam
2816 4169 3224 4239 simplicitatem
3251 4189 3452 4244 prope-

1850 4262 2077 4318 modum
2140 4262 2389 4318 stultitim
2442 4261 2601 4318 vicini
2650 4270 2800 4317 sunt.
2848 4263 3078 4330 Quando
3119 4275 3302 4322 autem
3358 4270 3455 4324 ha-

1849 4357 2131 4412 buerimus
2160 4371 2373 4426 pacem,
2414 4365 2472 4411 et
2519 4369 2626 4410 non
2679 4355 3110 4412 intellexerimus
3153 4360 3238 4415 vel
3284 4360 3450 4425 bona.

1852 4451 1935 4506 vel
1962 4448 2212 4521 speciosa
2236 4448 2407 4519 pacis,
2435 4447 2532 4505 sed
2559 4447 2791 4504 luxuria:
2837 4463 2937 4504 nos
2981 4459 3038 4505 et
3074 4453 3210 4520 otio,
3253 4463 3312 4510 et
3360 4471 3452 4511 vo-

213 4605 476 4691 a-gialulnt
501 4603 595 4659 alii
619 4604 910 4691 geleusma,
954 4607 1049 4663 sed
1079 4607 1398 4691 etuceleuma
1427 4608 1584 4691 .bene
1631 4617 1738 4663 est.
1769 4618 1825 4679 1)
1853 4609 1999 4691 licet.
2037 4608 2256 4691 ﬁatque;
2293 4608 2476 4691 itaque
2501 4619 2812 4691 est_cantus
2856 4610 3198 4691 iubilationis
3245 4636 3310 4676 ex
3359 4640 3480 4679 vo-.

148 4675 379 4731 Rutilius
410 4677 505 4730 lih.
533 4692 572 4742 ι,
608 4673 750 4730 Dom
780 4687 987 4732 resonat
1030 4681 1163 4733 varii
1176 4711 1188 4729 ι
1225 4679 1324 4733 uile
1359 4679 1593 4733 celeuma
1623 4697 1736 4734 mo-

147 4747 243 4812 dis,
271 4759 326 4824 et
348 4758 432 4824 est
461 4747 652 4802 Cra-cc
677 4750 917 4823 κέλευμα.
963 4765 1062 4820 pro
1105 4752 1374 4824 κέλευσμα.
1409 4752 1612 4824 _Nnttttu
1661 4753 1740 4807 sic

147 4819 399 4890 appellari
426 4829 668 4880 cantum.
698 4824 790 4889 qui
824 4819 1021 4890 inagrm
1051 4819 1296 4877 clamore
1347 4822 1680 4878 elferehatur
1724 4841 1736 4877 :

147 4890 288 4965 unde
330 4889 602 4944 Macarius
635 4890 836 4965 llonnl.
871 4889 1049 4957 deos,
1095 4893 1185 4960 qui
1231 4893 1374 4947 inter
1401 4896 1738 4965 precandum

147 4962 532 5021 vociferantur.
565 4963 820 5038 Celeustis
843 4980 1193 5038 etnuparaus.
1240 4966 1298 5019 Οἱ
1345 4962 1442 5038 σγᾶρ
1469 5008 1505 5038 ,ν
1537 4967 1738 5035 inquit,

148 5041 390 5110 ξρκνγαῖς
436 5035 747 5110 κξχρημένοι
791 5035 1089 5110 negaremcui;
1120 5034 1332 5091 ἐοίκασι.
1353 5034 1437 5104 ίΙῖι
1482 5034 1635 5092 Actis
1679 5039 1736 5092 S.

190 5105 444 5176 enovel‘m_
467 5105 670 5173 Va‘giu.
703 5120 820 5176 Cap.
852 5108 881 5159 '7
911 5124 922 5158 :
951 5105 1260 5174 Pariterque
1277 5124 1450 5161 omnes
1467 5124 1581 5160 cum
1605 5125 1663 5160 eo
1687 5110 1737 5162 in

148 5177 345 5250 modum
367 5174 613 5250 celeumte
632 5174 985 5250 concinentes,
1010 5179 1476 5250 magnificaverunt
1500 5179 1664 5232 Deum
1692 5181 1744 5233 in

146 5245 320 5300 C(Blttttt
351 5247 579 5301 clamore
607 5246 837 5302 sublato.

213 5317 390 5395 b(Quid
419 5317 512 5381 sit,
543 5319 723 5395 inquit
743 5319 1748 5395 glontfauconiusJaepae,explicatur

151 5404 211 5443 cx
256 5389 713 5459 interpretatione
739 5389 887 5462 Syri,
914 5390 1125 5447 Jercm.
1153 5389 1342 5458 xu'ui,
1378 5396 1473 5457 5‘5,
1508 5389 1600 5448 ubi
1643 5396 1759 5449 ha-e

148 5483 406 5542 Hebraica
452 5485 616 5538 verba
647 5527 661 5552 ,
711 5493 840 5545 τιθῇ
881 5469 954 5546 κθ
971 5496 1102 5546 Tun
1137 5497 1269 5549 wn
1306 5472 1573 5574 ἰνιτ-ὡ,
1613 5489 1692 5543 sic
1721 5504 1751 5544 a

147 5577 282 5649 Syro
323 5577 630 5640 interprete
663 5577 997 5649 rrdduutttr.
1052 5581 1213 5636 οὐκέτι
1260 5582 1306 5635 oi
1349 5582 1752 5643 ληνοϐατοῦντες

147 5647 405 5723 ξεέλεύουσᾼι
425 5649 658 5723 λέγοντες
685 5647 761 5715 ἴα,
784 5648 860 5712 ἴα,
893 5651 944 5704 id
967 5661 1072 5715 est,
1102 5651 1223 5723 on
1246 5657 1471 5723 amplius
1493 5650 1752 5706 adeuntes

145 5721 196 5775 in
223 5717 697 5792 torculari'jttbent
727 5723 956 5776 dicentes
998 5724 1072 5785 iu,
1113 5722 1189 5777 ia.
1236 5717 1585 5777 Iteddiderim
1624 5739 1748 5793 ego,

149 5793 424 5846 cantabunt
464 5793 692 5846 dicentes
720 5793 794 5860 ia,
827 5793 879 5846 in
912 5808 931 5846 :
962 5805 1020 5846 ut
1046 5793 1509 5859 quemadmodum
1553 5810 1753 5850 nomen

147 5865 360 5936 κᾶιυμα
408 5875 658 5930 cantum,
709 5865 784 5917 ita
836 5865 1024 5920 κελεύω
1069 5880 1254 5919 canere
1297 5867 1524 5922 verbum
1577 5867 1752 5937 signi-

602 5957 880 6019 Ριτιιοι.
931 5958 1169 6021 XXIV.

1848 4681 2004 4736 cibus
2029 4681 2100 4746 in,
2129 4682 2211 4745 ia,
2243 4682 2330 4749 qui
2377 4681 2641 4737 solemnis
2684 4690 2804 4738 erat
2845 4685 3184 4742 calcantibus
3233 4692 3286 4745 in
3336 4702 3453 4751 lor-

1847 4753 2044 4836 ςυιηιιῑ,
2075 4767 2388 4836 expressus.
2419 4754 2895 4836 (Steterumaotum
2943 4753 3089 4811 hllltc
3131 4759 3450 4836 Hieronymi

1849 4825 2050 4887 locum,
2098 4825 2188 4894 qui
2223 4833 2279 4877 et
2311 4839 2506 4892 magno
2561 4826 2753 4880 Drusio
2800 4836 3086 4893 ειιειιθοιιιε
3134 4832 3201 4885 de
3249 4825 3450 4894 ιιιυῖιιιο

1847 4895 1978 4950 Olim
2009 4895 2128 4954 l'ttit,
2159 4897 2417 4949 mnendat
2449 4896 2769 4950 Latnhrt‘ltts
2805 4897 2910 4951 Uos
2950 4901 3082 4952 satis
3114 4905 3331 4960 erudite
3383 4927 3453 4966 ex

1847 4967 2089 5037 illgt'llitt.
2137 4966 2378 5055 Pt:itnnm
2413 4983 2509 5055 prq
2537 4969 2840 5055 καῖάληγμα
2861 4973 3126 5055 ,“repopit
3156 4979 3451 5055 κατάλεγμα

1848 5053 1944 5101 per
1983 5060 2026 5102 ε,
2068 5039 2210 5108 quod
2257 5054 2463 5110 carmen
2487 5037 2703 5108 lugubre
2735 5037 3003 5106 significat
3031 5044 3134 5101 ἀπὸ
3173 5055 3266 5103 τοῦ
3293 5037 3452 5110 καῖἑαζ

1845 5110 2122 5193 lit/egeat,
2173 5109 2970 5193 quodhllesyelnusuexppnit
3030 5115 3310 5193 ὀδύρεσθαι
3364 5109 3452 5182 ἐὸν

1847 5185 2126 5260 τεθιεῶτακ
2148 5194 2310 5260 atque
2335 5183 2421 5260 ita
2447 5186 2841 5260 recte-[egituu
2858 5183 2974 5260 hinc
2996 5201 3105 5260 7VU\
3126 5183 3282 5260 'apud
3329 5197 3455 5250 Ori—

1843 5269 2036 5335 gcvet"
2061 5254 2127 5335 ξω
2152 5250 2457 5335 [ξωνωςμδ
2483 5267 2558 5312 XI,
2593 5250 2800 5335 t_0,'oni
2825 5253 2965 5310 LXX
2985 5250 3283 5334 θρῆνος-’καὶ
3301 5267 3450 5335 μέλος

1850 5323 1934 5378 καὶ
1964 5325 2106 5382 οὐαὶ.
2153 5325 2319 5408 docet
2362 5323 2748 5408 Squuachutn
2781 5323 3123 5408 trgusttttisst:
3163 5323 3331 5408 θρὴνόι
3369 5323 3455 5392 καὶ

1851 5405 2211 5451 ΚΛΤΔΛΕΓΜΑ
2239 5399 2323 5450 καὶ
2356 5397 2504 5468 μέλος
2532 5398 2780 5454 πενθικὸν.
2825 5397 2929 5451 Pro
2974 5397 3278 5467 posteriore
3321 5423 3454 5461 vero

1853 5468 2037 5538 ἰασμὸς
2067 5468 2169 5542 legi
2200 5473 2314 5522 vult
2341 5470 2588 5542 αἰασμὶκ,
2630 5469 2773 5542 quod
2822 5469 2983 5542 etiam
3030 5472 3453 5534 lamentationem

1857 5549 1905 5617 et
1947 5536 2226 5617 lugubrem
2277 5536 2485 5617 tantum
2547 5536 2856 5617 significat.
2891 5541 3003 5617 sint}
3062 5551 3154 5598 τοῦ
3215 5549 3407 5614 uisitata
3435 5594 3450 5617 ,

1858 5609 2154 5685 lanientari,
2205 5609 2350 5678 quod
2400 5610 2470 5665 ab
2519 5608 2570 5667 αἳ
2598 5652 2611 5674 ,
2658 5609 2773 5685 ΙιιισΔ
2798 5611 3107 5685 deducitur.
3145 5608 3329 5685 Atqne'
3382 5608 3456 5676 ίιξι

1854 5682 1976 5736 dua:
2008 5695 2172 5735 voces
2219 5691 2520 5750 corrupta,
2553 5697 2676 5752 qua:
2705 5683 2868 5736 etiam
2899 5683 3071 5739 lexica
3101 5701 3168 5740 ex
3200 5682 3308 5743 uno
3349 5691 3455 5750 hoc

1857 5753 2171 5822 Hiemuymi
2203 5752 2513 5807 testimonio
2548 5752 2931 5822 pervaseritnt,
2960 5756 3260 5828 integritati
3291 5766 3456 5822 resti-

1856 5832 2102 5879 tuantur.

2862 5965 2941 6030 27
