3972 6334
508 282 616 344 843

1750 277 1811 335 5.
1854 274 2132 336 EUSEBll
2170 273 2554 333 HIERONYMI

3758 268 3877 327 stt
3946 268 3947 341 ψ

513 401 816 475 luptatibus
843 395 1164 455 dederimus
1194 411 1209 451 :
1244 402 1374 452 tunc
1401 396 1813 469 conquiescent,
1843 399 1960 455 sive
1979 412 2111 454 eon-
2139 400 2183 462 Α
2218 409 2276 453 ut
2304 398 2560 469 loquatur
2588 397 2656 453 ad
2685 413 2880 455 omnes
2908 398 3158 455 civitates
3184 396 3327 454 .lnda
3365 413 3379 453 :
3412 396 3546 453 licet
3595 393 3874 449 civitates
3946 368 3947 399 ³

522 497 787 551 ticcscent
818 493 961 548 bona
992 492 1166 562 pacis,
1196 499 1253 547 et
1280 492 1598 548 aulerentur
1623 508 1652 548 a
1681 493 1839 549 nobis
1887 502 2115 565 prapter

514 589 650 642 iram
716 584 914 639 luroris
978 583 1233 651 Domini,
1304 592 1360 640 et
1413 584 1738 656 implebitur
1782 585 1916 641 illud
1967 584 2116 657 quod

510 678 779 747 scriptum
807 685 889 732 est
918 694 931 731 :
966 674 1094 733 Cum
1123 676 1385 745 dixerint,
1416 693 1523 747 pars
1561 687 1611 733 et
1649 679 1903 733 securitas
1936 719 1951 745 ,
1999 688 2120 732 tunc

510 772 814 841 repentinus
862 772 935 827 eis
980 771 1307 840 superveniet
1353 771 1594 828 interitus
1637 770 1681 845 (Ι
1709 770 1896 828 Thess.
1927 787 1979 838 v,
2012 770 2070 843 5)
2101 814 2114 836 ,

510 881 620 936 quo
656 865 936 934 Veniente,
959 864 1141 919 omnia
1182 865 1583 921 conticescent.

591 956 777 1028 (Vers.
825 956 914 1023 37,
946 956 1066 1028 58.)
1103 955 1393 1025 Dereliquit
1430 957 1583 1030 quasi
1624 958 1705 1013 leo
1758 957 2120 1013 umbraculum

516 1052 658 1121 (sive
681 1048 877 1122 cubile)
909 1065 1086 1104 suum.
1119 1051 1213 1119 (Et
1240 1060 1298 1106 ut
1324 1051 1508 1108 verius
1533 1060 1618 1108 est
1636 1092 1652 1117 ,
1682 1051 2073 1107 tabernaculum
2102 1065 2122 1105 :

517 1144 623 1199 hoc
642 1144 790 1201 enim
820 1158 1025 1200 succno
1050 1142 1201 1217 (uo)
1231 1144 1552 1202 llebraicum
1574 1145 1784 1216 sonat.)
1816 1145 1955 1213 Quia
1982 1146 2121 1216 facta

512 1250 586 1294 est
616 1248 757 1293 terra
780 1255 962 1294 eorum
992 1239 1046 1292 in
1075 1238 1447 1293 desolationem
1475 1238 1587 1310 (vel
1613 1239 1776 1311 invia)
1802 1256 1834 1292 a
1860 1239 1996 1309 facie
2028 1239 2124 1293 ira:

513 1331 766 1388 columba'
789 1330 935 1405 (sive
961 1331 1149 1403 afacie
1174 1331 1341 1405 gladii
1372 1332 1572 1404 magni)
1613 1341 1662 1385 et
1704 1349 1737 1386 a
1780 1332 1915 1403 facie
1956 1342 1983 1367 κ
2032 1332 2125 1385 irte

511 1427 707 1499 furoris
734 1423 977 1481 Domini.
1012 1425 1278 1480 Dominus
1299 1423 1368 1480 de
1396 1440 1505 1495 quo
1533 1439 1697 1495 supra
1742 1423 1961 1480 dixerat
1985 1441 1999 1476 :
2047 1422 2115 1476 de

511 1516 717 1574 excelso
744 1518 937 1590 rugiet,
963 1528 1009 1572 et
1037 1518 1102 1571 de
1121 1516 1421 1572 habitacula
1449 1526 1633 1572 sancta
1658 1532 1752 1572 suo
1783 1514 1923 1570 dabit
1950 1529 2121 1569 vocem

511 1626 687 1665 suam.
723 1606 958 1683 Rugiens
983 1609 1155 1681 rugiet
1174 1624 1329 1679 super
1349 1608 1588 1665 decorem
1614 1625 1769 1664 suum
1791 1650 1806 1674 ,
1831 1607 1943 1679 ipse
1961 1606 2124 1662 relin-

507 1712 628 1774 quel
647 1700 1041 1757 tabernaculum
1060 1717 1237 1766 suum,
1261 1699 1331 1755 de
1354 1716 1462 1771 quo
1488 1701 1754 1769 scriptum
1778 1710 1862 1755 est
1885 1718 1896 1751 2
1923 1695 2124 1752 Factus

2220 486 2365 545 LXX
2415 505 2524 545 non
2569 490 2978 557 transtulerint,
3008 505 3076 546 ne
3103 489 3427 546 indecorum
3479 489 3641 544 forte
3674 486 3875 557 (vide-

2225 591 2402 651 retur,
2448 584 2502 638 in
2540 582 2682 639 atrio
2725 583 2920 664 domus
2970 583 3186 639 Domini
3228 584 3376 655 loqui
3410 582 3479 637 ad
3510 581 3711 636 urbes
3747 593 3877 649 qua

2221 691 2406 732 coram
2439 692 2548 732 non
2578 686 2779 732 erant:
2828 677 2924 732 sed
2973 677 3197 748 quando
3239 675 3307 732 ad
3351 676 3670 747 populum,
3708 681 3781 728 et
3809 670 3875 725 ad

2220 768 2368 824 cives
2417 769 2697 839 loquitur,
2752 769 2885 839 ipsis
2932 769 3247 826 civitatibus
3277 769 3545 840 loquitur.
3604 763 3877 821 Pulchre

2222 871 2406 918 autem
2430 870 2544 917 stat
2568 862 2622 918 in
2652 860 2799 918 atrio
2824 873 2988 934 atque
3018 861 3295 919 vestibulo
3315 860 3539 932 Templi
3565 858 3828 915 Domini
3863 875 3875 910 :

2223 970 2281 1012 ut
2310 972 2408 1028 per
2446 958 2791 1015 occasionem
2823 957 3094 1014 orationis
3150 957 3406 1022 Domini,
3455 965 3513 1011 et
3566 950 3878 1009 adorandi

2225 1049 2333 1125 [ΑΙ.
2362 1049 2581 1124 orandi]
2604 1067 2751 1113 eum,
2783 1064 3073 1106 sermones
3092 1050 3383 1122 Propheta:
3405 1047 3618 1105 audire
3649 1059 3875 1117 cogan-

2228 1153 2337 1199 tur.
2376 1143 2507 1198 Nali
2532 1188 2545 1212 ,
2581 1144 2798 1215 inquit,
2840 1141 3146 1199 subtrahere
3189 1145 3396 1197 verbum
3426 1157 3448 1196 :
3493 1141 3647 1196 licet
3714 1140 3881 1193 triste

2226 1239 2323 1301 sit,
2349 1237 2474 1294 licet
2495 1237 2789 1293 adversum
2819 1248 2872 1293 te
2895 1236 3233 1293 audientium
3271 1236 3457 1292 rabies
3504 1235 3877 1296 concitetur,

2230 1341 2411 1386 tamen
2444 1329 2613 1385 dicito
2640 1331 2785 1401 quod
2816 1330 2913 1385 tibi
2946 1331 3277 1398 imperatum
3303 1339 3390 1385 est
3419 1347 3433 1382 :
3488 1342 3602 1383 non
3672 1327 3881 1382 formi-

2227 1423 2365 1479 dans
2396 1423 2808 1494 persecutiones
2838 1438 3030 1478 eorum
3055 1463 3070 1486 .
3104 1422 3198 1493 qui
3232 1421 3528 1477 adversum
3563 1427 3626 1476 te
3665 1421 3878 1474 conci.

2230 1518 2381 1573 tandi
2412 1530 2562 1584 sunt,
2594 1518 2691 1573 sed
2737 1516 2958 1573 Domini
2996 1516 3244 1589 iubentis
3275 1517 3601 1586 imperium.
3649 1514 3728 1571 Si
3760 1518 3881 1585 {ar-

2227 1614 2407 1679 sitan,
2463 1614 2675 1684 inquit,
2716 1613 2974 1677 audiant,
3032 1620 3079 1667 et
3138 1619 3533 1667 convertantur.
3606 1609 3879 1665 Verbum

2225 1706 2578 1777 ambiguum,
2628 1707 2873 1779 forsitan,
2926 1705 3196 1775 maiestati
3232 1704 3447 1759 Domini
3497 1717 3613 1758 nou
3672 1710 3873 1772 potest

510 1806 587 1851 εει
615 1796 671 1850 ίη
701 1812 851 1866 Pace,
882 1796 1005 1851 είνθ
1033 1796 1084 1849 ίη
1121 1795 1322 1858 δαίδων
1368 1795 1513 1851 10⁸⁸⁸⁸
1566 1796 1682 1866 ei“
1711 1811 1731 1849 -'
1775 1804 1823 1847 ει
1863 1791 2119 1847 λαθειαιίο
2152 1800 2198 1860 Β
2226 1801 2550 1865 convenire,
2596 1799 2692 1855 sed
2737 1806 2926 1853 nostro
2963 1798 3206 1870 loquitur
3246 1797 3448 1853 aﬂ'ecm
3478 1813 3492 1849 :
3525 1805 3586 1851 ut
3614 1794 3879 1851 liberum

518 1893 637 1963 ejus
669 1890 723 1943 in
752 1889 885 1946 Sion
913 1887 1090 1962 (Psal.
1127 1905 1290 1954 Lxxv,
1321 1889 1382 1959 2)
1418 1906 1434 1944 :
1478 1888 1594 1960 ipse
1622 1888 1897 1959 relinquet
1937 1886 2126 1944 sedem

509 2002 690 2053 suam,
733 1994 792 2041 et
818 1986 1124 2056 complebit
1160 1984 1308 2056 quod
1341 2000 1439 2053 per
1478 1983 1737 2040 eumdem
1790 1983 1934 2039 hunc
1981 1982 2117 2037 Pro-

512 2079 734 2148 phetam
766 2078 986 2133 locutus
1014 2085 1141 2132 est:
1175 2075 1365 2131 Dimisi
1408 2075 1623 2131 domum
1647 2091 1837 2140 meum,
1869 2073 2130 2146 dereliqui

512 2170 875 2229 bwreditatem
906 2186 1075 2226 meam
1099 2168 1318 2242 (larem.
1366 2186 1469 2235 stt,
1520 2168 1603 2241 7).
1649 2170 1897 2241 Reliquit
1943 2177 2126 2224 autem

516 2268 673 2338 quasi
714 2268 801 2323 leo
844 2266 1027 2323 cubile
1056 2281 1253 2332 suum,
1306 2274 1364 2320 ut
1407 2280 1601 2320 omnes
1628 2265 1840 2330 bestiis,
1884 2262 2130 2318 vastandi

516 2371 719 2418 terram
741 2361 862 2431 ejus
885 2359 1123 2417 habeant
1146 2366 1494 2429 potestatem.
1521 2358 1705 2415 Leone
1731 2358 1877 2414 enim
1901 2357 2132 2413 custode

517 2466 573 2514 et
602 2456 858 2528 prmside,
892 2455 1073 2511 nullus
1103 2454 1170 2509 ad
1193 2454 1444 2511 eamdem
1469 2453 1636 2510 audet
1653 2454 1935 2511 accedere.
1966 2453 2133 2508 Facta

513 2559 611 2617 est,
640 2548 840 2621 inquit,
868 2558 1011 2605 terra
1039 2564 1240 2613 eorum,
1273 2547 1421 2602 haud
1452 2546 1683 2604 dubium
1713 2547 1846 2618 quin
1897 2545 1981 2601 vel
2037 2560 2133 2617 po-

512 2642 625 2716 puli
657 2643 1000 2709 Judtcorum,
1038 2643 1121 2699 vel
1153 2657 1306 2697 certe
1335 2623 1718 2698 universarum
1765 2641 2034 2712 gentium,
2076 2644 2133 2695 in

514 2738 919 2802 desolationem,
945 2744 1001 2793 et
1028 2737 1084 2790 in
1106 2735 1303 2790 int-ium
1333 2751 1364 2788 a
1397 2734 1552 2805 [acies
1580 2734 1675 2788 ira:
1708 2731 1983 2787 columbae.
2014 2732 2132 2787 Non

517 2831 807 2887 mirabitur
831 2830 1143 2887 Columbam
1176 2828 1390 2883 Domini
1424 2827 1655 2899 intelligi
1688 2826 2135 2883 Nabuchodono-

515 2939 633 2990 SOI',
666 2924 758 2994 qui
791 2937 955 2992 supra
988 2937 1113 2977 euut
1155 2921 1338 2976 vocari
1379 2936 1599 2977 servum
1646 2920 1865 2976 Domini
1910 2920 2127 2992 legerit.

519 3017 627 3072 Pro
645 3030 752 3086 quo
766 3013 1128 3085 Septuaginta
1150 3014 1574 3080 transtulerunt,
1596 3013 1839 3087 gladium
1862 3029 2129 3087 magnum.

520 3108 675 3165 Licet
717 3105 1026 3163 columbam
1060 3114 1116 3162 et
1147 3107 1201 3161 in
1234 3121 1465 3177 persona
1514 3104 1818 3161 Jerusalem
1866 3106 2137 3176 possimus

2237 1896 2446 1953 homini
2480 1904 2729 1951 servetur
2759 1893 3073 1961 arbitrium,
3107 1907 3177 1948 ne
3208 1908 3273 1947 ex
3304 1889 3672 1963 prtescientia
3727 1887 3876 1958 ejus,

2233 1990 2396 2063 quasi
2428 1989 2756 2045 necessitate
2787 1987 2873 2043 vel
2911 1986 3096 2042 facere
3142 1985 3271 2057 quid
3299 2028 3314 2051 ,
3364 1986 3452 2040 vel
3498 2000 3615 2039 non
3680 1982 3877 2039 facere

2232 2094 2481 2155 cogatur.
2516 2081 2635 2138 Non
2666 2082 2815 2137 enim
2845 2094 2911 2136 ex
2935 2095 3022 2146 eo,
3056 2080 3200 2149 quod
3252 2078 3398 2133 Deus
3450 2076 3555 2131 scit
3609 2077 3873 2131 futurum

2234 2176 2464 2248 aliquid,
2504 2175 2714 2230 idcirco
2740 2173 2984 2228 futurum
3013 2183 3098 2228 est
3132 2190 3146 2225 :
3175 2170 3270 2226 sed
3301 2171 3429 2240 quia
3461 2168 3730 2224 futurum
3762 2175 3866 2234 est,

2241 2270 2385 2325 Deus
2437 2269 2629 2334 novit,
2680 2267 2833 2337 quasi
2880 2266 3145 2334 prmscius
3194 2263 3525 2318 futurorum.
3559 2263 3636 2316 Et
3668 2270 3863 2316 tamen

2236 2362 2524 2419 sciendum
2553 2361 2709 2432 juxta
2739 2358 2884 2417 hunc
2906 2357 3163 2415 eumdem
3195 2354 3495 2413 Jcrcmiam
3520 2372 3535 2408 :
3562 2363 3629 2410 et
3652 2353 3708 2408 si
3733 2352 3871 2407 mala

2239 2455 2558 2526 praedixerit
2584 2454 2870 2517 Dominus,
2902 2461 2955 2507 et
2986 2452 3166 2522 egerit
3187 2449 3418 2520 populus
3442 2447 3865 2519 paenitentiam,

2236 2548 2385 2620 quod
2411 2559 2466 2603 et
2496 2548 2612 2617 ipse
2642 2558 2871 2603 acturus
2901 2545 2975 2600 sit
3002 2544 3385 2617 pmnitentiam
3411 2557 3577 2613 super
3598 2541 3723 2606 itis,
3749 2554 3871 2609 qua:

2239 2645 2425 2698 lacere
2474 2640 2843 2696 comminatus
2888 2648 2995 2695 est.
3045 2640 3111 2693 Et
3158 2639 3203 2695 si
3254 2652 3521 2708 proSpera
3568 2634 3864 2705 pollicitus

2240 2734 2520 2800 l'uerit,et
2547 2734 2727 2805 egerit
2776 2733 3010 2803 populus
3058 2731 3430 2802 negligenter,
3483 2737 3670 2782 mutet
3723 2725 3869 2780 Deus

2239 2828 2595 2894 sententiun,
2621 2836 2677 2882 et
2705 2841 2806 2898 pro
2831 2826 2995 2881 bonis
3026 2827 3167 2880 mala
3215 2824 3439 2879 inferat.
3473 2820 3611 2877 Tale
3639 2819 3779 2893 quid
3811 2829 3864 2875 et

2242 2925 2377 2980 illud
2404 2925 2459 2979 in
2486 2924 2790 2993 Evangelia
2811 2933 2894 2977 est
2923 2940 2934 2976 :
2972 2920 3183 2975 Mittam
3208 2918 3379 2990 ﬁlium
3403 2934 3596 2986 meum,
3633 2915 3866 2988 forsitan

2240 3017 2549 3073 verebuntur
2579 3033 2696 3071 eum
2725 3015 2882 3088 (Luc.
2918 3030 3015 3080 xx,
3045 3010 3156 3084 i3).
3185 3012 3345 3081 Quod
3380 3010 3571 3081 utique
3612 3024 3686 3065 ex
3740 3021 3867 3078 per-

2240 3128 2379 3166 sona
2408 3113 2500 3167 Dei
2535 3109 2932 3183 omnipotentis
2980 3108 3202 3163 dicitur.
3256 3104 3502 3176 Denique
3542 3112 3599 3159 et
3630 3103 3691 3158 in
3726 3116 3865 3172 prcc—

521 3203 797 3269 aecipcre,
833 3200 982 3272 quod
1016 3199 1285 3255 irascatur
1314 3210 1370 3255 et
1398 3200 1575 3255 tristis
1601 3199 1674 3255 sit
1699 3242 1714 3265 ,
1743 3216 1805 3255 se
1834 3200 2009 3255 leonis
2050 3199 2134 3255 sui
2161 3182 2208 3245 C
2241 3207 2387 3260 senti
2438 3205 2516 3259 ait
2549 3222 2563 3259 ε
2618 3182 2701 3259 Si,
2724 3205 2861 3275 {orte
2898 3200 3143 3266 audiant,
3191 3208 3238 3252 et
3285 3203 3663 3252 convertantur
3702 3209 3859 3247 unus-

519 3295 832 3368 perdidisse
861 3294 1194 3364 custodiam,
1228 3302 1285 3350 et
1311 3302 1516 3351 terram
1544 3310 1700 3349 suam
1716 3296 1941 3352 venisse
1964 3295 2015 3348 in
2040 3293 2136 3349 de-

526 3390 881 3446 solationem.

596 3481 752 3554 (Cap.
817 3481 1008 3538 XXVI.
1065 3511 1142 3525 —-
1189 3481 1344 3536 νει-ς.
1407 3482 1431 3536 i
1494 3478 1693 3553 seqq.)
1754 3479 1821 3534 In
1878 3482 2136 3554 principio

525 3576 673 3649 regni
718 3575 903 3649 (Vulg.
949 3575 1128 3649 regis]
1173 3573 1404 3642 Jaacint,
1456 3573 1558 3643 ﬁlii
1589 3573 1756 3629 Iasiae
1792 3575 1929 3648 regis
1969 3572 2134 3641 Juda,

527 3671 724 3739 factum
748 3677 822 3721 est
850 3668 1058 3722 verbum
1088 3665 1231 3720 istud
1255 3683 1288 3719 a
1318 3666 1541 3720 Domina
1567 3666 1745 3721 dicens
1774 3685 1791 3720 :
1840 3666 1974 3721 Harc
2012 3668 2139 3720 dicit

535 3761 785 3815 Dominus
814 3774 833 3813 :
864 3759 963 3814 Sta
987 3760 1039 3813 in
1059 3759 1194 3812 atrio
1222 3759 1406 3813 dontus
1433 3757 1667 3824 Domini,
1710 3769 1760 3813 et
1804 3760 2030 3830 loqueris
2069 3758 2141 3812 ad

531 3869 707 3908 omnes
736 3852 969 3907 civitates
993 3849 1159 3919 Iuda,
1188 3850 1254 3906 de
1275 3851 1464 3919 quibus
1506 3851 1721 3907 veniunt
1749 3860 1806 3905 ut
1837 3851 2058 3907 adorent
2084 3854 2139 3907 in

535 3947 692 4003 domo
711 3943 951 4010 Domini,
978 3945 1245 3999 universos
1266 3959 1550 4008 sermones,
1597 3960 1728 4016 quos
1775 3961 1868 4018 ego
1898 3944 2143 4001 mandari

534 4039 646 4108 tibi,
679 4047 734 4093 ut
759 4037 992 4108 loquaris
1021 4036 1091 4090 ad
1113 4050 1204 4089 eos
1237 4051 1257 4089 :
1308 4033 1440 4089 Noli
1487 4033 1792 4090 subtrahere
1834 4035 2068 4102 verbum,
2096 4036 2143 4091 si

539 4134 674 4203 forte
703 4129 946 4195 audiant,
977 4137 1026 4185 et
1053 4136 1419 4183 convertantur
1444 4129 1808 4200 unusquisque
1848 4146 1881 4182 α
1925 4130 2009 4183 ria
2047 4146 2146 4185 sua

541 4227 720 4281 mala:
755 4233 803 4279 et
840 4223 1079 4294 pmniteal
1120 4237 1199 4277 me
1241 4222 1367 4276 mali
1410 4221 1547 4293 (sive
1591 4222 1851 4292 quiescam
1880 4239 1912 4275 a
1938 4222 2101 4295 malo)
2128 4265 2144 4292 ,

539 4319 680 4391 quod
709 4319 877 4389 cogito
928 4317 1099 4386 [nem
1133 4315 1205 4368 eis
1235 4325 1447 4388 propter
1489 4313 1719 4369 malitias
1763 4314 1943 4388 [ναις.
1992 4316 2150 4371 mali-

544 4412 693 4486 tiam]
742 4411 1041 4469 studiarum
1087 4426 1290 4465 eorum.
1342 4408 1468 4464 llzec
1521 4409 1809 4480 prophetia
1841 4408 1867 4449 δ
1895 4412 2150 4482 superior

547 4518 627 4565 est
658 4507 880 4577 priore:
917 4504 1131 4578 1025
1163 4503 1292 4559 licet
1324 4502 1425 4557 sub
1453 4503 1647 4559 eodem
1687 4518 1816 4574 rege
1864 4504 1938 4559 sit
1979 4503 2148 4561 facta.

2242 3305 2465 3375 quisque
2492 3318 2524 3356 ιι
2546 3301 2630 3354 via
2654 3315 2754 3354 sua
2779 3297 2923 3353 mala
2956 3312 2976 3352 :
2999 3308 3061 3352 ut
3078 3310 3205 3351 cum
3235 3294 3315 3350 illi
3346 3291 3606 3349 conversi
3626 3288 3859 3349 l‘ucrinl,

2245 3374 2302 3452 et
2329 3374 2465 3451 metu
2494 3393 2791 3449 sententiae
2815 3406 2901 3446 me
2919 3390 3210 3461 poeniteat,
3237 3395 3294 3442 et
3324 3398 3435 3439 non
3466 3381 3693 3448 facium,
3718 3374 3857 3451 qtud

2245 3492 2328 3548 eis
2363 3491 2542 3545 facere
2568 3488 2770 3559 cogito.
2805 3484 3004 3555 Cogito
3031 3492 3214 3539 autem
3246 3479 3430 3535 facere
3462 3488 3693 3549 propter
3745 3489 3857 3527 ma—

2250 3585 2395 3639 litias
2426 3582 2734 3637 studiorum
2760 3580 3009 3643 illorum,
3040 3592 3162 3647 qua:
3208 3574 3253 3629 si
3300 3571 3504 3628 iuerint
3532 3572 3851 3629 immutatae,

2247 3686 2305 3732 et
2337 3690 2454 3731 mea
2489 3672 2762 3729 sententia
2791 3669 3247 3727 commutabitur.
3275 3666 3553 3737 Legamus
3571 3660 3850 3718 historiam

2250 3772 2403 3829 Jon.c
2432 3783 2487 3828 et
2525 3770 2743 3827 Mnit‘e.

2324 3864 2505 3940 (νει-ε.
2536 3866 2572 3920 4
2603 3865 2783 3935 seqq.)
2815 3861 2882 3917 Et
2909 3862 3049 3916 dices
3074 3860 3145 3915 ad
3172 3875 3259 3914 eos
3290 3873 3310 3914 :
3350 3856 3483 3912 Hac
3511 3854 3637 3910 airit
3670 3849 3841 3906 Domi-

2255 3974 2353 4013 nus
2380 3973 2399 4012 :
2431 3957 2493 4014 Si
2525 3956 2739 4031 1026
2767 3971 2870 4010 non
2904 3953 3176 4009 audieritis
3204 3968 3305 4015 me,
3334 3961 3382 4006 et
3422 3948 3536 4024 [AL
3569 3947 3651 4021 ut]
3681 3943 3844 4000 ambit—

2256 4053 2372 4107 letls
2399 4052 2453 4105 in
2476 4051 2585 4125 lege
2612 4066 2746 4117 mea,
2784 4065 2939 4120 quam
2966 4048 3083 4102 dedi
3110 4047 3271 4113 vobis,
3310 4054 3368 4099 ut
3410 4042 3647 4097 audiatis
3673 4051 3847 4093 πηρω-

2256 4161 2343 4199 nes
2370 4160 2632 4199 servorum
2673 4159 2905 4198 meorum
2931 4139 3340 4212 Prophetarum,
3375 4153 3503 4209 quos
3528 4150 3626 4213 ego
3655 4132 3767 4188 misi
3789 4125 3851 4181 ad

2255 4255 2347 4293 vos
2370 4238 2435 4292 de
2459 4246 2604 4292 nocte
2631 4252 2963 4310 consurgens,
2994 4245 3042 4289 et
3077 4235 3326 4307 dirigens,
3364 4243 3412 4286 et
3442 4248 3549 4285 non
3590 4224 3803 4285 audistis
3829 4234 3846 4274 :

2255 4331 2394 4385 dabo
2422 4329 2632 4385 domum
2661 4330 2817 4384 istam
2845 4329 2979 4384 sicut
3004 4327 3142 4395 Sila,
3172 4336 3221 4381 et
3247 4326 3423 4381 urbem
3468 4323 3607 4379 hanc
3646 4318 3772 4375 dabo
3794 4316 3840 4368 in

2260 4424 2672 4479 maledictionem
2699 4421 2897 4477 cunctis
2922 4421 3156 4494 gentibus
3208 4428 3380 4475 term.
3428 4418 3490 4472 ltt
3520 4428 3707 4472 nostra
3734 4423 3846 4480 ergo

2260 4518 2492 4588 positum
2526 4524 2610 4572 est
2625 4525 2892 4585 potestate
2910 4516 2994 4570 vel
3020 4514 3204 4571 facere
3217 4512 3370 4587 quid,
3397 4512 3615 4569 velnou
3643 4508 3837 4565 facere;

548 4603 646 4659 illa
674 4603 822 4659 enim
857 4600 997 4656 facta
1028 4610 1111 4654 est
1141 4600 1193 4654 in
1221 4613 1369 4653 anno
1396 4610 1592 4671 quarto
1620 4596 1829 4654 Joacim
1863 4597 1959 4654 lilii
1988 4598 2155 4656 Josim
2182 4584 2239 4644 D
2264 4584 2337 4666 ita
2370 4584 2657 4668 domum
2685 4618 2744 4664 ιιι
2782 4609 3047 4680 quidquid
3077 4608 3205 4666 boni
3232 4584 3428 4675 ingeris
3454 4606 3728 4668 volumus,
3754 4614 3837 4669 ap-

554 4697 698 4768 regis
718 4695 858 4752 Juda
896 4710 908 4747 ξ
945 4692 1063 4748 haec
1092 4702 1275 4749 autem
1308 4691 1361 4746 in
1394 4690 1668 4762 principio
1705 4691 1954 4763 ejusdem
1987 4693 2152 4764 regis,

556 4788 839 4861 Scriptura
871 4788 1090 4844 dicente
1120 4805 1133 4841 :
1168 4785 1231 4840 In
1264 4786 1520 4859 principio
1546 4787 1684 4857 regis
1716 4785 1917 4841 cloacim
1938 4788 2039 4857 ﬁlii
2053 4786 2155 4843 Jo-

560 4886 653 4940 site
698 4886 835 4957 rogis
881 4881 1048 4948 Iuda,
1079 4886 1274 4953 factum
1318 4891 1393 4935 est
1435 4881 1643 4935 verbum
1683 4882 1825 4936 istud
1850 4901 1882 4938 a
1912 4880 2156 4940 Domino.

562 4975 678 5031 Non
701 4975 867 5046 igitur
890 4974 965 5046 (ut
991 4974 1269 5045 saepeiam
1295 4971 1561 5044 diximus)
1589 4973 1640 5028 in
1668 4970 1960 5043 Pmpltetis
1986 4976 2161 5033 histo-

563 5070 662 5127 rice
702 5067 840 5124 ordo
886 5066 1152 5124 tuendus
1183 5075 1304 5133 Cat,
1356 5081 1481 5123 cum
1525 5066 1577 5122 in
1607 5068 2023 5138 praesentiarum
2056 5070 2161 5127 sub

557 5160 754 5218 eodem
787 5174 916 5229 rege
962 5159 1142 5230 priora
1189 5170 1375 5233 postea
1407 5202 1420 5226 ,
1453 5167 1509 5216 et
1544 5160 1853 5232 posteriora
1900 5172 2029 5218 ante
2072 5160 2157 5219 di-

558 5250 774 5313 cantur.
827 5251 931 5327 ριιὶ
974 5263 1158 5309 autem
1212 5253 1434 5310 verbum
1481 5253 1729 5312 dicturus
1779 5268 1865 5313 est
1913 5256 2153 5327 Domini,

550 5348 715 5407 debet
757 5348 904 5404 stare
940 5362 1065 5405 cum
1100 5346 1284 5417 Moyse
1330 5345 1509 5409 (Deut.
1564 5348 1644 5419 v),
1688 5362 1745 5406 et
1782 5350 1980 5407 audire
2029 5367 2155 5407 ουηδ

555 5443 843 5498 Psalmista
873 5459 888 5495 :
936 5441 1042 5509 Qui
1093 5440 1242 5494 statis
1269 5441 1325 5493 in
1345 5440 1501 5495 domo
1544 5439 1774 5511 Domini,
1805 5444 1858 5499 in
1886 5445 2037 5499 atriis
2062 5446 2157 5501 da-

550 5550 666 5588 mus
696 5530 794 5589 Dei
824 5534 989 5588 nostri
1022 5530 1200 5607 (Paul.
1232 5544 1467 5599 cxsnv,
1494 5532 1575 5605 2).
1617 5533 1683 5593 Et
1723 5536 2041 5609 praccipitur
2076 5538 2155 5596 illi

554 5754 559 5763 ι
629 5752 655 5778 ι
686 5742 889 5821 vocem
910 5746 1007 5821 ira
1036 5745 1255 5813 supplet
1284 5743 1531 5800 Volilmn.
1583 5743 1851 5799 llebraico
1881 5752 2032 5801 textu
2060 5760 2149 5802 as-

562 5820 855 5877 sentiente,
883 5820 986 5875 ’ωκ
1009 5822 1126 5902 rm
1163 5821 1342 5878 nam.

2261 4705 2520 4774 petimus,
2551 4702 2859 4775 capiemus,
2900 4700 2968 4756 ad
3001 4701 3096 4755 Dei
3136 4702 3373 4771 gratiam
3401 4696 3731 4759 referamus,
3760 4688 3839 4761 qui

2258 4797 2411 4866 juxta
2443 4794 2765 4865 Apostolum
2815 4793 2966 4850 dedit
3009 4791 3166 4849 nobis
3212 4801 3267 4847 ct
3299 4793 3462 4858 velle,
3495 4800 3549 4846 et
3592 4786 3835 4860 perlicere

2269 4888 2441 4962 (Phil.
2474 4890 2554 4960 ιι).
2587 4886 2681 4946 Sin
2704 4899 2884 4945 autem
2908 4886 3109 4943 suitieit
3133 4886 3303 4943 semel
3328 4885 3621 4942 ambula-re
3640 4885 3694 4938 in
3721 4881 3839 4948 lege.

2267 4999 2391 5055 qua:
2423 4982 2582 5037 nobis
2627 4983 2753 5037 data
2795 4992 2878 5038 est
2923 4997 3021 5052 per
3049 4982 3297 5053 Moysen,
3342 4988 3403 5034 ut
3444 4979 3614 5035 stulta
3648 4971 3847 5032 heresi!

2270 5074 2603 5148 suspicatur,
2638 5072 2916 5149 quomodo
2947 5072 3155 5129 addidit
3184 5091 3198 5130 ;
3240 5071 3309 5128 Ut
3355 5072 3583 5128 audiatis
3612 5077 3842 5129 scrutanti

2261 5186 2522 5225 servarunt
2543 5185 2773 5222 meorum
2799 5164 3526 5236 Prophetaruanuiutique
3549 5175 3675 5235 post
3696 5163 3841 5231 lges:

2266 5261 2416 5316 missi
2445 5270 2592 5327 sunt,
2622 5268 2679 5315 et
2707 5274 2813 5315 non
2842 5259 3033 5321 πως-ι,
3052 5258 3145 5313 sed
3174 5258 3494 5329 lrequemer
3526 5275 3541 5312 :
3567 5272 3673 5313 nec
3698 5257 3844 5310 otiose
3946 5292 3947 5343 ἦ

2261 5364 2317 5411 et
2354 5370 2385 5409 a
2409 5368 2629 5415 securo,
2660 5353 2755 5408 sed
2780 5367 2997 5422 semper
3025 5362 3081 5407 et
3120 5370 3147 5404 η
3180 5351 3443 5407 sollicito.
3476 5349 3605 5406 Misi
3624 5394 3640 5417 ,
3670 5343 3840 5416 inquit.

2261 5450 2430 5504 advas
2454 5463 2627 5502 servos
2651 5462 2792 5502 meas
2830 5444 3123 5512 Prophetas
3137 5445 3387 5513 quotidie,
3411 5452 3458 5498 et
3481 5444 3547 5498 de
3572 5453 3720 5498 nocte
3742 5452 3842 5493 can-

2260 5556 2477 5613 m‘gm
2507 5558 2521 5594 :
2552 5555 2691 5611 quos
2720 5539 2768 5595 si
2794 5539 2983 5595 audire
3007 5538 3316 5603 nolueritis,
3351 5536 3499 5592 dabo
3530 5534 3750 5592 domum
3783 5528 3837 5583 is-

2267 5802 2277 5814 ,
2338 5747 2362 5784 ι’
2390 5747 2733 5804 chinuins
2762 5750 2818 5803 lu
2848 5746 3050 5813 Vatia,
3085 5744 3357 5815 superiore
3380 5754 3463 5799 est
3491 5743 3641 5817 prior
