3972 6394
188 389 293 446 διδ

681 385 1331 446 COMMENTARIORUM
1372 384 1437 445 IN
1477 386 1830 446 JEREMIAM
1870 378 2293 445 PROPHETAM
2334 378 2463 443 LIB.
2512 386 2573 442 V.
2614 386 2772 445 CAP.
2814 388 3007 446 XXVI.

3388 390 3494 452 846

188 514 322 574 tam,
348 503 452 563 hoc
472 515 582 572 est,
605 505 868 576 templum
892 505 990 562 Dei
1013 504 1153 561 sicut
1188 503 1331 573 Sile,
1352 503 1445 560 ubi
1477 503 1577 561 fuit
1598 502 1773 560 taber-
1813 505 1862 568 Α
1891 511 2066 567 erant,
2101 501 2454 559 sacerdotum
2482 511 2536 559 et
2574 502 3184 574 pseudopropbctarum
3208 504 3502 564 calumnia:

186 597 472 656 naculum.
504 596 751 670 Cumque
781 598 1041 668 templum
1071 598 1408 654 destructum:
1439 596 1625 664 fuerit,
1655 611 1788 651 ceu-

188 700 486 765 sequenter
511 699 568 747 et
601 692 792 747 civitas
831 691 941 747 erit
990 690 1044 747 in
1094 690 1535 746 maledictionem
1579 689 1791 746 cunctis

1891 595 2249 653 resistebant.

1963 688 2148 763 (Vers.
2184 691 2301 756 il.)
2333 690 2400 745 Et
2442 688 2603 746 locuti
2640 700 2762 745 sunt
2802 692 3096 746 sacerdotes
3139 700 3184 745 et
3229 693 3498 763 prophetae

189 785 445 858 gentibus
465 794 649 842 terrm.
671 784 1027 841 Sicutautem
1044 794 1333 840 exstructo
1354 783 1562 853 templo
1584 782 1639 839 itt
1661 796 1789 837 ares
1893 780 1963 833 ad
1991 781 2270 852 principes,
2303 793 2354 837 et
2402 783 2472 837 ad
2494 799 2699 837 omnem
2728 784 2983 856 populum
3029 784 3251 839 dicentes
3283 800 3302 839 :
3334 783 3498 839 Judi-

190 883 376 948 Orum,
410 890 468 937 et
496 881 550 936 in
598 889 784 937 monte
816 878 1015 945 Maria,
1049 880 1151 937 hoc
1178 886 1287 947 est,
1328 877 1563 944 visionis,
1596 876 1654 933 in
1681 890 1791 947 quo
1894 874 2031 927 ciunt
2055 875 2232 929 mortis
2271 885 2347 929 est
2376 876 2487 930 uiro
2514 875 2640 931 huic
2666 892 2685 931 :
2725 877 2851 942 quia
2884 875 3212 949 prophetarit
3250 879 3501 936 adversus

188 972 465 1030 Abraham
500 972 670 1027 lilium
702 987 861 1028 suum
895 970 1046 1028 Isaac
1072 970 1342 1028 obtulisse
1370 976 1647 1036 narratur,
1669 981 1793 1025 ces-

188 1064 333 1121 sarit
361 1064 554 1136 religio
577 1062 714 1131 Silo,
760 1078 862 1120 nec
898 1074 1090 1135 postea
1122 1063 1202 1120 ibi
1238 1073 1368 1118 sunt
1396 1062 1677 1119 celebrata
1704 1076 1791 1117 sa-

189 1156 394 1216 criﬁcia
424 1173 444 1213 :
471 1156 554 1213 sic
579 1164 856 1213 exstructa
906 1154 1149 1212 Ecclesia
1172 1196 1187 1221 ,
1229 1164 1286 1211 et
1327 1153 1709 1225 spiritualibus
1742 1153 1798 1208 in

186 1267 256 1311 ea
294 1249 533 1309 victimis
560 1249 883 1318 immolatis,
928 1256 1221 1307 cessarunt
1259 1247 1423 1319 Legis
1451 1246 1798 1306 caeremonia:

190 1341 263 1415 (ll
291 1337 423 1399 Par.
456 1340 570 1413 ut);
602 1351 658 1397 et
685 1339 812 1399 data
842 1350 928 1397 est
955 1341 1085 1397 urbs
1110 1340 1424 1397 Judteerum
1453 1339 1510 1395 in
1538 1338 1803 1395 maledic-

189 1436 398 1492 tionem
425 1433 638 1490 cunctis
659 1431 913 1505 gentibus
938 1426 1047 1505 [ΑΙ.
1075 1430 1322 1506 regibus]
1350 1438 1511 1489 terra:
1544 1449 1557 1484 :
1601 1429 1670 1486 de
1694 1444 1800 1501 qua

192 1543 300 1587 nos
327 1526 596 1585 Dominus
638 1524 915 1590 liberavit,
957 1523 1178 1581 dicente
1213 1523 1525 1594 Apostolo:
1563 1522 1802 1578 Christus

189 1620 410 1680 redemit
456 1635 551 1676 nos
589 1617 655 1673 de
699 1617 1065 1674 maledictione
1111 1616 1284 1691 Legis,
1316 1620 1487 1689 [actus
1535 1633 1630 1687 pro
1656 1614 1802 1671 nobis

196 1714 503 1772 maledictio
534 1710 682 1779 (Gal.
708 1727 767 1768 tu
785 1753 800 1780 ,
829 1710 938 1784 l5).

274 1806 457 1879 (Vers.
488 1803 633 1877 7—9.)
674 1802 743 1860 Et
774 1804 1050 1860 audierunt
1088 1802 1412 1869 sacerdotes,
1454 1811 1503 1858 et
1537 1800 1806 1873 propheta:

1897 968 2152 1024 deitatem
2177 970 2352 1037 istam,
2375 972 2505 1025 sicut
2533 971 2759 1026 audistis
2779 972 2994 1026 auribus
3038 974 3242 1027 vestris.
3283 972 3496 1029 Seden-

1895 1061 2046 1117 tibus
2069 1061 2218 1119 urbis
2249 1063 2591 1135 principibus
2632 1062 2690 1119 in
2734 1076 2896 1134 porta
2932 1065 3121 1136 templi
3148 1074 3204 1121 et
3240 1066 3294 1121 in
3342 1078 3498 1137 porta

1900 1169 2062 1219 nova,
2088 1155 2181 1225 qui
2208 1154 2282 1211 de
2311 1157 2459 1227 regis
2484 1155 2689 1226 palatio
2725 1156 2792 1212 ad
2823 1157 3084 1228 templum
3114 1168 3503 1224 cucurrerant,

1903 1255 1962 1302 ut
1988 1247 2187 1304 seditio
2219 1247 2405 1319 pepuli
2434 1248 2745 1316 sedaretur,
2784 1259 2838 1304 et
2861 1251 3129 1306 concione
3160 1254 3345 1322 populi
3375 1268 3504 1308 con-

1900 1350 2164 1411 gregata,
2216 1351 2480 1399 accusant
2526 1341 2850 1397 sacerdotes
2900 1351 2958 1399 et
3012 1343 3511 1415 pseudoprophette

1902 1432 2196 1488 leremiam
2233 1451 2247 1488 :
2279 1433 2632 1505 perieratque
2663 1434 2965 1506 Propheta,
3004 1448 3271 1508 quantum
3318 1438 3419 1493 fuit
3458 1441 3511 1494 in

1902 1523 2282 1581 sacerdotibus
2310 1533 2370 1583 et
2422 1525 2731 1596 prophetis,
2783 1526 2830 1582 si
2877 1537 3229 1585 accusatores
3277 1529 3377 1601 ipsi
3412 1530 3517 1586 hac

1906 1617 2154 1674 buissent
2177 1619 2375 1689 judicii
2405 1630 2756 1689 petestatem.
2779 1622 2863 1678 Ex
2877 1638 2986 1693 quo
3003 1624 3365 1696 intelligimus
3384 1640 3513 1682 cru-

1907 1709 2146 1767 deliores
2182 1708 2354 1768 fuisse
2384 1712 2439 1767 in
2469 1711 2798 1789 Prophetam
2826 1730 2924 1785 per
2952 1715 3213 1771 invidiam
3241 1718 3515 1774 sanctita-

1911 1801 2001 1869 tis,
2027 1803 2122 1875 qui
2147 1803 2400 1876 religioni
2431 1804 2757 1863 videbantur
2788 1806 2984 1875 dediti,
3004 1824 3170 1878 quam
3201 1810 3294 1881 qui
3325 1826 3516 1868 ncces-

192 1900 337 1971 (sive
361 1895 871 1973 pseudOprOphette),
902 1904 949 1952 et
971 1896 1140 1952 omnis
1162 1896 1390 1965 populus
1407 1892 1694 1951 leremiam
1723 1892 1806 1948 lo-
1838 1902 1881 1964 Β
1910 1893 2161 1950 sitatibus
2196 1895 2427 1963 publicis
2458 1907 2755 1967 praeerant.

193 2002 436 2065 ostentem
462 1991 613 2047 verba
646 1993 756 2045 Itwc
782 1989 836 2046 in
865 1990 1016 2044 domo
1037 1986 1271 2044 Domini.
1301 1981 1531 2059 conque
1558 1986 1810 2058 comples-

198 2095 275 2142 set
301 2083 559 2142 Jeremias
590 2082 806 2156 loquens
847 2082 1019 2137 omnia
1046 2096 1164 2153 ante
1191 2090 1513 2153 prwceperat
1551 2080 1597 2135 ei
1626 2079 1811 2135 Domi—

197 2195 300 2233 nus
329 2187 383 2233 ut
408 2175 707 2248 loqueretur
733 2173 803 2229 ad
825 2175 1119 2230 uniuersum
1152 2174 1428 2244 populum,
1452 2171 1810 2246 apprehende-

194 2281 320 2327 rnnt
348 2286 470 2326 eum
505 2269 798 2325 sacerdotes
827 2279 871 2323 et
903 2266 1168 2339 propheta:
1201 2266 1342 2338 (sive
1383 2265 1812 2337 pseudopmplte-

198 2360 316 2434 ιω),
344 2371 390 2415 et
421 2361 585 2418 omnis
619 2361 866 2432 populus,
904 2359 1082 2415 dicens
1113 2375 1133 2415 :
1169 2356 1337 2417 Morte
1361 2359 1614 2412 moriatur
1645 2373 1664 2412 :
1690 2358 1813 2429 quia

204 2455 396 2530 (Vulg.
446 2453 630 2528 quare]
671 2454 996 2528 prophetarit
1034 2453 1243 2509 nomine
1285 2450 1522 2518 Domini,
1586 2453 1763 2508 dicens
1793 2469 1812 2507 :

204 2549 357 2607 Sicut
395 2549 511 2605 Silo
537 2550 633 2604 erit
658 2548 843 2604 domus
876 2547 985 2605 lucc
1016 2557 1061 2602 et
1092 2549 1217 2602 urbs
1244 2547 1344 2602 ista
1374 2544 1720 2609 desolabitur,
1749 2562 1813 2600 eo

202 2642 350 2717 quod
368 2659 471 2697 non
492 2642 557 2697 sit
588 2641 871 2699 habitator.
897 2642 1247 2707 Sacerdotes,
1278 2650 1330 2695 et
1349 2639 1652 2710 propltct.t-,
1679 2655 1815 2709 quos

202 2736 724 2813 pscudeprophctas
788 2735 1135 2793 manifestius
1196 2734 1340 2791 LXX
1392 2735 1814 2802 transtulerunt,

203 2832 525 2888 irascuntur
556 2828 831 2895 Jeremiar,
864 2828 1010 2901 quod
1036 2843 1159 2885 vera
1187 2827 1473 2900 praedicat,
1503 2837 1561 2883 et
1584 2828 1819 2884 subver-

204 2940 269 2983 so
293 2924 550 2997 Temple,
579 2932 634 2980 et
659 2922 880 2979 civitate
910 2921 1160 2989 deserta,
1200 2923 1275 2978 sit
1311 2920 1550 2992 peritura
1596 2919 1816 2992 religio,

205 3027 265 3077 et
302 3017 455 3078 lucra
500 3032 569 3076 ex
611 3017 875 3089 religione
906 3015 1215 3084 venientia;
1260 3016 1469 3073 idcirco
1507 3015 1817 3086 appreheno

206 3111 349 3168 dunt
376 3125 529 3179 eum,
560 3119 618 3165 ct
654 3111 1033 3166 consentiente
1063 3108 1166 3166 sibi
1194 3109 1422 3180 populo,
1449 3108 1612 3164 morti
1648 3106 1822 3162 desti-

1982 1985 2164 2057 (Vers.
2200 1988 2268 2043 l2
2296 1989 2479 2060 seqq.)
2519 1988 2589 2045 Et
2615 1991 2693 2045 ait
2712 1989 2972 2048 Jeremias
3001 1993 3070 2047 ad
3104 2004 3282 2049 omnes
3306 1995 3507 2066 princi-

1913 2094 2024 2148 pes,
2053 2088 2100 2134 et
2122 2080 2191 2133 ad
2217 2079 2512 2136 uniuersum
2533 2081 2809 2155 populum,
2843 2084 3021 2141 dicens
3049 2101 3067 2140 :
3091 2084 3346 2140 Dominus
3368 2087 3518 2141 misit

1913 2190 2014 2240 me,
2047 2183 2101 2228 ut
2129 2178 2494 2247 prepltetarem
2537 2178 2608 2232 ad
2654 2178 2865 2233 domum
2904 2178 3046 2252 (sive
3082 2192 3237 2253 super
3276 2180 3517 2252 domum)

1909 2270 2086 2339 istaut,
2111 2281 2159 2326 et
2188 2270 2258 2325 ad
2280 2272 2540 2328 civitatem
2578 2271 2720 2345 (sive
2745 2288 2900 2345 lttpet‘
2928 2274 3208 2348 civitatem)
3242 2278 3376 2331 hanc
3404 2291 3516 2331 ωηο

1912 2363 2001 2417 nia
2024 2364 2174 2418 verba
2199 2380 2315 2435 qua:
2352 2364 2600 2420 audistis.
2649 2363 2810 2421 Nune
2845 2382 2968 2437 ergo
3007 2366 3172 2421 bonas
3205 2368 3363 2438 facite
3409 2368 3520 2422 vias

1914 2464 2108 2514 vestras
2133 2467 2180 2511 et
2206 2459 2386 2513 studia
2413 2470 2601 2527 vestra,
2637 2470 2688 2515 et
2721 2461 2902 2515 audite
2941 2478 3117 2516 vocem
3161 2460 3379 2518 Domini
3425 2462 3519 2517 Det

1913 2551 2089 2618 vestri,
2119 2561 2169 2605 et
2216 2551 2476 2620 paenitebit
2514 2550 2803 2609 Dominum
2850 2552 2979 2608 mali
3022 2554 3160 2624 quod
3197 2552 3405 2609 locutus
3443 2566 3520 2610 est

1916 2644 2187 2700 aduersum
2216 2661 2303 2700 vos
2325 2647 2469 2716 (sive
2495 2646 2710 2720 1028
2736 2656 2786 2702 et
2803 2649 3026 2719 quiescet
3072 2647 3330 2705 Dominus
3351 2667 3384 2704 a
3406 2668 3493 2705 ma
3508 2680 3525 2692 -

1919 2741 1985 2796 lis
2011 2757 2127 2812 qua
2148 2739 2353 2796 locutus
2384 2752 2455 2795 est
2485 2754 2669 2797 contra
2697 2743 2832 2812 vos).
2863 2741 2975 2815 Ego
3002 2753 3172 2799 autem
3196 2761 3312 2813 ecce
3341 2744 3393 2798 in
3412 2761 3526 2799 tua-

1920 2834 2070 2887 nibus
2096 2833 2275 2890 t'estrt's
2302 2851 2418 2890 sum
2450 2850 2467 2889 :
2495 2836 2652 2907 facite
2674 2836 2875 2891 miltiut
2909 2836 3098 2892 bonum
3125 2847 3173 2893 et
3218 2850 3414 2894 rectum
3443 2849 3520 2894 est

1915 2923 1971 2977 in
2006 2924 2172 2979 oculis
2200 2926 2380 2980 uestris
2406 2924 2561 2995 '(.ire
2587 2936 2640 2981 ut
2667 2929 2877 2996 expedit
2920 2929 3105 2998 vobis).
3150 2928 3511 2986 Ver-ammonet:

1921 3015 2100 3073 scitote
2124 3026 2173 3070 et
2200 3017 2515 3090 cognoscite,
2542 3018 2680 3087 quod
2700 3021 2747 3074 si
2777 3020 3073 3077 occideritis
3090 3038 3191 3089 nte,
3212 3024 3523 3095 sanguinem

1922 3106 2248 3164 innocentem
2271 3110 2489 3165 tradetis
2516 3119 2697 3165 contra
2722 3114 3074 3184 vosmetipsos,
3104 3125 3153 3170 et
3194 3129 3375 3171 contra
3401 3119 3529 3173 ciui—

206 3215 348 3264 nant
378 3222 392 3259 :
426 3217 595 3275 quare
623 3201 828 3260 dixerit
871 3201 926 3259 in
973 3200 1201 3256 nomine
1254 3200 1494 3266 Domini,
1540 3199 1672 3254 sicut
1703 3197 1820 3255 Silo
1924 3208 2082 3255 tatem
2104 3200 2280 3265 istam,
2308 3210 2355 3255 et
2377 3201 2697 3258 habitatores
2717 3207 2851 3277 ejus.
2881 3203 2950 3258 In
2979 3208 3194 3262 ueritate
3223 3210 3363 3263 enim
3389 3211 3530 3264 misit

206 3296 315 3353 erit
363 3296 549 3352 domus
596 3294 726 3363 lateo,
771 3302 818 3352 et
849 3292 969 3351 urbs
994 3291 1339 3359 desolabitur,
1370 3309 1429 3348 eo
1456 3293 1597 3364 quod
1621 3308 1723 3347 non
1747 3293 1816 3348 sit
1842 3288 1889 3352 C
1920 3310 1998 3349 me
2022 3293 2272 3350 Dominus
2296 3294 2365 3350 ad
2386 3311 2495 3364 vos,
2524 3305 2578 3351 ut
2597 3297 2832 3367 loquerer
2856 3298 2911 3353 in
2926 3300 3143 3354 auribus
3161 3303 3339 3355 vestris
3353 3303 3528 3356 omnia

206 3387 497 3447 habitator.
528 3388 585 3442 Si
615 3386 833 3458 «(ualido
860 3387 1026 3459 igitur
1059 3396 1284 3457 propter
1313 3384 1571 3443 mandata
1608 3385 1818 3458 10a,
1923 3386 2076 3443 verba
2094 3388 2224 3443 Istuc.
2256 3387 2393 3445 Cum
2423 3401 2691 3460 praesente
2716 3392 2940 3462 populo,
2980 3395 3238 3450 sederent
3271 3397 3326 3452 in
3370 3406 3527 3464 porta

208 3483 463 3549 Domini,
510 3491 566 3540 et
597 3481 723 3539 lidei
774 3483 1088 3550 veritatem,
1132 3482 1219 3536 vel
1264 3480 1586 3543 sacerdotes
1635 3481 1819 3546 nobis,

207 3582 305 3641 vel
338 3580 857 3654 pseudoprephctae,
886 3580 970 3635 vel
990 3578 1258 3651 deceptus
1284 3576 1817 3649 pepulusirascitur,

210 3693 332 3738 non
365 3690 699 3747 magnepcre
737 3689 995 3732 curemus
1021 3690 1036 3739 ;
1067 3672 1165 3731 sed
1203 3686 1573 3743 exsequamur
1599 3677 1823 3727 senten-

215 3773 358 3831 tiam
396 3771 513 3838 Dei,
546 3784 893 3842 nequaquam
946 3768 1243 3840 praesentia
1288 3767 1454 3835 mala,
1506 3764 1604 3822 sed
1645 3764 1825 3820 futura

213 3865 367 3925 bona
399 3862 584 3920 animo
609 3862 940 3933 cogitantes.

293 3955 484 4030 (Vers.
521 3954 634 4025 10.)
665 3952 732 4012 Et
763 3962 1108 4027 congregatus
1147 3961 1224 4009 est
1270 3951 1438 4007 entnis
1464 3948 1695 4022 papulas
1732 3948 1833 4003 ad-

215 4065 407 4110 versus
457 4046 738 4104 Ieremia»:
787 4048 841 4103 in
885 4047 1098 4103 domum
1146 4044 1390 4111 Domini,
1450 4053 1497 4101 et
1549 4042 1829 4099 audierunt

215 4143 490 4220 principes
516 4141 549 4196 J
556 4141 665 4197 uda
683 4141 836 4197 verba
867 4142 998 4209 (rrec,
1024 4149 1070 4196 et
1091 4139 1431 4195 ascenderunt
1462 4137 1527 4192 de
1566 4139 1722 4192 domo
1747 4153 1831 4192 rs-

215 4239 303 4312 gis
338 4236 392 4292 in
421 4235 636 4293 domum
678 4234 913 4300 Domini,
964 4242 1015 4291 et
1058 4235 1309 4288 sederunt
1337 4233 1389 4286 in
1422 4232 1638 4286 introitu
1667 4238 1832 4303 porto:

218 4330 444 4390 Domini
463 4328 648 4404 [Vulg.
674 4330 859 4386 domus
886 4325 1290 4400 Doutinipsorw.
1313 4324 1584 4380 Jeremias
1611 4323 1666 4379 io
1690 4332 1832 4378 tem-

217 4424 320 4497 ple
351 4418 567 4480 Domini
602 4421 769 4477 verba
802 4418 1191 4491 propltetabat,
1225 4425 1284 4473 et
1310 4416 1528 4472 dixerat
1571 4432 1585 4468 :
1621 4423 1648 4453 ι
1681 4413 1834 4469 Dabo

218 4517 442 4574 domum
470 4515 648 4579 istam,
681 4516 817 4569 sicut
847 4512 988 4579 Silo,
1017 4521 1068 4566 et
1096 4510 1269 4567 urbem
1305 4507 1442 4565 Itane
1486 4509 1543 4562 in
1589 4507 1836 4563 maledic-

223 4609 432 4665 tionem
461 4605 595 4663 dabo
625 4606 823 4663 cunctis
862 4605 1098 4676 gentibus
1130 4615 1312 4668 terra;
1355 4602 1652 4672 statimque
1681 4615 1713 4655 a
1750 4615 1839 4654 sa-

1919 3481 2157 3537 civitatis
2188 3482 2486 3553 principes,
2516 3492 2574 3539 et
2596 3495 2923 3540 accusarent
2952 3486 3273 3542 sacerdotes
3303 3496 3359 3546 ct
3396 3502 3552 3560 pre-g

1924 3573 2100 3643 phette
2124 3574 2418 3630 Jeremiatn
2443 3576 2792 3645 prophetam,
2821 3585 2877 3631 et
2900 3578 3095 3633 mortis
3117 3580 3324 3635 crimen
3352 3580 3531 3634 inten-

1924 3666 2144 3733 dcrent,
2196 3668 2467 3724 Jeretnias
2503 3668 2571 3724 ad
2611 3669 2889 3740 principes
2912 3670 3186 3743 loquitur,
3218 3680 3276 3727 et
3303 3672 3374 3726 sd
3405 3674 3527 3727 uni-

1926 3775 2149 3818 versum
2193 3761 2481 3833 populum,
2526 3777 2664 3833 quos
2706 3765 3055 3820 sacerdotum
3098 3771 3156 3820 et
3182 3766 3530 3836 pseudopro-

1922 3853 2214 3925 phetarum
2247 3853 2413 3911 lectio
2441 3856 2840 3923 concitaverat,
2887 3857 3190 3927 prudenter
3228 3860 3436 3930 pariter
3467 3870 3525 3915 et

1928 3944 2214 4004 humiliter
2248 3958 2411 4018 atque
2444 3959 2790 4006 constanter.
2832 3950 3163 4017 Prudenter,
3192 3954 3336 4022 quod
3367 3970 3398 4007 a
3426 3953 3536 4008 De-

1930 4040 2081 4094 mino
2114 4038 2341 4095 missum
2369 4055 2494 4097 esse
2519 4055 2580 4098 se
2605 4041 2839 4108 diceret,
2870 4053 2929 4098 ut
2961 4054 3153 4097 contra
3187 4048 3446 4114 templum
3474 4053 3532 4100 et

1931 4130 2206 4189 civitatem
2237 4132 2584 4203 loqueretur,
2632 4133 2899 4205 daretque
2942 4136 3259 4204 consilium,
3303 4137 3450 4206 quod
3482 4141 3528 4194 si

1931 4224 2053 4295 ejus
2081 4224 2282 4282 vellent
2308 4225 2500 4282 audire
2524 4227 2840 4294 consilium,
2862 4238 2918 4284 et
2935 4245 3097 4302 agere
3125 4231 3529 4300 pmaitentiam,

1934 4319 2198 4377 Dominus
2226 4336 2444 4391 quoque
2473 4336 2626 4375 suam
2659 4321 2991 4377 sententiam
3014 4332 3403 4379 ctmnnutaret.
3431 4323 3535 4381 llu-

1935 4413 2139 4470 militer
2158 4424 2342 4470 autem
2371 4415 2423 4471 in
2456 4431 2524 4471 eo
2547 4414 2692 4486 quod
2722 4415 2797 4470 ait
2823 4433 2835 4468 :
2864 4414 3001 4470 Ecce
3019 4416 3072 4471 in
3095 4417 3335 4471 manibus
3355 4420 3537 4473 vestris

1938 4523 2051 4561 sum
2084 4523 2104 4563 :
2140 4507 2299 4576 facite
2329 4505 2455 4561 mihi
2487 4514 2539 4561 ut
2566 4507 2754 4564 bonum
2803 4519 2850 4563 et
2897 4519 3095 4565 rectum
3133 4518 3208 4564 est
3264 4512 3318 4564 in
3370 4513 3537 4566 oculis

1940 4598 2138 4655 uestris.
2171 4598 2341 4654 Porro
2362 4606 2679 4655 constanter
2712 4617 2725 4655 :
2758 4596 2827 4652 In
2847 4600 3063 4655 veritate
3083 4601 3225 4655 misit
3251 4618 3330 4655 me
3351 4600 3537 4655 Domi-

221 4698 557 4760 ccrdotibus
580 4706 636 4755 et
667 4696 956 4769 prophetis
987 4705 1046 4755 et
1073 4694 1274 4767 populo
1294 4693 1562 4752 seditione
1589 4706 1835 4749 cum
1864 4683 1919 4747 Β
1944 4708 2042 4747 nus
2062 4691 2132 4746 ad
2157 4706 2264 4757 vos,
2304 4699 2356 4746 ut
2383 4688 2618 4763 loquerer
2654 4692 2709 4746 in
2731 4693 2949 4747 auribus
2983 4694 3164 4749 uestris
3194 4696 3367 4749 omnia
3388 4695 3541 4750 verba

227 4803 281 4851 ta
295 4836 310 4861 ,
346 4806 511 4850 omne
533 4792 729 4864 vulgus
750 4791 1017 4848 adversus
1036 4789 1370 4859 Prepbetam
1400 4795 1764 4859 congregatur
1784 4785 1839 4841 in

226 4886 547 4957 Templum.
580 4885 676 4942 ubi
721 4894 847 4942 erat
894 4882 1189 4955 Propheta,
1241 4890 1294 4937 et
1350 4880 1727 4945 sacerdotum,
1777 4894 1843 4935 ac

228 4979 635 5053 prophetarum
685 4976 948 5050 vulgique
1015 4974 1271 5033 utanibus
1321 4973 1630 5030 tenebatur.
1685 4971 1844 5040 Quod

227 5087 366 5131 cum
391 5071 674 5131 audissent
697 5069 975 5142 principes
1001 5068 1267 5133 civitatis,
1295 5066 1389 5136 qui
1413 5068 1465 5121 in
1494 5066 1663 5121 domo
1693 5066 1844 5136 regia

232 5166 630 5233 versabantur,
664 5164 1025 5229 transierunt,
1067 5161 1184 5219 sive
1210 5159 1560 5216 ascenderunt
1585 5159 1651 5213 de
1688 5158 1844 5213 domo

230 5259 380 5335 regis
408 5259 464 5314 in
489 5257 703 5315 domum
729 5255 963 5313 Domini.
1005 5253 1443 5323 Nomadumque,
1482 5249 1635 5321 quod
1666 5252 1747 5308 ire
1776 5249 1844 5304 ad

1944 4785 2073 4840 Ita’c.
2126 4783 2371 4854 Aliisttte
2417 4784 2764 4841 sermonibus
2818 4786 3098 4856 loqu-itur:
3135 4787 3191 4845 Si
3240 4787 3541 4844 irascimini

1943 4876 2088 4947 quod
2137 4876 2245 4950 (At.
2294 4876 2415 4951 cur]
2462 4889 2653 4934 contra
2708 4880 2967 4950 templum
3010 4887 3067 4935 et
3102 4880 3295 4937 urbem
3326 4880 3542 4937 Domini

1943 4968 2045 5024 sim
2072 4972 2303 5036 locutus,
2335 4977 2563 5026 etcurru
2583 4969 2736 5027 vobis
2762 4982 2845 5026 est
2872 4970 3019 5025 salus
3050 4970 3195 5027 urbis
3222 4981 3280 5028 et
3311 4972 3500 5041 templi
3529 4991 3541 5025 :

1944 5076 2042 5120 cur
2069 5062 2280 5133 augetis
2321 5070 2539 5132 peccata
2574 5063 2835 5133 peccatis,
2884 5071 2938 5118 et
2967 5064 3249 5136 sanguinis
3277 5066 3385 5120 mei
3434 5073 3544 5121 tam

1945 5156 2136 5215 urbem
2167 5171 2327 5227 quam
2344 5155 2679 5213 habitatores
2695 5155 2816 5227 ejus
2848 5170 2972 5213 reos
2997 5156 3216 5213 facitis?
3242 5160 3297 5215 Si
3329 5157 3548 5229 quando

1947 5247 2115 5321 igitur
2142 5258 2193 5307 et
2224 5247 2379 5305 nobis
2409 5264 2507 5319 pre
2535 5250 2805 5306 necessita
2817 5250 2885 5305 tis
2911 5253 3198 5321 angustiis,
3246 5251 3554 5307 humilitate

232 5352 464 5412 deruunt
499 5353 733 5417 Domini,
761 5365 981 5422 semper
1007 5363 1270 5408 ascensus
1300 5348 1390 5403 sit.
1413 5345 1847 5414 Sederuntquein
1953 5358 2093 5414 opus
2131 5352 2215 5400 est
2241 5362 2254 5398 :
2287 5343 2366 5398 sic
2391 5358 2510 5399 eam
2538 5356 2905 5412 assumamug
2935 5358 3003 5398 ne
3028 5346 3313 5398 veritatem
3341 5355 3391 5397 et
3422 5358 3555 5397 ceu»

237 5448 469 5505 introitu
518 5457 680 5520 porta:
724 5445 935 5506 Domini
986 5460 1148 5500 novre.
1184 5442 1497 5512 Principum
1539 5443 1686 5498 enim
1731 5449 1854 5496 erat
1952 5435 2207 5491 stantiam
2240 5433 2577 5490 deseramus.
2608 5432 2766 5489 Aliud
2805 5444 2889 5489 est
2928 5433 3075 5488 enim
3106 5433 3339 5504 superbe
3365 5445 3560 5490 centu-

237 5537 489 5594 ol‘licium
530 5536 723 5597 sedere
768 5537 826 5596 in
864 5544 1019 5609 porta
1051 5537 1247 5594 demus
1282 5534 1517 5597 Domini,
1545 5543 1603 5590 et
1648 5533 1722 5588 ibi
1751 5548 1851 5588 ne-
1955 5528 2172 5586 meliam
2204 5527 2384 5585 facere
2405 5526 2695 5598 iudicanti,
2736 5525 2879 5596 quod
2910 5525 3124 5595 signum
3147 5526 3397 5581 stultitiae
3421 5532 3507 5583 est
3541 5545 3555 5582 ε

237 5633 378 5706 gotii
410 5642 466 5689 et
489 5632 780 5689 seditionis
801 5646 1136 5704 cognoscere
1154 5629 1463 5685 veritatem.
1488 5625 1638 5685 Nova
1666 5636 1847 5683 autem

241 5732 408 5799 porta
428 5723 656 5793 dicitur,
680 5726 807 5801 quia
832 5725 923 5801 qui
950 5723 1218 5781 sedebant
1242 5723 1293 5776 in
1317 5736 1377 5777 ρει
1400 5728 1461 5780 et
1478 5718 1688 5794 judicio
1714 5734 1872 5812 pref

332 5916 358 5945 ⁸
400 5908 639 5966 Verbum
670 5906 805 5963 dabo
833 5904 1110 5963 Victorius
1145 5900 1384 5958 ευσοω.

1957 5620 2103 5680 aliud
2132 5620 2211 5679 sic
2241 5618 2565 5690 impendens
2593 5618 2771 5675 vitare
2800 5616 3117 5685 discrimen,
3152 5628 3210 5674 ut
3234 5618 3304 5675 de
3328 5621 3561 5680 veritate

1960 5712 2095 5773 nihil
2127 5713 2441 5775 subtrahas.
