3972 6326
485 333 589 390 857

1787 322 1846 376 S.
1891 318 2161 377 EUSEBII
2199 319 2581 377 lllEliONYMl

3700 316 3799 373 848

546 442 728 511 (Vers.
762 437 874 504 16.)
918 434 984 488 Et
1015 433 1257 487 dixerunt
1302 432 1588 500 principes,
1629 440 1681 485 et
1712 431 1877 484 oumis
1922 445 2086 502 papu-
2111 443 2168 502 Α
2189 447 2302 485 ratu
2333 432 2464 486 hanc
2494 473 2509 495 ,
2532 432 2689 502 juxta
2717 429 2958 485 universa
2990 429 3144 484 verba
3181 428 3448 484 Ieremia.
3497 427 3571 482 Et
3602 427 3803 481 audiuit

477 542 559 592 lus
582 539 648 588 ad
673 530 965 588 sacerdotes
993 537 1039 582 et
1067 525 1346 596 prophetas
1370 543 1389 580 :
1422 525 1546 580 Non
1594 534 1670 580 est
1716 525 1824 580 viro
1852 524 1970 578 Ituic
1991 527 2088 596 jn-

477 628 674 680 dicium
705 624 904 684 mortis,
928 622 1050 692 quia
1077 621 1134 674 in
1156 620 1364 674 nomine
1391 619 1599 673 Domini
1621 616 1720 672 Dei
1747 619 1910 671 nostri
1941 616 2090 670 locu-

479 731 565 775 tus
590 727 662 772 est
689 717 756 770 ad
796 731 912 769 nos.
956 714 1194 782 Populus
1222 715 1314 783 qui
1359 712 1514 782 prius
1543 727 1573 764 a
1613 709 1995 766 sacerdotibus
2036 717 2091 763 ct

477 809 976 884 pseudopmphetis
1019 811 1194 862 fuerat
1233 806 1642 878 supplantatus,
1673 804 1916 874 jungitur
1941 804 2092 874 priu-

483 905 698 973 cipibus
723 903 997 966 civitatis;
1031 910 1084 957 et
1111 917 1212 972 pro
1241 899 1476 956 Jetentia
1517 900 1777 970 loquitur,
1825 898 1967 968 quod
1999 912 2093 952 nc-

476 1010 748 1066 quaquam
776 1008 904 1048 reus
939 992 1134 1048 mortis
1161 993 1254 1059 sit,
1284 995 1377 1046 sed
1409 989 1464 1045 itt
1517 991 1738 1045 nomine
1766 988 1983 1043 Domini
2031 995 2090 1043 et

479 1106 546 1144 ex
575 1104 674 1144 ore
695 1087 843 1142 illius
874 1085 1236 1155 prOphetat-it.
1263 1085 1387 1139 Cito
1413 1084 1556 1140 enim
1587 1083 1782 1151 vulgus
1811 1080 2086 1136 indoctum

476 1195 702 1254 accepta
732 1181 946 1236 ratione
985 1189 1158 1234 mutat
1187 1178 1539 1234 sententiam.
1591 1176 1759 1232 Dolor
1784 1183 1966 1230 autem
1999 1188 2089 1230 ac-

477 1275 811 1339 cusantium,
849 1273 1129 1343 prtucipue
1157 1272 1529 1336 sacerdotum,
1558 1278 1615 1324 et
1645 1267 2089 1338 pseudoprophe-

476 1378 656 1424 tarum
695 1383 802 1424 non
834 1374 1016 1438 potest
1045 1365 1344 1420 immutari.
1380 1364 1448 1418 Et
1480 1363 1604 1418 ideo
1631 1363 1744 1418 illis
1776 1361 2084 1418 accusanti-

479 1469 600 1529 bus,
655 1473 712 1520 et
761 1464 815 1518 itt
865 1461 1214 1517 accusatione
1276 1457 1778 1528 perseverantibus,
1851 1455 2085 1526 populus

477 1565 889 1614 commutatur:
943 1554 1090 1624 quod
1137 1567 1288 1622 spem
1336 1556 1418 1607 eis
1459 1550 1692 1606 dederat
1736 1548 2086 1620 indulgentia:

472 1655 754 1715 Dominus,
782 1650 828 1706 si
855 1653 1024 1708 bonas
1053 1649 1299 1704 facerent
1327 1647 1543 1720 1029
1569 1647 1685 1700 vias
1715 1659 1866 1710 suas,
1900 1655 1956 1700 et
1984 1659 2083 1698 att-

473 1747 658 1802 dirent
686 1759 874 1799 vocem
906 1743 1119 1797 Domini
1153 1740 1248 1796 Dei
1276 1743 1385 1808 sui,
1430 1749 1490 1796 ut
1520 1749 1579 1796 et
1619 1738 1886 1793 Dominus
1924 1750 2079 1793 suam

476 1839 812 1897 sententiam
844 1837 1114 1893 ﬂecteret.

546 1935 730 2008 (Vera.
763 1933 850 1988 17.
876 1929 1058 2003 seqq.)
1088 1928 1548 1998 Surrexeruntque
1573 1925 1672 1980 viri
1700 1926 1766 1980 de
1793 1924 2086 1980 senioribus

474 2041 647 2098 terra,
671 2038 720 2082 ct
743 2028 990 2082 dixerunt
1016 2025 1085 2077 ad
1113 2040 1320 2078 omnem
1350 2031 1538 2077 cretum
1561 2021 1744 2092 papuli
1773 2021 2041 2092 loquentes
2063 2032 2082 2071 :

478 2120 728 2176 Miclneas
757 2119 823 2174 de
851 2117 903 2172 Μ
912 2117 1108 2171 crast/ti
1129 2115 1229 2186 fuit
1259 2113 1527 2182 Propheta
1549 2114 1603 2167 in
1633 2112 1812 2166 diebus
1844 2109 2085 2164 Ezechiae

473 2215 612 2284 regis
640 2211 673 2266 Ι
684 2211 820 2280 uda,
853 2220 902 2264 et
938 2218 1012 2264 att
1042 2208 1111 2262 ad
1133 2223 1336 2262 onmem
1379 2205 1628 2277 populum
1667 2203 1834 2266 Iuda,
1861 2203 2035 2257 dicens
2064 2217 2084 2256 :

474 2307 530 2364 11
535 2324 607 2363 au:
631 2308 756 2361 dicit
798 2303 1052 2359 Dominus
1079 2302 1403 2358 exercituum
1431 2317 1449 2354 :
1483 2300 1611 2356 Sion
1639 2300 1790 2371 quasi
1817 2314 1936 2368 ager
1963 2311 2087 2350 ara-

475 2400 639 2466 bitur,
689 2409 734 2454 et
761 2396 1056 2452 Jerusalem
1083 2395 1137 2448 in
1167 2409 1406 2447 acervum
1436 2392 1674 2460 lapidum
1703 2391 1821 2452 erit,
1845 2399 1896 2444 et
1937 2403 2084 2442 mons

471 2497 656 2550 domus
682 2493 739 2546 in
766 2489 972 2546 excelsa
985 2491 1252 2545 silvarum.
1280 2486 1559 2557 Numquid
1583 2495 1745 2540 morte
1770 2483 2085 2538 condemna—

473 2589 545 2641 vit
572 2602 688 2640 eum
714 2581 966 2637 Ezechias
992 2597 1083 2636 rea:
1113 2578 1293 2644 ludar,
1321 2587 1369 2633 et
1391 2579 1559 2633 omnis
1586 2577 1617 2630 .I
1627 2578 1730 2631 uda
1755 2578 1778 2630 ?
1812 2574 2084 2644 Numquid

478 2695 583 2733 non
613 2677 897 2730 timuerunt
926 2671 1229 2735 Dontinum,
1260 2680 1307 2724 et
1333 2669 1600 2740 deprecati
1627 2679 1746 2723 sunt
1775 2668 1957 2738 facient
1985 2666 2086 2720 Do-

474 2771 603 2824 mini
629 2771 654 2824 ?
681 2765 746 2819 Et
779 2763 1012 2830 paenituit
1063 2762 1342 2816 Dominum
1393 2762 1541 2828 ntali,
1570 2761 1708 2831 quod
1734 2760 1939 2814 locutus
1967 2761 2084 2829 fue-

475 2870 558 2915 rat
609 2861 888 2916 adoersum
916 2875 1022 2913 eos.
1054 2855 1237 2927 Itaque
1266 2871 1358 2908 nos
1383 2853 1603 2923 facimus
1645 2852 1842 2906 malum
1881 2851 2082 2922 grande

475 2962 655 3008 contra
678 2954 881 3007 animus
911 2960 1134 3006 nostras.
1179 2949 1462 3017 Principes
1489 2947 1730 3003 civitatis
1759 2955 1816 3002 et
1845 2947 2081 3017 populus

476 3049 792 3118 intelligunt
819 3046 1012 3115 judicii
1042 3045 1351 3102 veritatem.
1385 3043 1561 3099 Senes
1601 3053 1782 3098 autem
1803 3083 1818 3107 ,
1851 3057 2082 3113 quorum

478 3137 699 3210 proptie
729 3147 853 3194 erat
891 3153 1055 3193 nosse
1083 3147 1269 3192 vetera
1292 3176 1307 3200 ,
1345 3135 1613 3204 replicant
1654 3134 1938 3188 historiam
1975 3151 1985 3162 ·
2025 3142 2081 3188 et

2191 541 2283 580 rea:
2307 524 2513 580 Joacim
2534 534 2584 580 ot
2614 540 2789 578 omnes
2814 533 3065 594 potentes,
3099 533 3146 577 et
3175 530 3201 559 ⁸
3225 523 3492 593 principes
3509 524 3629 596 ejus
3651 519 3801 575 verba

2188 615 2318 678 hac,
2351 625 2399 668 et
2429 615 2662 683 quwsirit
2690 630 2784 668 rei:
2809 614 3103 683 interﬁcere
3130 630 3266 676 eum,
3297 623 3345 667 et
3370 615 3581 666 audivit
3618 609 3798 677 Urias,

2188 716 2236 760 et
2259 706 2461 771 timuit,
2517 707 2749 776 fugitque
2776 714 2822 760 et
2851 705 3067 778 1030
3086 707 3344 772 ingressus
3367 712 3446 758 est
3476 703 3797 776 ngyptum.

2189 799 2457 870 Quodque
2509 803 2752 868 sequitur
2793 817 2806 853 :
2867 800 2930 853 Et
2977 800 3116 853 misit
3145 815 3238 853 res;
3291 797 3501 853 Joacim
3556 799 3698 852 riros
3749 800 3802 851 in

2191 891 2264 946 1E
2270 903 2483 964 gyptum
2504 934 2520 958 ,
2556 891 2820 947 Elnatltan
2846 893 3010 955 ﬁlium
3041 891 3276 946 Achabor
3300 932 3317 957 ,
3350 902 3398 944 et
3428 890 3571 946 viros
3597 906 3717 944 cum
3743 905 3798 944 eo

2189 988 2245 1040 in
2277 985 2572 1060 .ngyptum
2598 1029 2612 1051 ,
2653 988 2704 1041 itt
2739 985 2882 1042 LXX
2912 1003 3019 1040 non
3051 985 3307 1041 habetur.
3341 985 3477 1040 Dein
3508 985 3798 1055 jungitur:

2190 1077 2260 1133 Et
2280 1079 2572 1133 eduxerunt
2607 1077 2789 1133 Uriam
2820 1079 2886 1132 de
2915 1078 3155 1150 ngypto
3176 1119 3189 1143 ,
3223 1088 3270 1133 et
3300 1077 3641 1133 adduxerunt
3682 1093 3803 1131 eunt

2189 1171 2259 1226 ad
2287 1188 2459 1243 regem
2485 1171 2714 1239 Joacim,
2742 1183 2791 1227 et
2822 1174 3076 1242 percussit
3118 1189 3237 1227 eum
3266 1173 3470 1246 gladio,
3504 1183 3551 1228 et
3578 1175 3806 1246 projecit

2189 1267 2413 1320 cadaver
2435 1269 2548 1339 ejus
2588 1267 2642 1320 in
2669 1267 2924 1333 sepulcris
2945 1265 3088 1338 vulgi
3113 1266 3378 1339 ignobilis.
3422 1265 3804 1321 Verumtamen

2189 1378 2410 1433 magnus
2433 1361 2651 1417 Alricum
2674 1362 2775 1433 ﬁlii
2799 1362 3018 1434 Saphau
3047 1372 3158 1416 erat
3181 1361 3366 1434 [Vulg.
3408 1359 3536 1435 fuit]
3563 1379 3682 1416 cum
3704 1360 3806 1417 Je-

2188 1457 2355 1510 rcmfa
2374 1498 2389 1521 ,
2421 1466 2479 1511 ut
2522 1473 2626 1511 non
2655 1457 2948 1512 traderetur
2981 1458 3036 1511 in
3066 1473 3252 1510 manus
3284 1456 3492 1526 populi,
3522 1465 3571 1509 et
3597 1455 3807 1526 interﬁ-

2186 1557 2356 1602 cerent
2385 1565 2523 1604 eum.
2557 1548 2832 1615 Qua-ritur
2877 1565 2998 1617 cur,
3053 1563 3176 1604 cum
3226 1547 3392 1605 Urias
3442 1547 3586 1604 illius
3615 1549 3804 1604 Setnei

2186 1639 2255 1695 de
2285 1642 2488 1709 oppido
2514 1639 2966 1707 Cariath-Jarim,
2998 1640 3191 1696 eadem
3221 1656 3345 1712 quae
3371 1640 3642 1697 Jeremias
3670 1657 3806 1712 pro-

2188 1731 2427 1802 pltetarit
2451 1774 2467 1797 ,
2499 1731 2695 1788 timore
2729 1735 3087 1801 petet-ritus.
3129 1732 3332 1805 fugerit
3361 1734 3419 1790 itt
3451 1733 3758 1807 Egyptum
3783 1777 3800 1803 ,

2110 1833 2158 1892 Β
2185 1834 2239 1879 et
2261 1823 2388 1880 inde
2413 1833 2705 1891 retractus,
2729 1825 2945 1882 occisus
2968 1827 3040 1880 sit
3068 1844 3081 1879 :
3109 1826 3380 1882 Jerentias
3404 1827 3643 1898 potuerit
3659 1844 3765 1883 eva
3783 1855 3804 1869 ο

2185 1919 2336 1982 dere,
2373 1920 2464 1990 qui
2493 1927 2644 1974 certe
2677 1934 2784 1975 non
2816 1919 3024 1990 fugerat
3052 1962 3066 1983 ,
3096 1920 3192 1974 sed
3221 1921 3478 1977 audacter
3509 1921 3560 1976 in
3603 1921 3782 1992 priori

2185 2012 2459 2067 sententia
2489 2028 2872 2084 perseverans,
2905 2013 3167 2069 liberatus
3191 2015 3281 2078 sit,
3313 2022 3422 2070 tam
3453 2017 3601 2088 vulgi
3636 2019 3797 2088 prin-

2182 2104 2473 2176 cipumque
2494 2105 2725 2176 judicio,
2748 2123 2910 2178 quam
2934 2106 3164 2163 consilio
3180 2107 3460 2162 seniorum
3495 2111 3797 2165 adversum

2186 2211 2564 2265 accusatores,
2603 2201 2966 2266 sacerdotes,
3017 2211 3074 2258 et
3126 2201 3664 2273 pseudopropltctas.
3710 2203 3798 2259 Ad

2186 2291 2329 2361 quod
2358 2291 2598 2347 breviter
2627 2293 3074 2362 restiondcntlum
3113 2311 3126 2348 :
3159 2311 3508 2366 nequaquam
3533 2296 3629 2350 Dei
3661 2298 3795 2354 sciri

2188 2398 2349 2454 posse
2372 2385 2660 2453 judicium,
2692 2385 2822 2441 dum
2846 2386 3038 2443 eadem
3083 2401 3247 2442 causa
3272 2429 3286 2450 ,
3312 2388 3617 2458 eademque
3648 2404 3793 2445 sen-

2188 2477 2354 2532 tentia
2404 2478 2547 2533 alius
2600 2478 2845 2548 punitur.
2880 2489 2937 2535 et
2982 2482 3122 2536 alius
3168 2481 3458 2538 liberatur.
3498 2481 3613 2538 Nisi
3647 2482 3798 2541 forte

2189 2567 2294 2623 hoc
2340 2568 2682 2640 respondere
2716 2585 3032 2640 possumus,
3074 2573 3216 2642 quod
3252 2572 3415 2630 Urias
3448 2575 3500 2628 in
3533 2575 3803 2630 condem-

2187 2661 2464 2716 nationem
2496 2673 2901 2730 accusatorum,
2935 2675 2991 2720 et
3015 2665 3198 2736 populi
3236 2667 3541 2723 trucidatus
3559 2669 3632 2723 sit
3658 2687 3670 2722 :
3699 2667 3800 2724 Je-

2185 2752 2388 2808 remias
2416 2761 2599 2808 atttem
2630 2766 2942 2811 reservatus
2958 2757 3166 2828 judicio
3200 2757 3318 2823 Dei,
3342 2770 3400 2814 ut
3429 2761 3681 2832 reliquiis
3708 2761 3799 2818 in-

2186 2842 2361 2899 felicis
2383 2847 2564 2916 populi
2589 2847 2932 2916 praedicaret,
2967 2859 3022 2904 et
3051 2864 3146 2905 eos
3175 2851 3488 2906 retraheret
3514 2853 3582 2907 ad
3616 2855 3798 2924 panti-

2187 2935 2449 2991 tudinem.
2500 2936 2652 3005 Quod
2686 2938 2904 3009 quidem
2931 2951 2988 2994 et
3031 2941 3084 2995 in
3125 2942 3516 3010 Apostolorum
3555 2944 3792 3002 Actibus

2187 3027 2442 3097 legimus,
2465 3029 2728 3085 Jacobum
2757 3030 3082 3101 Apostolum
3113 3032 3252 3102 (Act.
3285 3035 3382 3106 xu)
3406 3037 3594 3090 statim
3624 3037 3800 3093 llero—

2183 3120 2268 3174 dis
2295 3119 2585 3190 pertulisse
2619 3125 2986 3193 sententiam,
3021 3135 3078 3180 et
3119 3129 3383 3200 martyrio
3409 3143 3742 3185 coronatum
3773 3147 3790 3197 ;

478 3233 821 3304 prophetiam
869 3230 1109 3286 meum,
1135 3230 1206 3285 de
1256 3229 1541 3293 Μηνοδιιιῑ,
1588 3227 1679 3298 qui
1732 3225 2078 3296 prophetat,“
2105 3226 2154 3290 ρ
2183 3212 2401 3268 beatum
2427 3221 2606 3270 autem
2628 3215 2846 3272 Petrum
2870 3229 2925 3272 et
2943 3227 3174 3274 ctctcros
3201 3222 3496 3286 Apostolus
3517 3222 3793 3280 doctrina:

475 3329 580 3383 sub
609 3342 737 3398 rege
780 3325 1013 3384 Ezechia
1038 3367 1054 3392 ,
1089 3331 1414 3395 comparant
1464 3321 1764 3393 prophetitc
1799 3321 2079 3388 Jeremize,

475 3437 574 3492 pro
596 3438 699 3492 qua
727 3421 792 3476 οἰδ
808 3420 1003 3475 mortis
1031 3418 1330 3474 discrimen
1368 3415 1672 3472 intenditur
1702 3431 1717 3481 ;
1751 3413 2084 3469 05tendunt-

475 3533 582 3588 que
620 3515 775 3572 illum
803 3514 1020 3571 dixisse
1062 3513 1339 3584 graviora,
1380 3520 1439 3566 et
1479 3517 1664 3564 tamen
1697 3523 1725 3560 a
1769 3507 1922 3578 justo
1955 3521 2084 3578 rege

477 3607 706 3663 lizeclt'ta
728 3606 863 3661 nihil
883 3620 1008 3661 esse
1037 3618 1358 3674 perpessum
1387 3620 1399 3655 :
1430 3601 1525 3656 sed
1547 3615 1849 3656 conversos
1871 3599 1937 3654 ad
1968 3614 2084 3669 pa:-

477 3700 788 3764 niteutiam,
813 3697 1034 3753 Domini
1068 3698 1122 3750 in
1151 3697 1347 3750 bonam
1369 3706 1581 3766 partem
1609 3696 1841 3750 vertisse
1861 3705 2083 3750 senten-

481 3797 635 3850 tiam.
662 3792 920 3849 Micltteas
946 3789 1094 3846 enim
1117 3789 1256 3844 dixit
1279 3806 1293 3842 :
1321 3789 1452 3845 Sion
1482 3789 1634 3860 quasi
1662 3804 1785 3859 ager
1813 3789 2079 3854 arabitur,

474 3900 524 3941 et
553 3886 846 3942 Jerusalem
875 3886 929 3939 in
965 3900 1203 3938 acervum
1230 3883 1467 3952 lapidum
1494 3883 1590 3936 erit
1610 3924 1626 3947 ,
1654 3889 1702 3936 et
1727 3899 1874 3936 mons
1897 3882 2082 3936 domus

471 3983 526 4035 in
557 3982 760 4037 excelsa
787 3978 1036 4034 silvarum
1076 3975 1270 4047 (Mich.
1303 3991 1384 4039 Ill,
1417 3974 1527 4044 ιε).
1561 3974 1735 4031 Porro
1764 3973 2033 4030 Jeremias
2064 3994 2078 4032 :

476 4075 626 4130 Dabo
650 4116 667 4139 ,
693 4074 889 4145 inquit,
917 4072 1132 4126 domum
1151 4072 1302 4125 istam
1329 4068 1465 4124 sicut
1493 4069 1630 4138 Silo,
1672 4079 1718 4123 et
1748 4068 1926 4123 urbem
1948 4071 2082 4123 hanc

476 4170 611 4223 dabo
641 4169 695 4222 in
725 4165 1142 4220 maledictiouem
1181 4163 1384 4218 cunctis
1429 4160 1668 4233 gentibus
1698 4169 1850 4215 terra:
1877 4160 2082 4230 (Supra

480 4278 604 4318 xnv
629 4301 644 4327 ,
677 4261 758 4329 9).
813 4261 1057 4330 Daotque
1085 4259 1400 4322 consilium,
1451 4267 1708 4326 putantes
1738 4271 2079 4326 nequaquam

473 4358 716 4412 futurum
747 4351 893 4423 quod
923 4349 1176 4408 Miclueas
1207 4349 1558 4420 praedixerat,
1587 4349 1711 4421 quia
1740 4352 1910 4404 multo
1941 4358 2079 4404 tem-

473 4465 612 4520 pore
640 4463 746 4502 non
777 4451 849 4502 sit
877 4446 1078 4502 factum
1109 4455 1336 4517 propter
1361 4445 1549 4516 pOpuli
1582 4446 1979 4515 pmnltentiam.
2015 4445 2083 4501 Et

473 4543 579 4597 hoc
606 4555 823 4613 quoque
852 4538 995 4611 quod
1039 4538 1310 4595 Jrremias
1343 4537 1556 4594 loeutus
1587 4546 1700 4602 est,
1735 4553 2078 4610 nequaquam

2183 3306 2398 3364 Domini
2443 3318 2780 3366 reservatOs.
2832 3311 2896 3366 Et
2941 3313 3431 3371 animadvertenda
3473 3320 3787 3375 cOnStantia

2182 3399 2521 3468 propltctalis
2547 3440 2562 3463 ,
2591 3401 2738 3472 quod
2771 3418 2841 3458 ne
2880 3403 2948 3459 de
2977 3403 3218 3478 Egypto
3247 3407 3467 3477 quidem
3516 3419 3788 3468 retractus

2181 3490 2340 3548 Urias
2369 3494 2662 3550 mutaverit
2686 3496 3016 3553 sententiam
3059 3517 3075 3560 ε
3115 3500 3211 3554 sed
3245 3500 3438 3558 videns
3463 3503 3570 3559 sibi
3604 3505 3780 3560 inteno

2183 3585 2285 3639 tari
2314 3594 2545 3642 mortem
2569 3628 2584 3653 ,
2616 3587 2970 3645 nihilominus
3000 3592 3072 3647 sit
3103 3592 3316 3648 locutus
3345 3611 3467 3667 qua:
3499 3612 3780 3670 punct-pe-

2182 3688 2268 3732 rat
2297 3677 2578 3734 Dominus.
2609 3680 2877 3754 Quodque
2906 3683 3105 3750 timuit,
3137 3698 3193 3740 et
3221 3686 3387 3757 fugit,
3419 3697 3479 3744 et
3505 3690 3784 3762 ingressus

2183 3778 2268 3825 est
2295 3768 2616 3842 Egyptum.
2650 3790 2760 3828 non
2790 3775 3152 3843 infidelitatis,
3181 3779 3276 3834 sed
3308 3781 3621 3850 prudentia:
3651 3785 3790 3842 indi-

2182 3863 2328 3919 cium
2355 3877 2440 3920 cat
2474 3882 2488 3919 :
2530 3882 2596 3922 ne
2620 3867 2820 3924 frustra
2848 3885 2949 3925 nos
2979 3870 3275 3928 oﬂ'eramus
3319 3878 3606 3946 periculis.
3640 3880 3788 3936 Alio-

2181 3959 2312 4030 quin
2359 3970 2414 4016 et
2451 3959 2740 4017 Dominum
2787 3963 3125 4021 Salvatorem
3174 3967 3242 4024 de
3289 3972 3545 4028 manibus
3597 3989 3784 4044 perse-

2181 4051 2470 4122 quentium
2515 4055 2723 4125 lapsum
2755 4056 2983 4129 legimus
3029 4059 3184 4129 (Luc.
3219 4077 3306 4128 tv,
3336 4061 3500 4120 Joan.
3533 4069 3652 4132 vnt)
3686 4084 3702 4132 ;
3735 4078 3788 4124 ct

2184 4147 2590 4214 prmcipientem
2624 4151 2902 4219 Apostolis
2934 4171 2947 4205 :
2981 4150 3112 4207 Cum
3164 4170 3252 4210 vos
3306 4161 3571 4226 persecuti
3593 4161 3785 4228 fuerint

2181 4237 2237 4292 in
2268 4241 2365 4292 hac
2393 4241 2622 4312 civitate,
2653 4244 2817 4317 fugite
2841 4246 2911 4299 ad
2936 4245 3101 4302 aliam
3130 4247 3353 4318 (Matth.
3388 4253 3594 4325 1,25).
3625 4255 3783 4325 Quze-

2181 4329 2321 4386 ritur
2344 4329 2564 4403 quoque
2591 4336 2867 4400 quomodo
2893 4339 3104 4395 Joacitn
3137 4356 3233 4397 rex
3262 4341 3401 4399 Jttda
3428 4389 3445 4412 ,
3487 4349 3642 4417 parvi
3685 4350 3784 4406 int-

2180 4425 2344 4495 perii,
2378 4436 2431 4481 et
2456 4425 2748 4494 debilitati,
2774 4438 2831 4485 et
2855 4430 2967 4500 jatn
2993 4432 3217 4505 jamque
3245 4437 3494 4506 perituri,
3529 4441 3783 4499 mittendi

2181 4516 2235 4571 itt
2265 4516 2557 4590 Ᾱίεγιιιιιηι
2605 4520 2860 4578 habuerit
2910 4533 3263 4593 potestatem,
3309 4538 3365 4584 ct
3411 4529 3541 4588 inde
3593 4531 3781 4590 Urlam

473 4635 614 4700 fore,
647 4635 692 4688 si
718 4633 871 4702 juxta
893 4630 1185 4686 consilium
1213 4630 1334 4701 ejus
1359 4630 1532 4685 bonas
1556 4629 1758 4686 faciant
1787 4633 1904 4686 vias
1927 4646 2074 4697 suas,

2185 4611 2470 4670 educendi.
2495 4614 2652 4682 Quod
2680 4614 2842 4672 facile
2871 4619 3123 4684 solvitur,
3147 4622 3191 4676 si
3219 4621 3635 4682 consideremus
3656 4643 3779 4684 eum

473 4737 528 4781 et
561 4725 739 4781 studia
780 4739 877 4780 sua
905 4766 921 4789 ,
953 4732 1011 4779 et
1038 4723 1262 4778 audiant
1289 4739 1476 4779 vocem
1509 4724 1723 4777 llomini
1759 4723 1852 4780 Dei
1877 4725 1981 4788 sui,
2016 4733 2076 4779 ut

473 4817 737 4872 Dominus
764 4831 874 4872 non
901 4813 1105 4871 inferat
1130 4816 1334 4870 malum
1365 4815 1509 4886 quod
1543 4815 1623 4870 eis
1649 4815 1823 4871 fuerat
1850 4817 2077 4870 commi-

472 4919 652 4969 natus,
679 4908 962 4977 Simulque
989 4906 1247 4977 frangunt
1271 4915 1649 4963 accusatorum
1673 4908 1904 4970 rabiem,
1936 4918 1991 4963 et
2019 4923 2077 4964 se

469 5000 706 5057 miscent
733 5016 853 5054 cum
877 5000 961 5054 eis
991 5001 1236 5056 dicentes
1262 5018 1275 5052 :
1303 4998 1490 5072 Itaque
1517 5017 1610 5056 nos
1633 5003 1853 5072 facimus
1881 5002 2075 5056 malum

466 5094 666 5168 grande
714 5103 896 5148 contra
935 5097 1141 5148 animas
1189 5107 1436 5151 nostras:
1469 5113 1574 5150 non
1606 5111 1714 5166 quo
1758 5096 1940 5151 facere
1980 5095 2076 5151 de-

465 5188 652 5249 beant.
676 5187 772 5243 sed
801 5187 924 5256 quia
947 5189 991 5242 si
1020 5187 1277 5254 fecerint,
1305 5204 1644 5260 nequaquam
1661 5198 1894 5244 noceant
1913 5205 2074 5245 arcu-

460 5293 584 5338 sato
607 5325 623 5350 ,
657 5279 754 5336 sed
791 5280 1078 5337 animabus
1119 5280 1254 5346 suis,
1280 5295 1417 5352 quas
1449 5283 1753 5340 mutatione
1781 5283 2070 5339 sententia:

461 5375 740 5446 potuerint
764 5374 932 5431 libera
943 5391 1002 5430 re
1016 5417 1027 5429 .

527 5467 707 5541 (Vers.
739 5468 812 5524 20
837 5469 1020 5539 seqq.)
1052 5467 1178 5522 Fuit
1205 5485 1408 5541 quoque
1438 5469 1516 5524 vir
1543 5469 1866 5542 prophetans
1891 5473 1943 5527 in
1969 5490 2066 5528 no-

460 5565 596 5618 mine
627 5565 838 5620 Domini
870 5565 1050 5629 Urias,
1079 5566 1222 5636 ﬁlius
1252 5565 1430 5622 Semei
1453 5565 1520 5622 de
1545 5566 1987 5636 Cariuth-Jarim,
2016 5579 2068 5624 et

2177 4719 2207 4758 a
2243 4719 2371 4776 rege
2413 4705 2632 4777 Egypti
2683 4708 2906 4766 Nechao
2950 4713 3250 4786 principem
3285 4721 3688 4787 constitutum,
3727 4732 3782 4779 et

2177 4794 2317 4851 hanc
2338 4799 2681 4866 prophetiam
2713 4799 3057 4858 factumesse
3082 4806 3134 4858 itt
3161 4803 3430 4877 principia
3459 4813 3610 4882 regni
3631 4814 3773 4881 ejus.

2175 4887 2512 4960 Quamquam
2538 4903 2720 4948 autem
2742 4893 3012 4953 Jeretnias
3038 4896 3248 4954 Domini
3278 4900 3558 4969 adjutorio
3582 4905 3780 4962 libera-

2177 4990 2264 5036 tus
2293 4981 2383 5047 sil,
2421 4995 2599 5038 tamen
2631 4995 2687 5040 ct
2709 4986 2782 5041 illi
2817 4996 3102 5058 reputatur
3129 4992 3335 5065 1031
3364 4995 3417 5050 itt
3440 4999 3776 5066 mercedem,

2181 5089 2279 5142 per
2322 5091 2483 5145 quem
2535 5076 2863 5148 Prophetam
2921 5099 3078 5138 suum
3135 5085 3398 5143 Dominus
3447 5090 3706 5149 liberavit
3760 5111 3776 5149 :

2180 5165 2408 5224 Alticam
2439 5170 2688 5227 videlicet
2720 5173 2829 5230 lilio
2850 5173 3090 5246 Sephan,
3115 5181 3258 5248 quod
3293 5181 3346 5237 in
3382 5188 3778 5254 posterioribus

2179 5260 2376 5318 lecturi
2408 5278 2620 5335 sumus,
2654 5266 2683 5306 δ
2716 5270 2937 5338 quando
2963 5272 3031 5328 de
3056 5275 3292 5331 cisterna
3330 5279 3427 5335 luti
3453 5325 3468 5348 ,
3506 5284 3777 5343 Alideme-

2174 5352 2294 5410 leclt
2327 5357 2588 5426 spadonis
2616 5362 2848 5418 consilio
2872 5406 2889 5429 ,
2920 5375 3084 5436 atque
3124 5370 3384 5437 prazsidio
3410 5373 3690 5433 Jeremias
3714 5379 3776 5435 de

2173 5455 2369 5512 mortis
2399 5459 2647 5526 periculo
2680 5461 2945 5519 liberatur
2984 5465 3164 5538 (Infra
3193 5472 3447 5545 xxxvnt).

2267 5559 2442 5633 (Cap.
2525 5562 2739 5622 XXVII.
2773 5597 2841 5608 —
2869 5567 3026 5626 Vers.
3080 5571 3186 5643 ί.)
3241 5571 3312 5628 In
3367 5578 3634 5650 principio
3675 5599 3771 5639 re-

458 5657 783 5728 prophetavit
823 5659 1074 5714 adversus
1103 5659 1363 5714 civitatem
1387 5659 1562 5726 istaut,
1589 5668 1636 5715 et
1665 5661 1938 5716 adversum
1964 5671 2066 5716 ter-
2166 5663 2256 5736 gni
2283 5662 2510 5734 Joacim,
2543 5666 2644 5737 ﬁlii
2679 5665 2842 5724 Josia:
2877 5671 3014 5743 regis
3044 5669 3212 5739 Iuda,
3235 5675 3439 5746 factum
3465 5690 3542 5737 est
3567 5685 3769 5739 rerbstnt

530 5801 556 5831 ⁸
602 5789 775 5847 Vatlc.
806 5801 854 5847 et
885 5809 1063 5847 omnes
1085 5795 1364 5862 principes.

2233 5799 2263 5840 δ
2304 5801 2568 5874 Cisterc.,
2598 5807 2644 5860 si
2666 5811 2876 5878 quando
2895 5810 2960 5865 de
2986 5812 3306 5870 sicterum...
3333 5816 3603 5876 liberetur.
