3972 6364
659 64 1176 72 -ὲ-ά

208 374 324 430 819

685 373 1350 436 COMMENTARIORUM
1391 377 1458 434 ΙΝ
1497 379 1852 438 JEREMIAM
1893 380 2320 439 PROPHETAM
2361 382 2492 441 LIB.
2539 383 2600 439 V.
2642 383 2797 442 CAP.
2836 384 3054 444 XXVII.

3429 391 3539 448 850

203 493 313 548 hoc
332 493 403 548 ad
423 493 702 550 Jeremiam
731 511 763 548 a
783 492 1041 563 Domino,
1063 497 1264 552 dicens.
1314 496 1426 552 [ioc
1475 497 1528 553 in
1576 496 1822 556 editione
1847 500 1900 560 Δ
1929 497 2025 554 Dei
2059 502 2223 555 virtus
2249 508 2297 556 et
2327 500 2425 556 Dei
2445 503 2706 570 sapientia
2731 502 2775 576 (1
2803 501 2928 558 Cor.
2961 521 2977 560 ι
3008 549 3021 572 ,
3060 504 3174 575 14).
3207 507 3276 562 Et
3304 508 3472 565 lsaias
3519 529 3534 566 :

209 583 362 641 LXX
420 601 525 640 non
573 585 821 641 habetur.
879 589 942 641 Et
991 587 1142 643 multi
1190 598 1379 658 putant
1434 594 1714 662 sequentis
1739 608 1832 648 ca-

207 677 378 748 pituli
403 693 524 735 esse
551 679 906 750 principium,
925 679 1068 751 quod
1093 696 1428 752 nequaquam
1459 685 1526 738 ita
1557 697 1641 740 est
1668 729 1682 752 ,
1730 687 1828 743 sed

202 769 550 840 jungendum
572 771 869 840 superiori,
907 783 961 826 ut
991 773 1248 845 quidquid
1277 776 1481 830 dictum
1502 777 1733 833 refertur
1775 789 1828 834 et

216 865 427 921 factum
481 867 534 922 in
567 867 834 938 principio
858 868 1005 937 regni
1026 868 1236 923 Joacim
1258 869 1456 925 factum
1479 884 1601 926 esse
1641 872 1830 927 creda-

212 957 528 1016 mus.Unde
549 971 603 1014 et
627 961 874 1016 mittendi
896 961 948 1015 in
969 960 1285 1033 Egyptum,
1317 965 1466 1034 quasi
1495 964 1561 1018 ad
1590 965 1824 1020 anticum

210 1052 608 1126 regetn’habuit
639 1063 986 1124 potestatem.
1017 1054 1281 1110 Videntur
1307 1065 1486 1112 autem
1515 1057 1647 1111 tuihi
1684 1057 1826 1113 ιλΧ

212 1145 436 1200 tizuhnn
468 1144 632 1200 istum
659 1147 762 1201 hac
781 1148 994 1202 ratione
1023 1147 1265 1210 siluisse,
1299 1164 1366 1202 ne
1393 1150 1634 1204 secundo
1669 1151 1822 1205 dice-

209 1252 277 1292 re
311 1238 652 1294 viderentur.
680 1237 800 1294 .Iam
833 1239 979 1294 cnim
1005 1239 1055 1291 in
1085 1238 1356 1308 principio
1391 1253 1684 1309 posuerant
1714 1258 1727 1294 :
1758 1239 1826 1295 In

208 1331 478 1400 principio
529 1332 667 1402 regis
699 1331 908 1385 Joacim
933 1330 1031 1393 ﬁlii
1055 1327 1222 1384 Josia:
1250 1332 1387 1404 regis
1403 1330 1585 1397 Juda,
1631 1336 1825 1404 factum

208 1438 291 1480 est
322 1425 530 1480 verbum
565 1427 710 1482 istud
751 1427 821 1478 ad
849 1423 1132 1480 Jeremiam
1162 1441 1195 1478 a
1226 1423 1451 1480 Domino
1479 1427 1676 1481 dicens.

289 1516 456 1587 (Vers
480 1517 563 1589 2.)
594 1517 718 1572 Ha’c
744 1517 871 1572 dicit
902 1517 1152 1573 Dominus
1188 1519 1259 1572 ad
1292 1535 1372 1572 me
1399 1535 1418 1574 :
1453 1517 1566 1573 Fac
1595 1520 1690 1574 tibi
1715 1522 1826 1576 riu-

209 1610 336 1666 cula
359 1621 406 1664 et
437 1620 668 1665 catenas.
702 1610 835 1666 Sive
856 1612 1053 1671 κλοιούς
1078 1653 1093 1678 ,
1122 1609 1216 1682 qui
1247 1609 1514 1668 Hebraicc
1545 1613 1825 1682 appellano

209 1714 306 1760 tur
337 1719 558 1761 ιιυτοτιι
583 1704 842 1778 (mum),
873 1715 929 1760 et
957 1719 1215 1760 sermone
1241 1706 1450 1777 vulgari
1482 1714 1508 1742 α
1536 1704 1697 1760 Boias
1729 1720 1826 1761 vo-

211 1805 365 1853 cant.

288 1889 472 1961 (Vers.
507 1891 564 1957 5,
601 1886 682 1960 6.)
729 1888 1002 1960 Ponesque
1022 1906 1110 1943 eas
1148 1890 1202 1944 in
1244 1890 1378 1944 collo
1407 1899 1516 1956 tuo,
1565 1899 1614 1944 ct
1656 1891 1826 1946 mittes
1856 1899 1905 1959 B

208 2001 299 2039 eas
329 1986 400 2037 ad
432 1999 602 2053 regem
633 1981 821 2051 Edam,
861 1992 910 2037 et
939 1983 1008 2038 ad
1039 1999 1209 2045 regem
1249 1981 1401 2038 Moab
1427 2026 1442 2049 ,
1473 1992 1521 2037 et
1548 1985 1618 2038 ad
1647 1999 1817 2058 regem

211 2075 449 2147 ﬁliorum
477 2077 715 2137 Ammon.
747 2083 795 2130 et
823 2075 892 2129 ad
921 2093 1089 2146 regem
1110 2075 1260 2148 Tyri,
1291 2086 1335 2130 et
1365 2077 1434 2130 ad
1461 2093 1632 2148 regem
1659 2076 1819 2132 Sido-

213 2171 301 2224 nis
333 2186 424 2238 per
455 2184 668 2223 manum
700 2167 880 2241 [\"ttlg.
919 2169 974 2222 in
1002 2167 1186 2242 manu]
1225 2170 1526 2224 nuntiorum
1551 2173 1639 2240 qui
1668 2186 1819 2225 uene-

207 2275 333 2318 runt
353 2259 644 2317 Jerusalem
669 2262 738 2316 ad
765 2262 1034 2319 Sedeciam
1064 2279 1234 2337 regem
1264 2261 1300 2317 J
1308 2264 1432 2318 uda.
1463 2264 1526 2319 Et
1547 2265 1820 2338 prwcipies

199 2357 304 2424 eis,
336 2367 390 2409 ut
412 2355 480 2409 ad
497 2357 736 2410 dominos
758 2373 880 2410 suos
903 2356 1184 2428 loquantur
1209 2372 1228 2411 :
1255 2355 1386 2411 Hart:
1407 2357 1536 2412 dicit
1558 2355 1819 2412 Dominus

206 2451 528 2504 mrcituum
550 2447 686 2503 Deus
707 2447 897 2503 Israel.
921 2447 1048 2503 Htec
1064 2449 1246 2503 dicetis
1258 2451 1328 2502 ad
1347 2449 1582 2504 dontinos
1605 2463 1814 2505 uestros.

204 2539 492 2596 Pr.eterita
522 2543 660 2596 visio
689 2541 742 2594 in
777 2541 1046 2610 principio
1081 2541 1220 2596 facta
1254 2551 1340 2597 est
1370 2547 1435 2596 ad
1477 2543 1811 2612 PrOphetam

207 2633 370 2705 regni
399 2635 628 2696 loacitn,
654 2635 749 2688 lilii
785 2635 951 2690 Josize
979 2637 1122 2706 regis
1147 2634 1308 2690 .luda.
1347 2635 1476 2691 ilarc
1506 2648 1686 2692 autem
1719 2637 1822 2693 sub

208 2727 468 2794 Sedecia,
498 2728 588 2798 qui
621 2737 901 2782 extremus
928 2726 1183 2796 regnavit
1207 2728 1258 2782 in
1281 2726 1613 2794 Jerusalem,
1637 2739 1692 2784 et
1719 2729 1820 2784 sub

209 2833 327 2887 quo
369 2819 501 2874 urbs
530 2828 688 2889 capta
735 2828 820 2874 est
850 2827 1015 2887 atque
1054 2819 1340 2874 subversa.
1383 2817 1816 2890 Prtecipiturque

213 2911 473 2969 Jerentiae
502 2955 516 2980 ,
548 2923 607 2967 ut
638 2921 860 2968 catenas
883 2954 899 2980 ,
931 2914 1046 2967 sive
1078 2911 1261 2967 furcas
1285 2912 1490 2983 ligneas
1516 2955 1531 2978 ,
1563 2929 1684 2985 quae
1717 2913 1824 2970 lle-

214 3004 402 3060 braice
434 3044 453 3074 ,
489 3014 548 3059 ut
589 3004 855 3072 diximus,
897 3004 1246 3075 appellantur
1287 3021 1534 3073 uurorn,
1581 3007 1822 3076 imponat

212 3100 362 3154 collo
390 3114 512 3162 suo,
540 3107 594 3154 et
623 3098 799 3152 mittat
826 3113 920 3153 eas
949 3097 1015 3151 ad
1051 3112 1206 3168 reges
1239 3097 1408 3152 Edom
1428 3141 1442 3166 ,
1479 3097 1655 3160 Moab,
1683 3097 1815 3153 lilio-

215 3205 342 3246 rum
376 3193 629 3256 Ammon,
660 3188 813 3260 Tyri,
847 3188 1088 3256 Sidonis,
1126 3204 1221 3259 per
1252 3191 1485 3260 legatos,
1517 3191 1606 3258 qui
1657 3205 1820 3245 vene-

1930 588 2172 653 Dontine.
2202 595 2317 662 quis
2337 595 2562 650 credidit
2591 595 2795 650 auditui
2825 607 3024 667 nostro,
3053 611 3100 653 et
3130 598 3402 655 brachium
3430 600 3541 658 Do-

1931 686 2059 738 mini
2079 688 2161 740 cui
2185 688 2466 742 revelatum
2496 700 2568 742 est
2593 687 2753 752 (Isai.
2789 706 2902 753 uu.
2935 691 2988 762 1)
3016 693 3039 745 'l
3063 691 3270 749 Seribit
3298 705 3350 748 et
3373 695 3540 751 Joan-

1931 792 2028 832 nes
2058 779 2392 849 Evangelista
2432 798 2446 835 :
2472 780 2663 836 Omnia
2691 799 2782 852 per
2809 784 2978 855 ipstnn
3009 789 3150 855 facta
3175 797 3322 851 sunt,
3354 795 3399 842 et
3422 789 3537 842 sine

1927 869 2043 937 ipso
2079 873 2276 941 factum
2302 881 2375 926 est
2405 872 2537 928 nihil
2565 873 2748 944 (Joan.
2789 890 2847 942 t,
2877 876 2959 945 5).
3005 876 3171 932 David
3221 894 3438 950 quoque
3469 879 3524 934 in

1927 977 2028 1016 suo
2078 964 2322 1018 carmine
2372 966 2657 1035 loquitur:
2713 965 2882 1021 Verbo
2924 966 3138 1023 Domini
3183 971 3301 1025 caeli
3339 973 3537 1039 ﬁrmati

1927 1060 2079 1116 sunt.
2120 1063 2166 1107 et
2211 1055 2400 1125 spiritu
2439 1057 2546 1110 oris
2586 1058 2697 1125 eius
2733 1059 2899 1112 omnis
2941 1060 3102 1114 virtus
3146 1075 3326 1115 eorum
3351 1061 3532 1130 (l’sal.

1930 1159 2098 1204 XXXII.
2129 1144 2204 1212 6).
2237 1148 2389 1212 Quod
2417 1157 2595 1202 autem
2625 1150 2701 1202 ait
2727 1167 2740 1201 :
2772 1149 2901 1202 Dedi
2929 1165 3045 1203 eam
3073 1152 3142 1216 ei,
3172 1152 3257 1205 cui
3281 1150 3394 1224 [AL
3419 1151 3536 1225 qui]

1927 1236 2122 1308 placuit
2150 1239 2206 1292 in
2235 1236 2401 1292 oculis
2448 1241 2578 1292 meis
2607 1283 2621 1306 ,
2660 1240 2763 1293 hoc
2794 1242 3068 1310 signilicat
3093 1282 3108 1307 ,
3158 1242 3302 1312 quod
3349 1244 3534 1299 omnia

1929 1329 2165 1384 humano
2195 1331 2378 1399 generi
2413 1347 2508 1400 per
2532 1331 2626 1387 Dei
2670 1333 2902 1402 gratiam
2951 1333 3060 1387 sint
3109 1335 3332 1389 tributa.
3390 1333 3528 1408 Ego,

1927 1421 2125 1492 inquit,
2160 1423 2257 1492 feci
2294 1433 2506 1488 terram,
2540 1432 2586 1477 et
2641 1425 2926 1488 hominem.
2957 1435 3004 1479 ct
3047 1427 3288 1498 jumenta
3351 1426 3530 1497 (Psal.

1925 1514 2114 1584 xxxv).
2149 1514 2298 1570 Ordo
2345 1516 2675 1570 contrarius.
2718 1516 2776 1571 in
2835 1516 3036 1573 Genesi
3093 1519 3240 1573 enim
3298 1523 3535 1589 primum

1925 1606 2064 1660 liunt
2084 1608 2408 1673 animantia,
2435 1619 2485 1664 et
2511 1616 2791 1665 extremus
2821 1608 3213 1683 homo(Genes.
3239 1613 3301 1683 t),
3326 1613 3422 1669 sed
3449 1613 3538 1668 hic

1928 1698 2076 1770 prius
2104 1700 2380 1757 hominem
2407 1703 2671 1769 nominat,
2700 1713 2757 1758 et
2789 1714 2978 1775 postea
3009 1721 3131 1776 quae
3154 1706 3399 1776 subjecta
3413 1717 3539 1763 sunt

1926 1791 2156 1852 homini.

1999 1885 2180 1957 (Vers.
2205 1885 2260 1951 6,
2285 1887 2365 1958 7.)
2391 1885 2550 1941 Nunc
2572 1889 2748 1960 itaque
2768 1905 2863 1960 ego
2883 1889 3007 1944 dedi
3028 1906 3204 1945 omnes
3223 1901 3389 1947 terras
3406 1894 3536 1949 istas

1924 1982 1975 2032 in
2002 1995 2159 2033 manu
2190 1977 2682 2036 Nabuchodonosor
2709 1984 2845 2056 regis
2884 1982 3171 2055 Babylonis
3211 1988 3342 2042 serui
3381 1989 3484 2042 mei
3515 2003 3536 2042 :

1919 2071 2135 2139 insuper
2152 2080 2197 2124 et
2217 2070 2534 2144 bestiasagri
2547 2074 2667 2126 dedi
2684 2075 2728 2126 ei
2752 2084 2808 2126 ut
2827 2077 3166 2144 serviantilli.
3209 2076 3274 2130 Et
3313 2081 3539 2133 servient

1923 2160 1970 2213 ei
1996 2175 2170 2214 omnes
2196 2171 2393 2232 gentes,
2423 2171 2468 2216 et
2499 2163 2612 2232 [ilio
2637 2166 2754 2234 ejus
2775 2173 2821 2218 et
2839 2165 2950 2234 ﬁlio
2971 2167 3069 2236 lilii
3096 2170 3229 2240 ejus.
3254 2167 3422 2238 Cujus
3454 2169 3541 2224 itt-

1923 2251 2197 2308 felicitatis
2228 2264 2313 2310 est
2341 2255 2529 2320 Israel,
2574 2259 2792 2329 quando
2825 2265 3242 2330 comparatione
3283 2262 3402 2331 ejus
3430 2263 3536 2317 Na-

1926 2345 2348 2402 buchodonosor
2375 2365 2568 2404 servus
2601 2350 2695 2406 Dei
2730 2351 3047 2422 appellatur
3073 2353 3096 2407 ?
3123 2354 3406 2422 Scriptum
3450 2364 3537 2412 est

1925 2439 1976 2494 in
2005 2440 2295 2509 Evangelia
2321 2461 2333 2496 :
2363 2441 2590 2498 Mundus
2633 2461 2724 2510 per
2769 2447 2940 2516 ipsunt
2968 2447 3138 2516 factus
3181 2457 3281 2513 est,
3311 2459 3358 2502 et
3383 2466 3535 2502 mun-

1924 2533 2019 2585 dus
2045 2549 2163 2586 eum
2181 2551 2281 2589 non
2304 2538 2560 2609 cognorit.
2595 2535 2662 2591 In
2695 2540 2905 2610 propria
2930 2540 3089 2603 venit,
3119 2551 3166 2595 et
3184 2543 3268 2596 sui
3289 2558 3407 2596 eum
3429 2560 3533 2598 non

1924 2637 2223 2696 receperunt
2251 2626 2436 2702 (Joan.
2468 2646 2507 2699 t,
2537 2631 2648 2704 10).
2679 2630 2847 2687 Recte
2877 2632 3062 2703 itaque
3093 2635 3345 2690 conditor
3371 2650 3534 2692 crea-

1927 2729 2101 2774 turam
2125 2736 2277 2775 suam
2309 2722 2473 2776 tradit
2497 2723 2584 2777 cui
2608 2725 2864 2779 voluerit.
2896 2727 3137 2795 Denique
3169 2735 3226 2782 et
3251 2727 3530 2792 diabolus.

1925 2814 1978 2869 in
2004 2814 2158 2884 cujus
2188 2827 2374 2887 typum
2404 2819 2686 2887 przecessit
2720 2817 3270 2888 Nabuchodonosor,
3304 2824 3533 2876 confite-

1927 2913 2015 2960 tur
2038 2924 2049 2960 :
2074 2905 2185 2962 hwc
2212 2911 2387 2964 omnia
2409 2911 2536 2964 mihi
2554 2911 2749 2966 tradita
2769 2911 3086 2980 sunt.Quod
3107 2922 3291 2968 autem
3317 2914 3531 2968 intulit:

1925 2996 2149 3072 Insuper
2173 3011 2219 3054 et
2249 3001 2439 3058 bestias
2468 3006 2585 3073 agri
2609 3005 2730 3058 dedi
2758 3006 2805 3058 ei
2835 3015 2890 3059 ut
2904 3007 3129 3060 serviant
3161 3005 3264 3071 illi,
3299 3007 3381 3061 vel
3406 3008 3536 3062 sim-

1928 3092 2143 3160 pliciter
2170 3107 2332 3149 omne
2354 3110 2529 3165 genus
2550 3094 2868 3150 animalium
2900 3095 3214 3168 intelligere
3230 3099 3494 3154 debemus
3518 3117 3534 3166 ;

1925 3199 2047 3240 cum
2082 3186 2303 3242 homine
2332 3189 2478 3241 enim
2509 3197 2564 3243 et
2589 3202 2651 3244 ea
2687 3189 2997 3255 traduntur,
3036 3190 3248 3262 1033
3297 3207 3419 3260 qua:
3483 3193 3532 3246 ei

215 3293 343 3339 rant
371 3282 438 3337 ad
481 3281 766 3339 Sedeciam
814 3299 828 3334 :
855 3291 911 3337 et
944 3282 1223 3351 pra-cipiat
1253 3283 1372 3337 suis
1405 3281 1649 3338 dominis
1680 3298 1820 3337 nun-
1851 3303 1897 3366 ρ
1928 3279 2143 3333 subdita
2173 3292 2296 3334 sunt
2321 3296 2336 3344 ;
2360 3292 2452 3335 aut
2478 3293 2627 3336 certe
2658 3281 2881 3345 beStias,
2913 3282 3270 3352 ferasgeotes
3292 3284 3535 3352 accipia-

217 3375 360 3429 tiare
387 3415 401 3432 .
432 3373 575 3442 quod
610 3374 724 3441 regi
766 3372 1268 3429 Nabuchodonosor
1300 3375 1508 3430 servire
1545 3375 1820 3442 debeant;

213 3475 272 3522 et
299 3465 491 3521 audire
519 3481 640 3536 qua:
668 3480 907 3536 sequens
928 3466 1214 3537 Propheta:
1241 3481 1426 3523 sermo
1453 3470 1820 3539 prosequitur.

215 3559 303 3615 Ac
343 3575 411 3613 ne
452 3556 684 3614 forsitan
717 3557 880 3628 legati
917 3570 971 3614 et
1001 3575 1160 3629 reges
1191 3561 1417 3615 istarum
1449 3563 1693 3631 gentium
1742 3578 1827 3618 re-

218 3650 560 3720 sponderent
585 3692 600 3715 ,
633 3666 734 3706 cur
781 3653 882 3706 hoc
914 3660 1007 3706 tuo
1038 3653 1241 3724 pepulo
1273 3669 1380 3708 non
1412 3655 1698 3724 praecipis?
1727 3654 1826 3712 Se-

219 3747 396 3804 deciae
422 3763 638 3815 quoque
671 3749 784 3818 regi
817 3747 1017 3802 similia
1052 3749 1293 3818 loquitur
1319 3791 1334 3813 ,
1363 3757 1417 3803 ct
1446 3748 1826 3806 sacerdotibus

217 3855 286 3895 ac
309 3841 614 3910 prophetis.
653 3840 805 3894 llunc
835 3840 1012 3895 locum
1045 3841 1372 3911 allegoricus
1403 3856 1622 3912 semper
1651 3842 1820 3897 inter-

220 3949 352 4002 pres
384 3929 704 4006 (Origenes).
736 3943 791 3988 et
818 3931 1062 3988 historia:
1092 3935 1303 4004 fugiens
1335 3935 1622 3988 veritatem
1655 3934 1827 3989 inter-

219 4035 470 4095 pretatur
491 4026 560 4079 de
591 4025 801 4080 cmlesti
823 4024 1151 4090 Jerusalem,
1190 4025 1400 4097 1032
1422 4026 1564 4096 quod
1589 4028 1826 4082 debeant

223 4117 562 4173 habitatores
584 4119 701 4189 ejus
723 4128 916 4186 sponte
933 4134 1212 4174 assumere
1243 4136 1497 4188 corpora,
1523 4131 1577 4176 et
1598 4121 1827 4178 descen-

220 4211 357 4266 dere
385 4214 436 4265 in
465 4211 818 4283 Babylonem,
844 4211 894 4265 id
926 4223 1031 4278 est,
1057 4210 1433 4266 confusionem
1457 4214 1643 4268 mundi
1670 4214 1826 4268 istius

217 4303 314 4372 qui
339 4304 390 4357 in
415 4303 652 4371 maligno
677 4305 885 4370 positus
913 4314 1016 4369 est,
1043 4312 1097 4358 et
1126 4304 1332 4360 servire
1359 4307 1472 4376 regi
1499 4306 1822 4377 Babylonio,

225 4394 371 4449 haud
419 4393 642 4450 dubium
674 4396 806 4462 quin
837 4396 1075 4450 diabolo.
1113 4395 1269 4460 Quod
1301 4398 1346 4451 si
1374 4398 1476 4453 hoc
1519 4397 1702 4454 facere
1731 4415 1828 4454 tto-

222 4488 452 4553 lnerint,
484 4502 828 4558 nequaquam
861 4503 956 4543 eos
986 4489 1170 4557 gravia
1202 4503 1436 4558 corpora
1467 4501 1777 4560 portaturos
1808 4508 1822 4557 ;

223 4579 322 4635 sed
356 4579 627 4648 perituros
656 4579 839 4648 gladio
869 4621 883 4645 ,
913 4587 969 4635 et
1001 4581 1144 4635 laute
1168 4621 1182 4643 ,
1216 4589 1272 4634 et
1299 4591 1451 4652 peste
1479 4597 1495 4647 ;
1537 4591 1591 4636 et
1624 4597 1827 4653 nequa-

1931 3387 2073 3440 mus,
2106 3373 2250 3442 quod
2280 3375 2571 3429 etiatnillze
2625 3375 2890 3444 serviant,
2942 3391 3064 3445 qua:
3117 3377 3273 3446 prius
3321 3377 3534 3431 servire

1931 3481 2038 3520 non
2063 3477 2350 3521 noverant.
2386 3466 2583 3522 Filium
2609 3477 2791 3523 autem
2813 3468 2954 3538 ejus,
2979 3468 3534 3537 etliliumﬁlii,juxta

1929 3555 2258 3612 Hebraicum
2292 3557 2576 3614 Balthasar
2630 3568 2805 3626 voeat,
2861 3569 2914 3615 et
2968 3559 3412 3629 Evilmerodach,
3463 3560 3535 3617 de

1927 3649 2123 3717 quibus
2153 3649 2343 3704 scribit
2365 3648 2580 3704 Daniel.

2001 3737 2179 3794 Donec
2209 3740 2378 3794 veniat
2409 3750 2606 3812 tempus
2653 3753 2806 3796 terra:
2845 3743 2959 3810 ejus
2988 3751 3039 3798 et
3068 3744 3258 3814 ipsius.
3299 3743 3535 3800 Pulchre

1931 3847 2000 3888 ne
2021 3843 2344 3903 perpetuum
2373 3832 2885 3890 Nabuchodonosor
2908 3849 3198 3907 putaretur
3220 3838 3536 3908 imperium,

1929 3937 1984 3980 et
2011 3925 2187 3996 ipsmn
2218 3926 2351 3982 dicit
2377 3944 2405 3982 a
2423 3927 2595 3983 Medis
2613 3927 2909 4000 Persisque
2931 3932 3280 4001 capiendum.
3308 3930 3423 3986 Hoc
3445 3943 3533 3987 est

1929 4023 2075 4077 enim
2106 4023 2249 4092 quod
2281 4023 2549 4093 significat
2581 4041 2593 4078 :
2626 4023 2800 4078 Donec
2821 4025 2992 4078 veniat
3015 4033 3219 4096 tempus
3248 4036 3400 4080 terra?
3418 4028 3532 4098 ejus

1931 4123 1978 4168 et
2005 4114 2170 4182 ipsius
2201 4129 2220 4168 :
2243 4113 2336 4169 sed
2363 4129 2461 4169 nec
2491 4115 2594 4168 hoc
2623 4113 2857 4169 habetur
2885 4115 2939 4169 in
2970 4115 3346 4187 Septuaginta.

2006 4207 2072 4262 Et
2094 4210 2313 4264 servient
2340 4211 2389 4264 ei
2415 4223 2592 4281 gentes
2615 4211 2810 4275 multw,
2844 4220 2894 4264 et
2913 4226 3056 4284 reges
3088 4211 3286 4284 magni.
3317 4211 3430 4265 Non
3452 4211 3534 4266 di-

1935 4301 2035 4368 xit,
2066 4317 2240 4356 onmes
2263 4319 2282 4356 :
2315 4302 2417 4357 hoc
2445 4304 2591 4356 enim
2626 4303 2848 4373 proprie
2872 4302 3074 4358 Chrisu
3097 4305 3333 4360 debetur
3361 4305 3534 4373 impe—

1934 4395 2047 4462 rio,
2081 4409 2407 4465 quamquam
2453 4395 2606 4464 juxta
2655 4394 3048 4467 Symmachum
3100 4411 3210 4450 non
3262 4395 3526 4466 legatur:

1934 4486 2170 4541 Screient
2199 4487 2247 4539 ei
2276 4497 2450 4557 gentes
2478 4486 2677 4552 multat,
2705 4496 2753 4540 ct
2793 4501 2938 4559 reges
2965 4487 3141 4560 magni
3164 4503 3183 4551 ,°
3226 4486 3322 4541 sed
3365 4487 3535 4555 subji-

1933 4581 2204 4634 cienteum
2225 4580 2456 4635 servituti
2479 4589 2655 4653 gentes
2701 4578 2909 4644 multae,
2963 4589 3011 4632 ct
3035 4596 3180 4650 reges
3225 4579 3399 4652 ntagni
3424 4620 3442 4644 ,
3473 4588 3536 4633 ut

223 4689 390 4743 quam
425 4673 668 4727 homines
693 4672 926 4738 futuros,
961 4672 1055 4728 sed
1079 4674 1373 4729 darmones.
1410 4677 1523 4731 llnc
1554 4677 1644 4732 ille
1673 4677 1826 4732 dixe-
1853 4701 1908 4761 ι)
1935 4672 2051 4744 ipse
2077 4676 2503 4744 quoqueserviat
2523 4676 2693 4730 Medis
2719 4688 2769 4730 et
2801 4674 2985 4730 Persis
3019 4715 3034 4738 ,
3064 4677 3152 4730 eui
3183 4687 3312 4728 ante
3341 4689 3534 4730 omnes

229 4767 324 4834 rit,
367 4780 437 4821 ne
483 4765 803 4821 defensores
852 4766 972 4835 ejus
1024 4767 1181 4821 nobis
1227 4766 1558 4823 calumniam
1601 4769 1824 4824 faciant.

225 4858 502 4914 Caeterum
535 4872 636 4912 nos
665 4858 967 4928 simplicem
999 4868 1054 4914 et
1094 4875 1277 4915 veram
1310 4875 1607 4930 sequantur
1657 4862 1832 4918 histo-

227 4953 392 5016 riam,
429 4965 496 5006 ne
527 4951 850 5020 quibusdam
879 4952 1112 5006 nubibus
1141 4963 1304 5022 atque
1333 4955 1627 5024 prmstigiis
1654 4953 1831 5010 invol-

228 5061 440 5102 t'amur.

300 5136 482 5210 (Vers.
505 5135 589 5205 5.)
617 5135 731 5210 Ego
755 5137 852 5208 feci
876 5147 1092 5206 terram,
1116 5149 1164 5193 et
1179 5138 1462 5202 hominem,
1491 5151 1541 5195 et
1561 5145 1829 5215 jnmenta,

221 5245 341 5300 qua?
361 5239 481 5282 sunt
509 5245 666 5300 super
689 5229 875 5301 faciem
897 5241 1049 5284 terra:
1078 5232 1129 5284 in
1156 5231 1460 5300 fortitudine
1487 5249 1600 5286 mea
1620 5251 1830 5305 magna.

222 5332 268 5377 et
304 5324 357 5376 in
387 5321 596 5375 brachio
622 5339 732 5376 meo
754 5330 983 5383 extento,
1015 5332 1062 5377 et
1092 5323 1214 5377 dedi
1233 5341 1346 5378 eam
1373 5326 1442 5392 ci,
1475 5327 1556 5379 cui
1581 5323 1692 5398 [ΑΙ.
1719 5325 1830 5398 qui]

223 5415 422 5486 placuit
451 5418 503 5470 in
530 5417 695 5470 oculis
729 5416 872 5470 meis.
903 5415 1055 5473 Licet
1079 5420 1494 5497 ἀνθρωποπάθως
1514 5421 1629 5476 btet.
1645 5420 1832 5491 Scrip-

227 5523 352 5566 tura
396 5510 676 5579 loquatur,
722 5511 1000 5580 quomodo
1044 5527 1142 5566 nos
1182 5514 1436 5568 homines
1463 5515 1608 5585 loqui
1639 5530 1834 5583 possu-

225 5619 350 5660 mus
380 5613 434 5658 et
457 5605 759 5675 intelligere
786 5623 798 5656 :
836 5614 1015 5659 tamen
1051 5604 1316 5660 fortitudo
1349 5607 1439 5661 Dei
1470 5619 1524 5661 et
1551 5608 1830 5663 brachium

227 5699 348 5768 ejus
375 5698 468 5752 ille
493 5709 596 5764 est,
632 5698 700 5752 de
727 5712 836 5767 quo
865 5707 916 5752 et
947 5700 1241 5768 Apostolus
1269 5701 1511 5770 loquitur
1546 5721 1558 5754 :
1591 5700 1833 5758 Christus

303 5825 331 5853 ι
371 5817 461 5872 Sic
486 5818 648 5879 κλοιὸς
672 5820 725 5872 in
754 5817 962 5873 Glossis
988 5818 1268 5872 votetibus
1301 5818 1543 5874 redditur
1569 5818 1702 5874 Boia
1727 5861 1741 5882 ,
1774 5828 1831 5875 et

228 5890 512 5959 equuleus.
551 5889 615 5942 Et
649 5889 849 5944 tliidem
886 5889 938 5944 in
974 5888 1108 5944 Boia
1139 5889 1302 5945 κλοιὸν
1335 5891 1644 5968 περιτίθημι.
1683 5895 1840 5960 Saepe

1932 4777 2125 4837 gentes
2142 4768 2467 4824 servierant.
2498 4767 2612 4823 lloc
2639 4767 2782 4837 quod
2806 4782 2881 4832 ex
2913 4767 3186 4822 llebraico
3210 4768 3531 4836 posuimus:

1935 4859 2068 4916 Dedi
2107 4863 2153 4916 ei
2185 4871 2240 4915 ut
2262 4862 2483 4917 serviant
2507 4860 2621 4930 illi,
2649 4872 2695 4915 et
2715 4861 2937 4916 seri-ient
2966 4862 3012 4914 ei
3040 4877 3218 4916 omnes
3243 4871 3417 4932 gentes
3437 4903 3454 4927 ,
3485 4871 3536 4915 et

1934 4955 2048 5022 ﬁlio
2077 4955 2221 5025 ejus,
2254 4965 2301 5007 et
2325 4954 2442 5024 filio
2467 4954 2567 5024 ﬁlii
2593 4955 2731 5026 ejus,
2773 4953 2936 5006 donec
2963 4953 3131 5006 veniat
3162 4961 3360 5026 tempus
3390 4964 3542 5009 terra:

1933 5053 2048 5122 ejus
2074 5058 2123 5103 et
2152 5049 2317 5118 ipsius
2338 5063 2358 5102 :
2388 5057 2435 5101 et
2456 5047 2688 5102 servituti
2719 5063 2836 5100 eum
2867 5046 3332 5120 subiicientgentes
3362 5064 3393 5100 τι
3415 5045 3542 5102 ulta

1938 5151 1984 5196 et
2017 5158 2158 5213 τίθει
2189 5140 2398 5211 magni,
2427 5141 2480 5194 in
2517 5138 2875 5210 Septuaginta
2895 5138 2979 5210 (ut
2994 5141 3107 5210 jam
3139 5140 3400 5209 diximus)
3427 5139 3542 5196 edi-

1937 5234 2088 5290 tinoe
2115 5249 2222 5289 non
2249 5235 2469 5303 legitur.

2004 5325 2189 5398 (Vers.
2214 5325 2296 5397 8.)
2317 5324 2455 5382 Gens
2478 5332 2651 5379 autem
2678 5333 2725 5379 et
2755 5342 2991 5398 regnum,
3021 5327 3161 5398 quod
3177 5342 3281 5380 non
3307 5324 3541 5378 servierit

1941 5419 2427 5474 Nabuchodonosor
2490 5420 2600 5493 regi
2632 5417 2916 5490 Babylonis
2944 5463 2958 5485 ,
2995 5429 3040 5473 et
3085 5420 3390 5486 quicumque
3435 5432 3543 5470 non

1937 5515 2222 5569 curvaverit
2245 5513 2435 5568 collum
2465 5530 2615 5568 suum
2645 5513 2738 5566 sub
2762 5513 2886 5583 iugo
2905 5512 3042 5584 regis
3070 5509 3379 5581 Babylonis,
3411 5518 3460 5564 et
3483 5509 3540 5564 in

1936 5605 2122 5680 gladio
2145 5647 2161 5671 ,
2193 5614 2244 5660 et
2274 5605 2428 5675 fame,
2452 5617 2500 5659 et
2532 5612 2674 5674 peste
2715 5604 2929 5657 visitabo
2957 5621 3112 5673 super
3140 5611 3339 5674 gentem
3367 5601 3540 5670 illum,

1937 5703 2010 5756 ait
2041 5700 2295 5755 Dominus
2322 5741 2334 5761 .
2365 5700 2526 5753 donec
2554 5713 2854 5752 consumam
2878 5714 2964 5753 eos
2992 5698 3045 5752 in
3077 5713 3236 5751 manu
3264 5699 3397 5762 eius.
3422 5696 3542 5754 Non

1937 5827 2121 5943 alutt'm
2172 5817 2274 5874 hac
2303 5816 2372 5870 de
2417 5831 2551 5873 voce
2595 5815 2853 5870 diximus.
2900 5814 3025 5872 Vid.
3069 5814 3188 5871 Lib.
3233 5812 3455 5872 Nomia.
3488 5813 3542 5868 in

1997 5904 2112 5943 usa.

1997 5904 2112 5943 una.
