3972 6318
481 312 579 369 831

1732 306 1792 365 S.
1834 305 2105 365 EUShBll
2147 305 2527 367 lllEltON'Hﬂ

3680 313 3796 371 852

478 430 663 485 solum
685 428 942 484 Dominus
969 423 1305 495 peccatrices
1320 432 1514 497 gentes
1540 424 1761 496 subiicit
1786 423 2076 480 Nabucbo-
2105 426 2150 486 Α
2182 441 2361 499 usque
2387 429 2537 484 enim
2574 436 2811 483 meretur
2842 427 3183 501 privilegium
3211 430 3397 501 gentis
3430 428 3792 494 Israeliticae,

480 525 754 589 donosor,
792 520 891 576 sed
932 521 1229 590 Apostolus
1269 519 1340 575 de
1373 520 1759 590 peccatoribus
1785 520 2031 590 loquitur
2062 536 2079 572 θ

481 615 629 681 Quos
652 613 850 668 tradidi
878 614 1092 669 Solam:
1116 656 1131 679 ,
1157 623 1213 669 ut
1254 613 1461 670 discant
1505 629 1607 669 non
1633 612 1995 682 blasphemus
2034 612 2084 685 (Ι

479 709 619 764 Tim.
653 723 694 775 ι,
726 706 845 779 90).
874 707 944 762 Et
975 707 1030 765 in
1057 709 1173 762 alio
1196 708 1323 763 loco
1352 722 1371 762 :
1400 706 1616 762 Tradidi
1646 707 1948 782 Itujusmodi
1980 708 2083 761 Sa-

478 815 618 859 tante
643 805 693 855 in
718 802 986 856 interitum
1016 804 1212 866 carnis,
1240 809 1293 853 ut
1318 802 1530 873 spiritus
1554 799 1725 855 salvus
1766 800 1859 869 ﬁat
1884 796 1932 871 (l
1958 797 2080 854 Cor.

481 911 538 960 γ,
572 895 651 967 5).
690 893 1065 950 Potestatibus
1093 907 1309 964 quoque
1339 893 1703 949 obediendum
1735 902 1919 948 mouet
1938 934 1952 959 ,
1978 907 2084 948 non

479 989 657 1043 solum
691 995 917 1058 propter
964 987 1129 1053 iram,
1164 986 1260 1041 sed
1308 995 1364 1041 et
1396 993 1622 1055 propter
1650 984 2044 1041 conscientiam
2069 1027 2083 1047 ,

482 1096 550 1141 ne
576 1082 1009 1141 condemnemur
1034 1081 1104 1135 ab
1131 1080 1238 1136 eis.

550 1176 734 1249 (Vers.
768 1176 805 1231 9
827 1173 1132 1246 seqq.)l’os
1152 1190 1273 1245 ergo
1294 1174 1454 1228 nolite
1469 1175 1655 1228 audire
1672 1171 1949 1243 prophetas
1969 1189 2083 1228 ves-

477 1283 584 1328 tros
607 1314 621 1338 ,
654 1282 701 1326 et
730 1272 931 1326 divinos
960 1312 974 1333 ,
1000 1278 1047 1324 ct
1070 1270 1413 1325 somniatorcs
1436 1310 1452 1336 ,
1485 1278 1532 1323 et
1560 1283 1801 1342 augures.
1836 1278 1887 1322 et
1919 1267 2080 1322 male-

483 1366 609 1435 ﬁcos
634 1408 646 1429 ,
674 1366 763 1435 qui
792 1365 974 1417 dicunt
992 1363 1135 1417 vobis
1166 1377 1186 1417 :
1215 1361 1335 1416 Non
1367 1362 1601 1416 servietis
1622 1360 1731 1432 regi
1754 1358 2043 1432 Babylonis
2068 1401 2082 1424 .

477 1460 602 1527 quia
631 1457 954 1512 mendacium
987 1454 1297 1528 prophetarit
1320 1454 1480 1519 vobis,
1506 1463 1561 1509 ut
1591 1455 1740 1526 longe
1768 1453 1967 1524 faciant
1994 1468 2088 1508 vos

485 1551 553 1603 de
584 1561 722 1604 terra
751 1558 921 1604 oestro
946 1590 960 1614 ,
993 1556 1044 1603 et
1070 1549 1285 1621 cjiciont
1323 1564 1432 1613 vos,
1463 1556 1511 1601 et
1536 1547 1780 1620 pereatis.
1807 1544 1947 1601 Gens
1985 1561 2085 1599 au-

486 1653 585 1697 tem
603 1649 720 1715 quo:
741 1641 1015 1711 subjecerit
1035 1640 1281 1695 cervicem
1307 1656 1459 1693 suum
1483 1640 1578 1692 sub
1589 1641 1724 1712 jugo
1748 1638 1885 1709 regis
1910 1637 2087 1708 Baby-

487 1736 646 1799 lonis,
679 1743 727 1789 et
753 1733 985 1789 servierit
1014 1733 1061 1785 ei
1081 1773 1095 1797 ,
1123 1732 1382 1785 dimittam
1398 1748 1509 1784 eam
1553 1732 1604 1784 in
1636 1739 1774 1784 terra
1802 1746 1931 1795 sua,
1961 1729 2089 1784 dicit

2182 520 2277 590 qui
2298 522 2522 578 caneris
2544 521 2799 592 gentibus
2823 566 2837 591 ,
2887 531 2981 577 aut
3009 524 3207 578 similia
3229 568 3243 592 ,
3279 533 3373 578 aut
3422 522 3633 593 majora
3667 538 3801 594 pee-

2183 617 2347 668 eavit.
2381 615 2624 683 Denique
2646 616 2771 684 quia
2795 614 2987 670 audire
3034 617 3368 688 contempsit
3398 617 3641 687 populus
3667 630 3803 687 per-

2183 704 2381 762 duellis
2399 748 2414 773 ,
2435 707 2619 776 gladio
2642 752 2655 773 ,
2693 709 2835 763 tame
2856 749 2875 775 ,
2904 718 2956 764 et
2985 719 3135 777 pcste
3162 721 3527 781 consumptus
3556 719 3662 766 est.
3684 709 3803 766 οι».

2184 800 2513 856 servandum
2558 813 2741 857 autem
2780 802 2836 856 in
2900 802 3179 873 Scriptura
3221 815 3411 860 saneta
3440 847 3454 866 .
3493 804 3648 875 quod
3698 819 3805 874 pro

2186 894 2677 965 pseudoprophetis
2704 897 2947 966 appellet
2989 896 3281 967 prophetas
3303 942 3317 965 ,
3368 899 3463 969 qui
3494 898 3809 954 vaticinen-

2189 998 2279 1044 tnr
2305 989 2356 1043 in
2383 991 2606 1045 nomine
2639 988 2852 1045 Domini
2907 990 3269 1047 mendaciter.
3306 991 3421 1047 Hoc
3450 1003 3641 1048 autem
3666 1033 3682 1056 ,
3713 992 3808 1047 in-

2186 1080 2335 1151 quit,
2372 1080 2579 1136 iaciunt
2600 1123 2616 1148 ,
2650 1090 2709 1136 ut
2742 1081 2967 1151 eliciant
2993 1096 3095 1137 vos
3120 1128 3133 1149 ,
3168 1092 3223 1137 et
3254 1085 3495 1153 pereatis
3526 1093 3642 1137 tam
3671 1099 3804 1152 vos,

2186 1189 2349 1243 quam
2385 1176 2670 1244 prophetae
2701 1218 2714 1241 ,
2743 1175 2835 1244 qui
2880 1175 3248 1230 vsticinantur
3272 1176 3454 1230 vobis.
3506 1175 3574 1231 Et
3604 1191 3805 1233 eorum

2187 1265 2354 1334 igitur
2381 1264 2472 1335 qui
2495 1265 2864 1335 decipiuntur,
2913 1275 2967 1322 et
2998 1280 3188 1323 eorum
3236 1267 3328 1337 qui
3357 1266 3643 1338 decipiunt
3668 1310 3685 1334 ,
3727 1268 3807 1324 si-

2189 1356 2335 1411 milis
2367 1358 2618 1413 interitus
2640 1368 2742 1413 est.
2779 1357 2894 1413 Hoc
2916 1359 3061 1429 quod
3078 1358 3147 1414 de
3174 1358 3447 1415 llebraieo
3471 1361 3768 1430 posuimus
3791 1379 3806 1417 :

2189 1450 2303 1505 Sub
2314 1452 2447 1523 jugo
2475 1452 2608 1522 regis
2636 1448 2937 1522 Babylonis,
2968 1461 3019 1505 et
3044 1453 3228 1506 servile
3248 1453 3294 1507 ei
3311 1494 3325 1515 ,
3358 1462 3406 1507 et
3431 1436 3631 1525 populo
3662 1455 3801 1526 ejus,

2188 1554 2238 1596 et
2264 1544 2459 1597 vit-etis.
2486 1543 2658 1610 Quare
2690 1543 2901 1617 1035
2939 1545 3235 1600 moriemini
3268 1555 3322 1599 tu
3353 1556 3402 1601 et
3419 1546 3655 1618 populus
3681 1555 3811 1602 tates

2188 1635 2370 1708 gladio
2390 1678 2402 1700 ,
2438 1645 2486 1691 ct
2517 1641 2676 1707 fume,
2705 1647 2752 1691 et
2782 1646 2925 1707 peste
2954 1653 2974 1693 :
3014 1638 3149 1693 sicut
3177 1640 3382 1694 locutus
3431 1647 3507 1693 est
3539 1638 3811 1695 Dominus

2188 1731 2257 1785 ad
2284 1739 2485 1803 gentem
2502 1771 2516 1794 ,
2541 1747 2657 1802 quo:
2672 1733 2863 1787 servire
2884 1732 3109 1787 noluerit
3131 1735 3240 1804 regi
3263 1733 3553 1805 Babyloms
3574 1735 3600 1787 Ρ
3624 1734 3814 1790 Nolite

485 1826 738 1881 Dominus
768 1843 786 1881 :
813 1833 861 1879 et
889 1826 1019 1879 colet
1047 1840 1159 1877 eam
1181 1865 1195 1885 .
1236 1831 1282 1877 et
1321 1823 1571 1877 habitabit
1593 1821 1648 1877 in
1687 1838 1767 1877 ea.
1803 1823 2003 1877 Delirat
2031 1829 2087 1877 et
2118 1813 2164 1876 Β
2189 1821 2375 1876 audire
2413 1822 2566 1878 verba
2612 1821 2985 1895 prophetarum
3026 1824 3309 1878 (licentium
3336 1824 3481 1879 vobis
3505 1866 3523 1890 ,
3559 1825 3615 1879 in
3661 1820 3805 1880 LXX

481 1921 537 1975 in
571 1920 674 1974 hoc
724 1921 848 1975 loco
894 1916 1227 1987 allegoricus
1271 1917 1580 1986 interpres,
1624 1924 1682 1971 et
1730 1915 1985 1970 hortatur
2031 1915 2086 1969 in

484 2012 698 2069 coaleul
753 2010 960 2079 positos
1004 2008 1346 2075 Jerusalem,
1403 2022 1471 2063 ne
1522 2006 1749 2063 audiant
1792 2006 2087 2077 prophetas

484 2121 613 2159 suos
641 2146 656 2169 ,
681 2116 844 2171 atque
870 2102 1093 2158 divinos
1113 2144 1128 2166 ,
1157 2111 1209 2157 et
1241 2103 1634 2164 somniat-ires,
1665 2110 1721 2155 et
1741 2114 1977 2170 augures
1999 2142 2014 2168 ,
2033 2109 2089 2155 et

490 2198 773 2253 maleﬁcos
804 2215 816 2251 :
852 2197 947 2252 sed
972 2204 1029 2252 ut
1059 2196 1242 2266 potius
1271 2195 1514 2251 serviant
1545 2193 2085 2259 Nabuchodonosor,

486 2300 544 2347 et
572 2304 778 2360 corpus
806 2289 1136 2344 humilitatis
1184 2298 1499 2354 assumant,
1545 2285 1835 2342 infantium
1880 2283 2093 2358 103‘

483 2386 702 2454 vagitus
730 2425 745 2448 ,
779 2390 834 2437 et
882 2381 1210 2437 incunabula
1261 2381 1636 2447 parvulorum.
1683 2379 1742 2435 Si
1796 2380 1939 2434 enim
1974 2379 2091 2435 haec

490 2476 750 2541 iecerint,
782 2476 1004 2544 expleto
1050 2475 1347 2538 famulatu,
1394 2484 1448 2528 et
1478 2473 1799 2529 conditione
1838 2471 2089 2527 mortali-

484 2569 612 2625 tatis
640 2569 916 2637 hnmanar,
963 2581 1283 2623 reversuros
1329 2581 1427 2623 eos
1456 2565 1524 2620 ad
1578 2576 1776 2621 terram
1808 2579 1963 2620 suam
1990 2605 2003 2627 ,
2036 2573 2094 2618 et

494 2662 841 2717 habitatores
869 2661 921 2714 in
939 2674 1024 2724 ea,
1054 2667 1110 2714 et
1153 2666 1477 2729 operaturos
1497 2698 1511 2722 ,
1544 2672 1666 2725 quae
1693 2657 1843 2727 prius
1882 2655 2092 2727 Operati

492 2764 640 2809 sunt.
679 2755 930 2821 [tic'tque
959 2767 1021 2806 se
1065 2750 1336 2822 suspicari
1377 2766 1508 2816 eos,
1538 2751 1629 2818 qui
1687 2750 1780 2805 Ι)θί
1824 2758 2091 2820 prmerpta

488 2850 920 2919 contempserint
947 2890 960 2910 ,
996 2847 1253 2903 humanis
1280 2848 1612 2918 corporibus
1651 2848 1982 2918 prtcgravari
2014 2848 2096 2901 fu—

492 2955 647 2996 turos
675 2940 993 3003 dmtnottcs,
1039 2949 1093 2993 et
1144 2939 1457 2994 immundos
1504 2940 1734 3011 spiritus
1761 2982 1775 2999 .
1819 2950 1873 2996 et
1909 2939 2094 2994 sedem

494 3036 783 3105 pristinam
811 3047 1151 3104 nequaquam
1181 3043 1518 3102 recepturos.
1544 3032 1655 3087 Nos
1678 3045 1858 3089 autem
1883 3032 2091 3102 simpliv

488 3132 628 3185 citer
654 3144 1025 3200 exponamus,
1058 3139 1110 3184 et
1132 3128 1428 3199 prophetas
1458 3142 1583 3183 esse
1614 3131 1664 3181 in
1689 3127 1975 3195 gentibus,
2002 3129 2095 3195 qui

491 3223 755 3277 simulent
784 3236 843 3277 se
872 3221 1061 3276 divino
1092 3221 1289 3292 spiritu
1336 3222 1515 3275 t‘utura
1549 3220 1849 3290 prmdiccre
1883 3238 1894 3273 :
1928 3228 1984 3274 et
2012 3218 2095 3274 di-
2119 3205 2167 3269 C

504 3318 698 3380 vinos,
724 3316 795 3371 tle
816 3316 1016 3385 quibus
1046 3326 1098 3370 et
1138 3315 1361 3385 vulgare
1392 3314 1739 3384 proverbium
1770 3326 1848 3369 est
1885 3332 1897 3367 :
1932 3312 2099 3369 Alunt

493 3408 741 3461 divinare
769 3408 1084 3478 sapientes:
1115 3416 1169 3460 et
1200 3406 1565 3459 somniatores
1583 3410 1672 3473 qui
1704 3405 1983 3459 imitantur
2004 3405 2097 3460 Jo-

493 3499 627 3568 seph
656 3508 711 3553 et
745 3499 930 3553 ltaoiel
967 3517 978 3552 :
1006 3505 1063 3553 et
1087 3513 1355 3569 augures,
1384 3498 1475 3567 qui
1507 3498 1690 3552 volatu
1722 3498 1902 3553 avium
1933 3511 1982 3553 et
2009 3513 2099 3553 os-

491 3595 675 3645 cinum
703 3593 931 3645 vocibus
950 3633 964 3653 ,
991 3589 1299 3645 faciendum
1329 3590 1460 3659 quid
1490 3630 1506 3655 ,
1541 3592 1626 3643 vel
1655 3605 1761 3643 non
1793 3589 2096 3646 iaciendum

495 3682 817 3739 denuntiant
843 3701 854 3735 :
885 3694 936 3736 et
968 3683 1279 3745 maletleos,
1302 3695 1443 3751 quos
1484 3682 1568 3737 vel
1600 3684 1874 3737 venclicos
1909 3698 2101 3753 possu-

498 3792 621 3830 mus
643 3775 922 3846 appellare
948 3817 962 3837 ,
995 3774 1080 3828 vel
1125 3774 1439 3827 daemonum
1475 3776 1944 3841 pbantasmatibns
1984 3792 2101 3832 ser-

494 3870 737 3929 vientes.
781 3870 875 3936 qui
932 3866 1203 3922 llebraleo
1257 3865 1518 3922 dicuntur
1559 3882 1828 3923 cassarus
1880 3869 2092 3939 (mea).

493 3965 698 4017 Omnes
725 3962 856 4027 isti,
892 3960 1100 4030 inquit,
1133 3960 1414 4029 decipiunt
1466 3977 1563 4017 vos
1585 4004 1599 4026 ,
1650 3972 1814 4032 atque
1844 3964 2097 4034 supplan-

492 4066 636 4117 taut.
662 4069 731 4111 ne
760 4056 1015 4110 servietis
1042 4053 1153 4124 regi
1180 4052 1494 4125 Babylonis.
1531 4053 1700 4108 Multo
1728 4054 1875 4110 enim
1906 4056 2101 4112 melius

490 4162 570 4203 est
605 4151 928 4205 servitutem
955 4156 1152 4217 sponte
1179 4147 1465 4217 suscipere
1489 4193 1503 4213 ,
1538 4156 1595 4203 et
1625 4148 1861 4203 amicum
1894 4149 2101 4207 habete

496 4244 583 4296 cui
612 4243 872 4298 servietis
899 4284 913 4305 ,
936 4249 991 4297 et
1019 4241 1312 4312 genitalem
1345 4250 1547 4298 terram
1591 4243 1777 4299 colere
1801 4283 1815 4308 ,
1854 4259 2016 4313 quam
2050 4245 2101 4300 vi

499 4345 557 4392 et
588 4335 920 4391 necessitate
949 4335 1156 4390 servire
1183 4335 1455 4404 captivos.

572 4425 755 4501 (Vere.
786 4426 875 4492 η,
909 4426 1024 4496 ill.)
1052 4423 1123 4480 Et
1141 4427 1211 4479 ad
1238 4425 1507 4482 Sedeciam
1528 4441 1701 4498 regem
1725 4426 1871 4481 Iuda
1900 4428 2101 4483 locutus

495 4538 613 4577 sunt
634 4522 919 4575 secundum
967 4522 1139 4575 omnia
1164 4521 1315 4576 verba
1355 4521 1464 4576 lucc
1490 4563 1505 4587 ,
1555 4521 1734 4576 dicens
1782 4537 1801 4577 :
1847 4521 2103 4591 Subjicnc

2191 1930 2300 1969 non
2323 1914 2572 1971 habetur.
2602 1915 2672 1970 Et
2699 1915 2908 1971 idcirco
2936 1915 3209 1971 admoneo
3229 1958 3245 1981 ,
3279 1926 3336 1971 ut
3362 1917 3607 1986 prudens
3631 1916 3809 1972 lci-tor

2189 2008 2456 2082 intelligat
2483 2019 2747 2080 quantum
2776 2009 2921 2069 desit
2957 2023 3054 2081 per
3095 2009 3308 2081 singula
3354 2009 3565 2066 Grtecis
3593 2011 3809 2066 codici-

2194 2104 2295 2158 bus
2325 2113 2380 2159 et
2406 2102 2634 2158 Latinis.

2264 2197 2448 2268 (νοεῖς.
2478 2197 2565 2265 16,
2602 2194 2720 2268 Π.)
2749 2195 2817 2250 Et
2852 2196 2925 2252 ad
2964 2195 3277 2252 Sacerdotes
3304 2240 3317 2265 ,
3351 2205 3399 2250 et
3435 2197 3508 2251 ad
3546 2197 3805 2269 populum

2192 2294 2349 2347 istum
2374 2292 2578 2345 locutus
2598 2307 2744 2356 sunt,
2775 2290 2950 2344 dicens
2983 2306 3001 2345 :
3032 2289 3142 2345 ltazc
3180 2291 3305 2344 dicit
3334 2288 3599 2345 Dominus
3634 2309 3649 2345 :
3692 2289 3811 2345 No-

2194 2383 2284 2437 lite
2303 2384 2489 2437 audire
2515 2385 2665 2436 rerba
2696 2383 3071 2454 prophetarum
3090 2390 3378 2437 vestrorum
3401 2424 3416 2449 ,
3450 2384 3543 2454 qui
3583 2381 3814 2455 prophe-

2192 2486 2304 2531 taut
2322 2478 2468 2532 vobis
2486 2522 2500 2544 ,
2536 2479 2765 2533 dicentes
2793 2493 2815 2533 :
2841 2475 2977 2532 Ecce
2997 2494 3119 2533 vasa
3154 2477 3364 2532 Domini
3387 2486 3716 2533 revertentur
3744 2478 3815 2533 de

2194 2571 2462 2643 Babylone
2488 2588 2628 2627 nunc
2647 2573 2751 2626 cito
2774 2588 2793 2626 :
2812 2573 3135 2627 mendacium
3158 2575 3297 2628 enim
3314 2573 3808 2647 prophetontvobis.

2196 2663 2310 2718 Hoc
2336 2663 2483 2735 qttotl
2516 2664 2799 2734 posuimus
2819 2706 2835 2731 ,
2881 2679 3021 2718 nunc
3050 2666 3185 2732 cito,
3231 2666 3283 2720 in
3313 2664 3459 2720 LXX
3496 2681 3606 2721 non
3638 2664 3804 2721 halte-

2199 2767 2288 2809 tur
2328 2772 2341 2810 :
2371 2763 2429 2811 et
2457 2755 2591 2811 illud
2623 2755 2766 2824 quad
2793 2759 3044 2828 sequitur
3068 2801 3081 2824 ,
3124 2757 3304 2811 Nolite
3352 2757 3542 2812 audire
3568 2774 3690 2822 eos,
3721 2759 3810 2813 sed

2197 2850 2381 2904 sortite
2417 2851 2528 2921 regi
2597 2848 2882 2922 Babylonis
2906 2893 2922 2913 ,
2968 2860 3029 2905 ut
3057 2853 3254 2906 vivatis.
3292 2851 3470 2921 Quare
3511 2853 3678 2907 datur
3702 2853 3811 2908 lucc

2198 2945 2379 2998 civitas
2408 2946 2460 2998 in
2502 2943 2878 3000 solitudinem?
2907 2945 3033 2999 Post
3063 2956 3255 3015 gentes
3283 2958 3465 3002 autem
3492 2957 3550 3002 et
3586 2963 3803 3017 regem,

2197 3036 2580 3093 sacerdotibus
2613 3038 2855 3109 loquitur
2875 3051 2925 3093 et
2960 3040 3196 3108 populo,
3242 3040 3331 3107 qui
3358 3039 3473 3108 jam
3521 3039 3807 3111 prophetis

2199 3147 2362 3200 supra
2394 3130 2674 3186 interitum
2709 3133 3087 3195 nuntiaverat.
3111 3133 3303 3188 dicens
3336 3149 3350 3186 :
3376 3142 3433 3187 ut
3459 3134 3676 3206 ejiciam
3698 3150 3806 3200 sos,

2198 3232 2245 3278 et
2274 3224 2522 3293 pereatis,
2559 3234 2667 3278 tam
2703 3238 2802 3279 vos
2824 3267 2837 3290 ,
2872 3241 3033 3293 qnam
3092 3225 3376 3294 pro'ihette
3405 3266 3419 3289 ,
3477 3226 3571 3295 qui
3617 3224 3808 3280 vatici-

2200 3325 2400 3369 nantor
2435 3315 2610 3371 vobis.
2646 3315 2914 3385 Loquitur
2956 3326 3137 3372 autem
3181 3316 3371 3372 eadem
3415 3332 3540 3388 qua:
3592 3316 3806 3372 locutus

2199 3407 2381 3463 luerat
2407 3408 2518 3478 regi
2544 3414 2600 3461 et
2621 3409 2904 3476 aemilius,
2935 3423 3002 3463 ne
3043 3408 3265 3463 audiant
3306 3409 3470 3464 verba
3503 3408 3807 3480 Propheta-

2202 3518 2320 3557 rum
2352 3518 2610 3569 suorum,
2643 3514 2695 3558 et
2739 3504 2923 3557 dicant
2970 3518 3097 3556 vasa
3139 3503 3324 3565 templi
3360 3503 3580 3558 Domini
3627 3516 3806 3571 repere

2205 3595 2363 3649 tanda
2388 3597 2525 3664 jam.
2562 3604 2588 3633 ι
2619 3611 2741 3665 qum
2795 3610 2917 3649 Clllll
2964 3593 3227 3650 let-honia
3266 3592 3718 3665 principibusque
3748 3600 3801 3649 et

2203 3697 2378 3742 matre
2401 3688 2521 3757 ejus
2553 3687 2771 3742 fuerant
2798 3695 3071 3757 asportata
3123 3705 3135 3740 :
3176 3696 3471 3758 monetque
3517 3694 3581 3741 ut
3610 3688 3792 3742 descr-

2202 3779 2493 3850 vlantregi
2540 3780 2875 3851 Babylonis.
2922 3791 2974 3834 et
3004 3779 3211 3848 vivant,
3252 3790 3307 3836 et
3357 3781 3557 3834 civitas
3613 3787 3801 3850 sponte

2203 3872 2445 3942 subjecta
2477 3915 2492 3939 ,
2527 3887 2868 3943 nequaquam
2899 3873 3150 3927 tradatur
3197 3872 3471 3928 incendio.
3520 3871 3593 3928 Et
3625 3873 3679 3927 in
3706 3871 3801 3926 hoc

2202 3964 2488 4021 clementia
2542 3964 2794 4027 Domini,
2830 3964 3022 4021 leviori
3065 3980 3239 4035 pinna:
3283 3964 3500 4021 tradere
3544 3964 3655 4039 [ΑΙ.
3694 3963 3800 4020 wit

2203 4057 2462 4131 tradere].
2494 4074 2562 4113 ne
2589 4061 2896 4113 sustineant
2923 4059 3256 4127 graviorem.

2277 4151 2459 4224 (Vers.
2493 4153 2606 4225 18.)
2632 4152 2697 4207 Et
2725 4155 2773 4209 si
2792 4153 3061 4226 propheta:
3087 4163 3210 4208 sunt
3236 4195 3251 4220 ,
3276 4160 3323 4207 et
3353 4161 3431 4207 est
3458 4153 3672 4208 verbum
3694 4150 3798 4208 Do-

2202 4248 2331 4302 mini
2356 4249 2410 4301 in
2441 4249 2537 4314 eis,
2565 4257 2858 4302 occanunt.
2890 4247 3159 4319 Quodque
3202 4246 3451 4317 sequitur
3477 4287 3492 4308 .
3526 4256 3585 4303 ct
3628 4247 3803 4304 subdi-

2205 4342 2309 4396 turi
2339 4355 2529 4396 sumus
2570 4348 2744 4413 usque
2789 4342 2854 4397 ad
2891 4342 3052 4397 linem
3084 4341 3242 4413 hujus
3273 4341 3497 4413 capituli
3526 4386 3541 4409 ,
3576 4344 3631 4398 in
3668 4338 3802 4399 ιχι

2204 4453 2310 4492 non
2342 4436 2595 4492 habetur.

2279 4528 2467 4602 (Vers.
2500 4529 2567 4585 l9
2592 4528 2777 4601 seqq.)
2812 4528 3038 4585 Domino
3078 4531 3402 4585 exercituum
3430 4573 3444 4595 ,
3499 4538 3558 4585 ut
3588 4548 3692 4586 non
3726 4543 3802 4584 ve-

492 4616 628 4670 colla
652 4624 820 4670 vestra
848 4614 944 4669 sub
948 4618 1083 4689 jngo
1108 4615 1245 4688 regis
1273 4613 1559 4686 Baby!onis
1579 4658 1594 4683 ,
1643 4624 1690 4670 et
1718 4617 1904 4671 servits
1928 4617 1979 4671 ei
2005 4659 2019 4683 ,
2049 4628 2098 4671 et
2125 4597 2176 4667 υ
2202 4597 2482 4677 nia-ulvosa
2501 4597 2877 4693 quwderclicta
2900 4628 3106 4695 fuerant
3131 4625 3182 4678 in
3212 4624 3368 4679 domo
3394 4622 3796 4697 Domini[Vulg.

494 4712 686 4780 popqu
724 4711 837 4781 ejus
856 4752 870 4777 ,
898 4716 949 4765 et
974 4710 1173 4764 vinetis.
1202 4710 1380 4776 Quare
1408 4710 1700 4764 moriemini
1729 4719 1785 4765 tu
1811 4752 1826 4776 ,
1859 4721 1908 4765 et
1931 4726 2095 4783 papu-

492 4803 577 4857 lus
602 4810 721 4856 tuus
742 4803 923 4873 gladio
949 4844 964 4868 ,
994 4808 1041 4856 et
1071 4801 1210 4873 [alue
1233 4843 1249 4868 ,
1298 4809 1349 4856 ct
1389 4810 1533 4874 peste
1565 4818 1584 4855 :
1633 4802 1766 4856 sicut
1794 4803 1996 4857 locutus
2020 4813 2095 4859 est

501 4896 755 4949 Dominus
772 4895 841 4948 ad
870 4904 1068 4966 gentem
1091 4937 1104 4958 ,
1128 4910 1248 4967 quis
1265 4896 1457 4949 servire
1488 4893 1712 4949 noluerit
1736 4897 1847 4965 regi
1870 4895 2097 4967 Babylo-

492 4987 598 5040 nis.
637 4985 813 5040 Nolite
843 4989 1026 5041 audire
1052 4988 1207 5042 verba
1239 4986 1625 5059 PrOpltetarum
1646 5030 1662 5055 ,
1692 4988 1974 5043 dicentium
2003 5007 2094 5046 ro-

490 5080 568 5135 bis
585 5096 602 5134 :
620 5076 805 5132 Nolite
824 5079 1018 5133 servire
1034 5078 1220 5151 [ναις.
1236 5078 1360 5133 Non
1373 5078 1626 5153 servietis]
1653 5083 1763 5155 regi
1778 5079 2084 5152 Babylonis,

489 5176 615 5245 quia
649 5173 971 5228 mendacium
1012 5173 1116 5242 ipsi
1157 5176 1439 5244 loquuntur
1468 5177 1641 5242 vobis,
1671 5177 1793 5246 quia
1823 5193 1925 5231 non
1976 5178 2093 5233 misi

487 5284 605 5332 eos,
634 5267 715 5320 ait
734 5263 991 5319 Dominus
1018 5280 1037 5318 :
1068 5272 1115 5318 et
1154 5266 1256 5336 ipsi
1285 5264 1594 5339 prophetarit
1644 5269 1699 5321 in
1750 5270 1953 5324 nomine
1980 5286 2091 5324 meo

492 5361 829 5425 mendaciter,
860 5366 917 5413 ut
942 5359 1155 5433 cjiciant
1176 5373 1298 5422 vos,
1332 5368 1381 5413 et
1405 5362 1625 5432 parcatis
1654 5369 1757 5416 tum
1788 5377 1903 5428 vos,
1934 5380 2091 5435 quam

488 5452 775 5526 Pi'Ophetce
793 5453 885 5524 qui
904 5451 1258 5506 vaticinantstr
1291 5452 1451 5506 vobis.
1484 5452 1613 5508 Post
1643 5455 1929 5510 universas
1958 5471 2090 5525 gen-

417 5588 419 5591 .
486 5556 570 5600 tes
600 5548 795 5601 transit
820 5545 886 5600 ad
913 5545 1200 5601 Sedeciam
1235 5560 1421 5613 regem
1448 5545 1622 5613 Iuda;
1659 5558 1714 5603 et
1744 5548 1934 5603 iisdem
1967 5551 2088 5619 qui.

486 5639 587 5693 bus
611 5640 865 5708 gentibus
896 5639 1263 5695 comminatus
1279 5648 1392 5707 est,
1423 5642 1775 5699 sermonibus
1804 5642 2046 5714 loquitur
2070 5663 2083 5699 :

552 5831 576 5861 ιι
614 5821 673 5875 In
697 5816 950 5885 Cisterc.,
984 5822 1303 5891 reportanda
1319 5824 1437 5894 jam
1457 5838 1599 5877 nunc
1621 5839 1757 5896 qua,
1783 5833 1894 5879 etc.

2199 4717 2255 4769 in
2288 4715 2442 4769 domo
2469 4714 2685 4770 Domini
2717 4733 2824 4771 non
2854 4716 3068 4790 habet],
3102 4726 3150 4773 et
3188 4720 3240 4771 in
3264 4717 3419 4771 domo
3459 4719 3597 4791 regis
3627 4717 3798 4781 lude,

2201 4808 2321 4861 etin
2344 4804 2671 4875 Jerusalem,
2694 4818 2741 4863 et
2784 4810 2837 4863 in
2865 4808 3209 4881 Babylonem.
3239 4807 3385 4877 Quia
3407 4809 3517 4863 lta'c
3546 4810 3671 4864 dicit
3702 4808 3799 4863 Do-

2200 4900 2375 4953 minus
2398 4901 2716 4955 exercituum
2742 4902 2812 4955 ad
2840 4902 3108 4955 columnas
3131 4943 3144 4967 ,
3169 4909 3217 4954 et
3242 4902 3312 4955 ad
3331 4916 3480 4957 mare
3496 4944 3511 4967 ,
3542 4911 3591 4956 et
3620 4903 3690 4957 ad
3714 4900 3799 4956 be-

2196 5007 2277 5044 ses
2306 4990 2326 5064 (
2351 5005 2450 5061 pro
2474 4991 2670 5062 quibus
2694 4993 2748 5048 in
2780 4992 3048 5049 Hebraico
3076 4993 3342 5063 scriptum
3371 5002 3453 5047 est
3477 5007 3792 5050 IECIIONOTII

2190 5087 2402 5153 mare)
2429 5094 2475 5139 ct
2514 5086 2582 5139 ad
2623 5086 2825 5157 reliqua
2874 5101 3111 5140 vasorum
3134 5127 3148 5150 ,
3179 5101 3297 5157 qua:
3347 5098 3710 5142 remanserunt
3750 5086 3795 5138 is

2194 5175 2404 5232 civitate
2425 5177 2522 5230 ltac
2537 5220 2549 5240 ,
2570 5192 2690 5249 qua:
2711 5194 2813 5231 non
2846 5178 2964 5232 tulit
2998 5176 3487 5232 Nabuchodonosor
3514 5193 3610 5234 res:
3633 5176 3798 5247 Baby-

2196 5275 2331 5329 lonis
2358 5314 2372 5337 ,
2402 5289 2517 5327 cum
2543 5270 2850 5341 transferret
2873 5269 3187 5325 Jecltoniam
3208 5270 3379 5341 ﬁlium
3403 5269 3613 5325 Joacint
3633 5284 3794 5344 regem

2194 5366 2339 5422 Inda
2362 5384 2392 5420 a
2420 5363 2715 5420 Jerusalem
2748 5366 2801 5420 in
2831 5362 3149 5437 Babylonem
3168 5407 3183 5430 ,
3229 5373 3277 5419 et
3316 5381 3495 5420 omnes
3533 5367 3793 5439 optimates

2196 5458 2341 5514 Juda
2371 5469 2421 5513 et
2445 5456 2761 5512 Jerusalem.
2805 5457 2941 5524 Quia
2980 5460 3088 5512 lucc
3125 5458 3252 5512 dicit
3304 5457 3565 5513 Dominus
3610 5458 3795 5514 exerti-

2198 5562 2376 5619 tuum,
2408 5551 2550 5606 Deus
2569 5549 2736 5607 Israel
2753 5593 2768 5618 ,
2794 5551 2997 5606 advoca
3023 5567 3141 5622 quis
3159 5551 3410 5606 derelicta
3428 5561 3553 5605 sunt
3576 5554 3629 5606 in
3654 5553 3793 5606 domo

2201 5644 2447 5712 Domini;
2477 5654 2523 5700 et
2554 5645 2606 5698 in
2621 5644 2774 5699 domo
2794 5645 2931 5718 regis
2946 5641 3092 5698 Inda
3114 5650 3161 5699 et
3180 5640 3501 5699 Jerusalem.
3534 5640 3603 5697 In
3636 5639 3792 5711 Baby-
