3972 6338
142 332 276 389 855

633 329 1291 391 COMMENTARIORUM
1332 332 1400 390 IN
1437 331 1794 391 JEBEMIAI
1835 334 2258 393 PROPHE'I'AII
2302 335 2434 393 LIB.
2479 338 2543 394 ν.
2585 336 2741 396 CAP.
2785 339 3026 398 XXVIII.

3385 344 3494 402 854

146 450 353 503 Iouem
379 449 767 520 transferentur
786 490 802 513 ,
823 456 872 504 et
892 449 963 504 ibi
988 457 1137 504 erunt
1159 464 1323 519 usque
1341 448 1411 502 ad
1441 448 1579 503 diem
1601 449 1781 502 oisita-
1813 455 1858 513 Α
1888 450 2309 508 bucltodonosor
2345 451 2632 510 dimiserat
2658 499 2673 525 ,
2709 454 3083 513 transferenda
3133 458 3490 532 Babylonem.

145 542 336 597 tionis
358 557 499 610 sua,
517 541 643 596 dicit
667 539 927 597 Dominus
950 559 969 610 ;
996 551 1045 599 et
1067 541 1247 609 aﬂ'erri
1282 543 1477 614 faciam
1499 558 1559 596 ea
1577 583 1589 606 ,
1618 550 1669 596 et
1701 559 1785 598 re-

144 635 322 690 stitui
342 635 398 690 in
429 633 545 688 loco
570 635 692 691 isto.
722 633 883 699 II:ec,
929 645 985 691 ut
1023 634 1290 700 diximus,
1341 633 1394 689 in
1425 634 1783 704 Septuaginta

152 744 280 785 non
344 728 653 796 habentur,
709 728 804 784 sed
851 728 920 785 de
974 728 1242 785 llebraica
1290 730 1520 785 veritate
1573 727 1787 801 1036

155 821 579 878 translatasuut
605 839 617 875 :
639 838 734 890 pro
752 837 861 892 quo
874 822 1024 876 aliud
1051 822 1197 890 quod
1220 820 1485 890 scriptum
1511 836 1617 875 non
1643 830 1781 887 erat,

156 930 415 986 posuere
463 914 713 971 dicentes
745 932 757 969 :
793 922 819 951 α
853 912 989 970 Mitti
1013 914 1136 984 quia
1184 914 1265 968 sic
1314 914 1446 969 dixit
1477 910 1737 969 Dominus
1765 930 1787 969 .'

155 1005 234 1063 Et
256 1005 470 1078 reliqua
496 1023 617 1063 vasa
658 1022 775 1077 quae
801 1022 906 1061 non
932 1006 1051 1061 tulit
1085 1022 1180 1061 rea:
1221 1004 1504 1077 Babylonis
1526 1046 1542 1066 .
1576 1005 1787 1075 quando

157 1101 449 1157 transtulit
472 1098 784 1156 Jecltoniont
814 1099 879 1155 de
905 1097 1196 1154 Jerusalem
1231 1100 1285 1153 in
1316 1097 1673 1168 Babylonem,
1704 1101 1788 1153 in-

159 1195 416 1262 trabunt,
438 1193 564 1249 dicit
589 1192 864 1262 Dominus,
890 1206 1109 1248 sensum
1134 1194 1305 1263 magis
1327 1207 1487 1263 quam
1504 1193 1667 1250 verba
1693 1207 1791 1264 po-

160 1296 372 1345 nentes
407 1304 421 1341 :
462 1285 690 1343 lorsitan
739 1285 1059 1341 irrationale
1090 1285 1339 1340 arbitrati
1367 1326 1383 1350 ,
1417 1294 1474 1340 ut
1527 1285 1668 1341 Deus
1706 1285 1786 1340 lo-

159 1391 442 1453 queretur
473 1380 539 1434 ad
563 1381 851 1435 columnas
876 1419 891 1446 ,
926 1387 980 1435 et
1010 1376 1078 1437 ad
1110 1393 1289 1440 mare.
1320 1388 1377 1434 et
1403 1377 1471 1433 ad
1500 1378 1664 1433 bases
1685 1416 1701 1445 ,
1730 1387 1788 1434 et

159 1472 235 1529 ad
252 1474 468 1544 reliqua
488 1486 614 1527 vasa
629 1486 751 1542 quae
779 1479 1164 1527 remanserant
1188 1469 1245 1525 in
1274 1469 1607 1535 Jerusalem,
1624 1469 1782 1539 quasi

160 1580 281 1622 non
312 1566 558 1637 legamus
581 1610 595 1635 ,
631 1574 687 1619 et
712 1563 883 1619 vermi
919 1562 1190 1619 matutino
1222 1561 1566 1631 increpuisse
1600 1559 1786 1615 Domi-

163 1678 304 1718 num
329 1703 347 1727 ,
398 1669 456 1717 et
482 1659 616 1715 mari
662 1658 903 1714 locutum
936 1674 951 1711 :
980 1654 1153 1721 Tace,
1190 1663 1237 1710 et
1274 1654 1565 1711 obmutesce
1606 1651 1785 1726 (Iona:

162 1757 272 1825 tv).
296 1755 567 1825 Quodque
580 1754 655 1808 ait
684 1770 697 1806 :
729 1750 1023 1809 Occurrant
1056 1750 1203 1814 mihi,
1230 1750 1348 1805 sive
1382 1747 1611 1802 Domino
1634 1762 1785 1802 exer-

1888 542 1988 598 IIic
2018 554 2200 600 autem
2238 561 2271 600 e
2313 547 2614 615 contrario,
2639 549 2803 604 etiam
2835 564 2897 604 ea
2930 565 3051 619 qua:
3084 551 3343 605 translata
3369 550 3489 607 luc-

1889 643 2015 690 rant
2032 676 2046 702 ,
2078 636 2364 693 referenda
2387 640 2678 710 promittit.

1963 729 2143 801 (Vers.
2178 732 2232 797 εἰ,
2257 732 2341 803 4.)
2369 732 2501 801 Quae
2528 732 2555 771 δ
2585 736 2852 789 transtulit
2887 734 3377 791 Nabuchodonosor
3398 752 3495 791 rea:

1889 819 2172 894 Babylonis
2201 824 2265 880 de
2296 828 2409 881 loco
2438 826 2561 893 isto,
2591 835 2642 880 et
2666 829 2930 882 transtulit
2962 845 3024 884 ea
3050 830 3104 882 in
3143 826 3484 901 Babylonem.

1891 915 1961 971 Et
2002 914 2310 971 Jechoniant
2340 918 2507 986 ﬁlium
2536 918 2775 983 Joacim,
2806 935 2978 994 regem
3005 919 3038 972 .1
3047 920 3170 982 uda.
3212 931 3260 974 et
3288 936 3491 975 omnem

1890 1011 2401 1083 transmigrationem
2431 1010 2604 1078 ludte,
2632 1013 2722 1084 qui
2749 1014 2966 1083 ingressi
2993 1024 3115 1067 sunt
3143 1012 3487 1085 Babylonem,

1890 1123 1983 1177 ego
2009 1116 2304 1161 convertam
2330 1106 2384 1160 in
2417 1110 2583 1160 locum
2613 1108 2790 1173 istum,
2816 1108 2889 1161 ait
2915 1106 3191 1163 Dominus.
3215 1106 3490 1163 Contemni

1891 1201 2026 1254 enim
2045 1202 2239 1272 jugum
2277 1199 2414 1272 regis
2440 1197 2745 1270 Babylonis.
2776 1200 2881 1254 Pro
2909 1200 3106 1271 quibus
3139 1199 3281 1255 LXX
3312 1211 3494 1257 trans-

1891 1293 2134 1347 tulerunt
2163 1309 2177 1344 :
2204 1290 2530 1354 Jeeltoniant.
2559 1301 2607 1345 et
2629 1290 3134 1362 transmigrationem
3152 1289 3342 1359 ludar;
3371 1293 3494 1363 quia

1889 1392 2153 1437 conteram
2189 1386 2386 1456 jugum
2416 1384 2553 1454 regis
2580 1381 2895 1455 Babylonis,
2928 1384 3173 1440 breviter
3212 1384 3495 1439 IIebraicte

1888 1477 2134 1531 veritatis
2162 1490 2416 1544 sensum,
2450 1478 2620 1548 magis
2651 1493 2816 1542 quant
2849 1478 3013 1532 verba
3047 1485 3336 1547 ponentes.
3369 1476 3499 1533 Pul-

1887 1567 2083 1624 iicetur
2113 1579 2293 1625 autem
2320 1570 2590 1636 Ananiae,
2619 1581 2642 1609 ο
2682 1572 2774 1641 qui
2805 1570 3102 1643 prophetes
3140 1582 3273 1627 tunc
3296 1571 3496 1643 populo

1886 1661 2199 1725 videbatur.
2232 1678 2339 1717 non
2369 1662 2548 1718 solum
2572 1678 2727 1729 vasa,
2755 1663 2851 1718 sed
2880 1672 2935 1719 et
2966 1679 3152 1737 regem
3177 1664 3496 1721 .lecboniam

1888 1754 2259 1811 reducendum
2291 1769 2415 1810 esse
2452 1754 2789 1816 Jerusalem;
2823 1767 2875 1811 et
2917 1757 3106 1828 jugum
3146 1759 3289 1829 regis
3320 1758 3498 1831 Baby-

165 1853 373 1907 cituam
397 1848 595 1921 (Marc.
629 1863 706 1913 tv,
739 1846 832 1919 ‘59)
854 1885 870 1913 ,
906 1844 1040 1900 illud
1087 1843 1363 1909 ostendit,
1417 1856 1605 1896 verum
1658 1842 1790 1896 l’ro—
1819 1849 1868 1910 Β
1893 1846 2034 1902 Ionis
2060 1848 2478 1913 contereodutn,
2508 1846 2611 1903 hoc
2632 1858 2738 1915 est,
2763 1848 3151 1905 destruendum
3177 1848 3298 1919 ejus
3322 1851 3497 1921 impe-

168 1944 400 2015 pbetam
432 1956 596 2014 pos~e
620 1941 855 1996 Domino
877 1940 1134 2007 precibus
1164 1938 1451 2001 resistere,
1486 1934 1788 1991 secundum

161 2035 320 2106 quod
331 2043 388 2090 et
404 2032 620 2105 Moyses
633 2030 781 2089 Stetit
808 2031 864 2087 in
881 2029 1239 2100 percussione
1259 2034 1448 2084 contra
1472 2025 1787 2093 Dominum,

163 2139 234 2186 ut
267 2137 545 2184 averteret
575 2129 713 2182 iram
740 2124 941 2182 luroris
970 2123 1114 2194 ejus.
1139 2121 1361 2179 Samuel
1396 2135 1615 2191 quoque
1638 2119 1786 2176 idem

164 2224 305 2279 fecit
327 2222 373 2296 (I
405 2222 540 2295 Reg.
572 2228 714 2293 vui).
753 2220 816 2276 Et
852 2219 1117 2275 Dominus
1146 2216 1217 2273 ad
1249 2217 1471 2287 Moysen
1518 2233 1533 2269 :
1571 2213 1788 2271 Dimitte

159 2318 419 2385 me,ait,
444 2324 498 2371 ut
540 2316 829 2387 percutiam
856 2311 1109 2385 populum
1137 2313 1296 2366 istum
1333 2308 1529 2381 (Exod.
1580 2324 1730 2363 χχχιι
1758 2348 1775 2375 ,

166 2412 294 2485 10).
330 2411 564 2482 Quando
593 2421 778 2467 autem
810 2410 982 2475 dicit,
1031 2406 1248 2463 Dimitte
1281 2423 1362 2461 ine
1387 2446 1402 2473 ,
1439 2404 1683 2465 ostendit
1723 2418 1784 2461 se

168 2507 432 2579 precibus
471 2514 784 2562 sanctorum
838 2517 999 2574 posse
1044 2500 1290 2558 retineri.
1326 2499 1667 2565 Occurrant,
1701 2500 1784 2554 in-

166 2601 293 2670 quit
317 2644 333 2667 ,
369 2598 692 2669 Prophetas.
736 2605 792 2654 et
843 2610 1205 2668 quaecumque
1248 2592 1581 2664 pra‘dicunt,
1613 2607 1782 2663 apere

164 2694 446 2762 completa
471 2691 853 2746 demonstrent
894 2704 908 2742 :
942 2696 998 2744 et
1042 2698 1173 2743 tune
1203 2686 1434 2742 veritate
1466 2685 1780 2740 vaticinium

160 2786 641 2857 comprobabitur.
672 2784 969 2840 Columnas
1009 2793 1193 2837 autem
1220 2822 1234 2844 ,
1266 2790 1320 2836 et
1355 2792 1508 2834 mare
1532 2819 1546 2844 ,
1581 2790 1634 2834 et
1683 2780 1779 2834 ba-

162 2894 259 2936 ses
282 2921 299 2945 ,
333 2890 387 2934 et
410 2878 618 2948 reliqua
651 2890 941 2939 vasorum,
974 2874 1026 2929 in
1045 2872 1335 2930 Malaebim
1367 2881 1422 2927 et
1454 2873 1505 2925 in
1528 2878 1780 2927 extremo

163 2974 331 3046 hujus
362 2973 642 3044 prophetat
676 2971 957 3026 Volumina
990 2969 1224 3038 legimus
1244 2965 1337 3039 (IV
1370 2964 1500 3036 Reg.
1532 2965 1682 3038 ult.).
1710 2966 1778 3021 Et

163 3075 560 3124 enumerantur
589 3079 718 3120 vasa
738 3078 863 3133 quin
884 3061 1146 3117 translata
1178 3060 1292 3117 sint
1322 3058 1379 3115 in
1410 3057 1770 3129 Babylonem,

163 3158 389 3232 quando
407 3166 601 3229 captus
623 3167 707 3213 est
727 3145 986 3212 Sedeeias
1016 3195 1034 3222 ,
1055 3164 1113 3210 et
1135 3154 1359 3211 incensa
1381 3150 1572 3207 civitas
1597 3191 1613 3220 ,
1639 3162 1778 3208 tem-

166 3254 440 3323 plutnque
461 3249 810 3305 subversum.

252 3343 409 3416 (Cap.
437 3340 676 3398 XXVIII.
704 3369 781 3383 —
809 3340 964 3395 Vers.
1008 3341 1032 3395 I
1080 3338 1261 3409 seqq.)
1287 3337 1353 3392 Et
1399 3343 1595 3410 factum
1620 3346 1696 3393 est
1725 3339 1781 3392 in

168 3454 314 3493 anno
342 3435 437 3493 illo
461 3478 478 3505 ,
500 3438 555 3491 in
595 3436 856 3508 principio
886 3435 1030 3504 regni
1075 3431 1312 3489 Sedecite
1337 3434 1474 3504 regis
1509 3431 1542 3486 Ι
1552 3433 1656 3488 uda
1676 3472 1691 3498 ,
1725 3433 1778 3485 in

168 3548 313 3587 anno
333 3538 517 3600 quarto
535 3573 549 3594 ,
575 3531 628 3583 in
650 3545 825 3583 mense
853 3530 1059 3600 quinto,
1084 3528 1217 3583 dixit
1243 3528 1311 3581 ad
1339 3544 1419 3581 me
1459 3527 1695 3582 Ananias
1717 3527 1782 3597 ﬁ-

172 3624 276 3678 lius
306 3621 450 3677 Asur
474 3662 491 3687 ,
520 3621 773 3693 propheta
798 3620 863 3676 de
891 3618 1107 3675 Gabaon
1140 3621 1193 3673 in
1223 3619 1377 3674 domo
1403 3620 1642 3687 Domini,
1694 3637 1784 3674 σον

167 3733 286 3773 ram
314 3716 668 3772 sacerdotibus
692 3724 739 3768 et
762 3716 904 3768 omni
933 3714 1132 3785 populo
1159 3755 1174 3781 ,
1213 3714 1393 3767 dicens
1416 3730 1435 3768 :
1480 3713 1609 3768 Haec
1656 3715 1780 3767 dicit

175 3811 433 3868 Dominus
453 3811 771 3865 exercituita
807 3809 943 3863 Deus
975 3807 1183 3863 Israel:
1217 3806 1448 3863 Contrivi
1466 3811 1655 3882 jugunt
1695 3825 1780 3863 re-

170 3907 257 3978 gis
287 3903 571 3975 Babglonis
593 3944 610 3971 ,
633 3902 807 3957 adhuc
835 3903 943 3956 duo
972 3902 1097 3955 anni
1134 3902 1335 3956 dierum
1356 3942 1373 3969 ,
1402 3912 1448 3955 et
1480 3919 1572 3973 ego
1601 3902 1783 3972 referri

174 3998 288 4071 (Al.
312 3995 515 4069 inferri]
537 3996 729 4067 faciant
749 3997 819 4050 ad
844 3995 1021 4050 locum
1041 3997 1198 4051 istum
1220 3997 1396 4050 omnia
1420 4013 1544 4051 vasa
1570 3995 1784 4050 Domini

176 4092 361 4165 (Vulg.
390 4091 577 4145 domus
626 4090 881 4162 Domini].
916 4091 1065 4159 Quos
1095 4090 1419 4145 Hebraieum
1451 4092 1735 4163 prophetas
1761 4129 1779 4156 ,

176 4187 284 4241 ltoc
331 4193 460 4252 est,
515 4199 713 4239 senem
753 4184 987 4256 (natura:
1019 4182 1060 4254 ),
1115 4180 1258 4237 LXX
1308 4182 1784 4255 pseudoprophetas

176 4279 523 4346 interpretati
556 4283 686 4330 sunt
718 4317 732 4341 ,
766 4286 820 4329 ut
858 4273 1291 4329 manifestiorem
1314 4274 1560 4329 facerent
1583 4274 1787 4329 intelli-

176 4371 441 4444 gentiam.
478 4370 722 4439 Deuique
752 4379 806 4424 et
837 4370 890 4423 in
926 4370 1187 4438 pneseuti
1222 4369 1346 4423 loco
1377 4369 1625 4441 propheta
1653 4367 1787 4423 dici-

178 4480 269 4523 tur
293 4509 308 4531 ,
344 4466 447 4522 hoc
490 4477 598 4532 est,
644 4481 801 4521 NEBIA
838 4464 1036 4536 (itm),
1068 4476 1120 4519 et
1170 4480 1203 4518 n
1230 4480 1277 4519 In
1311 4464 1779 4535 pseudopropheta.

177 4562 265 4620 Fit
283 4571 462 4617 autem
488 4576 672 4616 sermo
696 4560 913 4615 Domini
939 4559 1043 4615 sub
1063 4572 1188 4630 rege
1209 4558 1439 4615 Sedeeia
1462 4600 1477 4625 ,
1513 4559 1565 4612 in
1585 4568 1783 4628 quarto

1895 1940 2058 2009 rium,
2090 1950 2147 1999 et
2178 1940 2281 1997 hoc
2313 1942 2548 1997 necdum
2576 1942 2849 2013 completo
2873 1941 3114 2000 futurum
3145 1944 3402 2013 biennio,
3437 1954 3497 2000 ut

1891 2032 2072 2103 gaudii
2100 2033 2529 2105 magnitudinem
2549 2075 2563 2100 ,
2590 2035 2829 2091 vicinum
2870 2043 3083 2106 tempus
3112 2037 3498 2108 repromissio-

1891 2127 1977 2183 nis
2001 2139 2249 2200 augeret.

1963 2220 2148 2292 (Vers.
2192 2221 2246 2290 5,
2280 2218 2363 2293 6.)
2396 2220 2464 2275 Et
2506 2220 2640 2277 diuit
2666 2220 2920 2278 leremios
2950 2223 3204 2293 propheta
3233 2222 3303 2277 ad
3346 2222 3491 2277 Ana-

1888 2315 2028 2370 niam
2058 2315 2383 2385 prophetam,
2413 2317 2467 2370 in
2496 2318 2658 2371 oeulis
2687 2317 3016 2371 sacerdotum
3046 2325 3094 2371 et
3116 2319 3169 2371 in
3196 2317 3362 2372 oculis
3393 2334 3498 2372 ont-

1891 2409 1970 2462 nis
1999 2408 2181 2479 populi
2210 2411 2300 2477 qui
2329 2411 2497 2465 stabat
2523 2411 2580 2465 in
2605 2412 2760 2466 domo
2791 2409 3021 2466 Domini.
3048 2410 3119 2465 Et
3137 2413 3211 2467 ait
3237 2412 3494 2466 Jeremins

1886 2504 2140 2573 propheta
2170 2519 2189 2557 .·
2226 2504 2407 2573 Arnen,
2440 2505 2519 2558 sic
2546 2505 2704 2574 faciat
2739 2505 3010 2559 Dominus.
3048 2504 3279 2561 Suscitet
3310 2505 3495 2561 Domi-

1884 2611 1981 2649 nus
2024 2595 2176 2650 eerba
2227 2606 2317 2650 tua
2361 2612 2479 2668 quae
2508 2595 2616 2669 [AL
2651 2596 2872 2652 additur
2913 2596 2993 2670 tu]
3024 2595 3383 2670 prophetasti;
3434 2608 3491 2651 ut

1882 2690 2180 2758 referantur
2203 2702 2327 2741 vasa
2365 2689 2418 2741 in
2461 2689 2669 2742 domum
2695 2687 2927 2755 Domini,
2964 2699 3014 2742 et
3046 2688 3217 2744 omnis
3248 2690 3494 2744 transmi-

1880 2781 2047 2852 gratio
2076 2779 2356 2851 Babylonis
2402 2780 2513 2854 [Δὶ.
2552 2781 2616 2835 de
2659 2778 2950 2854 Babylone]
2980 2781 3051 2834 ad
3097 2781 3265 2835 locum
3306 2784 3488 2837 istum.

1880 2876 2043 2943 Optat
2061 2874 2180 2929 ﬁeri
2207 2874 2352 2945 quod
2401 2875 2883 2946 pseudoproplteta
2910 2876 3190 2941 mentitur,
3218 2875 3323 2929 boc
3345 2875 3492 2930 enim

1878 2967 2152 3038 signiticet
2177 2967 2337 3023 Amen
2370 2983 2388 3021 :
2418 2984 2526 3038 quo
2553 2968 2723 3024 verbo
2763 2982 2909 3038 saepe
2937 2967 3203 3022 Dominus
3232 2966 3407 3022 utitur
3436 2967 3491 3022 in

1880 3060 2174 3130 Evangelia
2201 3079 2213 3115 :
2245 3061 2439 3129 Amen,
2469 3075 2623 3115 amen
2656 3060 2776 3114 dico
2805 3060 2947 3115 vobis
2976 3058 3163 3133 (Joan.
3195 3076 3251 3126 ν,
3278 3060 3391 3132 l9).
3429 3059 3495 3116 Et

1876 3154 2033 3224 cupit
2064 3167 2165 3223 pro
2194 3167 2378 3209 rerum
2428 3153 2819 3222 prosperitate,
2854 3153 3027 3223 magis
3056 3151 3212 3207 illum
3238 3165 3403 3223 quam
3433 3166 3495 3208 se

1804 3242 1851 3305 C
1883 3262 2009 3302 vera
2033 3244 2239 3303 dicere.
2272 3243 2429 3300 Unde
2447 3256 2501 3299 et
2528 3244 2666 3299 alius
2692 3245 2957 3315 propheta
2981 3251 3237 3309 testatur,
3262 3244 3452 3298 dicens
3477 3258 3492 3295 :

1887 3340 2101 3396 Utinam
2131 3357 2232 3394 non
2266 3354 2427 3394 essent
2453 3340 2531 3393 uir
2555 3336 2752 3393 habens
2787 3339 3055 3411 spiritum,
3089 3349 3136 3392 et
3164 3336 3492 3392 mendacium

1886 3436 2056 3506 potius
2086 3435 2326 3506 loquerer
2354 3431 2544 3506 (Micio.
2564 3448 2626 3500 ιι,
2651 3432 2764 3503 ll).
2789 3434 2829 3486 Ε
2852 3435 3135 3487 contrario
3161 3431 3328 3486 Jonas
3357 3446 3490 3486 con-

1885 3532 2131 3587 tristatur
2158 3545 2330 3601 quare
2357 3530 2621 3584 mentitus
2652 3528 2755 3595 sit,
2788 3534 2843 3581 et
2877 3524 3124 3597 arguitur
3161 3541 3190 3579 a
3223 3524 3488 3591 Domino,

1883 3623 1909 3663 ἀ
1955 3626 2142 3680 utilius
2184 3625 2468 3697 propheta!
2522 3636 2645 3678 esse
2693 3620 3071 3687 mendacium,
3119 3633 3279 3691 quam
3323 3627 3496 3673 tanta

1885 3723 2055 3778 ruina:
2070 3718 2470 3775 multitudinem
2486 3715 2633 3790 (Ion.
2650 3714 2755 3788 tu).
2777 3714 2855 3773 Ac
2871 3731 2939 3771 ne
2951 3715 3235 3771 videretur
3253 3711 3492 3785 pseudo-

1887 3815 2171 3886 pr0pbetzn
2236 3809 2600 3881 comprobare
2662 3808 3022 3874 vaticinium,
3092 3806 3194 3863 sub
3260 3807 3489 3862 aliorum

1885 3905 2137 3976 BXHIlpIO
2194 3903 2402 3975 absque
2447 3901 2644 3973 injuria
2690 3900 3007 3958 mentientia
3045 3900 3245 3957 asserit
3289 3900 3495 3957 verita-

1887 4009 2141 4162 ωῐῗθειιε.
2171 4089 2203 4143 7
2235 4088 2416 4159 seqq.)
2451 4085 2814 4142 Verumtamen
2837 4084 2964 4139 audi
2980 4084 3187 4140 uerbum
3203 4082 3321 4151 hoc,
3350 4084 3491 4155 quod

1886 4200 1980 4257 ego
2012 4183 2191 4255 loquor
2232 4182 2285 4235 in
2312 4179 2525 4234 auribus
2558 4180 2691 4243 tuis,
2724 4186 2773 4234 et
2813 4177 2865 4232 in
2897 4176 3113 4232 auribus
3141 4177 3367 4232 universi
3397 4190 3494 4248 po-

1886 4275 1997 4348 puli
2025 4289 2043 4329 :
2074 4270 2351 4341 PrOphette
2384 4272 2474 4345 qui
2502 4275 2714 4343 fuerunt
2739 4281 2859 4324 ante
2900 4286 2980 4324 me
3003 4279 3051 4323 et
3079 4277 3128 4324 te
3153 4269 3218 4323 ab
3247 4269 3414 4334 initio,
3445 4279 3494 4324 et

1887 4370 2321 4444 praphetareruut
2346 4381 2502 4439 super
2525 4377 2688 4421 terras
2710 4364 2919 4430 multas,
2942 4373 2992 4420 et
3020 4379 3174 4436 super
3192 4379 3352 4437 regna
3378 4379 3491 4417 mtt-

1887 4481 1990 4536 gna
2017 4464 2081 4517 de
2106 4463 2309 4535 prtclio,
2355 4471 2402 4515 et
2428 4460 2493 4515 de
2520 4459 2831 4529 afﬂictione,
2859 4466 2905 4512 et
2934 4458 2998 4513 de
3025 4460 3185 4529 fante.
3223 4453 3493 4527 PrOpheta

1888 4559 1975 4629 qui
2000 4556 2308 4610 vaticinatus
2332 4562 2405 4608 est
2433 4566 2612 4625 pacem
2634 4594 2649 4616 ,
2680 4567 2795 4604 cum
2846 4549 3042 4605 uenerit
3092 4549 3302 4604 verbum
3349 4550 3486 4615 eius,

176 4672 326 4711 anno
355 4655 505 4725 regni
533 4653 653 4724 ejus
686 4695 701 4720 ,
743 4665 796 4706 et
831 4652 888 4706 in
919 4665 1109 4707 mense
1139 4651 1332 4720 quinto
1363 4651 1621 4722 (necdum
1657 4665 1782 4721 pro.
1810 4638 1863 4699 D
1888 4653 2076 4708 scietur
2120 4647 2375 4720 propheta
2400 4662 2554 4719 quem
2584 4646 2781 4700 miserit
2810 4644 3028 4717 1038
3046 4643 3299 4698 Dominus
3329 4643 3383 4697 in
3408 4657 3493 4697 ve-

181 4749 346 4820 pbeta
382 4746 633 4802 Ezechiel
664 4746 1000 4801 vaticinante
1050 4745 1100 4798 iu
1145 4744 1425 4815 Babylone
1466 4744 1532 4798 ad
1565 4758 1663 4799 eos
1693 4745 1783 4813 qui

181 4856 305 4899 cum
328 4839 590 4896 Jecbonin
624 4840 839 4893 fuerant
876 4836 1305 4906 transmigrati);
1340 4836 1612 4907 habetque
1644 4835 1785 4890 ﬁdu-

182 4939 325 4993 ciam
365 4938 419 4990 iu
464 4934 670 5004 templo
711 4933 925 4989 Domini
975 4932 1126 5001 loqui
1178 4942 1374 4987 contra
1406 4930 1740 5002 Prophetnm
1766 4972 1781 4996 ,

182 5032 308 5102 quia
333 5041 595 5098 prospera
620 5025 822 5096 populo
845 5024 1134 5095 pollicetur
1161 5064 1174 5089 ,
1204 5032 1258 5078 et
1281 5022 1521 5077 libenter
1550 5023 1787 5076 audiun-

183 5134 272 5181 tur
319 5120 645 5183 mendacia,
704 5119 1029 5191 praesertim
1072 5132 1193 5188 qum
1244 5117 1365 5171 lteta
1417 5117 1763 5187 promittunt.

183 5216 454 5273 Jeremias
481 5213 695 5269 dixerat
714 5213 878 5267 etiam
896 5221 1093 5266 Cretera
1114 5224 1244 5265 vasa
1261 5246 1275 5275 ,
1305 5209 1513 5283 1037
1536 5210 1619 5264 rel
1650 5224 1784 5265 tem-

188 5312 258 5385 pli
285 5355 299 5380 ,
335 5310 416 5366 vel
443 5309 643 5366 domus
673 5311 835 5379 regia!
862 5349 876 5373 ,
913 5316 970 5363 et
998 5306 1242 5363 universi
1275 5306 1454 5377 populi
1481 5346 1496 5370 ,
1527 5320 1648 5376 quae
1678 5305 1783 5361 Na-

260 5464 283 5490 ο
329 5449 526 5518 Vatic.,
554 5447 646 5503 Est
668 5447 809 5518 mihi
834 5449 983 5518 quia,
1005 5458 1115 5503 etc.

258 5523 287 5562 ³
317 5515 612 5586 Mss.,cum
638 5515 892 5589 Vulgata,
927 5518 1060 5584 Quae
1083 5517 1205 5571 tulit
1231 5515 1742 5589 Nabuchodonosor.

261 5608 283 5633 π
318 5584 508 5650 Iidem.
549 5584 781 5646 Ammius
801 5592 1090 5664 prapltetes,
1118 5598 1171 5643 ut
1207 5598 1327 5642 tunc
1348 5585 1544 5658 papula
1579 5584 1786 5640 videba-

188 5680 297 5776 tur;
330 5738 504 5792 Penes
526 5735 830 5796 namnam
863 5732 1105 5802 arguitur
1131 5747 1162 5783 α
1196 5729 1436 5789 Domino.
1466 5729 1606 5795 quod
1642 5729 1791 5784 illius

192 5808 632 5886 prophetitenolit
657 5801 984 5886 mendacium
1012 5817 1113 5886 non
1141 5817 1270 5886 esse,
1302 5814 1459 5868 quam
1490 5807 1648 5886 tantm
1684 5801 1797 5886 rui-

196 5873 314 5951 nam
353 5878 720 5958 multitudinis.
744 5873 1114 5963 Expendeuda
1145 5875 1260 5928 lucc
1284 5887 1498 5957 quoque
1520 5874 1796 5941 sententia

1885 4748 2057 4801 ritate.
2093 4743 2311 4799 Poterat
2338 4739 2609 4796 Jeremias
2633 4737 2862 4793 Ananiae
2891 4737 3078 4792 dicere
3105 4753 3118 4788 :
3144 4734 3363 4791 Falsum
3409 4736 3490 4788 lo-

1886 4839 2091 4909 quvris,
2117 4834 2321 4906 decipis
2344 4831 2603 4902 populum
2626 4872 2641 4897 ,
2667 4844 2775 4884 non
2805 4844 2865 4884 es
2895 4825 3182 4897 prepbeta,
3211 4825 3308 4881 sed
3332 4836 3494 4905 pseu-

1889 4927 2248 5001 dopmpbeta.
2280 4923 2438 4992 Quod
2467 4924 2511 4977 si
2534 4922 2789 4988 dixisset,
2821 4928 3038 4992 poterat
3069 4929 3123 4975 et
3154 4918 3499 4989 pseudome-

1890 5024 2053 5095 pheta
2080 5021 2134 5075 in
2162 5017 2453 5075 Jeremiam
2482 5015 2675 5071 eadem
2706 5023 3050 5083 retorquere,
3080 5024 3210 5083 ergo
3240 5026 3346 5067 non
3372 5009 3500 5066 facit

1889 5115 2165 5186 injuriam.
2201 5110 2268 5166 Et
2300 5107 2453 5180 quasi
2483 5109 2550 5161 ad
2582 5107 2905 5177 prophetam
2949 5104 3214 5175 loquitur.
3247 5102 3365 5159 Non
3407 5116 3499 5158 so-

1892 5212 2020 5275 lum,
2069 5205 2266 5276 inquit,
2297 5216 2401 5273 ego
2447 5214 2570 5255 sum
2617 5197 2881 5270 propheta
2911 5210 2965 5254 et
3012 5206 3092 5266 tu,
3132 5196 3231 5252 sed
3279 5197 3496 5250 fuerunt

1890 5311 2019 5356 ante
2049 5308 2104 5355 te
2133 5305 2188 5354 et
2215 5311 2303 5351 me
2347 5292 2501 5348 multi
2530 5291 2657 5360 alii,
2684 5304 2915 5362 quorum
2945 5289 3049 5346 fuit
3092 5288 3292 5355 Isaias,
3320 5286 3460 5341 Osce
3483 5329 3496 5353 ,

1889 5443 1960 5497 sit
1991 5441 2097 5506 his,
2129 5439 2222 5509 qui
2245 5438 2312 5493 de
2333 5435 2581 5492 oiiicioso
2611 5434 2896 5509 mendacio
2924 5428 3495 5509 tammulta‘ebvaria

1889 5497 2172 5581 disputaui
2198 5511 2253 5562 in
2277 5515 2565 5581 utramque
2597 5514 2827 5573 partem.
2851 5503 2977 5581 Nec
3004 5497 3395 5581 .littsi't‘nularim
3430 5498 3496 5563 il-

1892 5569 1992 5641 lud.
2015 5583 2073 5638 S.
2106 5578 2295 5634 Hilarii
2321 5581 2373 5633 in
2418 5569 2609 5649 ps'alm.
2642 5590 2754 5643 xiv,
2788 5591 2939 5629 num.
2970 5575 3026 5628 ιι
3064 5588 3089 5649 :_
3112 5569 3210 5649 Est
3240 5582 3497 5624 nonnum—

1892 5671 2046 5728 quam
2070 5653 2275 5724 falsitas
2295 5643 2599 5728 utilistcum
2617 5654 2709 5700 aut
2725 5659 3034 5728 percussit)
3058 5643 3119 5728 de
3146 5644 3337 5728 intente
3360 5655 3504 5728 men:

1894 5717 2080 5791 timur,
2099 5735 2187 5779 aut
2219 5721 2569 5791 testimonium
2590 5734 2684 5787 pro
2707 5717 3034 5791 periclitante
3055 5719 3393 5782 frustramur,
3411 5720 3504 5769 aut

1900 5790 2135 5872 fallimus
2155 5796 2220 5854 de
2244 5790 2561 5867 difﬁcultate
2588 5790 2876 5853 curationis
2895 5794 3171 5863 aegrotum.
