3972 6354
470 293 576 345 855
1728 280 1787 334 5.
1829 274 2102 335 EUSEBII
2127 271 2507 330 HIERONYMI
3692 273 3809 328 856

470 405 612 471 Joel,
649 416 704 460 et
748 405 940 463 Amos,
989 412 1044 456 et
1087 401 1294 456 ρωποι-ἰ.
1328 397 1828 467 PrOphetaverunt,
1864 393 2068 463 inquit,
2096 393 2149 454 Α
2176 391 2372 444 cituum
2402 385 2545 442 Deus
2596 388 2768 444 Israel
2795 407 2814 445 :
2837 390 3035 464 Iugum
3065 394 3287 464 ferreum
3313 393 3469 461 posui
3487 405 3665 460 super
3691 390 3808 443 col-

470 507 660 551 contra
687 505 860 550 terras
883 493 1104 558 multas,
1127 500 1185 548 et
1206 506 1370 562 regna
1388 505 1492 546 n0n
1519 504 1709 562 parva,
1734 487 1828 543 sed
1853 501 2067 557 magna,
2173 482 2284 536 lum
2316 495 2623 538 cunctarum
2641 485 2871 556 gentium
2900 487 3137 550 istarum,
3163 494 3220 538 ut
3241 485 3474 540 serviam
3498 481 3815 538 Nabucho-

473 587 675 643 bellnm
711 585 815 640 illis
846 595 902 640 et
925 585 1175 654 adversa,
1213 595 1268 640 et
1298 599 1480 640 rerum
1515 583 1759 637 omnium
1790 578 2069 648 penuriam
2173 577 2400 631 donosor
2428 579 2537 648 regi
2558 575 2863 650 Babylonis.
2900 577 2927 617 ι’
2949 579 3214 650 Quodque
3234 580 3488 650 sequitur
3521 595 3536 633 :
3573 573 3665 631 Et
3699 592 3815 631 ser-

471 681 809 735 nuntiantes.
847 681 916 734 Et
944 695 974 736 e
1008 681 1284 735 contrario
1330 679 1552 735 fuerunt
1595 677 1710 743 alii,
1743 677 1832 747 qui
1882 689 2069 746 pacem
2175 671 2304 725 vient
2334 673 2400 738 ei,
2430 675 2644 744 insuper
2670 685 2720 727 et
2765 674 2951 729 bestias
2990 685 3142 730 terra
3171 674 3290 728 dedi
3324 673 3430 738 illi,
3468 674 3521 727 in
3547 673 3813 740 Septua-

473 773 868 844 polliccreutur
913 781 968 828 et
1005 788 1282 843 prospera.
1334 770 1703 842 Utrorumque
1761 767 2068 836 sententia,
2174 765 2322 835 ginta
2359 781 2463 821 non
2498 765 2752 823 habetur.
2789 768 2852 823 Et
2881 769 2934 823 in
2971 770 3227 839 prmsenti
3260 770 3403 831 loco,
3433 769 3591 839 juxta
3629 767 3814 837 LXX,

473 880 580 919 non
626 864 940 920 adulatione
981 865 1270 930 mendacii,
1297 864 1393 920 sed
1423 879 1604 919 rerum
1634 861 1780 918 exitu
1821 875 2074 928 compro-
2175 858 2420 913 Ananias
2453 859 2715 929 proliheta
2755 875 2866 916 non
2897 861 3179 926 smibitur,
3225 870 3279 916 et
3309 862 3362 916 in
3393 863 3819 931 consequenti-

468 957 596 1010 hata
625 966 730 1010 est.
759 954 874 1010 Sub
911 957 1143 1012 aliorum
1173 972 1304 1027 ergo
1347 955 1597 1024 exemplo
1639 955 1709 1010 de.
1747 967 1805 1008 se
1837 953 2075 1024 loquitur
2176 951 2299 1014 bus.
2333 967 2403 1008 ne
2421 953 2633 1008 scilicet
2663 952 2746 1026 (ιιι
2778 953 2927 1022 prius
2947 953 3084 1022 dixi)
3119 952 3684 1024 pseudOprophetam
3719 967 3818 1022 ap-

471 1058 530 1104 et
559 1047 768 1104 Anania
791 1094 805 1116 ,
838 1049 982 1120 quod
1027 1065 1152 1106 cum
1197 1065 1380 1104 rerum
1428 1049 1549 1104 linis
1579 1048 1895 1114 advenerit,
1950 1058 2075 1102 tunc
2179 1044 2386 1113 pellare
2413 1044 2728 1100 viderentur
2750 1045 3095 1115 prophetam.
3118 1044 3223 1099 Sed
3250 1055 3272 1082 ο
3305 1043 3433 1112 quid
3465 1044 3532 1099 ad
3565 1043 3821 1099 llebrai-

473 1143 869 1214 l’ropltetarum
903 1146 1104 1200 veritas
1129 1144 1473 1199 ostendatur.
1501 1143 1614 1198 lloc
1645 1143 1785 1199 idem
1817 1151 1870 1197 et
1901 1141 2078 1196 Domi-
2178 1153 2297 1192 cam
2327 1139 2656 1194 veritatem?
2689 1149 2974 1210 postquam
3021 1138 3158 1192 abiit
3183 1137 3458 1194 Jeremias
3492 1136 3821 1208 prophetes

470 1250 575 1290 nus
615 1236 826 1290 locutus
866 1244 951 1290 est
983 1251 1078 1306 per
1116 1236 1338 1308 Moysen
1363 1233 1543 1308 (Deut.
1577 1240 1756 1302 χχιιι),
1778 1233 1923 1305 quod
1955 1248 2079 1302 pro—
2177 1229 2233 1286 in
2273 1233 2436 1298 viam,
2469 1243 2522 1288 et
2552 1232 2802 1300 iniuriam
2853 1232 3078 1288 silentio
3123 1233 3430 1297 deroravit,
3478 1230 3677 1287 facztts
3732 1240 3823 1288 est

471 1328 634 1396 pheta
666 1330 912 1385 vaticinii
957 1330 1064 1385 line
1104 1339 1457 1385 monstretur.
1504 1331 1569 1384 Et
1599 1329 1703 1384 hoc
1736 1326 2079 1382 anitnadver-
2179 1337 2363 1379 sermo
2397 1323 2610 1378 Domini
2649 1323 2716 1379 ad
2745 1339 2893 1390 eum,
2918 1335 2978 1379 ut
3005 1339 3114 1379 non
3157 1325 3274 1380 suis
3302 1324 3492 1380 Verbis
3519 1323 3820 1395 prOpheta

471 1421 721 1488 tendum,
747 1422 891 1492 quod
942 1439 1050 1477 non
1085 1422 1394 1489 minaciter,
1429 1437 1535 1477 non
1589 1420 1946 1486 truculenter,
1981 1419 2074 1474 sed
2180 1413 2495 1485 loqueretur
2524 1415 2593 1469 ad
2643 1417 3178 1486 pseudOprnphctam
3219 1416 3512 1473 mendacio
3551 1416 3825 1488 glorian-

472 1514 668 1569 liducia
696 1514 943 1569 veritatis
989 1516 1237 1586 increpet
1269 1515 1649 1580 mentientem,
1681 1521 1736 1567 et
1783 1510 1995 1567 dill‘erat
2025 1511 2078 1565 in
2181 1515 2326 1574 tem;
2357 1506 2454 1564 sed
2483 1508 2694 1565 diceret
2726 1528 2737 1563 :
2771 1511 2879 1566 Ittec
2909 1511 3034 1564 dicit
3060 1509 3314 1566 Dominus
3339 1526 3739 1582 :quamquam
3766 1521 3824 1565 et

470 1607 740 1674 futurum,
775 1618 834 1664 ut
861 1607 954 1680 qui
987 1611 1240 1675 audiunt,
1272 1625 1454 1665 rerum
1494 1609 1700 1665 exitum
1755 1607 2076 1678 pratstolen-
2180 1603 2421 1657 Ananias
2450 1604 2807 1675 confringens
2853 1604 3064 1660 furcam
3099 1606 3339 1676 ligneam
3377 1605 3574 1662 eadem
3608 1617 3824 1662 aucto.

473 1712 585 1758 tur.
2181 1696 2344 1752 ritate
2384 1697 2436 1750 in
2469 1707 2770 1766 conspectu
2826 1699 3038 1753 Domini
3090 1698 3161 1753 sit
3212 1698 3430 1754 locutus
3464 1717 3478 1754 :
3508 1698 3629 1754 [ια-ο
3685 1699 3824 1754 dicit

547 1793 730 1864 (Vers.
766 1795 853 1862 10,
888 1795 1003 1865 ll.)
1045 1793 1112 1848 Et
1144 1795 1258 1849 tulit
1302 1794 1532 1850 Ananias
1559 1794 1812 1866 propheta
1840 1801 2078 1847 catenam
2109 1789 2157 1848 B
2184 1787 2468 1846 Dominus.
2501 1791 2747 1847 Imitatur
2774 1793 2920 1848 enim
2960 1809 3181 1864 semper
3209 1793 3556 1848 mendacium
3584 1796 3816 1850 verita-

484 1886 592 1958 (vel
626 1889 853 1960 furcam,
887 1904 1007 1959 quas
1051 1889 1314 1944 llebraice
1344 1888 1546 1943 dicitur
1571 1900 1789 1943 aurora
1819 1884 2078 1958 (metu),
2186 1895 2316 1940 tem.
2349 1885 2613 1956 Quodque
2640 1886 2822 1941 intulit
2856 1905 2870 1939 :
2904 1883 3107 1941 Furcas
3156 1887 3354 1957 ligneas
3396 1885 3738 1951 contrivisti,
3767 1898 3815 1940 et

474 1983 540 2036 de
583 1981 718 2037 collo
757 1981 999 2038 Jeremia:
1040 1981 1334 2054 pt'oythetw,
1365 1993 1412 2036 et
1451 1983 1702 2053 confregit
1730 1997 1862 2035 eam.
1913 1978 1980 2033 Et
2008 1981 2082 2034 ait
2185 1979 2502 2048 facies(sive
2529 1979 2740 2050 faciam)
2772 1977 2880 2052 [AL
2898 1979 3220 2052 fecisti].pro
3238 1979 3313 2034 eis
3337 1989 3552 2034 catenas
3571 1981 3817 2052 ferreas,

479 2069 714 2123 Ananias
734 2070 788 2123 in
819 2078 1101 2141 conspectu
1130 2071 1294 2123 omnis
1327 2068 1529 2137 populi,
1562 2067 1740 2121 dicens
1770 2082 1789 2119 :
1814 2064 1941 2119 llaec
1957 2066 2083 2119 dicit
2184 2070 2287 2125 hoc
2317 2070 2576 2138 oetendit,
2607 2071 2753 2142 quod
2780 2073 3046 2126 minorem
3079 2086 3318 2126 renuens
3350 2085 3602 2140 patiam,
3636 2072 3821 2142 majo-

473 2161 855 2217 Dominus:sic
877 2162 1203 2234 confringam
1233 2162 1422 2232 jugum
1442 2157 1928 2214 Nabuchodonosor
1948 2160 2082 2231 regis
2185 2158 2261 2215 ris
2290 2161 2542 2231 supplicii
2573 2176 2732 2216 causa
2765 2160 2931 2217 fuerit
2957 2162 3010 2217 in
3044 2162 3264 2231 papula.
3293 2163 3510 2218 Delirat
3529 2175 3586 2219 et
3621 2165 3684 2218 in
3710 2166 3816 2218 hoc

476 2252 760 2324 Babylonis
798 2253 998 2308 duobus
1021 2254 1176 2307 annis
1201 2254 1405 2308 dierum
1434 2251 1500 2306 de
1530 2251 1668 2306 collo
1699 2251 1927 2305 omnium
1958 2266 2084 2321 gen-
2184 2251 2305 2306 loco
2335 2252 2667 2320 allegoricus
2695 2253 2992 2322 interpres,
3026 2252 3206 2308 furcas
3234 2263 3286 2308 et
3319 2263 3550 2310 catenas
3590 2255 3817 2326 ligneas

478 2350 627 2403 tium.
663 2347 732 2402 Et
781 2349 908 2403 abiit
961 2346 1218 2402 Jeremias
1256 2348 1309 2402 in
1363 2348 1500 2400 riam
1541 2362 1692 2400 suam
1723 2342 1907 2417 [Vulg.
1931 2345 2084 2399 addit
2185 2343 2425 2400 mtherea
2456 2345 2740 2415 appellans
2759 2355 2817 2401 et
2843 2360 3006 2401 aerea
3035 2345 3635 2416 corpora,da:tnonum
3665 2346 3819 2402 tide-

476 2439 769 2512 propheta].
806 2439 952 2494 Duos
974 2457 1140 2494 annos
1161 2454 1266 2494 non
1293 2435 2081 2508 transtuleruntSeptuaginta.
2185 2435 2335 2505 licet,
2368 2446 2424 2492 et
2469 2437 2911 2493 adversariorum
2956 2447 3312 2507 potestatum.
3346 2438 3555 2495 Furcas
3590 2449 3815 2502 autem.

480 2530 801 2602 PrOphetam
829 2547 1048 2603 quoque
1078 2547 1187 2586 non
1214 2531 1410 2586 dixere
1438 2529 1739 2594 Ananiam;
1766 2545 1833 2584 ne
1872 2529 2084 2584 scilicet
2187 2530 2302 2585 sive
2329 2541 2553 2585 catenas
2577 2529 2808 2595 ferreas,
2851 2543 3037 2587 nostra
3067 2547 3300 2602 corpora
3332 2533 3614 2589 crassiora
3635 2574 3654 2600 ,
3689 2549 3814 2605 qua;

478 2629 799 2699 prophetam
831 2627 1144 2682 viderentur
1165 2625 1373 2690 dicere,
1392 2625 1483 2694 qui
1506 2624 1770 2694 propheta
1795 2637 1900 2678 non
1931 2633 2079 2678 erat:
2188 2621 2378 2678 nervis
2397 2632 2452 2679 et
2478 2623 2695 2680 ossibus
2719 2623 2746 2661 ά
2779 2626 3039 2680 carnihus
3069 2626 3336 2696 venisque
3363 2635 3633 2682 contexta
3675 2628 3810 2690 sint,

479 2722 633 2792 quasi
667 2738 774 2774 non
799 2720 968 2775 multa
1002 2720 1056 2773 in
1088 2718 1388 2788 Scripturis
1415 2717 1623 2772 sanctis
1645 2716 2082 2786 dicantur,juxta
2187 2723 2245 2768 ut
2275 2714 2367 2784 qui
2417 2714 2698 2771 noluerint
2740 2715 2808 2771 de
2839 2716 3052 2772 caelesti
3080 2715 3382 2771 Jerusalem
3413 2731 3516 2786 pro
3536 2718 3812 2788 qualitate

476 2815 789 2884 Opinionem
824 2813 971 2867 illius
1020 2813 1308 2882 temporis,
1339 2825 1449 2882 quo
1476 2819 1626 2879 gesta
1666 2809 1998 2871 referuntur,
2030 2820 2085 2864 et
2188 2809 2677 2878 peccati,minores
2707 2808 2892 2864 subire
2919 2810 3212 2873 cruciatus,
3239 2810 3292 2863 in
3316 2820 3549 2865 catenas
3581 2820 3812 2864 nostro.

481 2921 590 2960 non
623 2905 778 2975 juxta
831 2902 974 2974 quod
1017 2904 1093 2957 rei
1136 2903 1340 2959 veritas
1391 2901 1724 2958 continebat.
1758 2900 2002 2972 Denique
2029 2911 2086 2958 et
2189 2915 2309 2954 rum
2355 2914 2644 2970 corporum
2677 2901 3223 2964 coitdemnentur;et
3264 2899 3514 2956 infantiae
3557 2899 3804 2971 vagitus,

477 2995 682 3066 Joseph
725 2997 778 3050 in
818 2995 1116 3067 Evangelia
1146 3006 1302 3066 pater
1333 2994 1546 3050 Domini
1585 3003 1814 3049 vocatur
1842 3012 1853 3048 :
1881 3003 1936 3049 et
1967 2993 2083 3063 ipsa
2192 3007 2494 3062 pannorum
2540 2991 2752 3066 ιοῆο
2783 2993 2996 3047 vincula
3039 2993 3344 3063 sordesque
3370 2994 3722 3056 sustineant;
3755 2999 3808 3046 et

480 3087 672 3154 Maria,
703 3103 824 3157 quae
856 3088 1067 3142 sciebat
1088 3102 1146 3142 se
1175 3087 1247 3141 de
1278 3087 1480 3159 Spiritu
1521 3098 1713 3143 sancto
1743 3087 2080 3156 concepisse,
2190 3085 2435 3140 serviant
2460 3086 2703 3152 diabolo,
2723 3087 2836 3158 regi
2859 3085 3172 3157 Babylonis,
3195 3085 3248 3140 id
3277 3095 3382 3152 est,
3403 3085 3597 3140 mundi
3619 3084 3805 3156 hujus,

481 3191 537 3238 et
569 3180 927 3250 reSponderat
955 3182 1166 3253 Angelo
1201 3200 1214 3235 :
1248 3181 1521 3249 Quomodo
1542 3182 1636 3236 erit
1657 3183 1818 3248 istud,
1840 3183 2084 3254 quoniam
2114 3170 2160 3236 C
2191 3178 2410 3235 dicente
2459 3179 2740 3249 Scriptura
2777 3198 2788 3233 :
2823 3178 3056 3234 Mundus
3095 3179 3150 3232 in
3191 3181 3424 3253 maligno
3463 3180 3669 3251 positus
3727 3188 3803 3233 est

479 3276 646 3329 uirum
673 3292 777 3328 non
804 3290 1054 3346 cognosco
1082 3273 1190 3347 [ΑΙ.
1216 3273 1452 3346 cognovi]
1481 3273 1639 3341 (Luc.
1668 3289 1708 3334 ι,
1741 3272 1880 3343 '54)?
1912 3273 2086 3343 loqui-
2191 3276 2236 3347 (l
2256 3275 2418 3330 Joan.
2444 3291 2498 3342 v,
2529 3276 2641 3344 19),
2670 3289 2792 3330 cum
2825 3273 3016 3329 bestiis
3047 3283 3232 3339 terrar,
3255 3287 3378 3344 quae
3417 3274 3470 3328 in
3516 3273 3803 3330 brutorum

484 3379 574 3424 tur
602 3367 668 3422 ad
688 3367 886 3423 Filium
916 3384 929 3421 :
965 3366 1092 3429 Fili,
1123 3368 1248 3436 quid
1269 3369 1435 3439 fecisti
1462 3367 1610 3420 nobis
1633 3367 1746 3421 sic?
1774 3381 1889 3420 ecce
1916 3383 2010 3439 ego
2041 3375 2087 3420 ct
2189 3369 2548 3423 animantium
2567 3381 2802 3437 corpora
2820 3368 2930 3422 sint
2953 3368 3194 3437 religata:
3213 3366 3321 3439 [AL
3343 3365 3796 3439 religata].Com-

483 3468 630 3532 pater
657 3467 776 3513 tuus
803 3460 1030 3514 dolentes
1056 3459 1412 3529 quterebamtts
1433 3465 1480 3511 te
1499 3455 2085 3528 (Luc.tt,48).Simul-
2195 3464 2329 3531 pulit
2373 3480 2458 3518 me
2501 3471 2762 3518 tractator
2809 3461 3084 3530 indoctus,
3126 3471 3179 3517 et
3210 3469 3456 3516 sectator
3504 3459 3799 3516 calumnim

486 3570 593 3626 que
631 3553 1027 3609 consideranda
1077 3553 1363 3624 prudentia
1391 3552 1668 3617 Jeretnize,
1697 3563 1750 3608 et
1784 3552 2084 3620 humilitas,
2191 3553 2547 3618 Grunnianzu,
2587 3563 2779 3625 aperte
2825 3568 3032 3624 ponere
3080 3553 3258 3609 aliena
3306 3553 3460 3618 vitia,
3489 3569 3615 3621 qua:
3656 3553 3798 3623 prius

485 3654 650 3714 atque
671 3645 952 3714 patientia.
974 3641 1459 3712 Pseudopmplteta
1482 3644 1645 3697 rebus
1657 3641 1788 3698 facit
1809 3642 2085 3712 iniuriam,
2192 3663 2314 3704 cum
2347 3647 2786 3702 dissimulatione
2831 3645 3106 3712 dicebam,
3134 3644 3357 3701 lectoris
3382 3644 3689 3716 prudentia:
3709 3642 3795 3699 de-

485 3745 541 3792 et
576 3746 859 3802 arreptam
909 3733 1117 3788 l‘urcam
1148 3733 1217 3789 dc
1255 3735 1472 3788 cervice
1513 3734 1631 3802 ejus
1658 3736 1915 3799 conterit,
1941 3735 2085 3804 quod
2197 3740 2538 3810 relinquens.

485 3827 675 3897 utique
705 3827 756 3880 itt
787 3826 963 3881 terrea
989 3825 1202 3897 1039
1232 3824 1415 3880 facere
1445 3840 1554 3879 non
1603 3834 1835 3895 poterat.
1871 3825 1978 3880 Iste
2010 3835 2088 3880 ta-
2263 3832 2448 3904 (Vers.
2483 3833 2517 3888 5
2546 3833 2730 3903 seqq.)
2756 3830 2818 3886 Et
2842 3832 2974 3886 dixit
3002 3828 3260 3885 Jeremias
3283 3829 3541 3898 propheta
3570 3829 3642 3882 ad
3665 3829 3800 3884 Ana-

486 3929 595 3984 cel,
625 3918 980 3989 doloremque
1011 3917 1328 3972 dissimulat
1362 3933 1376 3971 :
1405 3917 1638 3972 necdum
1668 3919 1814 3971 enim
1847 3919 1894 3974 ei
1924 3933 1953 3972 a
1986 3918 2090 3974 Do-
2192 3927 2333 3980 niam
2352 3927 2657 3996 prophetam
2677 3941 2694 3980 :
2716 3922 3271 3994 Audi,Anania:.-V'on
3292 3922 3434 3977 misit
3449 3933 3500 3976 te
3524 3921 3793 3983 Dominus,

490 4011 640 4064 mino
671 4009 801 4081 quid
859 4010 1177 4079 loqueretur
1219 4006 1394 4063 fuerat
1442 4009 1740 4064 revelatum
1771 4024 1785 4063 :
1819 4017 1875 4064 ttt
1925 4011 2087 4064 tacite
2190 4029 2240 4074 ει
2279 4028 2334 4072 ιιι
2365 4018 2625 4088 confidere
2654 4018 2822 4084 fecisti
2855 4017 3105 4089 populum
3137 4015 3296 4069 istum
3327 4012 3512 4086 [ναις.
3551 4011 3726 4085 illum]
3749 4013 3796 4064 iu

488 4116 676 4159 sancta
704 4103 986 4174 Scriptura
1008 4104 1370 4168 demonstret,
1401 4117 1740 4171 nequaquam
1793 4103 2088 4173 prophetas
2194 4112 2486 4165 mendacio.
2522 4108 2731 4166 Idcirco
2779 4109 2890 4166 haec
2921 4110 3046 4164 dicit
3094 4105 3354 4162 Dominus
3379 4123 3397 4160 :
3426 4105 3567 4161 Ecce
3608 4108 3795 4164 mittam

486 4210 586 4251 suo
617 4205 824 4251 tantum
846 4194 1072 4250 arbitrio
1099 4194 1269 4265 loqui,
1295 4194 1390 4249 sed
1421 4209 1489 4249 ex
1524 4194 1743 4248 Domini
1770 4195 2083 4251 voluntate:
2194 4202 2336 4276 (sive
2365 4204 2596 4274 ejiciam)
2631 4215 2680 4259 te
2723 4221 2756 4257 a
2803 4204 2939 4276 facie
2972 4218 3146 4267 terrae,
3193 4200 3289 4256 ltoc
3340 4217 3481 4256 anno
3537 4201 3793 4256 morieris.

490 4289 727 4345 maxime
757 4290 826 4344 de
864 4287 1084 4356 futuris,
1129 4305 1361 4359 quorum
1393 4287 1562 4344 solius
1609 4288 1703 4343 Dei
1749 4289 1935 4344 notitia
1977 4301 2085 4346 est.
2191 4295 2457 4368 Quodque
2487 4299 2773 4368 sequitur;
2809 4296 2944 4364 Quia
2973 4297 3248 4351 adversum
3292 4294 3578 4350 Dominum
3605 4297 3798 4350 locutus

487 4383 660 4447 Abiit,
689 4384 884 4454 inquit,
919 4395 975 4440 et
993 4383 1224 4438 recessit
1247 4383 1303 4438 in
1333 4383 1473 4438 riam
1505 4398 1683 4449 suam,
1708 4383 1860 4454 quasi
1888 4384 2084 4452 victus,
2192 4407 2266 4446 es.
2299 4389 2367 4445 Et
2410 4401 2647 4446 mortuus
2694 4402 2770 4446 est
2802 4391 3038 4445 Ananias
3065 4391 3318 4462 propheta
3357 4390 3410 4442 in
3438 4405 3580 4443 anno
3608 4389 3720 4451 illo,
3747 4387 3792 4438 in

487 4487 546 4536 et
572 4477 703 4534 illud
731 4478 969 4548 implens
996 4478 1374 4550 protiheticum
1409 4496 1424 4532 :
1454 4474 1652 4533 Factus
1678 4494 1794 4532 sum
1822 4480 1969 4550 quasi
1990 4480 2086 4534 Ito-
2195 4501 2371 4541 mense
2396 4486 2640 4555 septimo,
2673 4486 2726 4540 itt
2749 4485 3108 4556 Septuaginta
3141 4499 3249 4539 non
3288 4483 3540 4539 habetur.
3563 4483 3672 4538 Pro
3699 4496 3797 4554 quo

489 4587 576 4626 mo
601 4587 704 4627 non
729 4572 968 4640 audiens,
995 4581 1042 4626 et
1069 4587 1171 4628 non
1195 4571 1389 4626 habens
1429 4573 1485 4625 in
1527 4587 1615 4626 ore
1656 4588 1748 4627 suo
1778 4574 2090 4645 increpatio-
2116 4567 2171 4627 D
2199 4589 2407 4634 tantum
2440 4590 2747 4647 posuerunt
2785 4597 2797 4634 :
2829 4577 2895 4631 Et
2927 4588 3162 4632 mortuus
3184 4587 3259 4632 est
3281 4590 3452 4632 mense
3479 4577 3715 4647 septimo.
3739 4572 3798 4628 Et

490 4682 601 4722 nes.
2196 4671 2286 4725 hic
2317 4670 2369 4726 in
2393 4668 2539 4725 LXX
2559 4669 2802 4726 Anauias
2832 4670 3096 4740 protnheta
3149 4685 3256 4724 non
3307 4667 3535 4737 dicitur,
3565 4684 3691 4724 cum
3720 4682 3795 4722 sc-

563 4756 744 4829 (Vers.
792 4757 828 4812 2
856 4758 1037 4829 seqq.)
1071 4757 1138 4811 Et
1167 4759 1359 4830 factum
1405 4766 1478 4811 est
1531 4757 1737 4812 rerbum
1763 4755 1977 4813 Domini
2023 4759 2092 4812 ad
2196 4761 2436 4816 cundum
2469 4761 2800 4817 llebraicum
2831 4760 3114 4829 Scriptura
3144 4770 3333 4817 sancta
3366 4759 3693 4832 prophetam
3713 4775 3797 4813 νου

490 4849 795 4915 Jeremiam,
825 4862 1095 4922 postquam
1125 4851 1377 4923 confregit
1407 4849 1640 4904 Ananias
1667 4851 1917 4923 prop/tcta
1953 4862 2089 4906 cate-
2194 4867 2304 4920 cet,
2342 4856 2471 4911 licet
2502 4856 2555 4911 in
2597 4872 2663 4911 eo
2710 4857 2853 4928 quod
2883 4858 3066 4926 arguit
3095 4871 3221 4912 eum
3263 4855 3535 4911 Jcremias
3565 4854 3752 4910 dicens
3781 4871 3793 4904 :

493 4961 616 4997 nam
648 4945 759 5011 (vel
787 4941 1014 5015 furcam)
1045 4946 1110 4999 de
1135 4945 1270 5000 collo
1307 4943 1550 4999 Jeremice
1578 4945 1842 5016 prapltetaz
1871 4945 2046 5000 dicens
2078 4961 2096 5000 :
2197 4949 2354 5014 Audi,
2372 4949 2604 5015 Anania,
2623 4966 2724 5003 non
2744 4950 2884 5004 misit
2903 4960 2950 5004 te
2973 4948 3258 5008 Dominus.
3280 4951 3603 5018 pr0phetam
3626 4957 3798 5002 tacue-

505 5035 734 5104 Vade,et
775 5039 912 5092 dices
959 5040 1200 5103 Ananiw,
1234 5040 1342 5094 litcc
1380 5039 1504 5093 dicit
1549 5038 1803 5094 Dominus
1831 5057 1848 5095 :
1876 5037 2095 5095 Calenus
2203 5041 2294 5095 rit.
2349 5040 2637 5110 Quomodo
2674 5041 2818 5096 enim
2876 5039 3200 5112 prophetam
3255 5049 3474 5110 poterat
3501 5041 3793 5113 appellare,

493 5131 606 5203 (vel
637 5130 840 5202 furcas)
864 5132 1063 5202 ligneas
1093 5134 1403 5199 contrivisti,
1429 5141 1480 5187 et
1507 5135 1666 5206 facies
1695 5136 1832 5206 (sive
1856 5135 2092 5206 faciam),
2204 5151 2364 5207 quem
2415 5137 2642 5191 missum
2680 5151 2709 5190 a
2733 5135 2966 5190 Domino
3017 5134 3360 5206 denegabat?
3403 5135 3516 5191 Sed
3564 5135 3796 5192 historias

495 5241 593 5296 pro
612 5226 684 5282 eis
714 5233 742 5262 ⁸
769 5225 946 5297 furcas
971 5227 1186 5298 ferreas.
1223 5226 1360 5295 Quia
1381 5226 1490 5282 haec
1512 5229 1636 5283 dicit
1674 5229 1924 5284 Dominus
1951 5245 2098 5284 επεν-
2205 5230 2407 5286 veritas
2434 5240 2487 5285 et
2515 5229 2651 5285 ordo
2673 5239 2945 5296 servatur,
2960 5228 3102 5284 sicut
3132 5227 3509 5299 praediximus,
3529 5244 3640 5286 non
3655 5233 3794 5299 juxta

571 5447 599 5510 ξ
629 5437 838 5493 Victor.
868 5453 963 5509 pro
1002 5437 1076 5492 eis
1118 5447 1325 5510 catenas
1365 5438 1473 5506 (vel
1527 5437 1723 5510 furcas)
1765 5439 1996 5510 ferreas:
2027 5455 2096 5496 ex
2201 5438 2434 5495 cinniori
2462 5439 2528 5493 ad
2571 5438 2776 5510 reliqua
2800 5453 2966 5495 sensu
2997 5437 3192 5505 babes,
3224 5438 3538 5509 frustraque
3575 5447 3698 5495 erat
3725 5435 3791 5490 bis

497 5508 767 5581 ﬂebraico
815 5508 1028 5566 scilicet
1066 5508 1275 5566 addens
1321 5508 1551 5576 catenas,
1589 5521 1642 5565 et
1680 5508 1802 5581 qua:
1841 5510 1985 5567 LXX
2015 5519 2100 5566 est
2202 5520 2471 5579 repetere.

497 5579 880 5653 interpretatio
932 5581 1140 5653 furcas,
1197 5582 1516 5652 parenthesi
1581 5581 1652 5637 de
1701 5579 1871 5638 Vmore
1924 5583 2097 5637 inclu—
2223 5581 2701 5653 deblxllrixianis
2723 5579 3790 5653 codicibuslegitVictorius,Sequuntur

500 5650 660 5721 deus.
692 5719 699 5721 Α
933 5650 941 5653 ⁷
1201 5650 1211 5652 θ
2209 5651 2830 5716 Ηεὺνηὶειηηιιενὶιαιεηι,
2864 5655 3052 5721 sicque
3085 5651 3479 5709 reStituendam
3510 5650 3786 5709 lectionem

513 5762 516 5770 λ
572 5718 599 5757 δ
624 5719 1072 5796 ᾼάχηςεηῆάεηι
1100 5725 1430 5796 amovimps,
1456 5725 1583 5788 hinc
1605 5735 1900 5796 postrema
1937 5723 2095 5793 huius
2203 5734 2597 5796 excontextus
2617 5725 2757 5780 serie
2779 5718 3081 5781 contendit.

489 5795 523 5837 θ
539 5790 750 5847 τνςξαιιιί
780 5775 971 5856 νει-,κη
995 5775 1071 5848 ξίν

1687 5775 2096 5852 satiemus;
2212 5775 2757 5865 "‘a‘vitss‘iaaans;
2782 5775 3255 5862 natanata-aut.
