3972 6318
130 304 262 361 857
661 312 1316 376 COMMENTARIORUM
1358 320 1425 377 ΙΝ
1463 321 1813 381 JEREMIAM
1850 325 2275 389 PROPHETAM
2313 332 2445 390 LIB.
2488 335 2554 393 γ.
2593 334 2752 393 CAP.
2796 337 2994 397 XXIX.
3380 347 3486 403 858

130 419 200 475 id
236 422 401 532 qugd
424 433 568 531 erat,
708 424 862 532 juxta
897 427 953 485 id
978 429 1121 501 quod
1154 431 1251 488 illo
1279 442 1526 506 tempore
1552 436 1777 507 putaba-
1806 442 1858 501 Α
1885 440 2014 498 dum
2044 443 2294 503 ordinem
2344 450 2547 518 aetatis,
2596 451 2881 523 propheta:
2903 469 3123 528 quoque
3145 458 3215 512 ad
3239 474 3355 527 eus,
3390 460 3484 532 qui

132 525 266 572 tur.
325 516 628 590 Decepisti,
672 520 873 592 inquit,
901 529 1157 598 populum
1205 531 1508 602 mendacio,
1552 548 1622 589 ne
1678 535 1774 591 Dei
1876 538 2268 605 mouebantur,
2328 542 2525 599 littera:
2564 546 2936 615 pervenirent.
2968 516 3152 605 Monet
3177 562 3359 606 autem
3389 516 3489 609 eos

131 613 465 709 sententia:
492 615 894 709 acquiesceret.
922 617 1077 675 Unde
1097 620 1244 676 scias
1266 631 1319 678 te
1348 620 1451 679 hoc
1477 640 1622 680 anno
1649 640 1775 684 esse
1877 648 1986 689 non
2016 635 2134 691 suis
2160 636 2371 707 verbis,
2406 638 2501 695 sed
2531 613 2770 709 Domini,
2798 652 2854 697 ot
2894 641 3167 700 adiﬁcent
3197 644 3392 701 domos
3429 659 3487 702 et

132 703 516 811 πιοτίιιιιξξηι·
551 706 610 764 Si
638 707 858 778 quando
898 710 1189 775 ιηοτίηιυτ.
1216 714 1286 769 de
1314 717 1627 774 carceribus
1651 734 1776 775 τοτ’
1877 727 2123 785 habitent
2170 731 2225 786 in
2280 733 2398 801 eis,
2432 744 2488 790 et
2521 737 2772 805 plantent
2802 736 3021 806 hortos,
3062 740 3181 795 sive
3213 742 3479 811 pomaria,

138 811 367 868 porum
397 798 1029 867 liberamur,secundum
1052 804 1183 861 illud
1218 810 1609 873 testimonium.
1628 810 1772 882 quod

138 890 314 946 male
363 892 799 964 interpretantur
828 896 1073 955 haeretici
1097 916 1112 954 :
1143 898 1298 956 Educ
1323 902 1390 958 de
1424 920 1629 961 carcere
1657 906 1775 960 ani-

139 1000 301 1039 mum
324 999 496 1040 meam
517 984 641 1056 (Ps.
670 1004 817 1055 cxu,
844 990 903 1060 8)
927 1008 941 1045 :
973 993 1245 1063 quomodo
1271 1010 1417 1051 nunc
1445 997 1773 1069 pseudopro-

138 1076 344 1149 phetu:
373 1093 475 1150 pro
513 1081 786 1151 supplicio
835 1100 981 1140 mors
1034 1087 1341 1160 irrogaturf
1376 1090 1483 1148 Sed
1517 1092 1618 1148 hoc
1650 1095 1773 1150 loco

141 1173 471 1231 notandum
499 1175 647 1246 quod
689 1175 960 1234 Jeremias
989 1195 1020 1235 a
1070 1183 1548 1255 pseudopropheta
1580 1200 1770 1257 passus

142 1266 451 1340 iniuriam,
476 1270 705 1326 necdum
727 1272 796 1328 ad
819 1289 881 1329 se
901 1272 1046 1331 facto
1063 1290 1318 1337 sermone
1340 1280 1579 1347 Domini,
1604 1282 1765 1348 silet;

140 1370 356 1434 postea
385 1378 515 1419 vero
542 1364 744 1421 missus
774 1382 802 1420 a
834 1366 1071 1424 Domino
1108 1371 1374 1428 audacter
1410 1375 1586 1445 arguit
1615 1390 1771 1432 men-

143 1455 417 1524 tientem,
447 1465 504 1512 et
550 1469 785 1514 mortem
832 1460 1191 1533 propinquam
1251 1466 1768 1538 uuntiat.Quodque

143 1548 205 1603 iu
239 1563 441 1603 mense
466 1551 704 1619 septimo
725 1562 973 1608 mortuos
1001 1562 1108 1621 est,
1140 1556 1231 1627 qui
1260 1572 1481 1628 semper
1500 1557 1767 1629 interpre-

144 1643 256 1698 tari
286 1642 494 1711 solent,
536 1646 778 1717 requiem
818 1647 919 1702 sub
946 1647 1051 1705 hoc
1099 1665 1329 1706 numero
1370 1651 1764 1722 demonstrari,

143 1735 391 1792 forsitan
423 1752 550 1793 eum
594 1738 798 1795 idcirco
827 1756 1016 1796 mense
1042 1742 1276 1812 septimo
1305 1755 1580 1801 mortuum
1611 1761 1765 1802 men-

1873 830 1930 876 et
1966 822 2261 878 comedam
2291 823 2529 882 fructum
2558 842 2775 896 eorum,
2831 830 3108 901 accipiant
3158 846 3385 898 uxores,
3424 841 3482 889 et

1875 925 2142 983 generem
2184 916 2326 972 ﬁlios
2358 927 2413 975 et
2460 918 2624 987 ﬁlias,
2671 931 2731 977 et
2767 922 3201 993 multiplicentor
3257 925 3309 979 in
3360 926 3482 981 loco

1876 1006 2375 1077 transmigrationis
2407 1025 2422 1064 :
2456 1020 2512 1066 et
2543 1028 2650 1067 non
2679 1012 2792 1067 sint
2834 1015 2993 1084 pauci
3023 1032 3273 1084 numero,
3325 1032 3477 1087 quae-

1873 1106 2112 1171 rantque
2136 1114 2329 1171 pacem
2379 1102 2643 1173 civitatis,
2696 1105 2813 1161 sive
2865 1115 3055 1173 terrai,
3088 1108 3156 1163 ad
3185 1125 3349 1182 quam
3376 1126 3474 1166 eos

1872 1196 2213 1252 transtulerit
2246 1197 2529 1265 Dominus,
2572 1210 2627 1256 et
2675 1210 2837 1257 orent
2878 1216 2978 1274 pro
3007 1203 3090 1258 eis
3134 1203 3358 1278 [ALoa]
3398 1205 3466 1260 ad

1871 1287 2188 1344 Dominum.
2243 1288 2555 1362 Causasque
2602 1292 2861 1362 reddens,
2902 1296 3001 1363 ait,
3056 1299 3185 1368 quia
3229 1298 3282 1353 in
3331 1314 3467 1370 pace

1871 1382 2022 1439 illius
2048 1392 2212 1439 terra:
2239 1385 2347 1441 erit
2381 1401 2493 1457 pax
2520 1387 2694 1444 vobis.
2719 1387 2999 1455 Jeremite,
3031 1391 3165 1460 quia
3192 1403 3315 1463 post
3354 1393 3481 1450 bre-

1871 1491 1939 1534 ve
1968 1488 2181 1549 tempus
2224 1489 2344 1536 erat
2385 1479 2692 1538 Jerusalem
2723 1483 2935 1559 105.2
2963 1494 3218 1542 secutura
3241 1489 3476 1558 captivi-

1870 1578 1975 1632 tas,
2010 1571 2316 1640 imperatur
2335 1588 2403 1629 ne
2426 1574 2661 1643 accipiat
2685 1592 2938 1644 uxorem,
2974 1593 3077 1634 nec
3122 1578 3290 1637 faciat
3311 1582 3476 1638 lilios.

1868 1657 2026 1716 Unde
2049 1671 2104 1717 et
2124 1663 2279 1719 nobis
2308 1678 2408 1735 per
2448 1664 2769 1736 Apostolum
2799 1669 3037 1726 dicitur:
3071 1669 3299 1743 Tempus
3325 1672 3474 1729 breve

1866 1749 1978 1824 [AL
2010 1753 2316 1829 breviatum]
2368 1767 2462 1823 est,
2520 1772 2775 1829 superest,
2828 1770 2887 1816 ut
2925 1764 3018 1832 qui
3043 1762 3234 1819 habent
3284 1782 3475 1822 ua'ores

147 1831 386 1898 tientur,
412 1840 472 1887 ut
498 1831 568 1887 de
599 1833 756 1888 malis
793 1836 1037 1906 corporis
1068 1836 1414 1904 liberaretur,
1440 1839 1593 1909 juxta
1625 1839 1755 1895 illud
1786 1834 1838 1897 Β
1862 1855 2125 1917 tamquam
2139 1866 2239 1904 non
2253 1848 2809 1927 habentessint[Al.sic
2824 1856 3095 1928 sintquasi
3111 1874 3211 1913 non
3224 1857 3472 1931 habeant]

143 1922 298 1995 quod
331 1924 598 1995 scriptum
641 1924 925 1995 proferunt
954 1926 1062 2000 [ΑΙ.
1104 1928 1401 2002 profertur]
1431 1951 1442 1985 ;
1479 1928 1626 1986 Mors
1652 1934 1763 1987 viro

145 2017 381 2088 requies.
429 2015 541 2074 Nos
593 2031 777 2075 autem
840 2020 1091 2075 novimus
1132 2037 1363 2092 corpora
1417 2024 1757 2080 credentimn

145 2109 359 2179 templa
389 2125 516 2167 esse
542 2111 660 2178 Dei,
682 2112 730 2168 si
753 2122 933 2169 tamen
959 2111 1195 2185 Spiritus
1221 2124 1441 2172 sanctus
1470 2116 1681 2175 habitat
1703 2119 1755 2175 in

142 2200 264 2257 illis
286 2200 487 2275 (Eccli.
523 2219 657 2272 ssu,
682 2203 799 2275 ll).

221 2292 386 2369 (Cap.
444 2294 636 2351 XXIX.
664 2325 739 2339 —
782 2298 992 2355 Versi
1038 2301 1226 2373 seqq.)
1280 2301 1491 2377 1051
1525 2303 1590 2358 Et
1642 2306 1754 2360 hrec

140 2397 269 2443 sunt
290 2388 443 2443 verba
482 2389 633 2456 libri,
660 2406 812 2461 quem
842 2392 982 2446 misit
1007 2389 1266 2447 Jeremias
1293 2396 1550 2465 propheta
1579 2398 1645 2451 de
1661 2396 1756 2451 Je-

145 2484 404 2548 rusalem,
432 2481 502 2536 ad
520 2482 770 2554 reliquias
797 2485 1061 2539 seniorum
1086 2488 1584 2559 transmigrationis,
1606 2499 1657 2545 et
1685 2491 1754 2545 ad

149 2574 473 2643 sacerdotes,
507 2584 555 2630 et
602 2577 672 2631 ad
714 2577 1013 2650 prophrtas,
1054 2588 1102 2634 et
1130 2580 1200 2633 ad
1249 2597 1449 2635 onmem
1478 2585 1748 2657 populum,

143 2684 304 2741 quem
320 2671 631 2724 traduxerat
657 2668 1144 2727 Nabuchodonosor
1163 2675 1226 2729 de
1246 2671 1538 2730 Jerusalem
1565 2677 1619 2731 in
1644 2676 1752 2732 Ba-

147 2763 415 2834 bylonem.
447 2762 729 2836 Postquam
756 2781 994 2835 egressus
1023 2777 1096 2822 est
1134 2767 1417 2825 Jechonias
1445 2786 1558 2837 rex,
1588 2781 1635 2826 et
1659 2773 1754 2827 do-

142 2855 295 2908 mina
314 2853 456 2924 (sive
480 2856 688 2926 regina)
720 2866 766 2911 et
794 2859 1038 2923 eunuchi,
1055 2867 1105 2913 et
1133 2861 1389 2932 principes
1409 2858 1565 2918 ludat
1590 2874 1637 2917 et
1660 2861 1752 2917 Je-

142 2949 378 3006 rusalem
399 2950 540 3022 (sive
564 2951 862 3023 optimates)
888 2964 938 3008 et
980 2953 1208 3024 artiﬁces
1240 2953 1422 3028 [Vulg.
1455 2965 1504 3010 et
1533 2958 1679 3028 faber
1702 2969 1750 3013 et

143 3042 404 3117 inclusor]
428 3045 491 3098 de
508 3042 805 3101 Jerusalem
842 3046 896 3100 in
921 3063 1078 3100 manu
1106 3044 1297 3102 Elassa
1320 3049 1421 3118 ﬁlii
1443 3049 1681 3122 Saphan,
1701 3062 1749 3105 et

147 3138 414 3192 (inmerita
431 3137 530 3208 ﬁlii
567 3136 820 3203 Helcltiae,
851 3156 978 3211 quos
1019 3141 1157 3195 misit
1190 3141 1437 3196 Sedecias
1491 3160 1582 3197 rea:
1602 3143 1747 3199 Juda

1865 1942 1906 2014 (l
1938 1940 2436 2017 Cor.vn,19).Quod
2454 1946 2497 2001 si
2527 1951 3066 2021 propterangustiam
3083 1953 3347 2023 temporis
3372 1955 3469 2007 lia-

1863 2036 2115 2092 bentihtts
2165 2053 2295 2094 usus
2342 2056 2573 2096 uxorum
2618 2043 2843 2111 tollitur,
2901 2056 3107 2116 quanto
3137 2049 3312 2119 magis
3353 2062 3460 2103 non

1862 2127 2195 2185 habentibus
2252 2147 2322 2187 ne
2370 2134 2644 2205 accipiant
2699 2135 3043 2207 imperaturi
3104 2139 3219 2195 Hoc
3283 2150 3466 2197 autem

1861 2229 2034 2277 totum
2065 2223 2307 2294 praicipit
2356 2227 2679 2283 vaticinium
2730 2230 3071 2301 prophetale,
3097 2249 3168 2287 ne
3217 2235 3468 2305 acquies-

1857 2325 1982 2368 cant
2007 2317 2526 2389 pseudoprophetis,
2559 2320 2649 2391 qui
2682 2320 2764 2377 eis
2793 2332 2913 2389 post
2942 2324 3110 2380 breve
3157 2334 3376 2399 tempus
3406 2329 3460 2383 in

1853 2405 2163 2464 Jerusalem
2214 2411 2453 2466 reditum
2506 2414 2935 2482 promittebant;
2993 2418 3090 2473 sed
3150 2428 3209 2474 ut
3270 2425 3448 2477 sciant

1857 2500 2032 2554 multo
2080 2517 2139 2556 se
2178 2501 2231 2557 in
2290 2502 2566 2576 Babylone
2597 2515 2844 2580 tempore
2893 2522 3199 2567 moraturos
3249 2515 3361 2569 :ila
3404 2527 3461 2571 ut

1864 2607 2076 2649 usores
2101 2595 2378 2663 accipere,
2410 2598 2655 2668 plantare
2697 2600 2964 2669 pomaria,
3026 2603 3328 2676 hortosque
3373 2622 3461 2663 se-

1855 2701 2000 2753 rere,
2032 2687 2307 2745 aediﬁcare
2328 2690 2517 2745 domos
2538 2736 2552 2756 ,
2579 2701 2635 2747 et
2689 2707 2961 2764 generare
3010 2695 3156 2753 lilios
3201 2698 3463 2756 debeant.

1852 2779 2119 2851 Quodque
2141 2782 2327 2839 intulit
2359 2801 2372 2837 :
2407 2782 2636 2851 Qua-rite
2665 2803 2846 2855 pacem
2872 2790 3120 2853 civitatis.
3145 2793 3264 2848 sive
3287 2804 3462 2849 terrm.

1857 2873 1922 2928 lit
1953 2874 2150 2929 iterum
2184 2891 2198 2929 :
2235 2874 2373 2943 Quia
2396 2877 2451 2930 in
2483 2893 2612 2947 pace
2652 2878 2800 2934 illius
2826 2881 2925 2934 erit
2972 2897 3076 2953 pax
3124 2882 3284 2950 vobis,
3331 2886 3463 2942 illud

1851 2964 2230 3037 Apostolicum
2277 2969 2711 3038 comparabitur,
2769 2970 2824 3025 in
2855 2986 2964 3041 quo
3001 2972 3158 3043 jubet
3187 2992 3200 3029 :
3231 2974 3459 3031 Obsecro

1850 3059 2013 3131 igitur
2034 3059 2259 3131 primum
2304 3061 2559 3127 onmium,
2591 3063 2708 3130 ﬁeri
2735 3063 3135 3133 obsecrationes,
3174 3068 3458 3135 orationes,

1854 3154 2254 3221 postulationes,
2285 3156 2576 3228 gratiarum
2622 3158 2876 3219 actiones,
2905 3175 3002 3230 pro
3023 3159 3262 3216 omnibus
3290 3160 3458 3217 homi-

140 3230 214 3284 αιι
243 3228 733 3286 Nabuchodonosor
777 3248 945 3306 regem
970 3232 1279 3305 Babylonis,
1308 3235 1360 3289 in
1402 3235 1742 3307 Babylonem,
1770 3221 1820 3285 (ἶ
1851 3246 2026 3313 nibus,
2052 3264 2146 3317 pro
2174 3221 2382 3320 regibus
2405 3259 2453 3302 et
2475 3250 2676 3304 cunctis
2714 3251 2806 3321 qui
2858 3221 2979 3306 sunt
3008 3253 3062 3307 in
3106 3254 3458 3321 sublimitate,

142 3327 323 3380 dicens
352 3340 371 3380 :
410 3323 535 3380 Han:
564 3327 692 3381 dicit
731 3324 990 3383 Dominus
1016 3329 1350 3391 exercituum,
1383 3327 1523 3384 Deus
1554 3329 1745 3398 Israel,

143 3418 291 3473 omni
320 3419 785 3491 transmigrationi,
810 3437 966 3490 quam
996 3421 1262 3476 transtulit
1281 3422 1345 3476 de
1369 3422 1667 3479 Jerusalem
1693 3425 1746 3479 in

142 3510 490 3582 Babylonem,
520 3512 776 3583 atdiﬁcate
813 3512 995 3568 domos
1043 3524 1091 3568 et
1127 3513 1375 3580 Itabitate,
1397 3525 1422 3551 ει
1442 3526 1491 3570 et
1514 3516 1748 3589 plantate

140 3605 322 3660 hortos
342 3604 480 3675 (sive
491 3606 771 3679 pomaria,)
789 3618 836 3662 et
854 3608 1104 3664 comedite
1127 3610 1352 3681 fructum
1374 3627 1570 3666 eorum.
1597 3613 1747 3667 Acci-

144 3698 251 3769 pite
271 3712 477 3765 uxores,
509 3708 561 3752 et
582 3707 821 3769 generate
842 3699 977 3768 ﬁtios
1023 3708 1072 3754 et
1094 3699 1272 3769 ﬁlias;
1316 3701 1435 3757 date
1476 3699 1603 3773 ﬁliis
1634 3718 1745 3758 ves-

143 3790 242 3846 tris
284 3806 495 3857 uxores,
520 3802 570 3846 et
595 3790 734 3862 ﬁlias
764 3804 960 3847 vestras
987 3793 1106 3847 date
1136 3794 1279 3858 viris,
1302 3804 1350 3849 et
1372 3797 1581 3866 pariant
1600 3798 1742 3868 ﬁlios

142 3895 196 3942 et
208 3886 421 3957 ﬁlias,et
432 3884 1566 3964 πιιιιιίριὲοεηιίιιὶινιιιεδιιιιιιίριὶοαηιίηἱ],ει
1584 3893 1745 3947 nolite

144 3995 256 4033 esse
268 3980 421 4052 pauci
432 3996 663 4035 numero.
676 3980 740 4037 Et
758 3982 971 4054 quaerite
979 3999 1160 4056 pacent
1174 3984 1397 4039 civitatis
1412 3988 1550 4056 (sive
1566 3988 1740 4060 teme)

144 4074 219 4129 ad
239 4090 394 4145 quant
437 4076 678 4130 transtuli
700 4093 786 4131 vos
811 4074 995 4149 [Vulg.
1025 4077 1398 4150 transmigrare
1422 4094 1512 4133 vos
1543 4080 1744 4154 feci],et

145 4179 288 4224 orate
302 4185 398 4240 pro
414 4186 475 4225 ea
495 4169 566 4224 ad
588 4169 1017 4242 Dominum:quia
1037 4175 1089 4225 in
1107 4187 1235 4243 pace
1250 4170 1392 4226 illius
1411 4174 1507 4227 erit
1525 4190 1631 4242 pax
1656 4191 1744 4228 vo-

145 4262 378 4319 bis.il:cc
396 4262 835 4331 Epistola,immo
849 4265 1064 4321 libellos
1076 4264 1331 4321 Jeremire
1351 4268 1630 4337 propheta!
1645 4283 1744 4338 per

142 4355 358 4426 legatos
397 4353 644 4412 Sedecite
674 4356 941 4412 Ellassam
971 4367 1027 4413 et
1068 4357 1381 4414 Gamariam
1416 4360 1656 4417 mittitur
1686 4363 1739 4418 in

144 4448 509 4521 Babylonem,
539 4449 606 4505 ad
639 4465 737 4506 eos
765 4450 855 4522 qui
882 4464 1006 4506 cum
1037 4450 1305 4509 Jocltonia
1334 4463 1390 4509 et
1423 4464 1598 4511 matre
1625 4455 1744 4525 ejus

147 4540 398 4596 translati
450 4541 664 4597 fuerant
694 4557 724 4597 a
754 4542 1299 4600 Nabuchodonosor:
1331 4555 1389 4600 ιιι
1436 4561 1532 4616 per
1584 4561 1743 4602 occa-

1853 3350 1910 3395 ut
1960 3340 2189 3413 quietam
2250 3349 2299 3397 et
2340 3343 2681 3412 tranquillam
2734 3343 2893 3398 vitam
2945 3362 3162 3416 agamus
3209 3348 3265 3401 in
3312 3349 3456 3403 omni

1850 3434 2043 3507 pietate
2111 3442 2159 3488 et
2221 3436 2460 3490 castitate
2511 3434 2599 3507 (ΙΙ
2646 3435 2780 3490 Tim.
2836 3452 2923 3500 ιι,
2993 3439 3068 3503 l,
3123 3437 3220 3508 2).
3281 3438 3453 3495 Porro

1849 3527 2146 3583 secundum
2202 3527 2463 3601 mysﬁcos
2518 3529 2865 3597 intellectus,
2908 3542 3190 3602 postquam
3236 3531 3304 3587 de
3357 3531 3450 3589 Je-

1851 3621 2112 3688 rusalem,
2169 3620 2222 3678 id
2275 3629 2379 3688 est,
2438 3622 2686 3679 Ecclesia
2735 3635 2958 3693 propter
2999 3632 3216 3692 peccata
3269 3634 3455 3680 nostra

1848 3712 2007 3783 eiecti
2034 3713 2320 3781 fuerimus,
2360 3727 2414 3770 et
2449 3714 2635 3769 traditi
2689 3714 3219 3784 Nabuchodonosor,
3249 3719 3318 3773 de
3348 3733 3457 3784 quo

1848 3805 1977 3860 dicit
1999 3804 2143 3861 idem
2161 3808 2456 3876 Apostolus
2479 3823 2494 3861 :
2520 3805 2742 3861 Tradidi
2758 3806 3117 3881 hujuscemodi
3159 3807 3373 3866 Solatur:
3401 3812 3455 3864 in

1848 3899 2114 3954 interitum
2152 3900 2346 3965 carnis,
2392 3909 2449 3954 ut
2476 3899 2693 3967 spiritus
2717 3898 2893 3954 salvus
2918 3900 3012 3970 ﬁat
3031 3902 3083 3954 in
3109 3900 3194 3956 die
3239 3899 3457 3957 Domini

1848 3992 1889 4062 (I
1918 3991 2041 4047 Cor.
2076 4009 2106 4046 v
2132 4035 2149 4056 ,
2180 3992 2258 4064 5).
2306 3994 2377 4048 Et
2431 3994 2667 4048 iterum:
2700 3993 2842 4061 Quos
2884 3994 3078 4047 tradidi
3119 3992 3375 4065 Satana’,‘
3397 4006 3450 4048 ut

1847 4084 2054 4139 discant
2103 4102 2207 4140 non
2255 4086 2616 4157 blasphemare
2665 4087 2735 4159 (I
2796 4085 2932 4141 Tim.
2992 4102 3053 4152 ι,
3111 4087 3183 4142 20
3213 4084 3256 4154 ),
3338 4103 3448 4142 non

1847 4172 2108 4234 debemus
2159 4194 2282 4235 esse
2332 4181 2509 4235 securi
2547 4222 2561 4243 ,
2608 4194 2709 4235 nec
2762 4189 3043 4249 torpentes
3100 4180 3213 4234 otio
3242 4221 3259 4245 ,
3305 4179 3451 4234 salu-

1850 4284 1963 4329 tem
1995 4274 2215 4345 penitus
2270 4275 2602 4346 desperare;
2656 4275 2751 4330 sed
2785 4274 3018 4343 primum
3047 4273 3320 4330 mliﬁcare
3348 4275 3446 4329 tlo-

1848 4383 1990 4435 mos,
2011 4383 2116 4422 non
2146 4382 2317 4437 super
2345 4383 2592 4433 arenam,
2647 4367 2740 4421 sed
2764 4382 2931 4437 super
2956 4377 3195 4438 petram,
3228 4377 3282 4420 et
3307 4367 3445 4420 tales

1846 4461 2062 4525 domos,
2095 4460 2287 4531 quales
2324 4459 3089 4517 mdiﬁcavertmtobstetrices
3129 4460 3183 4514 in
3216 4459 3446 4515 Exodo:

1847 4554 1973 4625 quia
2000 4553 2266 4608 timebant
2308 4553 2595 4609 Dominum
2632 4552 2831 4624 (Exod.
2854 4554 2918 4624 ι).
2952 4552 3154 4608 Deinde
3207 4553 3453 4622 plantare

143 4636 356 4693 sionem
387 4636 680 4707 legationis
702 4639 867 4708 regite
896 4653 1053 4694 suum
1080 4654 1295 4710 quoque
1315 4656 1453 4723 opus
1490 4640 1739 4711 Prophe-
1767 4615 1826 4676 D
1851 4615 2065 4715 liortos,
2103 4651 2224 4704 sive
2252 4648 2515 4719 pomaria,
2550 4647 2769 4717 qualem
2802 4656 2857 4702 et
2885 4645 3152 4701 Dominus
3183 4646 3449 4715 plantavit

149 4742 202 4786 ta
230 4731 552 4799 compleret,
590 4741 646 4787 et
674 4743 924 4789 moneret
966 4734 1224 4804 populum
1271 4736 1735 4807 transmigratom,

147 4839 266 4894 qua:
312 4823 413 4878 sibi
462 4838 492 4878 a
543 4822 779 4880 Domino
820 4824 1035 4881 fuerant
1069 4826 1356 4895 imperata.
1398 4826 1741 4899 Puleltreqtte

148 4917 323 4971 dixit:
352 4914 609 4988 Egressus
646 4926 722 4972 est
746 4916 1031 4973 Jechonias
1051 4935 1143 4973 rea:
1172 4929 1218 4972 et
1244 4920 1478 4987 domina,
1502 4929 1551 4974 et
1576 4938 1743 4976 eunu-

145 5006 247 5070 chi,
281 5016 327 5060 et
350 5007 614 5080 principes
631 5006 813 5074 .ludte,
845 5017 903 5064 et
930 5011 1134 5067 carteri.
1162 5010 1229 5066 Et
1263 5029 1275 5065 :
1313 5010 1440 5067 Htec
1470 5015 1596 5067 dicit
1631 5014 1741 5069 Do-

147 5100 317 5154 minus
360 5100 728 5167 exercituum,
774 5097 919 5155 Deus
972 5099 1166 5168 Israel,
1210 5105 1351 5159 omni
1399 5108 1741 5180 transmigra-

146 5193 275 5248 tioni
307 5236 322 5259 ,
374 5209 529 5265 quam
560 5193 827 5249 transtulit
865 5194 931 5251 de
965 5193 1261 5252 Jerusalem
1311 5198 1365 5252 in
1400 5196 1737 5269 Babylonem,

148 5297 207 5341 ιιι
234 5300 341 5342 non
371 5288 614 5357 potentia
650 5292 798 5359 regis
827 5289 1143 5363 Babylmtis,
1169 5291 1267 5348 sed
1291 5292 1508 5349 Domini
1533 5295 1726 5349 volun-

153 5389 265 5436 tate
312 5379 564 5436 translati
613 5396 745 5438 esse
786 5382 1094 5440 videantur.
1156 5385 1225 5442 Et
1254 5387 1433 5455 primo
1457 5387 1523 5443 ad
1554 5403 1739 5456 senes,

148 5472 348 5531 deinde
371 5473 442 5529 ad
468 5474 815 5541 sacerdotes,
871 5478 1035 5534 tertio
1055 5478 1122 5533 ad
1169 5480 1496 5551 prophetas,
1544 5493 1741 5554 quarto

149 5569 215 5626 ad
242 5584 461 5626 onmem
492 5570 756 5642 populum
782 5570 880 5627 Dei
907 5585 1092 5629 sermo
1113 5572 1369 5645 dirigitur
1403 5592 1418 5631 :
1446 5586 1507 5631 ut
1543 5591 1744 5635 secun-

172 5764 189 5783 ί
212 5772 248 5836 γ·
268 5764 360 5836 Sic
389 5760 555 5829 habet
577 5757 759 5836 vatio.
792 5764 920 5836 mm;
956 5743 1148 5836 sicque
1186 5759 1318 5836 plign
1341 5756 1622 5836 Yicporlus
1652 5777 1739 5836 re:

156 5832 319 5892 stituit
352 5842 400 5889 et
425 5872 442 5901 ,
483 5846 582 5900 pro
612 5832 745 5895 sive,
780 5830 922 5899 quod
951 5828 1238 5904 perperam
1255 5828 1411 5901 iusta
1444 5828 1735 5890 Erasmum

1850 4742 2166 4810 paradisum
2193 4741 2246 4797 in
2278 4741 2456 4808 Eden,
2488 4755 2541 4796 et
2575 4742 2758 4810 posuit
2787 4740 2842 4795 in
2875 4754 2944 4795 eo
2966 4739 3178 4809 lignum
3201 4739 3348 4807 vitte,
3381 4740 3451 4793 tle

1846 4851 1956 4907 quo
1987 4835 2245 4906 scriptum
2269 4845 2352 4889 est
2384 4852 2399 4890 :
2429 4832 2654 4907 Lignum
2682 4835 2800 4888 vitae
2825 4843 2897 4888 est
2941 4831 3024 4886 Itis
3043 4834 3132 4899 qui
3154 4835 3452 4904 apprehen-

1846 4927 2017 4982 derint
2048 4942 2159 4981 eum
2184 4942 2204 4981 :
2230 4936 2279 4979 et
2302 4927 2388 4995 qui
2422 4924 2642 4979 tenuerit
2669 4941 2802 4987 eam,
2821 4923 2999 4978 beatus
3025 4922 3303 4995 (Proem,
3330 4923 3445 4995 l8).

1845 5019 2040 5075 'l‘crtio
2070 5019 2326 5087 accipere
2358 5032 2577 5082 tutores,
2612 5033 2840 5085 quarum
2873 5031 2979 5071 una
3025 5024 3109 5072 est
3157 5016 3449 5086 sapientia,

1851 5114 1921 5169 de
1943 5129 2048 5184 qua
2074 5110 2269 5166 scribit
2295 5110 2557 5167 Salomon
2585 5126 2600 5163 :
2633 5108 2766 5164 Ama
2795 5108 2966 5177 illam,
3015 5120 3061 5164 et
3105 5109 3330 5164 servabit
3359 5120 3408 5163 te
3432 5127 3449 5173 ,-

1849 5217 1898 5262 et
1922 5204 2191 5261 circumda
2216 5202 2384 5268 illam,
2410 5210 2456 5256 et
2479 5202 2729 5257 exaltabit
2784 5213 2831 5257 te
2861 5201 3049 5273 (Prov.
3075 5218 3154 5267 tv,
3184 5202 3263 5274 6).
3301 5201 3363 5256 Et
3393 5202 3446 5255 in

1847 5299 1957 5355 alio
1983 5300 2106 5354 loco
2132 5315 2147 5351 :
2175 5295 2331 5352 Hanc
2372 5295 2622 5366 exquisivi
2666 5312 2912 5365 sponsam
2938 5296 3171 5363 accipere
3215 5294 3367 5359 mihi,
3401 5304 3449 5346 et

1846 5402 2053 5448 amator
2096 5392 2272 5459 [actus
2322 5388 2671 5445 suntdecoris
2717 5392 2834 5459 ejus
2889 5387 3073 5458 (Sap.
3137 5400 3230 5439 vut
3258 5427 3272 5451 ,
3336 5384 3371 5438 2
3402 5382 3443 5455 ).

1848 5486 1960 5543 Nec
2010 5482 2211 5540 sufﬁcit
2258 5483 2421 5538 nobis
2467 5496 2570 5536 una
2625 5482 2825 5549 conjux
2876 5478 3168 5550 sapientia,
3222 5477 3322 5531 nisi
3352 5476 3447 5531 ha-

1847 5581 2079 5636 beamus
2125 5586 2182 5633 et
2228 5576 2481 5647 reliqua,
2545 5572 2947 5639 fortitudinem,
3001 5573 3452 5641 temperantiam,

1847 5763 2078 5820 retinuit
2130 5760 2517 5824 Martiantrus,
2569 5756 2895 5828 Hieronymi
2943 5754 3186 5828 versioni
3236 5770 3465 5814 vernum

1849 5830 2193 5905 prteripiens,
2224 5841 2282 5886 ut
2312 5824 2833 5900 Septuagitttatlrali
2862 5825 3187 5885 ascribi-retr
3250 5889 3264 5901 ,
