3972 6320
518 281 625 337 8⁸ρο

1785 277 1845 335 S.
1890 273 2167 335 EUSEBH
2207 274 2594 339 HIBRUNYMI

3718 280 3826 338 86')

515 409 681 471 atque
710 398 1000 465 justitiam,
1034 404 1091 453 ut
1124 395 1306 464 plures
1358 410 1422 453 «οι
1470 394 1553 450 eis
1575 405 1902 464 generetttzts
1947 388 2109 445 lilios.
2140 391 2193 452 Δ
2219 406 2330 454 nes,
2358 409 2489 463 quas
2514 395 2683 467 cogito
2708 409 2865 464 super
2884 411 2992 461 vos,
3022 395 3097 450 ait
3142 394 3400 450 Dominus
3431 412 3450 450 :
3483 395 3827 468 cogitationes

524 492 687 547 Filias
708 506 920 561 quoque
951 502 1166 545 nostras
1186 489 1374 546 tlemus
1396 489 1546 553 viris,
1570 498 1626 545 ut
1650 498 1705 542 et
1732 486 1860 543 lidei
1891 484 2117 549 veritas.

522 601 641 656 quae
665 584 1056 654 interpretatur
1082 584 1133 639 itt
1167 583 1314 649 ﬁliis,
1348 583 1504 639 bouis
1524 581 1785 651 operibus
1806 578 2116 649 copuletur,

519 692 643 746 qua:
675 676 991 731 referuntur
1017 676 1082 731 ad
1131 676 1291 741 illius,
1343 686 1397 731 et
1424 689 1594 745 opera
1624 674 1767 729 bona
1821 673 2118 743 junguntur

527 768 739 843 1053
772 769 896 824 lidei
924 770 1178 836 sanitati;
1216 770 1464 839 talesque
1495 768 1638 824 ﬁlios
1691 774 2017 838 generantes
2064 773 2120 819 et

526 863 688 930 tilias,
723 863 1151 933 multiplicemur
1193 861 1246 918 in
1284 848 1535 925 numero,
1581 868 1640 915 ut
1686 858 2036 917 destrneutcs
2055 870 2120 911 ea

527 970 649 1026 quin
685 956 900 1025 parvuli
953 965 1102 1022 sunt,
1159 964 1214 1010 et
1252 956 1305 1010 in
1359 954 1662 1026 perlectum
1700 960 2015 1008 crescentes
2041 948 2123 1005 vi-

526 1062 673 1114 tum,
699 1048 890 1103 audire
939 1064 1252 1103 merenmur
1284 1066 1297 1102 :
1327 1046 1510 1101 Scriba
1558 1046 1718 1111 vobis,
1758 1056 2113 1115 patres:qno-

524 1139 666 1194 niam
690 1141 975 1212 (ignovistis
1014 1157 1156 1209 eunt,
1189 1141 1279 1212 qui
1300 1139 1365 1193 ab
1384 1139 1534 1194 initio
1556 1150 1629 1194 est
1653 1137 1695 1210 (l
1715 1136 1876 1193 Joan.
1900 1150 1960 1199 tt.
1989 1132 2118 1206 15);

521 1244 577 1290 et
603 1251 726 1290 cum
766 1235 1031 1306 Apestolo
1054 1235 1303 1289 dicmnus
1333 1233 1519 1289 liberis
1551 1232 1756 1290 nostris
1789 1248 1803 1286 :
1828 1229 1893 1284 In
1913 1228 2120 1287 Chrile

521 1328 656 1383 enim
680 1325 811 1384 Jesn
836 1345 925 1398 per
949 1326 1285 1398 Evangelia»:
1317 1343 1410 1400 ego
1431 1343 1520 1380 vos
1549 1326 1701 1397 genui
1720 1326 1762 1394 (l
1787 1321 2116 1394 Cor.tv,i5).

521 1421 842 1489 Quzrramus
858 1435 1074 1491 quoque
1097 1434 1285 1493 pacem
1316 1416 1843 1484 Ecclesim.civitali,
1876 1426 1931 1473 et
1958 1428 2121 1473 terra:

525 1526 730 1569 nosme
755 1531 767 1567 :
794 1512 934 1568 utad
963 1527 1083 1567 eam
1114 1511 1294 1569 redire
1324 1526 1653 1577 mereamur,
1680 1508 1747 1565 de
1777 1524 1881 1578 qua
1908 1505 2119 1563 Domini

520 1606 728 1676 judicio
753 1606 997 1663 translati
1025 1620 1237 1673 sumus,
1274 1616 1330 1661 ιιι
1373 1602 1814 1663 habitaretnusin
1842 1600 2119 1657 conlusio-

524 1700 610 1755 nis
632 1700 838 1754 errore.
866 1697 924 1757 Si
949 1699 1096 1755 cnim
1123 1697 1215 1753 illa
1258 1697 1559 1767 susceperit
1584 1711 1704 1757 nos.
1738 1693 1997 1752 habemus
2028 1707 2110 1762 pa-

2221 487 2385 557 pttcis,
2419 498 2467 543 et
2491 505 2592 543 non
2610 489 2902 561 aﬂictionis
2930 508 2950 546 :
2968 500 3027 545 ut
3050 491 3166 547 dent
3195 491 3337 546 vobis
3389 491 3552 557 ﬁnem
3583 490 3699 563 [ΑΙ.
3728 489 3825 545 ad—

2221 578 2368 636 ditur
2391 582 2604 656 bonum]
2633 593 2683 638 et
2714 585 3018 654 patientium
3050 585 3189 656 (sive
3232 582 3424 655 speet).
3462 582 3535 637 Et
3564 583 3825 637 invocabio

2222 671 2288 727 tis
2316 688 2415 732 me,
2441 683 2489 729 et
2518 674 2661 730 ibitis
2689 674 2826 747 (sive
2846 675 3000 745 juxta
3030 675 3419 748 Symmachum
3449 672 3479 714 ιο
3508 675 3824 741 invenietis),

2221 771 2268 817 et
2292 765 2503 822 orabitis
2523 764 2633 837 [AL
2664 766 2971 842 adorabitis]
3004 785 3102 834 me,
3134 779 3183 823 et
3207 767 3488 823 exaudiam
3523 782 3635 822 vos.
3668 765 3827 834 Qua—

2223 857 2345 913 retis
2372 866 2524 921 me,et
2538 860 2828 925 invenietis,
2862 876 2976 914 cum
3004 861 3320 932 quaesieritis
3346 876 3428 914 me
3449 859 3511 915 in
3534 866 3649 912 toto
3668 862 3827 913 corde

2223 960 2464 1016 vestro,“
2480 952 2754 1008 inveniare
2781 952 2922 1008 vobis
2935 952 3351 1025 (siveapparcbe
3365 951 3707 1024 vobis),‘dicit
3726 950 3825 1006 Ds-

2222 1042 3055 1115 minns.anite,inquit,cretlere
3071 1044 3511 1115 pseudopropltet
3522 1042 3821 1110 is,divinis.

2224 1137 2718 1194 etsmuuiatoribus
2739 1139 2955 1204 vestris,
2979 1140 3072 1210 qui
3089 1138 3248 1197 vobis
3266 1138 3512 1195 vicinum
3532 1136 3589 1192 io
3604 1135 3829 1194 Jerusa-

2224 1229 2330 1285 lem
2363 1229 2597 1285 reditum
2622 1231 2976 1300 pollicentur.
3001 1231 3111 1289 Nisi
3134 1232 3280 1289 enim
3311 1230 3663 1301 septuaginta
3694 1230 3823 1285 anui

2222 1324 2421 1395 expleti
2446 1326 2667 1390 fuerint.
2693 1325 2839 1397 Cyro
2868 1342 2996 1397 rege
3018 1326 3311 1383 Persarum
3339 1336 3362 1367 ε
3388 1326 3619 1381 laxante
3651 1324 3829 1395 capti-

2223 1433 2341 1485 vos,
2390 1434 2728 1492 nequaquam
2760 1420 2812 1474 in
2864 1419 3094 1490 patriam
3143 1418 3533 1486 revertemini;
3590 1428 3645 1473 et
3698 1428 3826 1472 tunc

2225 1527 2342 1570 mea
2376 1512 2645 1583 promissa
2674 1514 2985 1584 complebo,
3019 1523 3078 1569 ut
3115 1512 3379 1570 reducam
3428 1527 3530 1569 vos
3548 1512 3620 1566 ad
3648 1512 3825 1567 locum

2225 1607 2388 1669 istum
2420 1623 2431 1659 :
2462 1604 2573 1676 Ego
2597 1606 2735 1660 enim
2757 1607 2865 1663 scio
2883 1606 3245 1675 cogitationes,
3268 1621 3399 1672 quas
3444 1605 3620 1675 cogito
3666 1619 3825 1671 mm

2225 1713 2332 1764 ros,
2359 1698 2437 1753 ait
2467 1696 2739 1752 Dominus.
2775 1696 2849 1755 Se
2875 1697 3008 1753 dicit
3056 1711 3217 1757 nosse
3251 1696 3380 1768 quid
3424 1698 3670 1766 cogitet:
3704 1696 3825 1751 illos

524 1809 667 1851 cem.
719 1794 1003 1861 Simulque
1042 1791 1440 1848 consideranda
1511 1788 1798 1845 clementia
1852 1784 2069 1843 Domini
2099 1801 2114 1840 :
2151 1788 2193 1851 Β
2218 1798 2398 1849 autem
2432 1804 2557 1847 cum
2601 1790 2714 1846 suis
2734 1791 3035 1863 prophetis,
3062 1791 3288 1857 divinis,
3317 1801 3374 1848 et
3399 1790 3823 1848 somniatoribus

524 1904 685 1944 orare
711 1888 966 1958 prmcepit
999 1902 1099 1959 pro
1132 1886 1373 1944 inimicis
1407 1886 1633 1951 nostris,
1676 1893 1733 1943 et
1792 1880 2121 1939 benefacere

527 1982 613 2038 his
637 1985 727 2053 qui
764 1990 1311 2052 persequttnturuos,
1341 1987 1531 2034 utnon
1561 1978 1734 2035 simus
1779 1983 1970 2032 nostra
2006 1986 2123 2031 tan-

529 2084 642 2129 tmn
666 2075 842 2129 salute
864 2075 1132 2139 conti-nti,
1160 2073 1253 2127 sed
1284 2073 1633 2131 inimicorum
1662 2085 1880 2141 quoque
1906 2082 2119 2141 quaera-

528 2182 649 2224 mus
672 2169 903 2225 salutem
936 2166 1089 2240 (an.
1117 2165 1215 2239 vt).

600 2260 790 2333 (Vers.
820 2262 877 2329 8,
908 2261 988 2332 9.)
1022 2261 1154 2316 Herc
1184 2262 1320 2317 enim
1351 2261 1478 2315 dicit
1511 2258 1764 2316 Dominus
1786 2259 2125 2324 exercituum,

529 2353 668 2409 Deus
698 2352 867 2409 Israel
895 2370 914 2409 :
944 2353 1065 2410 Non
1114 2371 1204 2408 vos
1242 2354 1492 2410 seducunt
1529 2352 1793 2425 prophetat
1837 2356 2008 2415 vestri,
2036 2352 2128 2423 qui

523 2458 643 2503 sunt
689 2449 742 2503 in
767 2448 938 2505 medio
969 2459 1190 2503 vestrum
1233 2458 1280 2504 et
1312 2449 1473 2504 divini
1512 2449 1705 2514 vestri;
1727 2456 1776 2500 et
1799 2462 1862 2502 ne
1886 2446 2127 2501 attenda-

520 2543 589 2597 tis
611 2541 680 2596 ad
699 2544 901 2597 somnia
915 2552 1225 2611 vestra,qu(c
1244 2559 1332 2597 vos
1354 2541 1768 2611 sontniotis,quia
1784 2540 1919 2611 falsa
1940 2536 2123 2611 [Vulg.

520 2634 679 2710 falso]
702 2636 788 2690 isti
804 2634 1115 2706 prophetam
1146 2635 1285 2688 vobis
1302 2636 1357 2688 in
1388 2634 1596 2688 nomine
1626 2649 1737 2686 meo
1757 2640 1843 2686 :et
1878 2648 1980 2685 non
2007 2633 2126 2687 misi

522 2729 768 2796 eos,dicit
792 2727 1567 2797 Dominus.Prophetas,immo
1598 2726 2124 2798 pseudoprophcuis,

522 2831 577 2875 et
591 2820 811 2875 divinos
831 2829 882 2873 et
898 2818 1266 2875 somniatores
1282 2818 1452 2874 fuisse
1467 2820 1519 2875 in
1536 2818 1833 2891 Babylone,
1879 2820 2126 2876 intereas

2225 1883 2834 1950 ignorare.Futurorum
2856 1885 3019 1954 igitur
3043 1884 3273 1941 scientia
3296 1885 3397 1940 soli
3415 1883 3821 1951 Deocouwetit.

2228 1973 2296 2029 Ut
2311 1974 2428 2030 dent
2444 1975 2683 2040 vobis,ait
2696 2017 2709 2040 ,
2719 1977 2873 2043 linem
2884 1986 2932 2032 et
2944 1976 3441 2047 patientiam:linem
3461 1977 3815 2046 captivitatis,

2224 2079 2279 2123 et
2301 2069 2613 2139 patientiam
2630 2069 2877 2127 laborum
2908 2067 3822 2141 praesentium,sivedspemfuturo-

2227 2177 2368 2216 rum.
2392 2160 2545 2216 Tunc
2579 2161 2901 2218 invocabitis
2947 2179 3056 2231 me,
3100 2172 3158 2219 et
3196 2163 3346 2219 ibitis
3381 2162 3696 2221 Jerusalem
3728 2182 3743 2217 :
3771 2172 3821 2219 et

2227 2253 2479 2319 nrabitis,
2507 2262 2563 2308 et
2592 2255 2882 2309 exaudiam
2912 2271 3030 2312 vos.
3073 2256 3236 2313 Certe
3264 2256 3477 2326 absque
3519 2257 3821 2314 invocatio.

2229 2360 2299 2400 ne
2325 2356 2383 2401 et
2410 2346 2663 2403 oratione
2684 2347 3046 2416 captivorum.
3071 2357 3291 2418 poterat
3306 2348 3545 2419 implere
3562 2347 3822 2404 Dntninus

2227 2439 2371 2509 quod
2396 2438 2758 2510 promiserat;
2791 2440 2886 2496 sed
2944 2440 3195 2497 hortatur
3224 2456 3322 2498 eos
3362 2441 3434 2496 ad
3489 2456 3713 2511 preces.
3772 2452 3825 2497 ut

2228 2534 2371 2604 quod
2402 2536 2728 2604 promissum
2769 2544 2875 2598 est,
2927 2545 3240 2593 mereantur
3267 2534 3541 2605 accipere.
3578 2533 3824 2602 amitis

2229 2644 2329 2693 tne,
2352 2639 2401 2681 et
2419 2628 2706 2695 invenietis,
2739 2644 2858 2683 cum
2884 2628 3191 2698 qumsieritis
3217 2629 3271 2683 its
3287 2635 3394 2682 toto
3425 2626 3588 2682 corde
3612 2636 3777 2681 vestro
3804 2644 3823 2691 ς

2222 2722 2384 2793 juxta
2419 2722 2553 2776 illud
2592 2722 2979 2792 livungelicuut
3014 2739 3026 2775 :
3060 2719 3250 2788 Petito,
3282 2728 3328 2778 et
3349 2721 3622 2792 accipietis
3648 2735 3667 2775 :
3690 2735 3826 2789 qua»

2227 2817 2398 2878 rite,et
2415 2816 2681 2872 invenietis
2694 2831 2715 2871 :
2728 2816 3007 2887 pulsete,et
3019 2818 3281 2887 aperietur
3294 2816 3431 2870 vobis
3451 2813 3821 2889 (Παιανιᾶ),

523 2909 1176 2982 quttsNabuchodOnnsor
1207 2928 1327 2967 cum
1345 2911 1610 2969 Jecltonia
1634 2920 1873 2969 etmatre
1891 2912 2009 2981 ejus
2031 2911 2130 2969 δας
2229 2911 2538 2968 Secundum
2586 2925 2893 2982 attagogen,
2921 2909 3127 2965 tamdiu
3154 2912 3207 2965 in
3231 2909 3418 2966 seculi
3444 2907 3612 2979 hujus
3645 2906 3827 2966 conlu—

525 3005 783 3071 duxerat,
818 3004 1060 3059 Ezechiel
1099 3004 1358 3075 propheta
1390 3013 1638 3073 testatur,
1670 3004 1915 3061 scribens
1936 3013 2126 3063 contra

524 3096 848 3167 eos,quibus
874 3097 1139 3155 Jeremias
1161 3114 1375 3171 quoque
1407 3098 1769 3170 priet-ipitnon
1790 3099 2123 3159 credendum

2228 3005 2380 3059 sione
2414 3016 2720 3070 versamur,
2750 3000 3011 3073 quamdiu
3042 3001 3285 3073 requiem
3318 3000 3623 3070 septenarii
3642 3014 3825 3057 nume-

2227 3096 2272 3151 ri
2297 3111 2604 3152 ntereamur
2638 3096 2908 3166 accipere.
2951 3105 3004 3151 et
3047 3106 3271 3166 accepta
3309 3093 3660 3167 pauitantia,
3692 3095 3825 3149 Deus

525 3188 739 3259 (Ezech.
768 3194 905 3261 snt).
938 3167 1189 3248 Necdum
1236 3167 1417 3248 autem
1450 3207 1516 3248 co
1568 3167 1835 3259 tempore,
1875 3208 1982 3264 quo
2008 3192 2127 3252 haec
2152 3167 2199 3237 Ο
2235 3188 2623 3261 impleatqnod
2648 3189 2922 3260 promisit,
2946 3199 3003 3245 et
3032 3188 3357 3247 reducamur
3396 3188 3465 3245 ad
3496 3189 3680 3244 locum
3704 3202 3823 3243 nos~

527 3283 769 3353 Epistula
795 3285 1160 3355 dirigebatur,
1199 3284 1445 3342 I'Tzecltiel
1481 3286 1533 3341 in
1562 3286 1843 3357 Babylone
1880 3294 2127 3357 cmpernt

526 3380 879 3448 prophetare.
932 3380 1028 3435 llic
1055 3381 1197 3437 enim
1248 3395 1440 3437 sermo
1469 3380 1522 3436 in
1574 3381 1850 3451 principio
1878 3381 2127 3441 Sedecitn

525 3468 668 3538 regis
700 3469 954 3528 mittitur.
986 3469 1235 3526 Ezechiel
1263 3484 1444 3528 autem
1475 3473 1666 3541 quinto
1695 3488 1837 3527 anno
1868 3474 2127 3533 transmi~

521 3563 1085 3630 grationisieeltnniae
1110 3580 1341 3621 excisus
1372 3575 1455 3621 est
1478 3566 1829 3636 prophetare,
1857 3567 1951 3636 qui
1980 3567 2123 3627 idem

531 3670 710 3709 anuus
759 3659 910 3725 regni
953 3656 1196 3712 Ξείιερὶιιν
1229 3671 1366 3711 erat.
1406 3662 1575 3713 I‘orrn
1605 3659 1905 3716 secundum
1938 3670 2121 3731 tropo-

536 3748 738 3818 logiaut
804 3749 1311 3819 pseudOpropltrtas
1367 3767 1463 3807 eos
1529 3752 1794 3808 debemus
1833 3755 2123 3823 accipere,

521 3841 615 3910 qui
633 3840 794 3897 aliter
809 3842 1213 3912 Scripturarum
1238 3844 1400 3898 verba
1420 3843 1689 3913 accipiunt
1705 3859 1864 3915 quant
1892 3845 2126 3916 Spiritus

521 3946 745 3989 sanctus
771 3947 952 3991 sntiat.
983 3935 1052 3992 Et
1077 3936 1291 3994 divinos
1313 3952 1431 4005 eos,
1464 3937 1554 4009 qui
1583 3941 1951 4007 conjecturam
1978 3956 2127 3997 men-

522 4028 592 4082 tis
618 4042 750 4091 sum,
775 4039 834 4084 et
863 4029 1078 4086 incerta
1110 4029 1416 4086 futurorum
1441 4031 1593 4102 quasi
1623 4047 1751 4091 vera
1774 4033 2127 4101 pronuntiant

521 4122 729 4193 absque
746 4122 1399 4195 divinoruurauctnritnte
1417 4125 1733 4180 verborum.
1750 4123 2128 4184 Snmttiatores

521 4230 764 4285 quoque,
793 4216 885 4287 qtti
910 4233 1017 4271 non
1039 4217 1266 4273 audiunt
1284 4217 1416 4272 illud
1431 4219 1696 4287 scriptum
1722 4235 1735 4273 :
1759 4216 1870 4273 Nec
1885 4218 1995 4291 [AL
2015 4218 2122 4293 Ne]

523 4308 732 4363 dederis
756 4325 997 4365 somnum
1026 4311 1194 4366 oculis
1222 4312 1344 4379 tuis,
1373 4326 1536 4382 neque
1557 4312 1974 4369 dormitationem
2007 4311 2123 4385 pal-

521 4401 698 4471 pebris
750 4402 852 4456 tuis
882 4400 1067 4474 (Prov.
1102 4418 1176 4469 νι,
1211 4402 1289 4473 4);
1321 4401 1390 4458 de
1417 4402 1616 4473 quibus
1642 4401 1813 4463 ludas
1830 4402 2120 4479 apostolus

520 4494 774 4566 loquitur
814 4514 827 4551 :
865 4495 1119 4553 Similiter
1149 4506 1199 4551 et
1236 4497 1291 4551 lii
1317 4496 1655 4563 somniantes,
1686 4513 1891 4553 earnest
1912 4498 2119 4568 quidem

2233 3294 2374 3339 trum
2419 3282 2742 3339 Ecclesiam.
2776 3281 2984 3339 idcirco
3027 3283 3177 3338 enim
3221 3283 3487 3339 Dominus
3541 3294 3822 3351 percutere

2230 3378 2381 3433 visus
2429 3384 2545 3443 est,
2570 3386 2632 3433 ut
2655 3385 2876 3433 sanaret
2899 3394 2913 3431 :
2936 3376 3197 3448 dabitque
3230 3377 3389 3432 nobis
3436 3378 3602 3433 tinem
3628 3375 3822 3430 laboris

2232 3471 2409 3529 nostri
2429 3482 2595 3542 atque
2626 3472 2900 3543 patientiae
2932 3489 2947 3528 :
2981 3480 3037 3527 et
3080 3470 3460 3526 invocsltimus
3488 3485 3640 3538 eum,
3671 3479 3723 3527 et
3742 3483 3819 3524 reo

2231 3574 2506 3621 vertemur
2528 3565 2580 3619 in
2611 3564 2931 3633 Ecclesium,
2960 3574 3008 3619 et
3034 3564 3331 3622 arabimus.
3353 3572 3407 3618 et
3424 3562 3777 3619 esandiemur
3799 3576 3812 3614 :

2230 3670 2535 3726 quaeremus
2562 3695 2583 3723 ,
2627 3665 2682 3712 et
2727 3657 3068 3713 inveniemus
3119 3672 3265 3718 cuin.
3308 3671 3430 3711 eum
3494 3666 3612 3713 toto
3660 3652 3815 3710 corde

2229 3750 2614 3819 quarsierimus
2654 3749 2832 3816 illum,
2875 3760 2931 3805 et
2963 3759 3095 3807 tunc
3142 3749 3423 3820 apparebit
3476 3749 3655 3806 nobis.
3690 3746 3813 3815 Qui-

2229 3843 2354 3899 dam
2397 3845 2742 3915 septuaginta
2786 3858 2962 3899 annos
3003 3844 3158 3915 juxta
3215 3843 3348 3899 illud
3392 3842 3815 3912 interpretantur

2229 3935 2374 4007 qttnd
2406 3936 2668 4007 scriptum
2699 3947 2778 3992 est
2814 3954 2827 3991 :
2864 3936 2983 3992 Dies
3012 3934 3225 4013 1M5
3248 3951 3504 3991 annorum
3535 3946 3813 3990 nostrorum

2229 4031 2283 4084 iu
2300 4030 2429 4100 ipsis
2453 4029 2781 4104 septuaginta
2807 4031 2934 4085 anni
2982 4028 3156 4101 (Psal.
3188 4044 3413 4093 Lusus,
3446 4026 3564 4099 i0).
3591 4027 3684 4098 qui
3706 4041 3814 4084 cum

2230 4121 2432 4179 luet-int
2460 4123 2686 4192 expleti,
2718 4133 2845 4179 tunc
2867 4123 2936 4179 ad
2973 4123 3260 4181 hominum
3298 4133 3647 4179 revertamur
3671 4121 3721 4178 in
3742 4128 3817 4177 to-

2231 4225 2286 4271 to
2311 4215 2479 4271 corde
2507 4226 2719 4282 nostro,
2750 4228 2805 4272 et
2836 4216 3217 4280 exaudiantur,
3252 4223 3311 4272 et
3354 4215 3482 4275 linis
3513 4216 3587 4271 sit
3631 4214 3817 4271 tuleris

2230 4311 2403 4369 nostri
2453 4321 2617 4383 atque
2671 4311 2951 4383 patientiae
2977 4328 2993 4368 :
3021 4325 3168 4369 nunc
3207 4313 3354 4369 enim
3400 4310 3454 4365 iu
3488 4308 3683 4369 umbra
3726 4320 3817 4369 nos

2228 4407 2409 4463 omnia
2438 4414 2492 4461 et
2514 4406 2567 4460 in
2590 4406 2826 4477 imagine
2856 4405 3163 4475 possidere.

2300 4498 2479 4570 (Vers.
2529 4500 2595 4555 14
2636 4499 2848 4570 seqq).
2899 4499 3018 4566 -Z-l-‘~
3058 4496 3127 4555 Et
3183 4498 3432 4555 reducam
3480 4499 3816 4571 captivitatem

518 4565 816 4645 maculant:
836 4589 1240 4646 dominationem
1280 4599 1452 4644 autem
1491 4598 1738 4661 spernunt
1780 4565 1971 4663 (Inda:
1994 4589 2069 4661 8)
2105 4608 2119 4643 :
2156 4565 2207 4626 θ
2238 4565 2481 4656 vestram,
2500 4601 2548 4645 et
2574 4565 2898 4664 congregnbo
2928 4607 3016 4645 vos
3034 4594 3098 4647 de
3119 4592 3374 4648 universis
3391 4565 3663 4663 gentibus,
3691 4600 3737 4647 et
3759 4592 3816 4644 de

526 4696 758 4752 quorum
796 4698 951 4743 mens
1011 4698 1355 4753 ueqnaqnnm
1402 4683 1610 4754 vigilat,
1657 4682 1753 4738 sed
1796 4685 2126 4755 arrogantia:

523 4782 544 4807 "
575 4787 624 4829 et
657 4777 863 4832 erroris
886 4791 1086 4845 sopore
1117 4775 1407 4846 depressa,
1441 4775 1617 4831 noctis
1647 4775 1875 4830 horrore
1902 4777 2130 4832 citium-

520 4868 706 4934 datur,
730 4871 929 4938 quibus
957 4870 1200 4940 loquitur
1226 4879 1283 4925 et
1309 4868 1597 4940 apostolus
1619 4868 1822 4924 Paulus
1847 4888 1858 4921 :
1883 4867 2126 4937 Elevare,

519 4962 645 5032 quid
674 4962 911 5018 dormis?
941 4974 987 5018 et
1022 4961 1237 5036 ιαμ
1271 4978 1492 5036 exsurge
1515 4978 1547 5015 a
1578 4960 1820 5028 mortuis,
1849 4972 1899 5016 et
1930 4960 2129 5017 illumi-

519 5053 660 5108 nobit
691 5064 739 5109 te
759 5052 993 5111 Christus
1012 5055 1234 5128 (Ephes.
1276 5072 1330 5120 v,
1375 5055 1482 5125 14).

593 5146 780 5216 (Vers.
802 5148 867 5203 l0
893 5148 1080 5219 seqq.)
1113 5148 1247 5212 Quia
1273 5149 1381 5203 Inec
1401 5148 1531 5203 dicit
1554 5147 1846 5207 Dominus:
1876 5145 2007 5203 Cum
2028 5166 2127 5205 cae—

522 5242 688 5313 perint
717 5239 926 5315 impleri
952 5241 1005 5295 in
1031 5239 1299 5312 Babylone
1347 5241 1675 5313 septuaginta
1713 5241 1860 5307 anui,
1912 5242 2127 5301 visitabo

517 5354 631 5402 vos,
662 5348 709 5390 et
741 5336 1003 5392 suscitabo
1032 5353 1188 5408 super
1235 5352 1323 5391 vos
1371 5335 1575 5391 verbum
1622 5351 1791 5391 meum
1820 5335 2041 5405 bonum,
2062 5347 2117 5397 ut

521 5432 763 5488 reducam
794 5449 880 5489 vos
906 5433 974 5486 ad
1001 5433 1173 5488 locum
1202 5432 1377 5487 istum.
1417 5428 1532 5501 Ego
1564 5431 1700 5485 enim
1722 5437 1829 5487 scio
1850 5431 2122 5501 cogitatio~

600 5617 815 5689 ξιᾼιιιετι
831 5625 970 5681 erat,
1002 5627 1052 5671 et
1071 5618 1272 5689 saporis
1286 5634 1459 5672 errore
1480 5616 1965 5673 :dissentientibns
1986 5634 2119 5673 mss.

600 5684 628 5722 ι’
660 5688 826 5742 Recte
856 5699 1081 5762 nttttolat
1108 5684 1374 5762 Drusius',
1406 5690 1545 5744 hanc
1586 5689 1895 5762 Sytt'tntaclti
1938 5689 2125 5747 lectio-

527 5769 654 5810 nem
686 5772 791 5808 non
814 5760 1087 5832 reSpicere
1117 5761 1230 5832 haec
1256 5761 1421 5816 verba
1444 5804 1457 5822 .
1491 5771 1537 5817 et
1567 5760 1733 5824 ibitis,
1766 5760 1861 5815 sed
1889 5776 2126 5832 sequen-

534 5835 641 5911 tem
673 5840 886 5908 versum
906 5868 919 5895 ,
972 5829 1059 5911 ubi
1091 5832 1144 5886 in
1177 5831 1415 5915 llebrteo‘
1458 5834 1653 5920 legitur
1684 5840 1925 5918 unum
1954 5829 2005 5915 ἐξ
2038 5837 2122 5916 itt-

2229 4684 2432 4739 cunctis
2457 4682 2586 4739 locis
2604 4685 2673 4739 ad
2703 4699 2822 4751 qua:
2848 4683 3026 4756 expuli
3052 4700 3172 4751 ros,
3205 4683 3333 4741 dicit
3356 4682 3724 4741 Dominus.Et
3743 4699 3815 4737 re-

2228 4776 2356 4831 verti
2379 4792 2466 4830 vos
2487 4776 2679 4847 faciam
2695 4779 2759 4835 de
2785 4778 2919 4842 loco,
2941 4777 3008 4831 ad
3031 4792 3181 4847 quem
3201 4776 3582 4847 trausauigrare
3596 4791 3684 4831 vos
3705 4775 3813 4843 feci.

2235 4869 2371 4937 Quia
2410 4867 2618 4923 dixistis
2643 4886 2663 4924 :
2690 4868 2970 4926 Suscitarit
3000 4867 3022 4939 [
3060 4868 3148 4926 Al.
3188 4866 3501 4940 suscitabit]
3537 4870 3683 4924 nobis
3719 4864 3816 4921 Do-

2232 4963 2403 5017 minus
2456 4960 2733 5034 pmpltetas
2776 4962 2831 5021 iu
2853 4959 3143 5033 Babylone.
3206 4960 3335 5019 Haec
3380 4961 3523 5019 enim
3552 4960 3681 5015 dicit
3718 4958 3814 5013 De-

2231 5056 2400 5113 minus
2422 5055 2489 5111 ad
2526 5071 2720 5128 regem,
2758 5056 2849 5127 qui
2884 5058 3024 5113 sedet
3052 5071 3211 5124 super
3235 5052 3425 5113 saliunt
3458 5053 3655 5121 David,
3688 5064 3733 5111 et
3755 5053 3813 5107 ad

2232 5165 2432 5205 munem
2456 5149 2708 5222 populum
2747 5149 3091 5209 habitatorem
3129 5149 3273 5206 urbis
3311 5148 3499 5222 hujus,
3546 5158 3598 5204 et
3627 5148 3693 5203 ad
3717 5149 3814 5219 fra-

2229 5254 2333 5300 tres
2372 5255 2567 5303 vestros
2604 5246 2697 5316 qui
2737 5262 2840 5299 non
2868 5255 2989 5300 sunt
3028 5245 3223 5317 egressi
3261 5241 3527 5305 vobiscum
3565 5248 3619 5296 in
3659 5252 3812 5296 trans-

2226 5338 2605 5404 migrationem.
2651 5334 2782 5393 Haec
2819 5335 2948 5391 dicit
2991 5334 3247 5395 Dominus
3281 5333 3605 5390 exercituum
3636 5348 3655 5386 :
3692 5328 3809 5385 Ecce

2233 5448 2325 5503 ego
2365 5432 2566 5489 mittant
2596 5430 2647 5485 iu
2682 5446 2766 5487 eos
2795 5428 3053 5500 gladium,
3082 5433 3292 5500 fama»,
3310 5438 3355 5482 et
3379 5436 3577 5497 pestem
3604 5441 3623 5479 :
3660 5434 3704 5480 et
3723 5435 3801 5494 po-

2229 5629 2566 5774 wiwit’iitc,
2596 5698 2717 5747 aute
2743 5688 2967 5763 captivos
2995 5686 3311 5759 remittente;
3341 5690 3397 5741 et
3426 5698 3551 5738 mox
3573 5725 3591 5753 ,
3622 5691 3735 5738 tunc
3756 5679 3799 5733 in

2233 5780 2291 5828 ea
2318 5772 2577 5828 promissa
2599 5803 2614 5825 ,
2646 5772 2753 5817 etc.

2366 5833 2423 5897 lu
2456 5833 2682 5893 Cistet‘c.
2719 5847 2916 5889 nomen
2943 5846 3085 5907 spem
3109 5825 3475 5915 desideratur.
