3972 6312
608 252 718 312 885

607 466 900 527 Inveterate
924 474 1127 531 dierum
1152 480 1426 540 malorum.
1461 484 1529 540 Et
1560 486 1720 545 alteri
1823 490 2012 550 Semen
2039 493 2215 553 Chan-

609 576 750 629 nam,
779 572 827 617 et
851 580 954 620 non
988 563 1154 634 Iuda,
1182 574 1378 644 species
1400 576 1598 651 decepit
1619 590 1687 645 te,
1713 592 1760 637 et
1780 588 2209 656 concupiscentia

605 651 967 711 subt'ertiteor
1017 668 1185 718 tuum.
1220 664 1312 721 Sic
1360 669 1635 740 faciebatis
1663 676 1871 746 ﬁliabus
1917 651 2112 745 Israel,
2163 695 2213 740 et

601 741 712 798 illa
738 756 1021 808 metuentes
1066 752 1409 827 loquebamur
1448 741 1750 837 vobiscum;
1801 773 1892 825 scd
1940 790 2047 828 non
2091 777 2209 846 ﬁlia

600 835 634 891 J
643 842 746 893 uda
772 845 1018 900 sustinuit
1038 849 1364 923 iniquitatem
1395 870 1614 915 vestram
1636 835 1801 934 (Dan.
1831 881 1949 933 xm,
1973 866 2067 933 56,
2086 835 2204 942 b7).

604 930 869 1007 Quodque
920 938 1192 1012 Propheta
1244 963 1393 1006 nunc
1444 930 1731 1025 loquitur:
1765 957 1833 1013 Et
1863 930 2205 1020 locutirsunt

601 1027 813 1083 verbum
842 1032 897 1085 in
918 1038 1123 1091 nomine
1151 1055 1263 1094 meo
1285 1045 1621 1116 mendaciter,
1652 1052 1793 1119 quod
1823 1070 1927 1109 non
1957 1058 2203 1113 mandavi

608 1120 705 1189 eis,
739 1123 871 1180 illud
903 1127 1202 1199 signiﬁcari
1241 1144 1454 1205 putant,
1502 1141 1648 1211 quod
1699 1144 1935 1203 miseras
1978 1150 2203 1207 mulier-

601 1214 754 1270 culas
782 1234 906 1289 qua:
933 1225 1411 1285 circumferuntur
1429 1235 1578 1288 ontni
1613 1246 1780 1293 vento
1799 1239 2092 1312 doctrinm,
2124 1248 2206 1302 sic

600 1307 947 1381 deceperint,
1004 1333 1114 1387 quo
1166 1319 1417 1378 dicerent
1456 1328 1562 1396 eis,
1598 1329 1723 1394 quia
1756 1332 1826 1388 de
1868 1335 2013 1391 tribu
2044 1352 2203 1397 erant

599 1397 765 1467 Juda,
796 1400 1073 1463 Christum
1116 1409 1187 1466 de
1236 1426 1340 1471 suo
1368 1416 1584 1474 semine
1614 1434 1739 1479 esse
1776 1431 2152 1495 generandum
2182 1452 2195 1488 :

599 1508 722 1564 qua:
755 1496 953 1554 illectus
982 1505 1240 1573 cupidine
1270 1510 1591 1577 pra-hebant
1613 1529 1848 1587 corpora
1878 1537 1998 1591 sua,
2041 1530 2197 1595 quasi

607 1598 815 1645 matres
845 1590 1041 1651 futura:
1070 1596 1280 1656 Christi
1314 1621 1328 1657 :
1361 1603 1467 1660 Sed
1499 1606 1628 1662 illud
1681 1613 1824 1678 quod
1858 1616 1910 1671 in
1953 1590 2201 1688 pne-sen-

591 1677 792 1736 tiarum
826 1684 1030 1742 dicitur
1069 1706 1082 1744 :
1113 1708 1240 1762 quos
1268 1696 1421 1765 frixit
1450 1698 1667 1773 1048
1691 1677 1784 1759 rea:
1824 1677 2111 1780 Babulonis
2139 1715 2196 1771 in

590 1771 732 1844 igne,
766 1775 986 1834 videtur
1018 1780 1262 1841 Danielis
1294 1785 1542 1847 historiae
1589 1798 1885 1856 contraire.
1918 1801 2015 1860 ille
2043 1807 2188 1864 enim

595 1868 798 1923 asserit
825 1884 921 1928 eos
951 1872 1019 1928 ad
1051 1879 1386 1938 sententiam
1417 1882 1657 1943 Danielis
1685 1904 1717 1945 a
1746 1894 1950 1964 populo
1972 1912 2095 1955 esse
2116 1902 2197 1956 la-

593 1956 815 2029 pidatos
845 1979 861 2017 :
890 1962 977 2019 hic
1009 1982 1140 2024 vero
1167 1972 1430 2043 scriptum
1473 1988 1578 2046 est,
1627 1985 1773 2054 quod
1824 1984 2046 2047 frixerit
2096 2009 2194 2050 eos

592 2064 686 2106 rex
722 2052 1026 2128 Babylonis
1056 2059 1111 2115 in
1142 2062 1289 2134 igne.
1328 2065 1480 2125 Unde
1507 2080 1566 2127 et
1591 2089 1619 2126 a
1648 2052 1930 2150 plerisque
1959 2098 2024 2139 ac
2051 2100 2193 2156 pene

591 2144 847 2202 omnibus
878 2147 1147 2219 llebrteis,
1182 2156 1297 2224 ipsa
1337 2162 1493 2230 quasi
1548 2144 1727 2223 fabula
1766 2185 1876 2226 non
1906 2144 2187 2246 recipitur,

593 2251 694 2291 nec
724 2238 925 2310 legitur
957 2244 1009 2299 in
1039 2252 1331 2321 synagogis
1353 2269 1567 2311 eorum.
1592 2259 1692 2326 Qui
1714 2264 1884 2331 enim,
1914 2238 2187 2340 inquiunt,

592 2326 706 2384 fieri
734 2344 968 2403 poterat,
1002 2348 1058 2392 ut
1086 2343 1291 2409 captivi
1332 2345 1613 2418 lapidandi
1655 2326 1938 2426 principes
1982 2326 2037 2419 et
2064 2326 2190 2435 pro:

591 2420 785 2489 phetas
811 2441 941 2485 suos
965 2429 1233 2491 baberent
1259 2444 1624 2507 potestatem?
1646 2420 1708 2503 Et
1735 2420 1904 2523 magis
1934 2454 2038 2511 hoc
2063 2420 2188 2516 esse

590 2529 778 2571 verum
811 2519 1107 2592 afﬁrmant,
1130 2527 1296 2601 “quod
1327 2536 1520 2594 scribit
1559 2539 1849 2613 Jeremias,
1902 2552 2189 2609 convictos

592 2608 812 2679 quidem
862 2630 985 2671 esse
1035 2622 1386 2694 presbyteros
1417 2644 1446 2683 τι
1499 2631 1749 2702 Daniele,
1783 2608 1880 2695 sed
1933 2643 2099 2701 latam
2132 2648 2183 2703 in

585 2717 683 2759 eos
711 2711 1036 2766 sententiam
1057 2729 1085 2767 a
1118 2732 1244 2787 rege
1276 2719 1597 2794 Babylonis.
1631 2732 1721 2799 qui
1746 2731 1800 2787 in
1825 2736 2094 2806 captivos,
2124 2754 2185 2798 ut

585 2794 763 2851 victor
792 2809 847 2853 et
875 2803 1153 2874 dominus,
1187 2808 1420 2869 habebat
1455 2794 1768 2889 imperi-um.
1805 2825 2001 2896 Quanti
2032 2841 2088 2888 et
2115 2835 2185 2892 de

589 2897 778 2942 nostro
806 2906 973 2963 grege
1019 2897 1227 2955 similes
1257 2903 1446 2961 Achab
1475 2920 1530 2965 et
1556 2912 1823 2984 Sedcciaz,
1856 2924 2183 2993 prophetam

585 2978 638 3033 in
671 2981 891 3040 nomine
922 2985 1133 3045 Domini
1167 2998 1534 3067 mendacium,
1569 3016 1623 3060 et
1652 3006 1858 3067 faciunt
1897 3018 2180 3077 stultitiam

583 3070 637 3125 in
672 3073 860 3143 Israel,
893 3087 950 3133 et
980 3082 1328 3145 masc-bantur
1349 3107 1549 3150 uxores
1578 3098 1775 3156 civium
1815 3120 2064 3175 suorum,
2088 3116 2180 3184 qui

579 3165 631 3220 in
662 3167 854 3226 eadem
900 3172 1165 3235 Ecclesia:
1194 3193 1322 3240 sunt
1365 3188 1499 3246 urbe
1524 3197 1812 3261 generati!
1845 3217 1985 3271 quos
2017 3221 2181 3266 verus
2207 3212 2253 3273 C

582 3255 1092 3324 Nabuchodonosor
1124 3280 1150 3309 ἰ
1200 3272 1362 3347 friget
1412 3280 1463 3335 in
1516 3255 1640 3353 igne
1685 3255 1894 3358 peccat'i
1923 3313 1937 3350 :
1970 3297 2187 3357 dicente

579 3351 720 3408 Osce
752 3359 1014 3427 propheta
1049 3380 1062 3417 :
1096 3363 1286 3422 Omnes
1336 3351 1689 3435 adulterantes
1742 3387 1895 3455 quasi
1948 3391 2186 3450 clibanus

579 3461 857 3506 succensus
906 3471 939 3508 a
981 3469 1230 3530 coquente
1254 3461 1275 3536 (
1301 3462 1433 3521 Osee
1477 3484 1574 3537 γιι,
1606 3471 1701 3546 4).
1737 3475 1891 3535 Felix
1922 3484 2011 3550 qui
2045 3486 2185 3543 tollit

569 3537 763 3609 jugum
788 3547 859 3598 ab
879 3546 1252 3608 adolescentia
1282 3573 1403 3625 sua,
1431 3571 1484 3617 et
1509 3537 1668 3621 sedet
1687 3567 1861 3637 solus,
1884 3576 2009 3644 quia
2031 3592 2184 3632 ama-

574 3631 813 3689 ritudine
842 3639 1085 3707 repletus
1111 3656 1195 3698 est
1224 3645 1444 3716 (Thren.
1478 3668 1537 3708 ιιι
1561 3654 1615 3727 );
1668 3631 1957 3734 potestque
1996 3670 2183 3727 dicere

572 3736 697 3777 cum
755 3724 924 3782 David
958 3749 969 3784 :
1005 3730 1126 3788 Non
1155 3740 1268 3792 sedi
1296 3741 1351 3796 in
1400 3724 1621 3803 consilio
1658 3752 2084 3825 mulignantiutn.
2132 3777 2180 3820 et

572 3830 691 3868 cum
722 3817 901 3888 iniqua
927 3825 1220 3892 gerentibus
1262 3847 1363 3887 non
1402 3836 1629 3896 introibo
1659 3817 1854 3915 (Psal.
1887 3865 2017 3918 xxv,
2069 3855 2124 3909 4.
2158 3859 2176 3926 )

572 3905 837 3980 Quodque
886 3915 1072 3973 intulit
1122 3937 1267 3980 nunc
1294 3924 1565 4000 Propheta
1592 3952 1606 3990 :
1641 3905 1750 4010 Ego
1778 3959 1893 3997 sum
1913 3905 2179 4016 judexvclt

571 4001 736 4070 testis,
761 4005 890 4060 dicit
911 4005 1193 4081 Dominus,
1219 4015 1365 4075 hunc
1396 4023 1560 4082 habet
1589 4045 1812 4090 sensum
1840 4054 1852 4089 :
1902 4038 2027 4096 ΙΙωο
2055 4059 2176 4113 que

571 4092 615 4113 J2
632 4108 648 4113 -
716 4094 732 4113 l
754 4111 761 4113 λ
800 4096 813 4113 Ι
897 4100 909 4113 ³
1167 4109 1179 4113 “

563 4092 688 4149 dico
700 4094 769 4153 de
781 4096 995 4157 duobus
1009 4109 1622 4190 pseudopmphetis,qui
1641 4124 1934 4194 loquuntur
1948 4092 2173 4191 Vedimn

568 4183 622 4239 in
648 4191 872 4247 nomine
904 4208 1028 4250 meo
1066 4201 1432 4275 mendaciter,
1464 4212 1609 4281 quod
1641 4231 1752 4272 non
1786 4223 2174 4284 mandaveram

563 4384 709 4436 esse.
764 4372 790 4413 δ
819 4392 980 4447 quem
1007 4384 1189 4441 celare
1222 4404 1383 4446 nemo
1412 4402 1614 4466 potest,
1648 4416 1749 4458 nec
1786 4403 2033 4478 effugere
2063 4414 2172 4467 mei

558 4462 751 4533 judicii
785 4472 1091 4532 veritatem.

1886 283 1945 341 S.
1988 285 2256 347 EUSEBII
2298 290 2690 362 HIERONYMI

604 385 697 430 res
731 375 932 434 civium
965 396 1211 451 suorum,
1245 402 1482 457 quorum
1535 393 1632 449 ttnl
1678 394 1921 468 loquitur
1967 400 2155 460 Daniel
2187 424 2201 460 :
2232 415 2281 471 Α
2311 408 2381 467 Ει
2428 414 2624 472 iterum
2673 418 2742 477 de

3819 327 3892 382 εισι

2793 420 3030 481 Hebraeo
3080 444 3093 481 :
3155 428 3221 483 Et
3274 432 3345 485 ad
3394 449 3589 491 omnes
3638 438 3890 495 sacerdota

2315 503 2517 579 [Vulg.
2552 510 2703 567 addit
2730 514 2970 590 dicens].
3027 521 3102 576 Ac
3151 521 3352 580 deinde
3404 525 3659 583 historia
3692 531 3891 588 texitur:

2313 595 2565 657 Dominus
2591 603 2734 659 dedit
2763 617 2813 662 te
2841 612 3159 666 sacerdotem
3181 632 3276 682 pro
3298 616 3497 674 Joiade
3528 620 3808 678 sacerdote
3825 639 3841 676 :
3858 636 3891 679 ει

2309 694 2382 748 sis
2408 696 2516 751 dua:
2538 697 2677 770 (sive
2706 712 2993 776 praeceptor
3019 716 3066 760 et
3096 712 3391 784 episcOpus)
3420 714 3477 768 in
3522 714 3695 769 domo
3728 714 3891 771 Domita

2308 802 2465 859 super
2486 806 2689 848 omnem
2712 795 2873 850 virum
2904 802 3263 869 arreptitiunt,
3318 817 3366 861 et
3418 809 3836 880 propltetantetn,
3860 824 3892 865 ιι

2309 879 2487 935 mittas
2537 900 2655 938 eum
2685 885 2738 939 in
2765 903 2978 943 neruum
3008 900 3057 946 et
3085 893 3139 947 in
3167 910 3424 951 carcerem
3476 898 3655 971 (sive
3684 901 3738 955 in
3766 914 3895 956 custo-

2308 972 2496 1044 diam)
2546 986 2593 1031 et
2642 979 2694 1033 in
2724 991 3046 1050 cataractett,
3080 1003 3241 1057 quem
3294 990 3689 1063 Symmachus
3717 996 3890 1069 μόχὶω,

2309 1070 2499 1141 Aquila
2534 1073 2706 1136 ipsum
2737 1079 2965 1135 verbum
2995 1081 3326 1141 chruicum
3360 1091 3558 1159 posuit
3592 1105 3619 1130 ε
3650 1106 3817 1148 suae.

2383 1163 2598 1237 1049
2629 1166 2697 1223 Et
2726 1187 2866 1225 nunc
2909 1189 3071 1244 quare
3115 1192 3219 1230 non
3270 1179 3601 1251 increpuisti
3646 1181 3893 1239 Ieremia:

2306 1254 2706 1325 Anatlwtltiten,
2738 1265 2828 1331 qui
2873 1266 3149 1338 praphetat
3192 1270 3375 1325 vobis?
3425 1274 3579 1341 Quia
3632 1293 3791 1343 super
3828 1277 3897 1332 lto:

2304 1349 2446 1403 misit
2483 1353 2551 1406 ad
2596 1369 2690 1409 nos
2738 1357 2792 1410 in
2836 1354 3183 1429 Babylonem,
3228 1361 3408 1419 dicens
3455 1382 3476 1421 :
3545 1367 3789 1439 Longum
3827 1379 3894 1429 est.

2300 1441 2563 1509 aediﬁcate
2609 1446 2817 1515 domos,
2862 1460 2911 1503 et
2939 1448 3174 1507 habitate
3198 1470 3217 1508 :
3241 1465 3289 1509 et
3313 1456 3564 1525 plantate
3595 1457 3781 1516 hortos
3799 1460 3841 1523 τί.
3865 1474 3899 1516 et

2301 1536 2555 1591 comedite
2582 1538 2788 1606 [ructus
2816 1558 3022 1598 eorum.
3058 1543 3207 1619 Legit
3242 1564 3366 1622 ergo
3414 1548 3735 1621 Sophoniba
3759 1568 3901 1606 δασεῖ·
3942 1596 3943 1611 η

2301 1624 2397 1678 dos
2425 1626 2613 1682 librum
2643 1630 2801 1686 istum
2828 1636 2882 1688 in
2929 1638 3146 1692 auribus
3189 1637 3441 1696 Jeremiaa
3485 1645 3792 1714 propheta.
3827 1644 3901 1701 δε-

2301 1718 2472 1772 meias
2498 1718 2568 1776 de
2608 1722 2732 1777 loco
2779 1723 3045 1795 Neelami,
3097 1730 3190 1799 qui
3238 1733 3661 1804 interpretatur
3708 1746 3896 1803 torrem,

2224 1812 2271 1872 Β
2296 1824 2420 1865 cum
2456 1827 2587 1884 rege
2613 1814 2882 1873 Jechouia
2928 1819 3129 1877 ductus
3158 1822 3338 1880 fuerat
3367 1825 3421 1880 iit
3453 1825 3824 1898 Babylonem,
3852 1840 3892 1882 et

2303 1902 2661 1973 prophetabat
2697 1909 2904 1979 populo
2948 1912 3325 1981 mendaciter,
3355 1932 3426 1973 eo
3451 1920 3621 1989 quod
3665 1920 3895 1975 celeriter

2299 2005 2487 2050 essent
2516 1995 2571 2052 in
2614 1997 2919 2058 Jerusalem
2962 2009 3265 2061 reversuri.
3310 2007 3508 2066 Fuisse
3555 2023 3748 2068 autem
3786 2029 3883 2068 eum

2304 2087 2857 2160 pseudoprophetam.
2884 2098 3168 2167 sequentia
3205 2098 3463 2157 Jeremite
3487 2105 3674 2159 verba
3695 2105 3891 2159 demou-

2260 2177 2268 2187 '
2296 2188 2468 2234 straut
2498 2197 2510 2231 :
2544 2181 2675 2237 Haec
2702 2184 2830 2240 dicit
2862 2185 3121 2245 Dominus
3148 2192 3219 2246 ad
3241 2192 3511 2249 Semeiam
3551 2195 3885 2261 Nectantiteu.

2292 2288 2389 2345 pro
2406 2290 2466 2328 eo
2492 2278 2634 2345 quod
2656 2282 2987 2352 prophetavit
3025 2285 3165 2339 vobis
3188 2284 3447 2353 Senteias,
3487 2298 3543 2343 et
3562 2307 3662 2364 ego
3677 2307 3775 2345 non
3793 2293 3886 2345 misi

2291 2380 2427 2421 eum.
2463 2368 2602 2435 Quia
2636 2371 2798 2441 igitur
2825 2373 3097 2430 Jeremias
3123 2378 3189 2431 ad
3222 2392 3345 2445 eos,
3377 2379 3472 2450 qui
3503 2393 3681 2439 erant
3708 2384 3758 2437 iu
3807 2383 3885 2437 Bac

2295 2458 2523 2529 bylone,
2549 2460 2764 2518 litteras
2817 2467 3044 2524 miserat
3091 2468 3325 2526 dicens:
3360 2471 3668 2543 didi/irate
3711 2475 3883 2538 domos.

2292 2556 2342 2600 et
2368 2548 2599 2607 Itabitate
2627 2570 2647 2607 :
2675 2555 2912 2624 plantate
2937 2558 3140 2626 hortos,
3169 2570 3219 2617 et
3257 2565 3513 2620 comedite
3573 2571 3777 2640 fructus
3813 2584 3884 2621 eo-

2290 2656 2407 2695 rum
2429 2656 2449 2697 :
2471 2645 2692 2717 accipite
2721 2664 2930 2717 uxores,
2959 2662 3008 2705 et
3034 2666 3276 2726 generate
3312 2656 3488 2725 ﬁlios;
3519 2670 3584 2715 et
3625 2669 3747 2732 post
3786 2659 3877 2712 alia

2286 2734 2548 2804 iunxerat
2577 2758 2591 2794 :
2630 2740 2753 2797 Non
2781 2760 2870 2800 vos
2898 2746 3147 2801 seducunt
3180 2746 3471 2818 Propltette
3494 2754 3658 2809 vestri
3677 2755 3765 2826 qui
3786 2762 3879 2808 sunt

2287 2827 2341 2881 in
2391 2832 2560 2884 medio
2602 2835 2754 2888 restri
2795 2834 2923 2908 [ΑΙ.
2977 2838 3251 2913 vestrum],
3295 2850 3346 2896 et
3391 2844 3567 2900 diuini
3616 2847 3872 2911 oestri;ac

2287 2921 2508 2989 deinde,
2545 2925 2681 2991 Quia
2727 2930 2815 2984 isti
2863 2931 3005 2999 [also
3047 2936 3365 3003 prophetarit
3408 2939 3559 2995 vobis
3599 2942 3656 2995 in
3702 2942 3875 2995 nomine

2289 3030 2424 3080 meo,
2453 3025 2631 3071 etnon
2664 3020 2781 3074 misi
2810 3036 2919 3091 eos,
2949 3025 3076 3077 dicit
3107 3024 3371 3083 Dominus
3396 3045 3417 3084 :
3454 3031 3776 3104 intelligens
3797 3032 3877 3086 Se-

2290 3108 2459 3163 meias
2523 3110 2628 3165 sub
2678 3117 2961 3170 communi
3008 3120 3234 3174 nomine
3285 3122 3872 3194 pseudopmpbetarum

2286 3209 2479 3255 contra
2536 3216 2598 3258 se
2646 3206 2936 3277 scriptum,
2988 3210 3157 3265 mittit
3209 3212 3426 3270 litteras
3473 3215 3780 3273 Jerusalem
3821 3215 3872 3269 ad

2284 3289 2616 3362 Sophouiam
2665 3296 2837 3352 tilium
2869 3298 3094 3357 Maasia:
3124 3306 3499 3375 sacerdotem,
3553 3320 3614 3365 et
3657 3309 3719 3365 ad
3764 3309 3871 3365 reli-

2285 3402 2423 3458 quos
2466 3391 2813 3460 sacerdotes,
2861 3405 3049 3451 contra
3075 3397 3400 3469 .leremiam,
3446 3420 3625 3473 quare
3663 3420 3761 3460 non
3804 3404 3870 3458 iu-

2283 3492 2544 3548 crepetur
2570 3499 2601 3538 a
2643 3485 2928 3558 Sophonia
2961 3491 3277 3559 sacerdote,
3326 3495 3486 3565 cujus
3526 3497 3763 3552 oflicitnn
3797 3504 3867 3549 est

2283 3570 2637 3631 discernendi
2692 3578 2838 3633 inter
2897 3581 3221 3651 prophetas,
3286 3588 3377 3656 qui
3443 3586 3658 3657 Spiritu
3703 3596 3864 3654 sancto

2283 3667 2578 3738 loquantur
2622 3681 2679 3727 et
2727 3674 2821 3743 qui
2871 3678 3155 3732 contrario
3187 3688 3235 3744 °,
3269 3689 3326 3735 et
3374 3681 3586 3737 recludi
3635 3681 3861 3752 iubeatur

2283 3758 2392 3831 [ΑΙ.
2420 3760 2667 3837 iubetur]
2717 3765 2771 3819 in
2823 3782 3126 3836 carcerem,
3173 3781 3233 3826 ιιι
3276 3775 3552 3830 mendacii
3586 3779 3667 3832 sui
3700 3787 3858 3844 poenas

2284 3853 2420 3920 luat,
2454 3864 2510 3909 et
2542 3860 2799 3926 populum
2827 3861 2973 3916 ultra
3005 3866 3363 3936 supplantare
3391 3868 3652 3925 desistat.
3673 3867 3858 3925 Joiadrs

2282 3947 2540 4003 sacerdos
2584 3951 2705 4017 fuit,
2747 3952 2993 4022 quiioas
3026 3967 3150 4024 post
3202 3958 3643 4017 interfectionem
3670 3959 3689 3999 τ
3716 3959 3856 4015 Atha-

2281 4039 2369 4094 liu:
2395 4040 2687 4111 imperium
2723 4047 2970 4111 tradidit,
3003 4059 3059 4102 et
3103 4051 3377 4108 interfecit
3404 4057 3731 4113 sacerdotes
3754 4051 3857 4107 Baal

2285 4130 2372 4201 (IV
2411 4132 2538 4204 Reg.
2585 4150 2674 4201 xi;
2720 4136 2757 4191 ll
2794 4136 2977 4194 Paral.
3023 4146 3214 4213 mu).
3262 4144 3376 4199 lloc
3427 4156 3516 4202 est
3566 4164 3698 4220 ergo
3737 4142 3856 4216 quod

2279 4226 2472 4281 scribit
2508 4244 2522 4283 :
2556 4229 2739 4297 Quare
2783 4248 2891 4287 non
2942 4234 3178 4293 intitaris
3221 4238 3472 4297 Joiadem
3521 4244 3856 4307 sacerdotem,

2279 4328 2335 4374 et
2367 4321 2634 4379 interﬁcis
2662 4324 2961 4383 Jeremium
2995 4331 3577 4404 pseudopmphctam?
3627 4336 3855 4394 Dominus

2279 4413 2429 4468 enim
2477 4425 2533 4471 te
2580 4432 2683 4487 pro
2731 4417 2927 4477 Joiade
2970 4425 3280 4491 constituit,
3334 4438 3393 4483 ut
3443 4430 3652 4486 habeas
3693 4439 3855 4484 curam

2278 4503 2525 4576 Templi;
2574 4518 2631 4563 et
2680 4514 2958 4582 prwcipue
3006 4514 3299 4573 discernas
3327 4520 3420 4590 qui
3453 4533 3651 4578 sancto
3678 4519 3855 4591 Spiritu

2293 4556 2306 4558 _
2578 4556 2631 4563 _-
2680 4556 2958 4582 ,.....,.,....,
3007 4556 3299 4573 -.............
3327 4556 3420 4590 ιι...
3453 4556 3651 4578 “ne...
3678 4556 3852 4591 υιιι---ι-

632 4556 814 4628 (νενεο
848 4563 919 4619 24
961 4572 1158 4639 εαίιίιι)
1193 4572 1261 4629 Et
1291 4578 1363 4631 ad
1409 4579 1671 4640 Semeiam
1705 4588 2052 4649 Nerlamilem
2081 4598 2164 4652 di-
2194 4600 2247 4662 D
2272 4598 2585 4670 loquantur,
2619 4605 2710 4674 qui
2739 4605 3112 4665 daatnoniaco.
3149 4610 3528 4671 Discretiones
3558 4630 3735 4672 autem
3760 4610 3852 4683 spi-

632 4668 639 4683 ν
715 4652 778 4683 pl
817 4658 958 4683 ,ει-..ιρι
989 4675 1044 4683 ρ-
1071 4665 1161 4683 -μ-·.
1340 4669 1385 4683 ,ο
1530 4678 1561 4683 -.
1600 4679 1612 4683 -
1678 4679 1702 4683 _

555 4664 661 4707 ces.
714 4652 783 4709 Et
814 4658 958 4727 quod
987 4665 1274 4731 sequitur:
1330 4669 1461 4727 Htec
1505 4678 1633 4733 dicit
1666 4679 1920 4741 Dominus
1963 4694 2164 4747 exerci-

558 4752 729 4813 tuunt,
763 4746 907 4805 Deus
941 4751 1110 4811 Israel
1136 4774 1158 4812 :
1185 4758 1299 4816 Pro
1326 4780 1386 4818 co
1434 4771 1576 4838 quod
1623 4774 1815 4831 misisti
1862 4779 1915 4832 in
1961 4785 2172 4839 nomine

561 4846 650 4892 tuo
681 4840 841 4899 libros
866 4848 939 4900 ad
964 4864 1166 4906 omnem
1198 4858 1448 4928 populum
1477 4863 1569 4933 qui
1597 4876 1673 4920 est
1694 4867 1749 4923 in
1767 4867 2082 4941 Jerusalem,
2112 4879 2165 4935 in

562 4928 708 4986 LXX
738 4950 843 4990 neu
866 4937 1117 4998 habetur.
1144 4928 1500 5022 Rursumque
1515 4956 1777 5016 addidere
1800 4962 1870 5018 tle
1892 4928 2170 5033 ειη),ήῇξῆ

564 5023 682 5077 misi
714 5036 762 5079 te
791 5028 844 5081 in
877 5034 1084 5089 nomine
1121 5053 1257 5093 meo.
1318 5041 1385 5097 Et
1431 5059 1599 5101 conse

559 5114 743 5172 dinem
771 5140 785 5175 :
818 5119 888 5176 Et
908 5125 979 5177 ad
1007 5125 1335 5199 Sophoniam
1359 5135 1528 5206 [ilium
1574 5114 1797 5202 Mansite
1823 5114 2163 5212 sacerdotem.

630 5266 654 5342 ς
687 5256 808 5342 για.
859 5260 1303 5327 Commentarios
1331 5274 1384 5329 in
1418 5276 1632 5336 Daniel.
1663 5283 1718 5338 in
1750 5287 1877 5342 line.

626 5325 655 5366 δ
684 5331 857 5412 éutea
890 5345 1027 5403 erat,
1059 5355 1175 5409 quis
1201 5325 1390 5412 celare,
1418 5325 1533 5404 etc.

627 5410 651 5439 ε
679 5401 1257 5501 ρυὲιεοιιιριιιέςξτιιιμιθ
1275 5401 1633 5501 gruibus-inoo.
1657 5425 1755 5501 bis.
1784 5430 2148 5501 Songerman.

552 5485 721 5571 petitos
746 5473 1234 5571 gantiam-guittm,
1268 5473 1447 5571 Sinni,
1468 5473 1625 5551 iutud
1653 5473 1822 5556 dubie
1852 5473 1948 5571 ριῩο
1978 5521 2150 5564 smsc.

1280 5540 1447 5557 _,,__-..,
1484 5540 1625 5551 --η-,ν
1654 5540 1818 5556 ...υ-σιν
1889 5540 1948 5557 lu
1978 5540 2150 5564 διινιυο

624 5540 979 5642 “.Interserit
1008 5540 1360 5642 Victor.'s_ive
1400 5580 1636 5642 pomaria
1673 5585 1693 5624 :
1736 5540 1884 5642 quod
1929 5578 2152 5634 verbum

552 5613 629 5667 ait
664 5615 718 5712 il:
754 5613 1387 5712 priorih‘tti'editionibus
1908 5613 2148 5705 vers-iani

552 5688 796 5758 praeripi,
825 5697 884 5744 ut
912 5691 1054 5748 LXX
1083 5688 1506 5758 ascrihaturaqj

628 5763 651 5789 ε
690 5750 762 5807 Et
786 5750 989 5816 recludi
1026 5750 1654 5837 iubeatur};carcerem.
1690 5777 1768 5839 Es
1806 5774 1909 5842 hoc
1941 5774 2063 5847 loco
2094 5804 2149 5849 et

2172 5324 2187 5355 ι

2273 4692 2479 4747 rituum
2523 4693 2726 4751 divinat
2773 4715 2899 4756 esse
2925 4702 3136 4772 gratiae,
3178 4716 3231 4760 et
3266 4708 3569 4777 Apostolus
3616 4713 3851 4765 memorat

2277 4786 2322 4857 (l
2366 4786 2528 4844 Joan.
2565 4791 2664 4864 tv).
2696 4793 2830 4862 Cur.
2861 4797 3060 4869 inquit,
3094 4817 3200 4857 non
3231 4802 3554 4875 iucrepuisti
3582 4806 3847 4865 Jeremiam

2272 4882 2676 4940 Anathotiteu?
2704 4888 2971 4962 Quodque
3016 4892 3136 4964 ipse
3163 4896 3484 4954 merebatur
3529 4900 3686 4972 quasi
3714 4912 3850 4971 pseuv

2269 4972 2637 5046 dopr0pheta,
2672 4980 2840 5037 refert
2877 4982 2931 5037 in
2961 4987 3310 5056 prophetam,
3338 5000 3395 5044 et
3428 4993 3694 5061 prmvenit
3722 5002 3847 5046 men-

1605 5061 1836 5117 ‘luenter
1882 5056 2034 5126 juxta
2082 5077 2171 5117 or-
2267 5064 2431 5121 dacio
2480 5070 2790 5126 veritatem.
2848 5071 3008 5131 Unde
3053 5087 3111 5131 et
3159 5080 3553 5146 prudentiores
3621 5092 3844 5157 putantur
3942 5146 3943 5151 η

1605 5140 1797 5189 Ιιηιςὶη»
1825 5153 2140 5189 uaros-Antam
2268 5158 2368 5189 m::
2429 5163 2783 5189 ιΑ..,.Ι...,.-..-..
2841 5167 2966 5189 nm-
3020 5171 3153 5189 s,,_-,
3219 5172 3231 5189 φ
3577 5180 3589 5189 .
3741 5177 3753 5189 .
3942 5172 3943 5189 l

2268 5158 2368 5215 ﬁlii
2429 5163 2786 5221 tenebrarum
2840 5167 2971 5224 ﬁliis
3019 5171 3157 5227 lucis
3217 5172 3276 5229 in
3339 5180 3697 5247 generatione
3740 5177 3839 5232 hac.

2293 5299 2508 5385 roxitne
2545 5307 3468 5385 consequenti,_ubiuiiieronymus
3501 5318 3675 5372 utitur
3700 5313 3839 5370 verba

2257 5370 2547 5438 recludere,
2593 5370 2757 5430 sensu
2797 5370 3114 5446 claudendi,
3159 5370 3438 5442 aestimare
3478 5391 3644 5444 debet
3695 5390 3838 5442 lector

2260 5443 2500 5509 prudens
2536 5449 2902 5504 eruditionem
2932 5443 3166 5517 Joannis
3194 5453 3417 5521 Clerici,
3452 5463 3546 5528 qui
3578 5460 3830 5542 inditum?-

2265 5510 2402 5542 aint“
2444 5518 2753 5542 :....:....-t-__
2791 5536 2954 5542 μη---
3028 5535 3069 5542 _-
3270 5527 3282 5542 .
3333 5531 3361 5542 ..
3412 5532 3422 5542 .
3650 5536 3657 5542 .

2263 5510 2353 5567 riti
2374 5533 2403 5564 te
2443 5518 2756 5573 insimulare
2790 5536 2958 5594 ausus
2990 5510 3095 5591 est,
3138 5527 3282 5594 qttod
3313 5510 3577 5586 dixissem
3607 5532 3731 5586 nihil
3757 5529 3833 5580 nb-

2260 5590 2409 5638 ειη-υ
2438 5587 2685 5643 scltoliou
2715 5592 2991 5660 quoddam
3021 5587 3167 5650 vere'
3181 5611 3308 5674 esse
3352 5599 3829 5674 Hieronyiuiauunn

2264 5650 2386 5674 I!_'-.
2419 5657 2430 5674 ἓ
2596 5661 2608 5674 I
3030 5668 3038 5674 ‘

2263 5650 2471 5740 licet_iu
2496 5674 2571 5740 eo
2596 5650 2904 5725 legeremus
2925 5668 3154 5721 verbum
3194 5650 3486 5740 recludere,
3515 5650 3677 5730 sé'nsu
3702 5674 3825 5728 clauv

2260 5726 2456 5795 deudi.
2494 5730 2790 5795 Μλιιτιλιιη

2334 5778 2868 5861 r"o1.-?}B§ii"v'iiac.
2896 5778 2953 5863 et
2967 5790 3200 5865 Cit-tere.
3220 5785 3462 5870 Cerialia
3481 5826 3580 5888 pro
3620 5810 3824 5871 Δωριέως
