3972 6368
75 372 176 427 865

566 365 1219 426 COMMENTARIORUM
1261 365 1327 422 IN
1364 363 1711 422 JEREMIAM
1752 364 2175 425 PROPIIETAM
2215 368 2346 425 LIB.
2388 371 2479 428 Vl.
2519 369 2674 431 CAP.
2715 371 2890 431 XXX.

3276 373 3382 429 868

76 487 352 554 Nobisquc
405 486 699 558 agentibus
748 487 1060 557 patienter,
1125 493 1182 538 et
1229 481 1754 551 exspectantibusA
1783 484 1929 554 cupit
1973 500 2100 540 cum
2156 486 2360 542 recludi
2409 503 2631 545 carcere
2685 489 2792 563 [ΑΙ.
2828 489 2882 544 iu
2931 489 3258 560 carcerem],
3313 507 3383 545 ne

79 582 406 638 miserorum
458 582 710 647 salutem,
761 580 1102 652 prmveuiunt
1151 577 1425 643 lueretici,
1472 586 1528 632 et
1577 593 1675 632 nos

78 691 175 733 suo
217 675 506 744 appellant
549 675 792 740 nomine,
841 675 1106 729 ducentes
1142 673 1272 726 cerei
1303 669 1560 726 czrcosin
1590 667 1674 723 lo-

81 783 254 823 ream.
293 765 512 839 1050
541 765 713 831 Misit,
745 766 944 836 inquit,
991 766 1059 818 ad
1091 780 1183 818 nos
1230 763 1284 816 in
1328 760 1671 833 Babylonem,

82 862 250 915 dicens
277 876 296 915 :
329 860 508 932 Longe
535 871 631 913 est.
669 858 783 914 Iloc
815 869 900 914 est
929 873 1091 912 omne
1121 855 1264 927 quod
1287 855 1437 909 dolet
1463 871 1476 907 :
1507 867 1678 923 quare

85 956 365 1010 adversum
394 968 551 1008 suum
596 952 942 1007 mendacium
975 949 1242 1006 Jeremias
1273 947 1554 1017 scripserit
1587 962 1679 1000 ve-

87 1051 322 1118 ritatem,
376 1048 542 1119 longe
587 1062 714 1103 esse
762 1047 1021 1111 reditum,
1070 1055 1125 1100 et
1168 1053 1289 1114 post
1330 1041 1676 1111 septuaginta

86 1147 251 1199 annos
298 1141 578 1198 redituros
623 1143 677 1197 in
727 1141 1033 1196 Jerusalem
1080 1157 1093 1194 :
1137 1137 1280 1193 unde
1339 1136 1543 1192 debere
1583 1149 1678 1189 eos

89 1237 356 1292 :eddicare
401 1235 618 1303 domos,
670 1235 922 1306 plantare
969 1233 1240 1305 pomaria,
1290 1238 1346 1285 ct
1388 1228 1680 1286 comedere

90 1330 290 1386 fructus
339 1344 557 1395 eorum,
609 1328 869 1396 accipere
926 1341 1148 1392 uxores,
1200 1333 1256 1380 et
1304 1324 1484 1379 facere
1514 1323 1677 1384 ﬁlios,

90 1439 202 1494 qua:
232 1422 551 1494 praeteritus
589 1436 772 1476 sermo
805 1420 1068 1474 narravit.
1101 1419 1245 1488 Quas
1277 1419 1509 1484 litteras,
1556 1432 1679 1471 cum

93 1516 386 1586 accepisset
410 1514 732 1584 Sophonias
762 1513 1046 1572 sacerdos.
1073 1514 1138 1566 ad
1171 1512 1327 1580 cujus
1366 1509 1683 1579 specialiter

96 1623 280 1662 nomen
307 1607 532 1675 scriptu:
561 1616 721 1660 erant
748 1613 797 1672 ι,
832 1605 965 1675 legit
989 1604 1244 1660 Ieremia:
1281 1601 1686 1672 quodammodo

96 1701 376 1773 suggillatis
407 1715 556 1766 eum,
589 1709 644 1754 et
675 1698 789 1768 ipsa
815 1697 926 1771 [ΑΙ.
962 1701 1138 1769 ipsam
1166 1696 1560 1770 etrlectionem]
1597 1698 1685 1752 iu-

95 1807 315 1863 erepans
344 1791 603 1859 lectione,
642 1806 818 1862 quare
844 1792 1074 1847 auderet
1103 1791 1157 1846 in
1187 1789 1524 1861 Babylonem
1559 1787 1682 1844 talia

99 1885 345 1940 scribere.

163 1975 336 2046 (Vers.
372 1976 443 2033 5t)
474 1979 660 2046 seqq.)
693 1975 759 2030 Et
789 1976 990 2046 factum
1027 1987 1098 2028 est
1129 1973 1332 2028 verbum
1364 1971 1575 2026 Domini
1620 1970 1689 2023 ad

99 2063 385 2132 let-entiam,
447 2067 630 2121 dicens
663 2084 682 2121 :
726 2066 878 2122 Mitte
923 2066 992 2120 ad
1030 2082 1232 2120 onmem
1279 2063 1691 2134 transmigratio-

101 2177 223 2224 nrm,
251 2162 426 2218 dicens
451 2178 470 2216 .'
493 2161 625 2216 Ha’c
646 2161 776 2214 dicit
813 2159 1070 2215 Dominus
1097 2160 1165 2213 ad
1197 2158 1456 2214 Semeiam
1502 2155 1693 2210 Neela-

103 2254 430 2310 mitem:l’ro
475 2272 539 2309 eo
586 2255 726 2324 quod
770 2255 1097 2327 prophetauit
1153 2253 1295 2308 vobis
1345 2251 1602 2315 Semeias,
1647 2258 1692 2303 et

103 2365 182 2418 ego
209 2365 304 2402 non
331 2349 451 2404 misi
478 2365 618 2416 eum,
649 2359 698 2402 et
734 2349 853 2419 fecit
881 2365 969 2403 vos
993 2347 1260 2417 conﬁdere
1290 2347 1343 2398 in
1377 2343 1642 2398 mendacio
1670 2358 1688 2397 :

104 2442 280 2496 idcirco
316 2441 424 2497 haec
462 2443 591 2497 dicit
634 2442 892 2497 Dominus
936 2459 954 2496 :
1001 2441 1138 2496 Ecce
1164 2457 1258 2514 rgo
1290 2438 1507 2494 visitabo
1537 2455 1694 2506 super

109 2532 348 2589 Semeiam
383 2534 752 2593 Neelamitem.
786 2545 832 2588 et
863 2549 1018 2606 super
1061 2549 1232 2588 semen
1263 2535 1398 2604 ejus.
1436 2530 1559 2584 Non
1598 2530 1693 2584 erit

108 2626 148 2678 ei
190 2627 259 2679 vir
296 2627 474 2682 sedens
525 2628 580 2680 in
626 2626 796 2680 medio
842 2626 1026 2698 populi
1067 2624 1249 2697 hujus,
1291 2634 1339 2678 et
1369 2640 1472 2677 non
1503 2622 1695 2676 videbit

111 2718 279 2772 bonum
305 2720 443 2787 quod
490 2736 588 2791 ego
635 2719 826 2790 [sciam
873 2719 1068 2790 populo
1115 2735 1264 2779 meo,
1309 2716 1382 2769 ait
1413 2714 1693 2780 Dominus,

108 2815 212 2882 quia
254 2817 730 2884 prwoarr’uationem
759 2813 962 2870 locutus
1004 2824 1077 2869 est
1105 2815 1353 2868 adversus
1384 2812 1692 2868 Dominum.

112 2907 574 2978 PseudOpmpbeta
629 2908 880 2964 Semeias
919 2923 1048 2963 vere
1095 2907 1448 2970 Neelamites,
1493 2905 1586 2976 qui
1628 2904 1697 2960 de

114 3007 334 3058 torrente
377 3003 599 3059 alienas
643 3013 701 3058 et
755 3003 1002 3058 turbidas
1028 3019 1200 3072 aquas
1230 3011 1560 3071 sumpserat,
1593 3001 1698 3056 ira-

115 3092 269 3148 scitur
314 3107 507 3152 contra
552 3095 902 3152 mendacium
935 3112 1096 3151 suum
1129 3111 1260 3151 vera
1292 3096 1580 3165 scripsisse
1611 3094 1702 3150 Je-

117 3189 342 3257 remiam,
373 3201 429 3247 et
459 3191 529 3246 ad
562 3191 897 3260 Sapltoniam
924 3189 1263 3246 sacerdotem
1297 3191 1463 3244 mittit
1495 3190 1700 3258 episto-

1781 577 2058 648 loquatur.
2108 579 2417 649 Suphonias
2464 599 2683 653 quoque
2749 583 3078 654 prophetam
3149 582 3386 639 latenter

1779 679 2024 736 accusat,
2058 673 2184 726 dum
2221 674 2348 742 legit
2379 674 2667 745 epistolam
2723 674 3062 738 mentientis,
3117 683 3174 730 et
3217 689 3384 732 accu-

1780 763 2050 818 satiottem
2079 765 2199 834 ejus
2229 765 2433 822 habere
2459 783 2521 822 se
2555 768 2790 838 jactitat.
2821 767 3036 836 Quanto
3064 766 3236 838 magis
3269 782 3387 823 scc-

1780 855 1910 910 leris
1938 857 2017 910 rei
2059 868 2209 922 sunt,
2249 861 2340 929 qui
2388 861 2694 916 defendunt
2743 861 3283 932 pseudoproplietas,
3334 873 3394 920 et

1784 949 2114 1004 mentientes
2144 949 2352 1017 fovent,
2403 963 2457 1007 et
2505 953 2743 1009 aliorum
2795 955 2939 1009 male
2989 955 3238 1020 inventa,
3289 970 3388 1010 sua

1783 1044 1988 1100 faciunt
2007 1061 2129 1102 esse
2159 1058 2378 1116 peccata
2402 1049 2416 1102 !
2442 1047 2640 1102 Audiat
2671 1049 2856 1119 itaque
2882 1049 3386 1120 pseudOproplteta,

1783 1139 2056 1209 intelligat
2080 1140 2339 1195 sacerdos
2367 1142 2496 1211 quid
2528 1157 2627 1212 per
2659 1157 2782 1195 etim
2823 1152 2877 1196 et
2910 1142 3027 1211 ipse
3051 1141 3239 1197 audire
3270 1158 3389 1196 me-

1784 1242 2010 1288 reatur:
2042 1231 2168 1286 Haec
2197 1233 2322 1286 dicit
2354 1232 2610 1288 Dominus
2642 1247 2660 1288 :
2695 1232 2828 1288 Ecce
2861 1249 2957 1303 ego
2984 1232 3203 1288 visitabo
3233 1250 3389 1303 super

1788 1326 2062 1381 Semeiam.
2118 1326 2231 1382 lloc
2278 1327 2545 1382 Dominus
2609 1327 2886 1398 loquitur,
2937 1343 3044 1380 non
3096 1327 3389 1398 propheta,

1783 1419 1928 1490 quod
1974 1422 2165 1476 visitet
2208 1435 2379 1488 super
2418 1420 2693 1476 Semeiam
2741 1419 3128 1487 Neelamitem,
3178 1434 3286 1474 non
3338 1419 3391 1474 in

1788 1512 2113 1576 remedium,
2166 1515 2262 1570 sed
2331 1513 2386 1567 in
2438 1513 2768 1583 supplicium
2835 1513 3188 1577 mentientis,
3238 1512 3396 1583 juxta

1788 1605 1918 1660 illud
1952 1606 2094 1676 quod
2124 1607 2389 1678 scriptum
2422 1615 2508 1660 est
2539 1624 2551 1659 :
2598 1605 2829 1660 Visitabo
2870 1607 2922 1660 in
2951 1608 3092 1678 virga
3141 1606 3395 1677 iniquita-

1787 1710 1859 1755 tes
1889 1715 2096 1766 eorum,
2125 1696 2170 1752 e't
2200 1700 2250 1752 in
2280 1698 2508 1770 ﬂagellis
2540 1709 2750 1766 peccata
2777 1715 2954 1753 eorum
2981 1699 3102 1770 (Ps.
3129 1715 3395 1765 Lxxxvm,

1788 1793 1906 1860 55).
1974 1791 2084 1848 Nec
2147 1793 2324 1847 solum
2377 1807 2542 1862 super
2591 1791 3132 1863 pseudoprophelam
3181 1791 3393 1858 visitat,

1715 1887 1763 1946 B
1791 1884 1885 1939 sed
1919 1892 1973 1939 et
1997 1899 2164 1954 super
2190 1900 2379 1939 semen
2406 1886 2546 1953 ejus,
2581 1901 2772 1938 omnes
2800 1884 3096 1956 discipulos
3129 1900 3270 1956 quos
3293 1899 3396 1941 suo

1793 1993 1983 2034 errore
2031 1977 2270 2046 decepit.
2342 1976 2466 2031 Non
2519 1979 2638 2044 erit,
2707 1977 2907 2049 inquit,
2966 1978 3044 2032 vir
3102 1976 3288 2032 sedens
3339 1978 3396 2032 in

1791 2072 1961 2125 medio
1994 2071 2171 2142 populi
2215 2070 2394 2142 hujus.
2423 2070 2682 2126 Deleatur
2731 2070 2798 2126 de
2841 2080 3158 2125 sanctorum
3210 2069 3398 2125 conci-

1794 2163 2002 2218 liabulo
2032 2163 2202 2233 stirps
2228 2164 2488 2232 pessima,
2523 2177 2626 2218 nec
2654 2161 2844 2218 sedeat
2891 2164 2943 2217 in
2988 2161 3170 2216 medio
3208 2163 3396 2231 quies-

1793 2258 2056 2320 centium,
2101 2257 2192 2326 qui
2225 2271 2350 2311 eum
2382 2255 2657 2312 stantibus
2705 2267 2854 2311 Stare
2905 2270 3014 2310 non
3069 2257 3265 2326 potuit,
3299 2269 3406 2311 nec

1794 2351 2002 2405 audivit.
2053 2349 2226 2420 illud}:
2261 2349 2286 2388 δ
2320 2350 2380 2406 Si
2423 2350 2648 2404 stetisset
2697 2351 2753 2404 in
2792 2351 3080 2404 substantia
3117 2366 3229 2404 mea
3258 2347 3398 2420 (Jer.

1795 2443 1972 2514 mn).
2043 2445 2284 2513 Cumque
2343 2443 2611 2498 Dominus
2671 2442 3076 2513 perfectionem
3132 2443 3394 2497 virtutum

1796 2537 2036 2591 omnium
2083 2535 2236 2590 linito
2285 2535 2602 2603 septenario
2649 2544 2898 2604 tempore
2945 2536 3250 2605 promittat,
3301 2535 3395 2592 ille

1799 2646 1905 2685 non
1935 2628 2144 2685 videbit
2177 2629 2402 2695 botntm,
2433 2630 2578 2699 quod
2610 2629 2717 2684 sibi
2747 2629 2798 2683 in
2835 2629 3098 2700 prtesenti
3148 2637 3400 2698 tempore

1799 2722 2132 2778 vindicabat.
2166 2721 2279 2777 Iloc
2311 2729 2491 2776 autem
2527 2731 2698 2776 totum
2747 2724 2873 2784 lict,
2905 2722 3033 2792 quia
3078 2720 3403 2792 praevarica-

1799 2817 2003 2871 tionem
2053 2815 2269 2870 locutus
2321 2823 2406 2871 est
2449 2813 2714 2869 adversus
2744 2813 3058 2878 Dominum,
3089 2821 3151 2868 ut
3191 2813 3404 2870 diceret

1796 2910 1908 2980 jam
1953 2909 2131 2964 soluta
2163 2919 2508 2976 peccaturum
2541 2908 2859 2978 captivitate
2905 2922 3229 2964 reversuros
3279 2921 3407 2964 esse

1802 3004 1854 3059 in
1885 3003 2222 3067 Jerusalem;
2254 3004 2459 3073 quibus
2505 3003 2808 3073 Apostolus
2838 3003 3248 3060 comminatur:
3281 2999 3406 3056 Iam

1802 3096 2025 3150 saturati
2057 3097 2200 3160 estis,
2221 3098 2339 3166 jam
2362 3096 2550 3149 divites
2578 3096 2703 3167 facti
2733 3097 2876 3160 estis,
2908 3097 3020 3150 sine
3043 3094 3190 3150 nobis
3219 3111 3408 3167 regna-

1804 3189 1935 3253 stis;
1965 3198 2011 3242 et
2045 3190 2240 3242 utinam
2263 3189 2573 3259 regnaretis,
2607 3198 2662 3243 ut
2689 3198 2736 3244 et
2767 3205 2862 3244 nos
2880 3206 3212 3262 reguaremus
3235 3187 3404 3245 vobis-

119 3281 206 3352 las,
247 3300 342 3342 cur
386 3303 558 3343 ausus
596 3285 669 3340 sit
700 3285 972 3354 PrOpheta
1002 3285 1247 3340 scribere
1288 3286 1601 3346 veritatem,
1647 3273 1772 3338 etC
1808 3298 1924 3335 rum
1950 3279 2119 3352 (lCor.
2149 3299 2220 3346 tv,
2249 3281 2338 3354 8)!

183 3443 206 3502 (ι
241 3429 486 3502 Cislerc.,
525 3431 734 3502 scripta:
761 3441 907 3485 erant
935 3430 1118 3484 littera:
1136 3427 1400 3494 Jeremite,
1425 3437 1532 3484 etc.

181 3501 208 3543 δ
243 3499 421 3560 Graece
474 3507 523 3559 si
564 3497 792 3563 ἴσῖτησαν
836 3506 886 3558 ἐν
925 3510 990 3577 τῇ
1037 3502 1334 3558 ὑποστάσει
1377 3522 1498 3573 μου.
1549 3497 1705 3556 Unde

1809 3428 2016 3486 Victor.
2050 3426 2288 3498 plurium
2320 3439 2549 3480 numero
2591 3424 2694 3496 legi
2726 3423 2842 3479 vult
2876 3424 3151 3479 stetissent.

132 3628 2858 3653 W—

1135 3781 1616 3891 LIBER
1693 3777 2352 3891 SEXTUS.

193 4055 679 4134 1051-1052
743 4056 1035 4113 Prolixitas
1089 4055 1386 4112 voluminis
1451 4057 1705 4113 Ieremia:

132 4149 383 4212 propheta:
430 4154 602 4206 vincit
648 4159 896 4206 nostrum
946 4149 1314 4219 propositum,
1355 4158 1413 4203 ut
1455 4150 1704 4218 quamvis

129 4233 363 4309 breviter,
413 4254 596 4300 tamen
630 4244 799 4299 multa
839 4243 1106 4298 dicamus.
1153 4240 1309 4297 Unde
1358 4250 1412 4296 et
1459 4256 1704 4312 praesens

131 4339 294 4386 sextus
332 4334 470 4391 liber
508 4335 1050 4392 Commentariorum
1090 4333 1146 4388 in
1185 4333 1475 4389 Jeremiam
1517 4347 1704 4403 repro-

132 4422 393 4483 missiones
425 4431 688 4501 mysticas
733 4428 1060 4493 continebit,
1102 4442 1239 4498 quas
1282 4425 1454 4481 Judtei
1486 4433 1703 4494 putant,

134 4521 181 4566 et
207 4520 365 4575 noswi
392 4521 739 4592 judaizantes
771 4523 823 4574 in
854 4519 1335 4576 consummatione
1366 4517 1556 4574 mundi
1586 4533 1708 4574 esse

137 4613 460 4680 complendas
487 4635 500 4672 :
538 4616 790 4672 necdum
821 4619 964 4672 enim
1008 4614 1114 4670 sub
1143 4614 1450 4670 Zorobabel
1481 4621 1714 4682 possunt

138 4703 358 4768 exuletas
388 4712 740 4768 convincere.
777 4709 886 4765 Nos
913 4721 1097 4765 autem
1135 4718 1432 4780 sequentes
1472 4692 1713 4764 auctori-

141 4799 284 4851 tatem
331 4802 717 4874 Aposmlorum
751 4813 807 4859 et
839 4803 1338 4873 Evangelistarum,
1369 4812 1426 4857 et
1473 4803 1711 4858 maxime

1814 4055 2064 4118 brabam.
2115 4055 2184 4112 de
2215 4055 2412 4126 quibus
2455 4055 2724 4125 scriptum
2753 4065 2839 4114 est
2865 4074 2878 4110 :
2909 4056 3103 4113 Potens
3150 4069 3225 4115 est
3268 4057 3412 4119 Deus

1816 4153 1878 4206 de
1917 4150 2187 4218 lapidibus
2218 4151 2333 4204 istis
2360 4150 2614 4204 suscitare
2631 4151 2771 4223 ﬁlios
2795 4151 3056 4207 Abraham
3082 4153 3298 4226 (Matth.
3326 4172 3410 4222 Ill,

1813 4243 1978 4314 9),ad
2012 4258 2174 4312 quem
2210 4240 2349 4296 facta
2383 4251 2465 4296 est
2499 4243 2857 4312 repromissio
2885 4261 2897 4298 :
2931 4242 3002 4298 Et
3032 4246 3084 4299 in
3113 4247 3307 4302 semine
3329 4257 3420 4303 tuo

1813 4338 2178 4394 benedicentur
2225 4353 2400 4392 omnes
2450 4347 2626 4410 gentes
2685 4335 2843 4410 (Gen.
2890 4355 3032 4406 χχιι,
3086 4341 3199 4413 18).
3247 4342 3420 4408 Quam

1814 4431 2258 4487 benedictionem
2290 4445 2384 4483 vas
2436 4430 2727 4486 electionis
2780 4431 2835 4486 in
2883 4431 3102 4488 Christo
3150 4435 3421 4504 expletam

1811 4526 2055 4581 docens:
2098 4523 2224 4578 Non
2270 4524 2424 4588 dixit,
2463 4524 2664 4591 inquit,
2703 4527 2756 4580 in
2783 4527 3091 4596 santinibus,
3129 4531 3220 4584 sed
3245 4531 3297 4583 in
3339 4548 3421 4584 sc-

1812 4619 1968 4675 mine.
1999 4619 2088 4690 qui
2121 4629 2194 4672 est
2222 4616 2462 4672 Christus
2487 4616 2633 4690 (Gal.
2674 4635 2757 4679 In.
2787 4618 2900 4690 16).
2936 4620 3043 4676 Ora
3076 4621 3264 4691 igitur,
3309 4621 3421 4676 fra-

1815 4720 1898 4766 ter
1950 4711 2169 4777 Eusebi,
2223 4711 2513 4766 Dominum
2545 4710 2736 4766 Jesnm
2785 4711 3088 4781 Christum,
3138 4724 3194 4768 ιιι
3234 4713 3426 4770 eodem

1817 4804 2006 4859 labore
2055 4812 2111 4859 et
2157 4804 2394 4874 Spiritus
2439 4805 2654 4872 gratia,
2704 4821 2815 4875 quo
2859 4805 3092 4861 aliorum
3126 4808 3427 4877 propheta-

142 4895 348 4954 aPOSIOIi
406 4897 594 4965 Pauli,
642 4897 907 4968 quidquid
958 4895 1159 4964 papula
1206 4894 1374 4951 Israel
1420 4896 1716 4950 carnaliter
1741 4883 1793 4944 Ι)
1820 4912 1963 4960 rum,
2002 4905 2055 4952 et
2089 4895 2366 4967 praecipue
2396 4897 2550 4952 I~aiaa
2584 4897 3046 4967 repromissiones
3079 4900 3438 4970 interpretati

142 4986 542 5056 repromittitur,
570 4991 626 5044 in
658 4989 818 5044 nobis
847 4987 1213 5058 spiritualiter
1242 4987 1574 5056 completum
1598 5002 1721 5043 esse

144 5082 506 5150 monstramus,
543 5081 820 5151 hodieque
844 5079 1110 5150 compleri
1144 5097 1156 5132 :
1194 5094 1294 5133 nec
1327 5079 1472 5133 inter
1501 5079 1723 5136 Judteos

143 5170 189 5212 et
215 5160 541 5229 Christianos
573 5173 743 5228 ullum
768 5173 915 5227 aliud
949 5186 1073 5227 esse
1097 5179 1406 5235 certamen,
1439 5172 1542 5226 nisi
1580 5171 1721 5226 hoc:

145 5263 377 5318 "l'cum
437 5267 513 5322 illi
555 5281 765 5338 nosque
826 5266 1120 5322 credamus
1156 5264 1436 5320 Christum
1487 5263 1584 5319 Dei
1635 5263 1728 5320 Fi-

146 5343 260 5404 lium
304 5363 726 5428 repromissum;
775 5371 832 5417 et
883 5376 984 5426 ea,
1035 5376 1156 5428 quas
1219 5369 1348 5415 sunt
1395 5358 1571 5414 futura
1621 5358 1724 5414 sub

146 5433 341 5499 Christo
368 5464 399 5505 a
431 5453 587 5509 nobis
615 5454 856 5523 expleta.
896 5453 965 5506 ab
1009 5453 1116 5506 illis
1145 5451 1413 5518 extulenda
1445 5451 1720 5507 dicantur.

148 5527 235 5592 Qui
281 5535 383 5610 [Αἰ.
416 5543 574 5620 Quia]
623 5545 788 5614 igitur
814 5543 1093 5599 Christum
1139 5544 1360 5598 venisse
1386 5543 1496 5608 jam
1545 5542 1723 5596 credi-

149 5634 277 5690 mus,
326 5648 542 5693 necesse
589 5646 676 5694 est
722 5645 780 5693 ut
825 5652 911 5703 ea,
962 5653 1083 5709 qua}
1126 5635 1228 5692 sub
1267 5632 1490 5690 Christo
1543 5633 1721 5690 futura

151 5711 404 5792 dicuntur,
435 5731 647 5802 expleta
684 5730 1018 5796 doceamus;
1053 5743 1263 5800 nosque
1288 5741 1410 5784 esse
1456 5725 1600 5783 ﬁlios
1645 5729 1718 5782 A-

221 5885 239 5914 ·
280 5877 513 5945 Cisterc.
556 5907 686 5960 ms.,
721 5901 774 5944 ut
805 5905 923 5945 cum
943 5887 1054 5943 illis
1082 5901 1173 5940 nos
1204 5882 1496 5951 credamus,
1526 5891 1634 5939 etc.

1823 5006 2034 5057 sumus,
2067 4990 2230 5046 etiam
2265 4989 2429 5061 hujus
2461 4991 2744 5062 propheta:
2775 4993 3075 5060 esplanare
3120 4995 3426 5052 Valeamus.

1825 5085 1926 5153 Qui
1977 5093 2241 5152 quantum
2289 5083 2342 5137 in
2394 5084 2580 5138 verbis
2623 5083 2856 5153 simplex
2895 5085 3116 5142 videtur
3147 5097 3204 5144 et
3233 5087 3432 5155 facilis,

1830 5185 2038 5232 tantum
2089 5177 2141 5231 in
2185 5175 2472 5246 majestate
2517 5189 2782 5232 sensuum
2833 5179 3296 5249 profundissimus
3327 5191 3434 5238 est.

1907 5353 1925 5425 (
1957 5351 2094 5422 Cap.
2148 5351 2321 5408 XXX.
2343 5381 2416 5394 —
2437 5351 2593 5408 Vcrs.
2628 5355 2652 5407 1
2692 5353 2873 5426 seqq.)
2901 5355 3015 5409 Iloc
3047 5355 3274 5419 verbum,
3298 5357 3439 5423 quod

1833 5448 2031 5517 factum
2073 5456 2152 5501 est
2175 5447 2244 5500 ad
2292 5446 2579 5503 Jeretniam
2599 5445 2896 5514 aDomino,
2919 5449 3094 5503 (licens
3118 5467 3136 5503 :
3160 5447 3212 5503 Η
3217 5464 3290 5502 a'c
3311 5449 3439 5502 dicit

1837 5539 2107 5605 Dominus,
2135 5539 2276 5593 Deus
2291 5537 2486 5607 Israel,
2512 5539 2688 5595 dicens
2713 5557 2732 5594 :
2755 5539 2937 5596 Scribe
2954 5541 3047 5594 tibi
3079 5541 3250 5596 omnia
3265 5541 3441 5607 verba,

1831 5649 1946 5704 qua’
1966 5633 2172 5688 locutus
2194 5650 2310 5688 sum
2332 5635 2402 5688 ad
2425 5644 2494 5701 te,
2522 5636 2574 5688 in
2592 5633 2745 5688 libro.
2763 5631 2899 5688 Ecce
2910 5634 3046 5688 enim.
3067 5634 3181 5690 dies
3203 5635 3439 5702 veniunt,

1831 5725 1960 5780 dicit
1995 5725 2268 5792 Dominus,
2300 5734 2348 5782 et
2370 5736 2666 5783 convertam
2689 5725 3074 5782 conversionem
3116 5725 3302 5799 populi
3342 5728 3443 5783 mei
