3972 6310
584 287 694 352 867

1859 284 1917 341 s.
1962 270 2230 340 unseen
2258 262 2640 339 utenozvvui
3793 265 3878 338 tu

582 413 752 469 Israel
782 419 829 464 et
856 407 1023 475 Judu,
1064 405 1139 462 ait
1173 402 1427 459 Dominus
1450 411 1500 470 ι,
1534 410 1582 459 et
1608 409 1907 459 convertam
1934 417 2020 457 eos
2040 399 2189 472 (sive
2216 408 2268 467 Α
2296 403 2514 465 tempus
2560 394 2766 467 gaudii.
2820 396 2993 463 Cum,
3041 395 3238 468 inquit,
3295 404 3449 452 tanta
3507 380 3878 468 praecesserint

579 505 758 560 sedere
783 499 998 573 faciam)
1041 498 1096 552 in
1122 506 1284 562 terra,
1311 511 1468 567 quam
1500 494 1619 550 dedi
1651 494 1887 566 patribus
1914 509 2112 561 eorum,
2145 501 2194 546 et

583 591 921 667 possidebunt
949 606 1080 647 eam.
1114 587 1576 644 Promittentibus
1596 585 1650 641 in
1675 586 2005 658 Babylonem
2035 598 2194 655 pseu-

581 684 950 757 doprophetis
985 682 1200 759 1053
1229 682 1339 738 cito
1374 683 1658 751 populum,
1701 680 1796 750 qui
1829 693 1953 735 tum
1997 676 2194 734 Jccho-

578 778 665 837 niu
696 788 889 848 captus
919 776 1122 841 fuerat,
1159 789 1536 837 reversurum,
1567 781 1618 827 et
1648 772 1861 829 Anania
1892 771 2009 826 lilio
2044 772 2193 825 Azur

582 876 640 934 in
667 874 978 933 Jerusalem
1004 874 1193 929 eadem
1222 871 1581 942 praedicante,
1609 868 1877 926 Jeremias
1904 866 2190 939 propheta,

586 977 645 1027 et
671 967 804 1025 illud
836 966 1058 1039 quidem
1111 967 1356 1022 laturum
1402 963 1662 1029 asseruit,
1695 977 1803 1018 non
1850 960 1992 1017 intra
2038 961 2195 1016 hien-

582 1062 759 1128 nium,
792 1070 854 1118 ιιι
879 1058 961 1116 illi
1011 1058 1445 1123 mentiebantur,
1488 1056 1585 1113 sed
1631 1056 1800 1112 linitis
1845 1055 2191 1125 septuaginta

583 1156 745 1213 annis
788 1172 802 1211 :
836 1163 893 1212 et
925 1164 1055 1210 tunc
1091 1152 1313 1224 iubetur
1339 1151 1394 1207 in
1424 1150 1571 1207 libro
1597 1150 1861 1216 scribere,
1886 1156 1943 1205 et
1983 1162 2195 1204 memo-

584 1249 683 1307 riae
716 1247 965 1313 tradere,
1008 1261 1130 1316 qua:
1160 1243 1430 1301 Dominus
1459 1253 1687 1300 ventura
1732 1240 2079 1312 pranuntiet.
2112 1239 2192 1297 Ex

583 1355 694 1412 quo
736 1338 1086 1395 manifestum
1135 1347 1243 1404 est,
1291 1350 1636 1407 nequaquam
1686 1335 1923 1390 vicinum
1977 1342 2191 1402 tempus

582 1447 707 1493 esse
732 1432 998 1498 Vaticinii,
1028 1431 1126 1489 sed
1153 1430 1325 1486 multa
1351 1439 1473 1500 post
1490 1439 1737 1499 tempora
1764 1427 1883 1484 haec
1898 1426 2188 1497 explenda,

585 1526 809 1597 quando
857 1525 1026 1581 Israel
1074 1532 1131 1580 et
1173 1521 1311 1579 Juda
1374 1522 1655 1578 reversuri
1701 1529 1827 1578 sunt
1873 1521 1925 1577 in
1987 1529 2189 1575 terrain

586 1633 766 1684 suam,
798 1627 855 1673 et
886 1616 1221 1687 implendum
1266 1614 1401 1671 illud
1434 1614 1581 1686 quod
1615 1612 1873 1671 Ezechiel
1901 1614 2194 1685 pmpheta-

581 1712 658 1766 vit
689 1728 703 1767 :
738 1710 875 1769 duas
904 1711 1086 1780 virgas
1115 1708 1220 1765 sibi
1253 1707 1457 1778 pariter
1501 1706 1860 1777 cepulandas,
1910 1714 1969 1761 et
2014 1704 2189 1778 impe-

2296 489 2462 557 mala,
2499 497 2559 544 ιιι
2583 488 2744 546 dolor
2769 489 3014 546 virorum
3039 489 3283 545 omnium
3323 488 3506 545 dolori
3543 491 3879 559 parturientis

2296 579 2521 638 feminae
2542 593 2894 653 comparetur
2922 598 2937 637 :
2964 591 3146 638 tamen
3172 591 3387 653 tempus
3419 582 3883 640 tribulationis!»

2294 674 2420 741 cob,
2451 674 2557 732 hoc
2580 685 2691 744 est,
2722 676 2907 748 populi
2933 676 3033 733 Dei
3064 676 3363 733 mutabitur
3412 678 3471 734 iu
3505 688 3778 751 praspers
3799 696 3815 745 ;
3839 689 3883 737 et

2301 781 2371 824 ex
2396 767 2517 838 ipso
2540 783 2761 840 quoque
2782 769 3107 835 salvabitur.
3138 769 3468 827 subauditur
3497 779 3784 843 tempore,
3825 772 3881 828 de

2294 876 2404 930 quo
2430 877 2615 917 sermo
2640 872 3007 933 processerat.
3042 862 3215 920 Jacob
3252 875 3436 921 autem
3488 863 3781 919 duodecim
3802 866 3882 920 tri-

2292 952 2699 1027 busintellige,
2732 973 2856 1027 quas
2894 971 3242 1029 nequaquam
3284 958 3389 1013 sub
3433 957 3777 1024 Zombabsl,
3833 967 3879 1013 ut

2293 1052 2545 1107 nonnulli
2574 1051 2716 1110 falso
2746 1063 2972 1125 putant;
3004 1054 3102 1111 sed
3132 1053 3203 1111 de
3232 1054 3579 1126 Evangelica
3610 1056 3880 1111 vocatione

2293 1146 2517 1203 salvat:
2538 1157 2692 1204 sunt.

2366 1238 2556 1312 (Vere.
2590 1242 2647 1308 8,
2679 1239 2765 1312 9.)
2792 1240 2858 1299 Et
2874 1242 2969 1298 erit
2999 1243 3054 1297 in
3072 1243 3158 1298 die
3186 1241 3305 1308 illa,
3333 1242 3409 1297 ait
3422 1241 3687 1298 Dominus
3704 1245 3883 1298 exerci-

2295 1344 2463 1403 tuum,
2496 1345 2766 1391 conteram
2782 1340 2977 1411 jugum
2999 1340 3113 1410 ejus
3146 1338 3211 1393 de
3229 1336 3370 1392 collo
3392 1348 3508 1406 tuo,
3532 1349 3582 1394 et
3604 1338 3809 1394 vincula
3825 1340 3882 1393 il-

2294 1429 2395 1483 lius
2445 1428 2774 1500 disrumpunt
2797 1445 2817 1484 :
2838 1440 2887 1486 et
2934 1448 3039 1485 non
3087 1431 3585 1487 dominabuntureis
3613 1430 3796 1505 [ang.
3822 1433 3885 1504 ei)

2292 1522 2520 1592 amplius
2542 1521 2723 1588 alieni,
2755 1523 2845 1578 sed
2868 1525 3091 1578 servient
3110 1523 3255 1597 (sive
3274 1523 3652 1597 operabuntur)
3677 1524 3885 1580 Domina

2295 1613 2407 1670 Deo
2434 1631 2552 1683 suo,
2584 1625 2633 1670 et
2665 1614 2835 1670 Dauid
2866 1616 2977 1689 regi
3003 1632 3121 1682 suo,
3148 1632 3300 1688 quem
3339 1619 3613 1673 suscitabo
3637 1620 3734 1673 eis.
3789 1618 3883 1674 Iste

2294 1716 2382 1763 est
2414 1706 2620 1776 David,
2650 1707 2806 1779 cujus
2831 1717 2887 1766 et
2933 1709 3290 1780 Evangelium
3351 1710 3605 1765 meminit
3653 1709 3883 1784 (Luat),

581 1815 830 1865 ratorum
881 1804 1049 1859 David
1099 1816 1304 1873 regem,
1356 1801 1426 1857 de
1472 1816 1581 1871 quo
1629 1799 1824 1857 scribit
1854 1817 1867 1854 :
1909 1797 1979 1854 Et
2019 1815 2194 1855 servus
2224 1799 2271 1860 B
2301 1803 2559 1857 daturum
2596 1818 2658 1859 se
2680 1803 2861 1871 nobis,
2889 1814 2944 1858 Ill
2973 1805 3093 1859 sine
3121 1805 3318 1860 timore
3342 1804 3415 1861 de
3445 1820 3613 1860 manu
3652 1807 3886 1861 inimico-

583 1916 729 1957 meus
771 1898 942 1953 David
990 1914 1083 1954 rea:
1121 1913 1281 1968 super
1322 1913 1429 1961 eos,
1484 1906 1531 1951 et
1561 1904 1741 1963 pastor
1778 1911 1912 1950 unus
1940 1896 2037 1950 erit
2081 1911 2193 1949 om—

598 1992 743 2047 nium
809 2007 987 2048 eorum
1040 1988 1262 2062 (Ezech.
1314 2004 1539 2053 sum,
1571 1988 1706 2059 24).
1749 1988 1809 2045 Si
1855 1989 1984 2060 quid
2030 1990 2195 2060 igitur

581 2084 654 2140 in
687 2084 782 2141 illa
840 2081 1130 2153 prophetia
1159 2082 1405 2138 diximus
1430 2121 1446 2147 ,
1482 2080 1646 2138 etiam
1671 2082 1724 2137 in
1765 2082 2019 2151 praesenti
2068 2081 2190 2137 loco

581 2174 1001 2246 intelligendum
1056 2183 1178 2239 est,
1234 2174 1541 2244 praesertim
1586 2190 1710 2231 cum
1741 2173 1971 2239 eadem,
2021 2185 2078 2230 et
2122 2188 2190 2230 eo

590 2277 843 2339 tempore
869 2267 1117 2325 Ezechiel
1146 2267 1198 2323 in
1232 2266 1534 2339 Babylone,
1562 2276 1619 2325 et
1643 2267 1915 2325 Jeremias
1947 2267 2000 2323 in
2031 2266 2193 2324 Jeru-

591 2361 766 2418 salem
822 2360 1294 2432 prophetaverint.

659 2454 847 2528 (Vere.
880 2454 915 2513 4
948 2455 1136 2525 seqq.)
1164 2452 1234 2510 Et
1256 2456 1367 2511 hac
1398 2454 1573 2521 verba,
1604 2469 1719 2526 quis
1740 2452 1945 2509 locutus
1980 2463 2054 2511 est
2082 2452 2193 2509 Do-

586 2548 761 2607 minus
788 2548 858 2602 ad
881 2545 1056 2603 Israel
1081 2556 1129 2605 st
1153 2551 1223 2601 ad
1243 2545 1279 2601 J
1285 2547 1465 2615 udam,
1497 2548 1748 2619 quoniam
1772 2545 1884 2603 lues
1911 2545 2039 2601 dicit
2082 2545 2193 2602 Do-

586 2642 759 2699 minus
792 2656 810 2695 :
849 2639 1041 2696 Vocem
1070 2639 1283 2695 terroris
1310 2640 1448 2707 (sivo
1480 2640 1705 2709 timoris)
1735 2637 2055 2704 audiuimus,
2078 2638 2190 2709 [or-

585 2735 749 2800 mide,
781 2741 831 2789 et
873 2749 978 2788 non
1004 2741 1076 2787 est
1109 2748 1233 2803 pas.
1268 2730 1599 2804 lnterroyals
1645 2739 1697 2787 et
1726 2730 1892 2787 videte
1914 2733 1959 2787 si
1984 2739 2193 2802 generat

593 2826 880 2887 masculus.
909 2825 1082 2892 Quare
1116 2840 1239 2895 ergo
1285 2824 1393 2879 vidi
1420 2824 1589 2881 omnis
1636 2824 1733 2879 uiri
1768 2840 1981 2879 manum
2036 2840 2193 2895 super

585 2918 790 2975 lutnbos
820 2935 944 2974 suos
981 2919 1132 2989 quasi
1173 2919 1425 2990 parientis
1451 2916 1637 2990 (Vulg.
1689 2916 2093 2991 parturientis],
2144 2927 2189 2972 et

589 3029 854 3074 convertar
897 3022 1020 3069 sunt
1064 3013 1322 3071 universa
1371 3013 1532 3082 [aries
1578 3015 1633 3068 in
1675 3014 2018 3083 auruginem?
2071 3012 2195 3069 Pri-

2293 1912 2417 1953 rum
2441 1907 2763 1953 nostrorum
2791 1897 3033 1966 liberati,
3070 1902 3382 1956 serviamus
3405 1899 3488 1955 illi
3526 1915 3543 1966 ;
3598 1901 3653 1956 in
3700 1902 3887 1957 sancti-

2296 1998 2409 2047 tate
2434 1999 2492 2047 et
2513 1991 2731 2062 justitia
2755 2006 2947 2048 coram
2979 1992 3101 2064 ipso
3128 1994 3395 2049 omnibus
3425 1994 3625 2051 diebus
3671 1997 3881 2052 nostris.

2293 2084 2584 2153 Quomodo
2613 2086 2759 2140 enim
2788 2085 2999 2155 primus
3058 2086 3265 2151 Adam,
3297 2096 3355 2142 et
3394 2087 3677 2143 secundus
3721 2088 3879 2143 Adam

2292 2176 2609 2233 scribuntur
2646 2176 2803 2247 juxta
2855 2177 3107 2248 corporis
3158 2177 3487 2246 veritatem;
3519 2180 3602 2235 sic
3635 2192 3692 2237 et
3724 2181 3878 2235 David

2296 2272 2557 2328 Dominus
2581 2283 2743 2342 atque
2771 2273 3031 2330 Salvator
3056 2291 3068 2327 :
3098 2275 3224 2346 quia
3245 2275 3400 2343 juxta
3427 2289 3659 2330 carnem
3687 2291 3753 2331 es
3782 2275 3878 2332 Ds-

2295 2367 2407 2434 vid,
2446 2375 2626 2423 totum
2660 2369 2713 2423 lu
2741 2385 2809 2424 eo
2840 2379 3031 2424 sancta
3057 2368 3227 2424 Maria
3258 2367 3606 2436 cmtferente,
3630 2368 3876 2441 quidquid

2294 2457 2397 2514 fuit
2422 2475 2488 2515 ex
2544 2461 2717 2530 stirpe
2750 2462 2919 2516 David
2948 2506 2963 2528 ,
3027 2470 3082 2517 et
3138 2461 3375 2517 habente
3417 2463 3688 2534 originem
3729 2472 3879 2532 atque

2291 2562 2621 2622 conceptum
2648 2552 2718 2608 de
2759 2552 2973 2624 Spiritu
3004 2564 3219 2609 sancto.
3262 2553 3537 2625 Quodque
3559 2556 3637 2608 ait
3668 2573 3680 2608 :
3708 2551 3880 2608 Conte-

2294 2664 2409 2702 ram
2429 2651 2624 2722 jugnm
2645 2650 2758 2720 ejus
2784 2649 2847 2703 de
2885 2649 3019 2704 collo
3041 2658 3151 2716 tuo,
3201 2657 3249 2702 et
3275 2648 3483 2702 uincula
3505 2648 3654 2704 illius
3672 2647 3880 2703 disrum-

2296 2756 2439 2809 punt,
2468 2755 2577 2796 non
2608 2741 2863 2802 dubium.
2896 2743 3029 2812 quin
3069 2741 3177 2797 sub
3204 2748 3337 2814 typo
3381 2739 3879 2798 Nabuchodonosor

2295 2832 2364 2889 de
2382 2832 2606 2889 diabolo
2633 2834 2988 2890 sentiendum
3023 2833 3115 2889 sit.

2366 2924 2551 2999 (Vers.
2582 2925 2815 2997 10,14.)
2849 2926 2925 2982 Tu
2948 2943 3157 2999 ergone
3189 2927 3394 2993 timeas,
3436 2943 3586 2983 serae
3622 2944 3759 2984 meus
3794 2928 3880 2984 Ja-

2293 3019 2410 3085 cob,
2439 3018 2512 3073 ait
2536 3016 2830 3085 Dominus;
2861 3034 3025 3090 neque
3050 3035 3261 3091 pauens,
3290 3016 3482 3074 Israel.
3511 3020 3653 3088 Quia
3669 3035 3778 3075 ecce
3796 3035 3877 3093 ego

587 3122 737 3165 mum
771 3107 951 3165 tristia
977 3106 1400 3172 attnuntiantur,
1431 3114 1491 3161 nt
1523 3112 1646 3175 post
1675 3106 1947 3163 malorum
1978 3105 2191 3176 magni-
2294 3110 2495 3166 salvum
2519 3120 2567 3165 te
2588 3109 2781 3175 faciam
2821 3112 2886 3167 de
2912 3124 3055 3167 terra
3080 3112 3369 3184 longinqua
3391 3152 3407 3180 ,
3436 3121 3485 3165 et
3529 3129 3707 3168 semesi
3744 3121 3876 3167 tatus

591 3199 862 3267 tudinem,
890 3199 1010 3253 laeta
1035 3198 1357 3254 succedant.
1391 3198 1615 3255 Gratior
1643 3200 1851 3270 quippe
1869 3198 2081 3255 sanitas
2104 3208 2191 3254 est
2215 3195 2259 3255 C
2294 3204 2358 3259 de
2383 3214 2523 3261 terra
2543 3206 2852 3279 captivitatis
2879 3222 3093 3272 eorum;
3111 3216 3164 3260 et
3205 3217 3491 3261 revertetur
3514 3206 3687 3262 Iacob
3704 3214 3781 3273 ,et
3807 3223 3876 3260 n-

587 3296 948 3365 ecgrotatinne
987 3293 1257 3364 depulsa;
1292 3305 1347 3350 et
1377 3293 1586 3349 doloris
1635 3293 1954 3365 magnitudo
1982 3298 2037 3349 in
2069 3309 2191 3349 ma-
2295 3298 2557 3365 quiescet,
2603 3307 2649 3352 et
2679 3299 2882 3356 cunctis
2928 3298 3149 3369 alfluent
3194 3298 3366 3365 bonis,
3393 3308 3440 3354 et
3471 3315 3576 3353 non
3605 3301 3699 3354 erit
3743 3316 3873 3371 quem

585 3389 934 3461 gnitutlinem
962 3388 1198 3443 vertitur
1222 3388 1574 3459 gaudiorum.
1613 3386 1771 3455 Quod
1823 3395 2005 3442 autem
2035 3386 2189 3455 dicit,
2296 3390 2841 3465 formidet:quoniam
2880 3401 3049 3451 tecum
3090 3410 3185 3468 ego
3205 3410 3345 3462 sum,
3383 3393 3458 3449 ait
3512 3393 3787 3460 Dentis”,
3825 3407 3869 3447 tt!

589 3482 698 3540 hoc
719 3492 841 3551 est,
893 3490 1076 3537 tantus
1103 3482 1212 3538 erit
1243 3483 1407 3536 timor
1431 3523 1445 3547 ,
1490 3490 1755 3552 tantaque
1809 3480 2048 3537 formido
2075 3521 2090 3546 ,
2133 3490 2195 3535 ut
2293 3480 2488 3534 salvom
2526 3492 2592 3537 le.
2620 3479 2840 3537 Faciam
2877 3483 3013 3538 enim
3051 3487 3547 3542 consummationem
3597 3489 3653 3541 in
3699 3484 3871 3540 mutis

588 3577 771 3648 fugata
805 3591 962 3647 pace,
984 3575 1150 3631 bellis
1172 3584 1230 3631 et
1267 3574 1537 3645 sanguine
1568 3574 1754 3629 omnia
1786 3573 2191 3645 compleantur,

587 3678 642 3723 et
672 3671 820 3722 viros
856 3683 1074 3737 quoque
1107 3669 1366 3737 (quorum
1403 3668 1687 3737 preprium
1715 3677 1802 3729 est
1848 3678 2039 3727 contra
2096 3667 2194 3725 ad-

588 3760 867 3815 versarios
898 3759 1190 3829 dimicare)
1224 3760 1509 3815 muliebris
1544 3761 1705 3816 timor
1757 3760 2043 3816 obtineat:
2079 3774 2196 3815 ma-

592 3868 806 3924 nusque
834 3867 1181 3923 nequaquam
1206 3853 1272 3908 ad
1299 3868 1479 3915 arma,
1508 3854 1604 3907 sed
1632 3852 1699 3907 ad
1733 3867 1896 3909 renes
1929 3854 2195 3910 tenendos

586 3945 897 4016 conferant,
931 3947 1087 4014 quasi
1133 3946 1177 4002 si
1209 3946 1411 4003 mulier
1446 3946 1668 4016 pariens
1722 3946 1812 4001 ilia
1858 3945 2191 4018 lumbosque

590 4045 899 4099 contineat.
942 4039 1099 4097 Unde
1138 4051 1192 4098 et
1229 4050 1557 4100 cunctorum
1599 4039 1769 4099 facies
1809 4051 2093 4099 vertentur
2136 4043 2191 4099 in

584 4139 937 4209 auruginetn,
972 4151 1235 4207 pavorem
1267 4136 1474 4206 cordis,
1504 4138 1684 4194 vultus
1717 4138 1927 4210 pallore
1980 4147 2192 4197 testan-

588 4239 692 4286 tes.
726 4229 958 4296 Quidam
986 4228 1132 4284 hunc
1170 4229 1348 4286 locum
1382 4230 1684 4287 secundum
1722 4230 2082 4303 tropologiant
2111 4230 2192 4289 sic

595 4324 1055 4396 interpretantur,
1080 4331 1358 4396 utpatent
1401 4323 1534 4380 illttd
1586 4324 1963 4381 testimonium
1991 4323 2079 4383 :A
2124 4325 2192 4380 ti-

588 4434 752 4484 more,
789 4427 901 4487 tuo,
935 4416 1183 4487 Domine,
1227 4418 1584 4489 concepimus,
1610 4427 1655 4474 et
1677 4419 2047 4491 parturivimus
2073 4462 2089 4486 ,
2141 4427 2189 4475 et

586 4512 881 4587 peperimus
912 4529 931 4567 :
958 4513 1201 4584 spiritum
1230 4510 1415 4569 salutis
1441 4522 1546 4569 tua:
1573 4511 1787 4585 fecimus
1815 4531 1968 4588 super
1997 4526 2187 4571 terram

2294 3575 2551 3646 gentibus,
2583 3575 2635 3628 in
2657 3576 2843 3646 quibus
2866 3576 3088 3647 dispersi
3114 3586 3182 3632 le.
3214 3576 3286 3632 Te
3308 3591 3479 3635 autem
3504 3596 3609 3634 non
3633 3581 3807 3651 faciam
3824 3579 3869 3631 in

2293 3671 2795 3730 comummationem
2816 3686 2835 3727 :
2858 3671 2948 3725 sed
2968 3673 3235 3746 castigabo
3273 3671 3412 3746 (sive
3441 3672 3704 3745 erudiam)
3747 3684 3791 3727 te
3824 3671 3869 3725 in

2285 3762 2513 3833 judicio,
2540 3773 2597 3817 ut
2623 3779 2726 3817 non
2750 3762 2845 3817 tibi
2863 3762 3088 3818 videaris
3126 3764 3369 3819 innoxius
3393 3763 3542 3835 (sive
3564 3771 3615 3819 et
3638 3763 3867 3818 mundam

2294 3873 2397 3912 non
2419 3857 2681 3912 mandabo
2706 3858 2799 3927 te).
2843 3857 2971 3913 llaec
2993 3863 3248 3935 περικοπή
3293 3860 3345 3913 in
3389 3858 3737 3931 Septuaginta
3774 3872 3864 3913 non

2301 3948 2552 4015 habetur,
2584 3959 2639 4005 et
2663 3950 2715 4005 in
2743 3949 3026 4021 plerisque
3045 3949 3332 4011 codicibus
3356 3950 3602 4025 Vulgata:
3639 3952 3866 4010 editionis

2295 4041 2397 4097 sub
2428 4043 2706 4099 nstt'riscis
2737 4041 2805 4099 de
2826 4042 3209 4101 Theodotione
3247 4043 3433 4101 addita
3460 4055 3570 4103 est.
3604 4039 3868 4103 PolliCrtut'

2294 4142 2475 4192 autem
2506 4151 2694 4191 sermo
2734 4135 2948 4193 divinus
2974 4178 2991 4204 ,
3022 4146 3079 4194 et
3103 4136 3447 4196 familiariter
3498 4138 3608 4211 [ΔΙ.
3656 4138 3869 4198 familiae

2294 4228 2437 4300 rem]
2469 4236 2631 4285 vocat
2662 4242 2884 4286 servum
2914 4243 3075 4287 suum
3123 4229 3336 4299 Jacob,
3391 4242 3447 4287 et
3490 4231 3697 4301 Israel,
3747 4232 3870 4290 sicut

2294 4322 2601 4387 Abraham,
2633 4323 2808 4393 Isaac,
2842 4333 2896 4381 et
2927 4323 3099 4381 Jacob
3135 4334 3402 4383 vocantur
3431 4327 3572 4383 servi
3600 4327 3698 4386 Dei
3719 4325 3870 4400 (loy-

2291 4431 2385 4475 scs
2404 4432 2625 4489 quoque
2647 4460 2663 4485 ,
2692 4428 2748 4475 et
2792 4417 2886 4476 alii
2916 4417 3195 4490 prophetia
3221 4459 3238 4487 ,
3268 4431 3330 4477 et
3351 4420 3644 4491 apostolus
3688 4420 3869 4479 Paulus

2292 4508 2348 4569 in
2380 4512 2650 4583 principio
2683 4511 3055 4581 Epistolarum
3100 4527 3327 4571 suarum
3361 4515 3465 4571 hoc
3493 4514 3661 4573 titulo
3680 4514 3867 4586 gloria.

586 4604 746 4679 (lsai.
782 4621 935 4673 xxvr,
962 4605 1053 4672 17.
1076 4603 1167 4679 l8)
1202 4649 1217 4674 ,
1263 4612 1319 4661 et
1368 4604 1501 4661 illud
1540 4604 1919 4676 Apostolicum
1976 4607 2029 4663 in
2079 4621 2188 4678 quo
2214 4594 2268 4655 Β
2291 4604 2646 4679 tur);uttlu:e
2675 4618 2731 4665 et
2758 4607 2949 4665 decem
2970 4607 3165 4674 tribus,
3188 4607 3367 4680 idpst,
3391 4607 3868 4669 duodecimaciaut

586 4697 719 4755 dicit
759 4714 774 4756 :
807 4695 995 4753 Filioli
1021 4698 1152 4764 mei,
1180 4714 1308 4769 quos
1341 4697 1530 4754 iterum
1559 4700 1823 4765 parturio,
1844 4700 2008 4757 donec
2035 4699 2185 4754 Chri-

582 4806 695 4855 stus
726 4798 981 4868 [armetur
1009 4795 1066 4849 in
1092 4793 1233 4849 vobis
1259 4790 1463 4865 (Galat.
1490 4808 1565 4861 tv,
1604 4794 1716 4866 l9),
1773 4792 1903 4853 huic
1930 4794 2187 4865 exemplo

581 4888 896 4958 comparari
932 4905 946 4944 :
975 4889 1119 4959 quod
1175 4887 1525 4943 manifestum
1550 4897 1638 4945 est
1668 4903 1776 4947 non
1801 4887 1867 4947 ad
1892 4895 2183 4957 terrorem,

584 4982 681 5037 sed
718 4981 782 5039 ad
816 4981 1072 5053 gaudium
1095 4981 1402 5052 pertinere,
1451 4995 1578 5038 cum
1611 4995 1861 5053 presens
1901 4980 2187 5053 Scriptura

580 5073 913 5131 vastationis
938 5073 1128 5139 Israel,
1158 5084 1211 5128 et
1257 5074 1431 5130 ruina:
1461 5084 1679 5148 tempus
1709 5074 2001 5146 signiticet.

650 5167 838 5239 (Vers.
867 5167 947 5236 7.)
985 5164 1077 5221 Va:
1106 5167 1227 5235 quia
1254 5184 1441 5240 magna
1464 5167 1573 5221 dies
1604 5166 1735 5233 illa,
1768 5183 1862 5221 nec
1887 5176 1964 5222 est
1992 5166 2182 5222 similis

577 5265 711 5338 ejus,
756 5270 1058 5334 (anpusque
1084 5259 1436 5319 tribulationis
1462 5270 1539 5319 est
1557 5259 1745 5326 Iacob,
1775 5268 1821 5315 et
1850 5261 2048 5332 exipso
2072 5261 2182 5318 εαι-

574 5355 1083 5415 vabitur.Pr:ndicit
1116 5364 1332 5426 tempus
1361 5353 1623 5423 miserim,
1658 5352 1875 5428 1055
1896 5365 1953 5417 ιιι
1978 5353 2182 5413 inierat

647 5555 673 5582 ἰ
716 5544 772 5603 1η
816 5543 943 5601 aliis
997 5540 1152 5600 libris
1198 5538 1414 5599 additur
1465 5537 1625 5597 Deus.
1680 5537 1850 5597 Porro
1896 5533 2174 5597 Victorius

571 5631 671 5693 pro
702 5616 756 5671 in
785 5625 946 5683 terra,
974 5611 1265 5684 legendum
1289 5626 1412 5667 cum
1440 5610 1675 5685 Vulgata
1706 5610 1776 5663 ad
1806 5617 2000 5693 terram
2039 5620 2173 5667 con-

569 5687 768 5775 tendit,
796 5724 919 5763 cunt
952 5714 1009 5761 et
1034 5706 1087 5761 in
1115 5704 1351 5761 Hebraeo
1382 5704 1592 5777 legatur
1619 5687 1913 5791 vitm-'51s,
1954 5710 2012 5757 et
2041 5714 2173 5757 con-

570 5814 767 5871 gruere
813 5798 974 5851 lectio
1023 5798 1217 5852 debeat.
1258 5813 1381 5851 cum
1434 5796 1604 5853 verbo
1628 5804 1946 5852 convertam.
1981 5793 2170 5851 Addit-

2288 4714 2349 4755 se
2370 4698 2437 4755 de
2468 4706 2620 4755 terra
2654 4698 2955 4772 longinqua
2995 4715 3121 4758 esse
3142 4700 3462 4770 salvandas,
3487 4712 3545 4761 et
3567 4702 3867 4763 solvendam

2287 4791 2679 4863 captivitatem,
2705 4791 3155 4862 reddendamque
3177 4808 3391 4864 pacem,
3425 4803 3486 4852 et
3509 4794 3659 4851 omni
3679 4808 3770 4852 cas
3797 4810 3868 4850 rc-

2291 4884 2525 4956 plendas
2547 4884 2907 4953 abundantia,
2933 4886 3089 4958 juxta
3108 4886 3241 4945 illud
3264 4886 3411 4960 qutd
3443 4888 3498 4943 in
3520 4889 3731 4960 psalmo
3750 4885 3869 4947 dici-

2289 4989 2378 5037 tur
2406 4997 2421 5055 ξ
2453 4978 2577 5037 Fiat
2610 4980 2822 5054 1055
2844 4997 2953 5049 pas:
2976 4982 3030 5037 in
3053 4982 3240 5037 uirtute
3260 4990 3355 5039 tua
3371 5023 3389 5049 ,
3425 4991 3477 5038 st
3496 4982 3865 5041 abundantiam

2289 5073 2518 5129 turribus
2547 5073 2648 5128 tuis
2676 5071 2855 5144 (Paul.
2887 5089 3045 5140 om,
3077 5075 3155 5145 7).
3188 5073 3305 5132 Hoc
3350 5083 3537 5133 autem
3576 5075 3684 5135 erit
3710 5118 3731 5143 ,
3756 5075 3866 5144 quia

2290 5165 2582 5237 praeputia
2601 5165 2815 5225 Domini
2845 5165 3217 5238 perfruentur,
3241 5168 3466 5239 quando
3492 5179 3551 5228 et
3578 5180 3767 5241 gentes
3783 5167 3867 5223 ad-

2290 5259 2573 5328 versariae,
2602 5274 2724 5330 quia
2754 5274 2852 5315 cos
2877 5268 3162 5330 ceperant,
3210 5260 3585 5333 disperibunt,
3610 5272 3671 5325 at
3694 5263 3780 5318 isti
3805 5259 3866 5318 li~

2287 5354 2625 5413 berabuntnr
2654 5370 2722 5411 ex
2750 5354 3021 5426 gentibus.
3060 5355 3343 5427 nocetque
3383 5370 3483 5416 eos
3528 5368 3859 5429 nequaquam

2282 5551 2389 5605 que
2413 5534 2686 5593 diversam
2714 5535 3049 5602 versionem,
3083 5533 3137 5592 id
3174 5544 3282 5605 est,
3334 5546 3647 5600 contestata.
3696 5542 3749 5592 et
3786 5548 3854 5588 se.

2280 5607 2403 5685 (lere
2451 5606 2663 5685 faciam,
2720 5622 2881 5681 quam
2934 5607 3125 5678 genuit
3156 5621 3261 5685 vox
3304 5616 3552 5685 uentum,
3589 5616 3849 5685 utramque

2278 5673 2595 5806 glixemiqimi
2650 5673 2819 5746 esse,
2881 5673 3005 5734 nam
3058 5687 3113 5735 et
3161 5673 3550 5750 Septuaginta
3581 5673 3847 5754 ἐπιστρέψω

2319 5766 2329 5804 ι
2373 5765 2500 5807 eran
2532 5790 2544 5802 .
