3972 6358
130 342 238 401 86)

603 340 1255 402 COMMENTARIORUM
1296 343 1359 401 1N
1402 328 1753 401 tentatum

1868 345 2220 406 lOPHETAM
2260 347 2391 406 LIB.
2439 337 2523 410 Vi.
2565 348 2721 408 CAP.
2762 341 2933 411 XXX.

3338 350 3444 415 8‘71)

130 473 330 532 pusum,
363 458 462 515 sed
487 457 784 515 eruditioni
807 456 1063 526 traditos,
1094 458 1548 531 utjudicarentnr
1576 458 1731 529 quasi
1760 456 1815 519 Α
1839 458 1904 512 tis
1930 466 2063 527 tute,
2094 459 2148 514 in
2175 458 2528 532 Septuaginta
2557 476 2663 517 non
2689 460 2959 530 habetur;
2989 462 3242 520 videlicet
3268 465 3294 505 ι»
3316 469 3442 538 quia

128 553 369 625 proprii,
388 562 439 607 et
461 567 573 608 non
592 552 955 622 perderentur
974 553 1133 623 quasi
1156 552 1342 609 alieni.
1361 550 1462 619 Qui
1472 550 1611 605 enim
1633 566 1738 604 non

131 645 317 713 credit,
338 648 459 719 jam
472 646 744 719 judicatus
769 654 847 701 est
868 643 1271 719 (Joan.111,18).
1297 645 1401 700 hoc
1415 645 1741 715 est,!prasju-

134 738 345 795 dicatus
370 740 422 793 in
447 738 919 805 iuteritum.Quod
939 748 1119 794 autem
1142 740 1326 795 intulit.
1355 758 1367 793 :
1399 737 1469 794 Ut
1512 755 1613 793 non
1646 738 1739 793 tibi

132 832 355 887 ridearis
379 832 648 899 innoxius,
665 831 781 887 sive
799 833 950 900 juxta
966 831 1356 904 Symmachum
1375 876 1389 900 ,
1407 826 1461 887 et
1482 831 1742 886 mandans

132 939 231 979 non
260 922 523 978 mandabo
545 932 629 991 te;
652 924 739 979 vel
759 923 912 995 juxta
946 923 1203 995 Aquilam
1222 968 1237 993 ,
1278 940 1396 979 cum
1425 934 1472 977 te
1501 924 1741 978 erudiero

132 1032 222 1089 per
240 1017 531 1089 judicium,
563 1033 887 1089 nequaquam
916 1017 1239 1072 innocentem
1267 1017 1481 1088 faciam,
1506 1016 1642 1073 illud
1668 1019 1741 1072 si-

134 1111 382 1182 gniticet,
414 1110 561 1182 quod
600 1113 783 1167 omnis
805 1112 1043 1167 mundus
1085 1110 1194 1186 [ΑΙ.
1220 1110 1557 1185 immundus]
1598 1111 1743 1167 indi-

136 1215 260 1279 geat
291 1203 675 1261 misericordia
716 1204 833 1272 Dei,
878 1215 931 1261 et
972 1204 1186 1271 nullus,
1220 1206 1474 1277 quamvis
1521 1211 1741 1261 sanctus

137 1298 229 1362 sit,
258 1312 489 1352 securus
515 1306 707 1369 pergat
735 1296 803 1353 ad
831 1296 1074 1368 iudicem
1119 1316 1131 1352 :
1176 1307 1372 1354 contra
1418 1312 1614 1353 novam
1670 1311 1739 1353 es

138 1391 305 1447 veteri
337 1389 615 1457 l1a2resim,
643 1404 769 1460 quae
796 1398 949 1461 putat
974 1392 1028 1446 in
1058 1391 1165 1448 isto
1190 1392 1415 1456 saeculo,
1449 1400 1505 1447 et
1552 1391 1606 1446 in
1638 1391 1740 1445 ista

139 1496 307 1539 carne
352 1483 604 1549 mortali,
637 1492 929 1555 antequam
978 1484 1356 1555 corruptivum
1398 1483 1503 1539 hoc
1550 1483 1743 1539 induat

141 1575 611 1645 incorruptionem
633 1618 646 1640 ,
680 1587 739 1633 et
767 1577 998 1633 mortale
1026 1576 1218 1632 induat
1248 1576 1741 1643 immortalitatem,

142 1671 539 1742 perfectionem
589 1685 711 1727 esse
773 1672 826 1726 in
880 1687 1196 1741 quoquam,
1237 1680 1293 1727 et
1337 1684 1529 1727 omnes
1578 1670 1740 1727 simul

139 1763 341 1835 justam
371 1780 541 1837 posse
570 1764 806 1839 implere
835 1767 1084 1822 virtutes.

1842 552 2089 608 secundo
2119 552 2336 622 dicitur,
2364 563 2578 626 propter
2600 555 2981 610 multitudinem
3007 557 3290 628 iniquitatis
3314 570 3438 628 tute,

1842 654 1888 698 et
1918 646 2050 701 dura
2085 657 2293 718 peccata
2324 657 2451 715 tua;
2493 656 2547 704 et
2590 648 2683 722 qui
2714 647 3027 705 scribebant
3074 666 3104 702 a
3144 649 3436 721 principio,

1841 738 2084 794 additum
2130 751 2478 810 putaverunt.
2526 741 2591 795 Et
2628 750 2713 800 est
2752 757 2947 799 sensus
2983 761 2994 796 :
3031 740 3101 798 Ut
3151 741 3355 798 inimici
3392 756 3444 797 te

1842 830 1996 902 plaga
2036 842 2404 900 percutcrem,
2438 833 2787 890 etcwderem
2826 834 3184 907 castigatione
3205 835 3444 902 crudeli,

1844 922 1973 978 fecit
2005 923 2295 980 multitudo
2324 924 2631 996 iniquitatis
2664 937 2797 991 tum,
2831 936 2887 982 et
2915 927 3051 983 dura
3085 940 3304 1003 peceata
3330 938 3443 995 tua,

1842 1033 1962 1086 qua:
1996 1018 2179 1073 sanari
2205 1034 2313 1073 non
2339 1029 2612 1091 poterant,
2649 1021 2755 1077 nisi
2799 1024 3226 1079 mordacissimo
3258 1025 3447 1095 pulve-

1845 1123 1928 1173 re.
1955 1119 2010 1165 et
2037 1110 2255 1166 ardenti
2279 1112 2548 1174 cauterio,
2582 1122 2634 1167 et
2668 1111 2816 1168 ferro
2839 1114 3189 1183 acutissimo,
3212 1131 3320 1186 quo
3355 1132 3453 1189 pu-

1845 1205 2016 1260 tridas
2047 1219 2269 1271 carnes,
2294 1216 2347 1260 ct
2379 1205 2719 1263 insanabiles
2751 1216 3119 1283 amputarem.
3158 1210 3225 1265 Et
3266 1222 3445 1265 latnt-.11

1849 1308 2074 1370 propter
2104 1297 2509 1359 multitudinem
2537 1298 2840 1371 iniquitatis
2877 1308 2982 1355 tua:
3009 1341 3025 1367 ,
3069 1312 3123 1356 et
3150 1301 3282 1358 dura
3327 1318 3454 1372 pec-

1843 1401 1960 1445 cata
1995 1400 2113 1457 tua,
2139 1390 2243 1447 feci
2274 1393 2391 1446 lure
2415 1392 2533 1460 tibi,
2560 1408 2667 1447 non
2696 1408 2815 1447 mea
2840 1394 3252 1466 voluntategsed
3280 1395 3456 1452 incdi-

1842 1482 1981 1538 ciine
2011 1484 2226 1541 ratione
2256 1494 2509 1558 cogente.
2954 1488 2957 1489 ⁷

1916 1577 2099 1651 (Vers.
2137 1579 2225 1645 16,
2256 1578 2370 1653 l7.)
2396 1579 2686 1656 Propterea
2713 1598 2914 1648 omnes,
2968 1581 3059 1653 qui
3085 1582 3358 1638 comedunt
3386 1591 3455 1651 t3,

1844 1669 2234 1724 derorabuntur
2282 1688 2301 1724 :
2343 1679 2390 1725 et
2434 1672 2660 1726 universi
2700 1673 2872 1728 Itostes
2914 1674 2990 1727 tui
3019 1675 3074 1727 in
3107 1676 3456 1746 captiritattm

1846 1763 2103 1818 ducentur
2127 1779 2146 1818 :
2178 1772 2225 1820 et
2252 1767 2343 1838 qui
2377 1775 2429 1819 te
2448 1775 2648 1821 vastant
2669 1810 2683 1835 ,
2717 1766 3059 1822 rastabuntur
3087 1785 3106 1823 .'
3145 1779 3459 1839 cunctcsque

210 1860 392 1934 (Vers.
434 1861 498 1915 IS
528 1859 715 1935 seqq.)
744 1862 882 1929 Quia
907 1859 1018 1917 lucc
1047 1862 1173 1916 dicit
1206 1859 1464 1915 Dominus
1486 1905 1501 1929 ,
1530 1862 1744 1916 insana—
1772 1842 1823 1906 Β
1848 1860 2161 1932 prtcdatmes
2194 1869 2307 1915 tuos
2334 1861 2466 1917 dabo
2495 1861 2551 1916 in
2580 1861 2828 1925 puellam.
2857 1861 3122 1916 Obdacam
3150 1864 3287 1918 enim
3316 1865 3455 1921 cica-

143 1956 250 2011 bilis
281 1961 518 2026 fractura
546 1964 657 2023 tua,
693 1956 915 2022 pessima
944 1957 1100 2027 plaga
1133 1964 1244 2009 tua.
1283 1954 1405 2009 Non
1429 1966 1502 2009 cst
1540 1956 1630 2022 qui
1650 1958 1745 2027 ju—

144 2051 267 2105 dicet
290 2050 560 2123 judicium
587 2058 734 2103 tuum
764 2049 834 2103 ad
865 2047 1213 2122 alligandum,
1245 2049 1575 2104 curationum
1604 2050 1749 2105 utili-

144 2154 217 2200 tas
242 2161 346 2200 non
375 2154 452 2200 est
482 2145 594 2199 tibi.
631 2142 824 2199 Omnes
851 2155 1113 2199 amatores
1142 2148 1215 2199 tui
1247 2143 1392 2199 obliti
1422 2152 1542 2200 sunt
1572 2146 1671 2212 tui,
1699 2152 1748 2199 te

146 2258 242 2295 non
267 2248 527 2313 quierant.
557 2238 731 2311 Plaga
756 2240 893 2293 enim
921 2239 1122 2293 inimici
1154 2237 1383 2309 percussi
1404 2248 1471 2307 te,
1516 2239 1746 2310 castiga-

150 2335 277 2389 tione
311 2331 515 2387 crudeli
540 2332 679 2403 (sive
707 2331 857 2402 forti)
897 2341 1110 2403 propter
1139 2331 1525 2386 multitudinem
1554 2331 1744 2402 iniqui-

149 2426 261 2481 tatis
291 2436 433 2493 tate,
489 2424 626 2479 dura
670 2425 812 2497 facta
857 2435 977 2479 sunt
1012 2423 1155 2495 (sive
1195 2422 1547 2493 multiplicata
1601 2420 1746 2494 sunt)

150 2528 349 2588 peccata
368 2528 486 2573 tua.
521 2517 664 2586 Quid
687 2519 887 2572 clamas
918 2526 944 2554 *ι
973 2533 1125 2590 super
1144 2517 1455 2571 contritione
1485 2527 1575 2570 tua
1601 2515 1626 2569 ?
1656 2512 1752 2569 In—

150 2614 390 2670 sanabilis
420 2622 499 2669 est
524 2613 677 2668 dolor
703 2622 840 2675 tuus.
875 2622 1086 2684 propter
1115 2611 1513 2666 multitudinem
1556 2609 1747 2680 iniqui-

150 2710 262 2763 tatis
292 2718 395 2764 tate
418 2749 435 2776 ,
474 2715 522 2762 et
566 2716 780 2780 propter
817 2706 954 2761 dura
1002 2713 1214 2777 peccata
1244 2714 1334 2759 tua
1362 2705 1462 2776 feci
1495 2702 1606 2758 ltazc
1637 2701 1748 2757 tibi.

152 2802 308 2871 Quasi
344 2801 413 2857 ad
460 2801 772 2870 speciosam
807 2798 1097 2854 mulierem
1153 2797 1434 2869 loquitur,
1470 2797 1557 2851 cui
1586 2809 1751 2863 supra

154 2884 359 2951 dixerat
390 2913 402 2949 :
429 2892 709 2965 Castigabo
734 2903 782 2948 te
806 2894 859 2947 in
890 2892 1121 2959 iudicio,
1161 2902 1339 2947 utnon
1388 2890 1481 2945 tibi
1529 2888 1755 2943 uidearis

156 2987 409 3055 innoxius,
441 2987 563 3042 sive
591 2985 846 3051 innoxia;
869 2993 927 3041 et
967 2999 1066 3055 per
1088 2984 1474 3054 metaphoram
1505 2981 1616 3054 [ΑΙ.
1651 2979 1746 3035 ad-

157 3080 285 3134 ditur
315 3075 591 3150 loquitur]
617 3076 683 3131 ad
706 3075 1037 3140 Jerusalem,
1071 3073 1216 3147 quod
1257 3073 1350 3129 Dei
1388 3071 1599 3143 judicio
1632 3085 1755 3141 pes-

160 3172 288 3228 sime
313 3173 602 3227 vulnerata
630 3171 725 3235 sit,
747 3177 807 3224 et
835 3181 1178 3239 nequaquam
1205 3166 1338 3231 alio,
1363 3165 1474 3221 nisi
1518 3166 1636 3235 ipso
1668 3162 1759 3233 qui

1854 1953 2033 2008 tricem
2059 1953 2174 2022 tibi’,
2208 1962 2256 2007 et
2280 1970 2312 2008 a
2337 1951 2634 2008 vulneribus
2660 1956 2764 2008 tuis
2790 1955 2986 2009 sonabo
3017 1965 3091 2024 te,
3121 1954 3247 2009 dicit
3272 1952 3457 2011 Domi-

1848 2059 1965 2099 nus.
1997 2044 2132 2113 Quia
2157 2046 2367 2117 ejectum
2390 2043 2529 2118 (sive
2550 2044 2859 2119 dispersam)
2882 2056 3194 2105 vocaverunt
3224 2056 3273 2103 te
3295 2047 3454 2103 Sion.

1848 2136 1980 2192 Haec
2007 2147 2081 2193 est
2111 2155 2228 2210 qua:
2257 2156 2358 2193 non
2389 2138 2603 2197 habebat
2632 2141 3002 2212 requirentem.
3032 2141 3096 2196 Et
3132 2142 3236 2198 sub
3286 2140 3460 2199 Zoro-

1854 2230 2014 2286 babel
2039 2229 2157 2285 btec
2190 2232 2327 2286 facta
2351 2235 2757 2303 cognoscimus,
2795 2234 3014 2307 quando
3050 2234 3330 2307 Assyrios,
3358 2235 3462 2293 hoc

1852 2334 1958 2392 cst,
1993 2324 2227 2382 Niniren
2256 2337 2539 2385 vastavere
2570 2327 2859 2401 Babylonii
2879 2340 3042 2405 atquc
3082 2329 3360 2396 Clialda'i,
3407 2339 3464 2386 et

1856 2434 2071 2474 rursum
2110 2418 2443 2499 Babylonios
2479 2433 2537 2478 et
2564 2420 2849 2481 Chaldaeos
2880 2424 3020 2480 Medi
3054 2426 3343 2496 Persa'qtte
3374 2441 3463 2481 ce-

1857 2522 2076 2580 perunt,
2121 2523 2176 2568 et
2213 2513 2452 2587 Babylon
2476 2514 2751 2570 destructa
2792 2526 2898 2571 est.
2941 2516 3098 2573 Tunc
3128 2517 3260 2577 Sion
3287 2517 3461 2588 cmpit

1858 2600 2066 2658 habere
2090 2602 2374 2659 Dominum
2406 2606 2774 2679 requirentem
2799 2648 2814 2673 ,
2846 2617 2900 2663 et
2942 2607 3177 2665 ubduCta
3209 2621 3291 2665 est
3317 2610 3465 2665 cica-

1857 2690 1965 2748 tiis
2011 2694 2327 2751 vulneribus
2362 2697 2512 2752 illius
2538 2741 2554 2767 ,
2587 2711 2642 2753 et
2691 2707 2883 2755 sanata
2916 2711 3001 2757 est
3030 2717 3059 2757 a
3092 2701 3270 2775 plagis
3314 2703 3461 2770 suis,

1859 2786 2005 2857 quod
2029 2788 2251 2865 plenius
2292 2802 2456 2863 atque
2493 2791 2788 2865 perfectius
2827 2795 3135 2866 completur
3163 2796 3272 2868 [ΑΙ.
3317 2813 3467 2860 cotu-

1861 2882 2121 2956 plebitur]
2155 2887 2208 2939 in
2236 2882 2479 2941 Christo.

1937 2976 2118 3046 (Vers.
2168 2978 2238 3034 18
2273 2982 2455 3053 seqq.)
2504 2976 2635 3037 Htec
2684 2983 2808 3037 dicit
2858 2981 3116 3041 Dominus
3145 2985 3327 3043 :Ecce
3373 3005 3467 3062 rgo

1861 3081 2158 3124 convertam
2203 3075 2589 3131 conversionem
2647 3076 3099 3138 tabernaculorum
3149 3081 3315 3136 Iacob
3364 3098 3382 3139 :
3420 3093 3469 3138 et

1864 3166 2008 3220 tectis
2031 3165 2173 3236 (sive
2203 3169 2511 3238 captivitati)
2541 3186 2719 3227 eorum
2758 3170 2943 3247 [Vulg.
3003 3173 3140 3247 ejus]
3169 3176 3467 3233 miserebor.

161 3272 528 3335 percusserat,
555 3264 736 3332 possit
770 3268 1004 3316 curante
1033 3259 1242 3316 sanari.
1271 3256 1393 3312 Non
1424 3265 1519 3324 est,
1548 3255 1621 3310 ait
1657 3254 1762 3336 Do-
1789 3249 1835 3314 C
1871 3255 1935 3311 Et
1979 3257 2327 3327 aediﬁcabitur
2368 3262 2548 3319 civitas
2576 3261 2642 3332 {in
2670 3263 2872 3317 excelso
2919 3280 3010 3318 suo
3036 3307 3052 3332 ,
3104 3274 3152 3320 et
3195 3264 3472 3337 Templum

162 3359 343 3423 minus,
384 3357 482 3430 qui
529 3356 734 3428 judicet
753 3354 1020 3427 judicium
1069 3361 1215 3407 tuum
1263 3367 1282 3405 :

163 3452 367 3509 vulneri
403 3452 795 3508 valeatcntem
820 3447 1098 3504 cicatricis
1127 3445 1427 3502 obducere.
1484 3443 1758 3512 Quocum-

162 3559 261 3616 que
293 3556 344 3599 te
371 3542 740 3607 converteris,
779 3539 991 3596 utilitas
1023 3553 1130 3593 nou
1159 3548 1242 3594 est
1280 3536 1401 3604 tibi,
1421 3534 1549 3607 quia
1585 3534 1756 3591 otl'en-

164 3635 285 3693 disti
313 3653 437 3692 eum
472 3635 561 3703 qui
610 3646 806 3699 verus,
849 3642 907 3687 et
946 3631 1100 3687 solus
1137 3640 1221 3685 est
1266 3630 1533 3685 medicus.
1571 3626 1762 3682 Omnes

166 3739 415 3784 amatores
446 3728 526 3782 tui
555 3726 704 3781 obliti
730 3734 847 3782 sunt
877 3726 975 3792 tui,
1016 3724 1099 3779 vel
1131 3722 1474 3789 sacerdotes,
1500 3722 1584 3777 rel
1614 3720 1762 3791 prin-

168 3823 328 3892 cipes,
360 3830 458 3876 ant
481 3828 632 3876 certe
665 3821 1000 3888 Angelorum
1029 3817 1284 3889 praesidia
1306 3858 1321 3882 ,
1352 3817 1549 3887 quibus
1591 3814 1766 3884 prius—

169 3929 322 3984 quam
346 3913 662 3970 oil‘enderes
695 3911 1008 3977 Dominum,
1041 3911 1354 3966 vallabaris.
1380 3909 1451 3965 Te
1490 3926 1595 3963 non
1626 3923 1769 3979 quaa-

170 4017 297 4076 rent,
326 4010 597 4064 iacientes
643 4019 834 4063 contra
883 4006 1206 4077 Apostolnm
1236 4046 1250 4072 ,
1298 4004 1391 4073 qui
1445 4003 1772 4075 qua‘rebuut

171 4102 479 4167 credentes,
512 4110 570 4157 et
595 4116 703 4156 non
732 4116 795 4156 ca
819 4111 945 4172 quae
969 4108 1131 4155 erant
1150 4095 1496 4154 credentium
1541 4095 1608 4168 (ll
1643 4096 1763 4151 Cor.

178 4190 288 4265 x11).
318 4193 492 4267 Plaga
520 4194 658 4248 enim
682 4193 884 4247 inimici
904 4193 1138 4265 percussi
1167 4199 1236 4258 te,
1264 4190 1610 4263 castigatione
1654 4205 1767 4244 cru-

177 4284 295 4340 deli.
324 4285 505 4344 Aliter
522 4287 756 4354 smieus,
796 4285 959 4341 aliter
1012 4284 1265 4340 inimicus
1294 4283 1537 4355 percutit
1566 4300 1580 4336 :
1614 4281 1774 4336 aliter

184 4380 390 4453 1050
406 4392 589 4452 pater,
613 4381 770 4435 aliter
786 4379 984 4434 nostis.
1006 4377 1103 4433 Ille
1121 4377 1282 4433 credit
1300 4385 1365 4432 ut
1386 4376 1647 4447 corrigat,
1673 4376 1775 4430 iste

178 4476 411 4542 percutit
459 4483 519 4529 ut
546 4472 763 4529 occidat
791 4470 969 4537 (Psal.
998 4469 1098 4542 r1).
1126 4468 1287 4526 Unde
1317 4477 1372 4525 et
1401 4468 1672 4538 Propin-ta
1698 4468 1774 4522 la-

180 4566 550 4635 erymabiliter
571 4565 744 4620 dicit:
776 4564 1030 4631 Domine,
1062 4580 1126 4619 ne
1165 4564 1218 4617 in
1264 4566 1444 4635 furore
1472 4572 1561 4617 tuo
1590 4576 1778 4634 arguas

1339 3365 1441 3406 nec
1485 3348 1759 3404 altissimo
1855 3353 2016 3424 juxta
2046 3354 2277 3408 ordinem
2307 3366 2459 3415 suum
2490 3355 2813 3428 fundabitur.
2849 3356 2919 3411 Et
2948 3360 3239 3431 egredietur
3290 3362 3354 3421 de
3397 3362 3471 3421 eis

1865 3445 2003 3514 laus,
2030 3462 2228 3519 voxque
2274 3445 2580 3503 ludentium.
2630 3445 2699 3504 Et
2757 3450 3111 3518 multiplicabo
3138 3467 3243 3519 eos,
3288 3463 3335 3507 et
3367 3470 3471 3514 non

1865 3540 2186 3595 minuentur.
2228 3539 2514 3612 (Quodque
2537 3542 2787 3613 sequitur
2819 3561 2831 3598 :
2857 3542 2927 3601 Et
2958 3546 3260 3619 gloriﬁcabo
3288 3563 3397 3615 eos,
3421 3559 3472 3604 et

1865 3650 1968 3688 non
2004 3646 2024 3673 ε
2056 3634 2485 3703 attenaabuntur,
2514 3637 2566 3691 in
2590 3635 2735 3693 LXX
2762 3654 2865 3698 non
2896 3638 3169 3711 habetur).
3198 3640 3264 3696 Et
3294 3654 3470 3709 erunt,

1869 3725 2063 3797 inquit,
2088 3725 2187 3797 ﬁlii
2213 3727 2326 3799 ejus
2351 3728 2485 3782 sicut
2513 3746 2544 3782 a
2572 3730 2853 3803 principio,
2878 3739 2925 3785 et
2949 3740 3106 3791 cattus
3144 3734 3255 3806 ejus
3295 3750 3474 3791 caram

1869 3834 1950 3872 me
1971 3819 2302 3891 permanebit,
2330 3829 2377 3874 et
2408 3821 2624 3875 visitabo
2651 3821 2925 3879 adversum
2963 3841 3137 3883 omnes
3174 3826 3262 3896 qui
3305 3826 3471 3883 tribu-

1871 3908 1983 3964 lant
2015 3928 2153 3968 eum.
2182 3910 2248 3967 Et
2277 3912 2370 3968 erit
2400 3912 2510 3968 dux
2539 3915 2653 3986 ejus
2676 3931 2739 3969 ea:
2769 3932 2850 3985 eo,
2874 3926 2925 3973 et
2953 3917 3196 3989 princeps
3223 3919 3286 3979 de
3308 3921 3477 3977 medio

1871 4008 1984 4079 ejus
2033 4004 2369 4076 producetur.
2397 4005 2465 4060 Et
2486 4007 2761 4079 applicabo
2793 4025 2932 4075 eum,
2971 4009 3181 4083 1057
3203 4019 3249 4064 et
3270 4012 3477 4069 accedet

1874 4096 1944 4151 ad
1971 4113 2071 4150 me.
2100 4098 2226 4165 Quis
2249 4097 2382 4150 enim
2413 4098 2505 4150 iste
2534 4109 2607 4152 est
2628 4099 2717 4168 qui
2735 4097 2962 4170 applicet
2982 4115 3072 4155 cor
3099 4117 3271 4167 suum,
3299 4112 3355 4159 ut
3384 4121 3479 4176 ap—

1875 4190 2181 4264 propinquet
2208 4188 2357 4256 mihi,
2406 4189 2478 4243 ait
2512 4188 2802 4246 Dominus?
2832 4190 2849 4265 (
2878 4192 3219 4264 Rursumque
3240 4192 3264 4230 ἀ
3288 4204 3344 4253 et
3374 4195 3479 4254 ltoc

1877 4285 1931 4340 in
1968 4282 2110 4339 LXX
2142 4299 2246 4337 non
2278 4281 2559 4354 habetur.)
2590 4279 2660 4337 Et
2682 4283 2825 4338 eritis
2876 4285 3002 4345 milii
3034 4286 3088 4341 in
3126 4286 3397 4359 papulum,
3429 4299 3479 4346 et

1878 4392 1972 4449 ego
2002 4392 2089 4431 ero
2116 4375 2257 4429 vobis
2286 4375 2340 4427 in
2370 4371 2564 4427 Deum.
2612 4377 2851 4441 Quorum
2902 4388 3059 4447 typus
3091 4381 3372 4448 praecessit
3425 4383 3478 4437 in

1880 4467 2182 4523 Zorobabel
2214 4476 2269 4521 et
2298 4465 2455 4529 Ezra,
2486 4468 2704 4537 quando
2736 4483 2990 4523 reversus
3012 4479 3096 4526 est
3143 4472 3396 4543 populus,
3426 4483 3483 4529 et

1881 4569 2062 4630 empta
2089 4569 2171 4612 est
2202 4555 2463 4612 aediﬁcari
2491 4555 2690 4611 civitas
2721 4556 2773 4611 in
2817 4557 3040 4614 excelso
3078 4574 3201 4627 suo,
3243 4562 3484 4635 Templi-

182 4671 278 4724 me,
302 4673 467 4725 neque
490 4657 546 4711 in
574 4658 655 4710 ira
687 4667 779 4711 tua
806 4657 1061 4728 corripias
1093 4670 1174 4709 me
1194 4652 1374 4727 (Psal.
1426 4667 1636 4718 xxxv",
1699 4651 1774 4724 i).
1804 4641 1857 4703 Ι)
1884 4665 1990 4721 que
2030 4648 2310 4703 observari
2366 4645 2582 4717 religio,
2637 4657 2685 4701 cl
2722 4659 2919 4703 caetera
2951 4666 3072 4723 qua:
3108 4652 3278 4721 ipsius
3326 4653 3483 4713 Ezra:

185 4744 295 4805 Hoc
320 4761 503 4806 autem
534 4747 740 4805 factum
770 4758 884 4817 est,
931 4751 1060 4820 quia
1094 4758 1321 4819 propter
1369 4746 1772 4803 multitudinem

182 4830 493 4913 iniquitatis
522 4855 649 4910 tute,
676 4844 811 4899 dura
846 4843 989 4897 facta
1021 4849 1151 4897 sunt
1180 4851 1408 4912 peccata
1441 4851 1553 4895 tua.
1600 4839 1783 4909 Quod-

187 4949 287 5006 quo
316 4939 568 5011 sequitur
599 4953 616 4994 :
644 4937 786 5007 Quid
806 4938 1005 4993 clamas
1031 4952 1188 5010 super
1214 4935 1525 4991 contritione
1552 4944 1640 4988 tua
1660 4934 1687 4987 Ρ
1708 4935 1788 4988 in-

189 5032 432 5089 sanabilis
461 5043 539 5088 est
563 5032 715 5088 dolor
740 5042 858 5086 tuus
887 5039 1101 5103 propter
1130 5030 1511 5086 multitudinem
1537 5029 1781 5100 iniquita-

257 5156 283 5185 ιι
304 5147 585 5206 lnterserit
609 5149 780 5205 Vatic.
816 5148 885 5202 ad
910 5166 1008 5202 me.

256 5216 284 5257 δ
310 5220 591 5290 Ejusmodi
622 5222 979 5276 emissionem
1005 5220 1076 5275 ob
1106 5218 1420 5275 earumdem
1478 5218 1786 5290 litterarum

195 5289 470 5348 recursum
526 5308 692 5365 supra
746 5295 801 5347 in
862 5292 1018 5348 lsnite
1074 5292 1450 5348 Commentar.
1519 5290 1627 5346 col.
1683 5289 1792 5345 482

196 5371 361 5416 notat.

268 5443 291 5471 ο
318 5432 374 5490 In
407 5432 663 5499 Cisterc.,
695 5447 743 5490 et
773 5452 872 5489 non
906 5434 1181 5490 attenuabo
1210 5450 1318 5488 eos.

264 5500 298 5577 ἦ
330 5505 561 5576 Legerat
594 5507 937 5562 Martianmus
968 5516 1092 5577 post
1141 5506 1452 5577 lirasmnni,
1495 5512 1555 5577 e_t_
1586 5501 1787 5577 hocin

203 5571 457 5630 Hebraico
504 5595 609 5635 non
656 5577 894 5645 habetur,
953 5571 1115 5646 quam
1171 5576 1461 5633 lectionem
1494 5572 1787 5646 _Yictorius

203 5648 462 5721 mutavit,
523 5643 889 5706 substituens'
921 5643 1268 5721 septuaginta
1310 5661 1428 5721 pro
1484 5643 1785 5701 Hebraico:

202 5718 399 5788 quippe
429 5736 549 5774 cum
584 5724 634 5774 in
668 5721 942 5776 llebraico
965 5718 1274 5788 reperiatur
1304 5718 1642 5788 l1ic_versns.
1674 5730 1785 5775 non

207 5786 507 5860 reperiatur
531 5800 709 5848 autem
757 5792 808 5847 in
854 5789 999 5847 LXX
1029 5786 1082 5846 in
1113 5803 1345 5860 quorum
1381 5786 1786 5860 Griecocoilice

206 5856 375 5914 deest.
411 5860 635 5932 Locum,
671 5862 867 5935 inquit,
896 5856 1238 5932 corruptum,
1287 5874 1356 5915 ex
1407 5858 1786 5928 superioribus

1883 4742 2163 4799 volumine
2195 4739 2571 4795 Continentur.
2602 4738 2823 4796 Plenius
2851 4752 3033 4797 autem
3064 4753 3228 4815 atque
3266 4746 3480 4816 ρει-τεο-

1888 4838 1995 4893 tius
2023 4836 2075 4890 in
2109 4835 2339 4890 Domino
2368 4832 2684 4902 Salvatore,
2733 4834 3120 4909 Apostolisque
3150 4839 3485 4912 completum

1888 4939 1991 4997 est,
2020 4926 2239 5000 quando
2268 4925 2532 4982 mdilicata
2570 4937 2656 4983 est
2679 4926 2871 4983 civitas
2906 4929 2957 4983 in
3003 4930 3231 4986 est-also
3258 4948 3381 5002 suo,
3414 4936 3485 4995 de

1889 5036 1995 5098 qua
2022 5021 2287 5092 scriptum
2319 5028 2402 5075 est
2435 5037 2448 5073 :
2483 5018 2607 5075 Non
2633 5030 2794 5094 potest
2824 5020 3070 5077 abscondi
3096 5025 3273 5087 civitas
3288 5044 3404 5101 qua:
3433 5030 3489 5087 in

1893 5157 2109 5222 quoque
2156 5147 2400 5222 apparet.
2438 5139 2854 5222 Dixerarnenjm
2884 5156 3045 5215 supra
3097 5144 3486 5222 Hieronymus,

1890 5210 2128 5284 quodque
2158 5213 2411 5284 sequitur,
2444 5221 2498 5266 et
2527 5210 2847 5284 glorilicabo
2869 5210 2987 5281 eos,
3023 5228 3073 5273 ct
3098 5234 3205 5277 non
3237 5210 3490 5281 silentia;

1893 5278 2117 5349 buntur,
2143 5278 2373 5357 inLXX
2394 5278 2734 5357 nonnabetur
2766 5300 2798 5357 A:
2827 5278 3067 5340 subdens
3097 5300 3309 5357 postea,
3334 5278 3489 5347 illur-

1891 5373 2106 5427 sumque
2126 5365 2173 5409 et
2201 5356 2299 5427 hoc
2319 5355 2373 5427 in
2395 5352 2535 5407 LXX
2559 5371 2660 5427 agn
2684 5354 2922 5421 habetur,
2943 5352 3110 5412 verbn'
3128 5352 3485 5418 conveniunt,

1893 5424 2101 5508 utnon
2133 5428 2204 5483 ita
2230 5426 2279 5487 si
2324 5424 2560 5508 legatur,
2595 5424 2930 5508 Rursumque
2971 5430 3023 5508 in
3074 5428 3337 5508 llebraico
3383 5452 3489 5491 non

1844 5537 1873 5554 .
1890 5499 2104 5556 habetur
2132 5512 2149 5553 :
2178 5497 2556 5569 ([umuuliquml
2587 5498 2780 5551 deesse
2808 5497 3161 5569 inllcliraioo
3182 5515 3347 5569 supra
3375 5508 3493 5561 die-

1898 5581 2008 5628 tum
2044 5585 2150 5623 non
2177 5567 2266 5625 sit.
2304 5566 2401 5622 Hic
2434 5570 2583 5623 locus
2611 5568 2831 5623 vitiatus
2851 5568 2944 5622 ditt
2967 5566 3307 5627 eruditorum
3332 5580 3495 5635 torsit

1896 5643 2113 5715 iugi-nia
2140 5657 2153 5694 :
2176 5639 2453 5715 conjicieb
2472 5647 2552 5695 int
2577 5638 2725 5715 enim
2747 5654 2814 5715 ex
2842 5655 2928 5703 co,
2963 5651 3055 5715 aut
3080 5658 3191 5715 non
3218 5658 3342 5715 esse
3366 5649 3497 5705 llic-

1895 5710 2134 5787 roiiyini,
2184 5724 2306 5790 quae
2345 5710 2506 5781 vulgo
2546 5710 3165 5790 ciroutulerturueditio,
3215 5713 3269 5771 in
3302 5734 3413 5790 qua
3446 5724 3493 5778 te

1895 5781 2092 5863 versus
2115 5781 2492 5863 reperiretur;
2542 5793 2638 5863 aut
2667 5783 2712 5839 si
2760 5781 3120 5863 sill-aliunde
3152 5781 3493 5863 suppletum

1894 5871 2017 5913 cum
2052 5851 2349 5909 llebraicus
2371 5851 2541 5908 codex
2566 5853 2778 5923 integer
2808 5853 2885 5909 illi
2910 5852 3169 5914 defuerit.
