3972 6322
499 274 598 330 871

1752 257 1814 316 S.
1855 253 2131 316 EUSEBII
2169 247 2552 310 HIERONYMI

3711 242 3820 296 εις

491 398 664 444 monte
710 386 812 441 sita
847 390 923 438 est
968 381 1186 455 (Matth.
1231 393 1290 448 ν,
1344 378 1441 450 Η)
1476 395 1490 433 :
1521 386 1578 434 et
1621 374 1908 446 Templum
1946 373 2099 443 juxta
2130 379 2181 440 Α
2207 365 2633 438 exemplum:Si
2661 364 2760 436 lilii
2785 363 2968 419 essetis
2986 361 3228 429 Abrahae,
3246 359 3494 434 faceretis
3524 372 3688 455 opera

496 480 746 535 ordinem
775 490 932 529 suutn
957 471 1430 542 caeremoniasqne
1463 467 1745 526 fundatum
1768 510 1782 534 ,
1832 477 1889 519 ιιι
1942 463 2098 533 quid-

495 571 624 644 quid
653 570 707 624 in
742 567 912 635 priori
956 566 1156 637 poliulo
1205 565 1370 620 ﬁebat
1397 563 1716 629 carnaliter,
1752 561 1803 614 itt
1852 559 2098 614 Ecclesia

492 661 854 735 spiritualiter
879 660 1274 731 compleretur.
1300 658 1455 713 Tunc
1487 671 1708 728 egressa
1731 663 1816 708 est
1842 653 1960 707 laus
1987 652 2102 706 sive

499 755 799 828 gratiarum
830 752 997 808 actio.
1040 751 1153 808 Hoc
1187 749 1330 808 enim
1356 748 1630 822 signiﬁcat
1678 762 1855 802 τιιοοει
1892 743 2098 815 (ἓτΠΠ),

500 859 561 904 ιιι
613 862 808 904 omnes
867 846 1122 917 Apostoli
1170 840 1680 900 dicerentzcratia
1711 839 1848 894 t-obis
1899 847 1947 894 et
2001 853 2106 909 pax

503 942 546 1013 (1
577 940 699 997 Cor.
733 958 772 1009 I,
804 941 886 1013 3).
922 940 1148 1008 anque
1181 937 1514 1000 ludentium,
1550 951 1657 992 non
1688 936 1786 990 illo
1815 933 1966 999 ludo,
1996 947 2104 1003 quo

507 1033 856 1091 manducavit
879 1033 1111 1104 pupulas
1139 1036 1195 1086 c't
1225 1031 1362 1086 bibit
1395 1037 1450 1085 et
1488 1028 1728 1084 surrexit
1777 1037 1833 1082 ut
1895 1026 2107 1081 luderet

499 1127 700 1196 (Exod.
726 1125 881 1195 χχιιι)
912 1141 926 1191 ;
961 1127 1056 1179 sed
1081 1139 1152 1180 eo
1179 1138 1290 1195 quo
1320 1137 1505 1176 coram
1537 1124 1676 1178 Area
1710 1119 1927 1175 Domini
1977 1119 2108 1172 lusit

506 1219 675 1275 David
709 1219 779 1288 (ll
804 1218 933 1291 lleg.
965 1214 1066 1288 Vl).
1093 1217 1162 1272 Et
1185 1215 1535 1285 multiplicati
1563 1223 1689 1268 sunt
1719 1223 1774 1267 et
1806 1229 1915 1268 non
1934 1211 2111 1267 immi-

505 1314 644 1381 nuti,
677 1322 736 1368 ut
759 1322 903 1368 totus
931 1311 1084 1366 orbis
1117 1310 1372 1366 crederet
1421 1309 1477 1364 itt
1509 1308 1801 1362 Dominum
1859 1306 2107 1362 Salvato-

503 1421 618 1462 rem
641 1422 655 1460 :
687 1414 743 1459 et
761 1403 1047 1475 gloriﬁcati
1075 1411 1228 1467 sunt,
1249 1409 1307 1456 ιιι
1331 1402 1655 1472 impleretur
1675 1398 1820 1468 quod
1847 1397 2107 1467 scriptum

511 1511 635 1556 est:
675 1497 919 1553 Gloriosa
963 1497 1103 1550 dicta
1158 1506 1276 1550 sunt
1324 1497 1388 1549 de
1439 1504 1505 1560 te,
1556 1493 1737 1549 civitas
1788 1491 1882 1547 Dei
1932 1491 2106 1563 (Psal.

511 1606 731 1655 Lsxxvt,
760 1589 845 1661 ‘2).
876 1589 1232 1660 Fueruntqne
1264 1588 1358 1643 lilii
1382 1587 1522 1658 ejus,
1550 1588 1653 1642 Itoc
1699 1595 1808 1650 est,
1864 1585 2109 1656 Apostoli

507 1686 652 1742 sicut
677 1685 896 1741 inerunt
921 1699 950 1737 a
985 1684 1286 1752 principio,
1319 1680 1594 1737 Abraham
1615 1723 1628 1748 ,
1661 1691 1710 1736 et
1735 1679 1909 1747 Isaac,
1937 1687 1992 1734 et
2017 1678 2111 1734 Ja-

2205 462 2298 515 tris
2324 460 2478 514 vestri
2511 458 2692 531 (loan.
2727 475 2846 524 vttt,
2871 457 2990 530 59).
3011 456 3400 526 EtApostolns
3433 453 3668 508 scribit:
3733 451 3816 505 Vi-

2215 555 2328 608 dete
2359 552 2532 609 Israel
2559 553 2846 608 secundum
2875 569 3082 606 carnem
3109 551 3150 623 (l
3193 547 3314 604 Cor.
3363 565 3423 611 ι.
3477 547 3563 618 8).
3594 547 3675 602 Ex
3710 561 3815 616 quo

2209 649 2373 704 docet
2403 663 2530 704 esse
2556 649 2721 703 alium
2747 646 2916 702 Israel
2947 644 3250 702 secundum
3279 644 3557 715 spiritum.
3592 640 3694 698 Ille
3725 643 3818 712 igi-

2208 750 2296 796 tur
2324 739 2491 796 Israel
2521 750 2629 800 est.
2653 741 2746 812 qui
2770 750 2956 796 mente
2980 739 3165 796 cernit
3193 739 3391 806 Deum,
3409 737 3530 794 sive
3559 737 3817 794 rectissi-

2207 851 2326 889 mus
2342 834 2555 889 Domini
2570 841 2737 901 est,et
2751 832 3122 904 hujuscemodi
3136 831 3304 889 Israel
3323 833 3430 887 erit
3447 831 3680 902 populus
3697 831 3811 885 Dei.

2280 928 2462 1002 (Vers.
2493 929 2576 999 2.)
2614 927 2738 982 lIa'c
2769 928 2896 981 dicit
2935 928 3191 982 Dominus
3219 943 3236 981 :
3271 924 3480 981 Invenit
3509 925 3814 997 gratiamin

2209 1022 2412 1077 deserto
2445 1021 2674 1092 populus
2715 1022 2806 1092 qui
2838 1030 3154 1076 remanserat
3206 1019 3384 1091 gladio
3404 1062 3419 1086 ,
3452 1020 3612 1073 vadat
3638 1017 3710 1072 ad
3740 1035 3816 1070 re-

2207 1115 2378 1184 quiem
2404 1129 2557 1169 suam
2587 1111 2778 1169 Israel.
2809 1112 2954 1168 LXX
2980 1131 2991 1165 :
3027 1113 3119 1170 Sic
3146 1113 3274 1167 dicit
3303 1111 3568 1168 Dominus
3592 1129 3612 1167 :
3635 1110 3816 1167 Incerti

2211 1208 2440 1262 calidum
2463 1209 2516 1261 in
2547 1207 2752 1262 deserto
2779 1223 2894 1260 cum
2943 1205 3047 1274 Itis,
3085 1207 3176 1277 qui
3205 1207 3473 1275 perierant
3503 1205 3708 1276 gladio.
3741 1203 3818 1259 Ite

2211 1312 2258 1356 et
2285 1301 2445 1356 nolite
2467 1303 2760 1370 interficere
2791 1299 2983 1355 Israel.
3020 1299 3269 1355 Ridicule
3298 1299 3479 1355 Latini
3511 1299 3734 1356 codices
3767 1302 3816 1356 in

2215 1395 2318 1451 Itoc
2349 1398 2467 1450 loco
2516 1393 2873 1465 ambiguitate
2907 1393 3057 1450 verbi
3091 1393 3292 1462 Grazci,
3325 1411 3423 1465 pro
3455 1391 3652 1457 calido,
3677 1394 3819 1456 lupi-

2215 1505 2307 1545 nos
2341 1490 2690 1559 interpretati
2721 1500 2847 1544 sunt
2884 1505 2898 1542 :
2930 1487 3183 1544 Graecum
3214 1489 3359 1544 enim
3396 1490 3581 1566 θερμὸν
3603 1499 3815 1543 utrum-

2213 1597 2322 1652 que
2350 1580 2794 1653 signiﬁcat,quod
2813 1590 2868 1636 et
2897 1581 3073 1651 ipsum
3097 1596 3202 1636 non
3237 1579 3471 1636 habetur
3493 1584 3546 1635 in
3565 1580 3814 1637 Hebraeo.

2217 1675 2314 1730 Est
2364 1676 2510 1731 enim
2543 1675 2811 1744 scriptum
2843 1690 2948 1730 usit
2977 1683 3040 1763 In
3070 1717 3084 1741 ,
3119 1673 3265 1744 quod
3299 1675 3527 1746 Aquila,
3568 1676 3818 1747 Symma-

509 1778 636 1841 cob,
669 1777 944 1848 principes
971 1775 1192 1846 generis
1215 1773 1522 1830 Israelitici.
1555 1771 1710 1828 Tunc
1731 1771 1971 1827 visitavit
2000 1770 2107 1824 Do-
2141 1775 2188 1836 Β
2216 1766 2374 1833 cbus,
2407 1777 2461 1822 et
2483 1765 2793 1823 'I‘lteodotio
2817 1770 3002 1844 χάριν,
3035 1767 3138 1823 hoc
3167 1777 3252 1823 est
3288 1771 3519 1840 gratiam
3551 1768 3817 1838 interpre-

511 1877 691 1927 minns
715 1869 1006 1926 adversum
1038 1883 1233 1924 omnes
1264 1868 1356 1938 qui
1397 1867 1816 1928 tribulaverunt.
1851 1865 2113 1937 populum

515 1962 1016 2028 Dei,adversarias
1058 1959 1321 2016 videlicet
1363 1967 1689 2029 potestates.
1741 1957 1810 2013 Et
1849 1957 1954 2012 l‘uit
2002 1958 2114 2011 dux

516 2056 636 2125 ejus
666 2069 737 2109 ex
767 2069 834 2108 eo
865 2071 878 2108 :
905 2052 1047 2107 baud
1079 2051 1305 2107 dubium
1332 2051 1464 2121 quin
1492 2050 1754 2105 Dontintts
1783 2061 1841 2105 et
1868 2048 2119 2104 Salvator

517 2145 818 2203 secundum
848 2160 1074 2200 carnem
1100 2160 1169 2200 ex
1195 2158 1400 2213 genere
1430 2143 1592 2198 Israel
1612 2187 1626 2210 ,
1657 2152 1713 2197 et
1743 2142 1998 2211 princeps
2050 2141 2119 2196 de

520 2240 704 2298 medio
732 2239 852 2310 ejus
882 2239 1180 2310 productus
1207 2247 1316 2294 est.
1347 2239 1658 2308 Applicavit
1694 2253 1816 2293 eum
1847 2237 2005 2292 Pater
2049 2235 2115 2291 ad

521 2349 600 2399 se,
635 2342 690 2389 et
718 2333 952 2388 accessit
989 2333 1057 2388 ad
1103 2348 1265 2396 eum,
1314 2341 1374 2386 ιιι
1425 2330 1638 2386 diceret
1685 2329 1890 2386 Filius:
1924 2328 2038 2400 Ego
2067 2330 2120 2384 in

517 2427 698 2496 Patre,
723 2439 772 2482 et
806 2427 967 2483 Pater
988 2428 1042 2482 in
1073 2445 1151 2481 me
1171 2425 1350 2499 (Joan.
1377 2441 1489 2493 xtv,
1522 2424 1608 2496 II)
1636 2442 1648 2478 :
1676 2424 1800 2494 quia
1825 2423 2005 2479 nullus
2024 2438 2120 2493 po-

524 2529 632 2577 test
650 2520 730 2575 sic
758 2534 855 2575 cor
891 2535 1050 2575 suum
1079 2519 1359 2588 applicare
1405 2517 1538 2580 Deo,
1575 2531 1674 2570 nec
1727 2515 1798 2570 ita
1837 2524 1893 2569 ut
1942 2513 2120 2569 Filius

517 2612 664 2669 Patri
698 2627 824 2667 esse
850 2611 1197 2682 conjunctus.
1221 2608 1491 2678 Quodque
1521 2607 1651 2660 dicit
1669 2607 1822 2676 juxta
1848 2615 1874 2643 ι
1894 2605 2123 2675 Septua-

521 2706 673 2775 ginta
704 2722 720 2760 :
753 2705 821 2760 Et
850 2707 996 2760 eritis
1046 2703 1175 2758 mihi
1219 2704 1273 2756 in
1311 2703 1585 2772 populum,
1609 2711 1655 2754 et
1684 2717 1778 2771 ego
1799 2716 1886 2755 ero
1913 2699 2049 2755 t'obis
2068 2701 2122 2754 in

522 2799 716 2862 Deum,
740 2798 1020 2854 cernimus
1039 2811 1208 2866 Opere
1225 2796 1560 2864 completum
1589 2809 1658 2850 ex
1682 2807 1836 2865 parte
1855 2795 1907 2850 itt
1928 2794 2121 2861 Israel,

515 2904 571 2950 et
591 2911 658 2948 ex
691 2903 808 2949 toto
833 2891 1150 2964 ingentium
1176 2889 1549 2948 multitudine.

585 2986 769 3059 (Vcrs.
798 2983 1030 3058 εἴκει.)
1054 2985 1188 3039 Ecce
1216 2983 1367 3039 turbo
1400 2983 1605 3038 Domini
1643 2987 1792 3054 {uror
1833 2983 2123 3057 egrediens,

519 3090 567 3137 et
595 3080 826 3151 procella
853 3080 1104 3146 ruens,in
1137 3079 1308 3146 capite
1337 3079 1618 3148 impiorum
1642 3079 2123 3148 conquiescet.Non

2221 1861 2314 1916 tati
2343 1873 2488 1916 sunt.
2517 1860 2632 1918 Soli
2663 1862 3013 1933 Septuaginta
3047 1871 3350 1930 posuerunt
3395 1863 3660 1928 calidum,
3723 1878 3815 1933 pu-

2222 1963 2399 2010 tantes
2419 1955 2663 2010 ultimam
2694 1955 2932 2010 litteram
2964 1971 3076 2010 ιιειι
3109 1969 3256 2010 che.
3288 1953 3347 2011 Si
3380 1957 3527 2010 enim
3575 1955 3814 2026 legamus

2219 2061 2325 2102 usu
2353 2061 2450 2116 per
2473 2047 2710 2102 litteram
2736 2049 3048 2118 uun,grotia
3071 2046 3292 2112 dicitur,
3320 2045 3366 2101 si
3390 2062 3486 2117 per
3513 2063 3650 2113 usu,
3678 2047 3815 2102 calor

2219 2141 2629 2213 interpretatur.
2668 2141 2766 2197 Est
2791 2153 2974 2197 autem
3007 2157 3200 2197 sensus
3238 2144 3394 2212 juxta
3436 2141 3766 2198 Hebraicum
3800 2160 3810 2196 :

2224 2235 2462 2304 Populus
2485 2235 2824 2300 Judtrorum,
2850 2235 3064 2308 1059
3083 2235 3170 2304 qni
3205 2235 3452 2290 Romano
3482 2245 3815 2290 remanserat

2224 2328 2437 2398 gladio;
2470 2330 2554 2384 vel
2584 2338 2734 2384 certe
2768 2329 2906 2384 iram
2941 2329 3140 2384 luroris
3183 2328 3400 2384 Domini
3429 2339 3684 2397 potuerat
3712 2331 3819 2386 eri-

2225 2433 2340 2478 tare
2381 2421 2490 2496 [ΑΙ.
2525 2423 2805 2497 evadere],
2844 2424 3056 2479 invenit
3083 2424 3316 2494 gratiam
3355 2425 3406 2478 in
3435 2423 3658 2480 deserto
3685 2439 3817 2496 gen-

2225 2518 2390 2584 tium;
2415 2528 2473 2572 ιιι
2518 2519 2660 2574 intra
2712 2518 2928 2573 turbam
2962 2517 3244 2574 nationum
3277 2518 3330 2573 in
3363 2517 3615 2575 Ecclesia
3645 2519 3821 2574 salve-

2224 2622 2334 2681 tur,
2368 2613 2510 2669 undc
2540 2623 2596 2670 et
2623 2613 2789 2669 vadet
2815 2623 2875 2668 et
2896 2612 3141 2669 inveniet
3170 2615 3419 2684 requiem
3454 2628 3613 2668 suam
3638 2612 3816 2680 Israel,

2222 2721 2387 2778 quam
2439 2722 2658 2778 semper
2708 2717 3052 2776 speraverat,
3111 2723 3278 2776 quam
3313 2707 3364 2762 ei
3426 2707 3819 2777 I‘r0pltetarum

2224 2801 2596 2872 promiserant
2641 2800 2921 2857 vaticinia.
2969 2800 3142 2856 Porro
3187 2799 3344 2870 juxta
3381 2799 3530 2856 LXX
3573 2800 3688 2856 Itzec
3746 2801 3822 2854 in-

2226 2894 2526 2964 telligentia
2560 2902 2642 2948 est
2669 2911 2683 2948 :
2708 2893 3191 2949 Dontinusinvcnit
3211 2892 3616 2962 calidus,atque
3645 2892 3823 2948 viven-

2229 2999 2310 3045 tes
2334 2988 2649 3058 Apostolos,
2684 2999 2739 3044 et
2769 2988 2951 3043 socios
2980 3004 3172 3045 eorum
3206 2989 3260 3042 in
3287 2987 3511 3044 deserto
3537 2988 3776 3059 gentium
3805 3030 3817 3050 ,

2235 3083 2381 3136 inter
2409 3096 2505 3136 eos
2535 3081 2626 3152 qui
2656 3079 2980 3136 inlidelitate
3013 3096 3113 3136 sua
3145 3081 3415 3136 interiecti
3452 3080 3694 3145 fuerant,
3727 3093 3819 3136 nec

517 3182 710 3230 avertet
749 3174 883 3227 iram
927 3169 1304 3245 indignationis
1354 3169 1634 3235 Dominus,
1664 3171 1829 3227 donec
1873 3173 2028 3243 faciat
2075 3181 2122 3226 et
2150 3160 2195 3223 (ἶ
2229 3176 2502 3232 habebant
2525 3175 2765 3232 calorem
2794 3177 2942 3230 vilze.
2962 3174 3118 3232 Unde
3149 3175 3467 3245 prmcipitur
3496 3175 3740 3245 Angelis,
3770 3182 3822 3229 et

517 3267 775 3330 compleat
804 3267 1172 3338 cogitationem
1191 3264 1362 3320 cordis
1383 3265 1488 3328 sui,
1519 3265 1734 3338 1058
1761 3265 1813 3318 in
1845 3265 2122 3319 novissimo

524 3359 730 3415 dierum
752 3359 1048 3430 intelligetis
1070 3375 1156 3412 ea.
1209 3357 1396 3413 'I'urbo
1428 3356 1632 3412 luroris
1661 3357 1877 3412 Domini
1907 3371 1959 3412 et
1997 3372 2126 3430 pro-

525 3452 661 3509 cella
695 3465 864 3507 ruens
890 3461 1057 3522 atque
1081 3458 1380 3518 tempestas
1397 3450 1708 3518 requiescet
1739 3448 1792 3502 in
1821 3449 2001 3518 capite
2032 3465 2126 3503 eo-

516 3546 748 3611 rum,vel
772 3542 1412 3609 dicmonum,vcl.eorum
1444 3541 1536 3612 qui
1565 3541 1661 3598 Dei
1686 3541 1854 3596 ﬁlium
1873 3540 2126 3613 blasphe-

517 3646 808 3694 maverunt
841 3654 855 3690 :
888 3647 936 3692 et
967 3653 1070 3690 non
1095 3642 1290 3690 avertet
1315 3635 1447 3688 iram
1470 3633 1848 3704 indignationis
1876 3649 2007 3699 sua,
2032 3633 2127 3688 do-

517 3745 613 3785 nec
639 3729 801 3796 faciat
823 3740 872 3781 et
901 3727 1156 3795 compleat
1179 3725 1545 3795 cogitationem
1580 3725 1754 3779 cordis
1771 3727 1894 3792 sui;
1932 3737 1982 3780 et
2011 3725 2122 3780 cir-

515 3820 810 3877 cmndctur
831 3818 1074 3875 exercitu
1099 3818 1431 3881 Jerusalem,
1479 3826 1535 3872 et
1590 3817 1811 3887 penitus
1852 3816 2124 3872 deleatur.

521 3911 810 3982 Quomodo
831 3920 1013 3967 autem
1029 3909 1232 3966 artifex
1253 3926 1360 3964 non
1383 3917 1569 3979 potest
1591 3907 1946 3980 intelliginisi
1961 3924 2129 3980 opere

527 4007 842 4079 completo;
876 4020 979 4062 nec
1021 4004 1309 4062 medicinae
1351 4003 1641 4070 industria,
1691 4003 1797 4059 nisi
1842 4015 2126 4074 postquam

517 4101 682 4158 luerit
707 4100 915 4157 sanitas
945 4109 1244 4156 consecuta
1281 4115 1293 4153 :
1329 4099 1404 4154 ita
1436 4113 1563 4154 cum
1588 4098 1806 4155 eversio
1833 4097 1995 4154 fuerit
2036 4098 2128 4154 .Ie-

526 4193 790 4256 rusaiem,
819 4201 874 4248 et
908 4191 1108 4262 prioris
1135 4191 1322 4263 p0puli
1347 4190 1609 4259 abjectio,
1648 4201 1776 4245 tunc
1825 4190 2131 4261 intelligent

521 4285 838 4353 credentes,
875 4285 1022 4358 quod
1049 4285 1294 4357 repulsio
1323 4283 1662 4352 Iudaeorum,
1695 4294 1902 4340 nostra:
1938 4284 2130 4340 salutis

523 4380 746 4438 occasio
776 4381 870 4434 sit.

595 4475 756 4548 (Cap.
785 4471 1069 4530 XXXI.—
1089 4473 1245 4529 Vers.
1274 4473 1352 4542 I.)
1384 4469 1451 4528 In
1481 4481 1711 4541 tempore
1737 4473 1828 4528 illo
1859 4472 1986 4527 dicit
2021 4471 2130 4527 Do-

2229 3268 2310 3323 ltis
2333 3269 2423 3340 qui
2454 3269 2504 3322 in
2539 3267 2846 3323 ministerio
2875 3265 2972 3322 Dei
2993 3277 3140 3334 sunt,
3160 3283 3228 3320 ne
3251 3280 3450 3321 omnes
3475 3266 3815 3326 interﬁciant,

2229 3379 2299 3418 ne
2325 3361 2491 3418 Israel
2516 3361 2732 3432 penitus
2760 3361 3035 3426 deleatur,
3085 3359 3396 3429 diciturqui:
3429 3357 3508 3414 eis
3553 3377 3568 3412 :
3626 3357 3740 3422 Ite,
3775 3365 3815 3410 cl-

2229 3457 2390 3512 nolite
2411 3456 2698 3523 interﬁcore
2732 3453 2938 3521 Israel;
2968 3455 3078 3509 sint
3108 3454 3312 3523 alioqui
3346 3452 3459 3526 [ΑΙ.
3490 3451 3685 3526 aliqui]
3731 3451 3812 3522 qui

2232 3553 2441 3616 vivant,
2466 3550 2577 3606 sint
2606 3550 2701 3619 qui
2725 3551 2942 3606 calcant
2967 3548 3170 3605 ardore
3199 3547 3350 3613 ﬁdei,
3377 3549 3488 3602 sint
3534 3547 3631 3617 qtti
3665 3546 3812 3616 frigus

2238 3644 2578 3700 inﬁdelitatis
2599 3653 2650 3699 et
2677 3643 2867 3698 mortis
2893 3640 3174 3712 eﬁ‘ugiant,
3203 3656 3338 3712 quos
3395 3640 3661 3696 Dominus
3684 3641 3812 3695 inve-

2231 3738 2349 3792 ttiat
2373 3738 2426 3793 in
2459 3736 2699 3792 deserto.

2302 3828 2485 3902 (Vers.
2511 3829 2546 3884 3
2577 3826 2759 3899 seqq.)
2791 3827 2969 3900 Longe
2991 3827 3246 3882 Dominus
3270 3828 3523 3897 apparuit
3546 3825 3672 3880 mihi
3690 3825 3810 3893 (sive

2231 3922 2342 3990 ei):
2371 3931 2420 3977 et
2452 3922 2504 3975 in
2535 3920 2794 3976 charitate
2816 3931 3066 3993 perpetua
3095 3921 3256 3976 dilexi
3285 3929 3334 3975 te
3367 3938 3386 3976 :
3417 3920 3535 3975 ideo
3566 3920 3750 3973 attraxi
3774 3925 3813 3968 te

2232 4015 2510 4070 miserans.
2571 4013 2902 4086 Rursumque
2947 4014 3216 4084 a'diﬁcobo
3265 4023 3345 4080 te,
3399 4023 3448 4066 et
3469 4013 3810 4084 wdiﬁcaberis,

2231 4107 2372 4180 uirgo
2414 4105 2584 4161 Israel
2614 4122 2632 4160 :
2663 4107 2838 4160 adhuc
2861 4105 3130 4160 ornalteris
3173 4103 3285 4177 [ΑΙ.
3321 4103 3676 4178 coronaberis]
3703 4114 3817 4176 tym-

2230 4197 2382 4269 panis
2411 4198 2515 4252 tuis
2546 4195 2691 4269 (sive
2721 4212 2956 4252 assumes
2985 4205 3236 4269 tympaua
3259 4197 3373 4267 tua)
3403 4205 3452 4252 et
3473 4196 3748 4268 egredieris
3772 4195 3816 4247 in

2232 4291 2393 4346 choro
2423 4291 2716 4346 ludentium
2739 4307 2760 4347 :
2789 4290 2962 4344 adhuc
2993 4289 3256 4360 plantabis
3280 4290 3458 4345 vineas
3500 4291 3555 4345 in
3585 4287 3815 4344 montibus

2233 4384 2523 4440 Samarice:
2538 4383 2565 4424 δ
2590 4385 2826 4454 plantate
2848 4385 3187 4455 plantaria,et
3207 4385 3519 4439 vindemiate
3543 4400 3563 4439 :
3586 4384 3678 4439 erit
3699 4383 3817 4437 enim

2232 4478 2368 4544 dies,
2396 4479 2449 4532 in
2479 4495 2578 4548 qua
2608 4477 2911 4532 clamabunt
2963 4478 3204 4531 custodes
3234 4478 3286 4530 in
3319 4484 3496 4532 monte
3535 4475 3776 4549 Epitraim
3803 4488 3818 4525 :

526 4569 719 4635 minus,
743 4583 832 4621 ero
885 4564 1026 4622 Deus
1063 4566 1316 4622 universis
1355 4565 1755 4639 cognationibus
1791 4564 1964 4621 Israel
1993 4567 2132 4638 (sive
2158 4549 2209 4610 Ῑ)
2237 4571 2450 4645 Surgite
2477 4583 2524 4626 et
2553 4573 2898 4628 accendamus
2935 4573 2985 4625 in
3011 4571 3141 4627 Sion
3169 4572 3238 4624 ad
3254 4569 3537 4625 Dominum
3565 4569 3722 4627 Deum
3741 4583 3819 4620 no-

517 4658 694 4732 grneri
724 4656 924 4730 Israel)
949 4668 997 4714 et
1028 4658 1130 4730 ipsi
1171 4667 1318 4713 erunt
1342 4658 1468 4712 mihi
1490 4657 1545 4712 in
1571 4658 1846 4730 populum.
1877 4657 1990 4713 Nisi
2037 4673 2133 4714 co-

518 4752 713 4824 gitatio
757 4751 978 4806 Domini
1013 4750 1524 4820 fueritimpleta,et
1563 4749 1718 4805 furor
1748 4749 1872 4819 ejus
1912 4751 2132 4820 requie—

523 4845 670 4900 verit
688 4860 854 4913 super
883 4843 1178 4914 impiorum
1205 4853 1401 4916 caput,
1447 4844 1824 4898 univcrsitatis
1872 4844 2134 4898 Dominus

518 4937 943 5007 cognationibus
971 4936 1140 4994 Israel
1169 4940 1311 4994 lteus
1331 4953 1458 4993 esse
1480 4950 1586 4992 non
1613 4938 1842 5009 poterit.
1877 4937 1990 4992 Huc
2034 4954 2131 4993 au-

523 5041 634 5086 tem
669 5031 804 5086 dicit
828 5032 1096 5101 reliquiis,
1148 5047 1270 5099 quae
1307 5032 1476 5087 salva:
1529 5030 1684 5087 factae
1706 5043 1854 5086 sunt.
1899 5032 2052 5100 Quod
2087 5036 2130 5088 si

523 5123 826 5196 opponitur
848 5124 1008 5178 nobis
1031 5123 1106 5186 id,
1130 5125 1275 5194 quod
1299 5123 1502 5179 dictum
1535 5133 1646 5179 est:
1666 5121 1774 5178 Ero
1802 5123 1941 5179 Deus
1958 5125 2134 5198 generi

522 5215 726 5284 Israel,
743 5217 861 5273 sive
885 5215 1142 5271 universis
1162 5215 1559 5287 cognationibus
1593 5213 2133 5281 Israel,assumantns

598 5415 626 5444 ι
655 5405 850 5461 Dic-ere
872 5403 1153 5460 debuisset
1176 5403 1336 5475 juxta
1376 5400 1716 5475 llebraicum,
1759 5400 1813 5475 si
1845 5415 1974 5457 vera
2005 5413 2132 5456 sunt

525 5492 646 5546 quae
669 5477 832 5531 modo
855 5493 924 5531 ex
961 5473 1199 5531 Victoria
1221 5473 1730 5546 annotantus.Quin
1757 5474 1924 5546 intmo
1951 5488 2130 5543 neque

527 5543 852 5604 Ilebraii-um
881 5546 1103 5602 laudare
1131 5546 1458 5617 oportebat;
1493 5545 1590 5598 sed
1617 5543 2133 5617 quandoexpresse

515 5619 678 5689 juxta
727 5618 1071 5689 Septuaginta
1127 5615 1244 5672 base
1289 5615 1400 5671 diri
1442 5624 1690 5689 annotat.
1725 5616 2019 5686 p'urimum
2060 5617 2132 5672 de

526 5687 1100 5760 prosime'snperimi
1131 5689 1521 5760 emendatione
1551 5687 1776 5760 dubito,
1808 5696 1902 5742 aut
1928 5688 2014 5743 ba:
2037 5702 2135 5743 vo-

523 5755 620 5815 ces
644 5755 779 5827 Ipsae
798 5755 958 5830 juxta
986 5758 1329 5830 Septuaginta
1355 5757 1728 5830 expungendtc
1769 5767 1916 5814 sunt.

2228 4676 2416 4721 strunt.
2451 4664 2590 4732 Quia
2621 4663 2925 4720 uﬂ‘onderat
2952 4663 3119 4720 Israel
3154 4665 3546 4727 Dominnm.et
3574 4662 3772 4718 dixerat
3801 4675 3812 4711 :

2237 4755 2362 4811 Non
2392 4755 2640 4810 habemus
2669 4771 2840 4827 regrm
2870 4755 2970 4808 nisi
3013 4754 3268 4810 Ca'sarem
3312 4755 3498 4824 (Joau.
3560 4769 3678 4817 ιιι.
3721 4751 3816 4819 15).

2237 4849 2305 4905 Ει
2338 4867 2352 4903 :
2391 4849 2575 4902 Venite
2600 4859 2648 4905 et
2672 4849 3050 4917 inter/ieiunius
3076 4859 3277 4912 eutn,et
3293 4857 3472 4903 nostra
3494 4849 3589 4904 erit
3621 4846 3820 4904 luendi-

2233 4953 2313 4998 tas
2348 4941 2548 5015 (llarc.
2579 4959 2679 5007 xu,
2708 4942 2797 5014 7);
2827 4953 2883 4997 et
2913 4941 3075 5012 longe
3097 4952 3401 4997 recesserat
3435 4957 3466 4995 a
3493 4941 3605 4998 Deo
3631 4959 3645 4996 :
3679 4956 3822 5013 prop-

2240 5047 2391 5092 terea
2419 5035 2683 5090 Dominus
2707 5044 2827 5105 post
2857 5038 3088 5090 tnttltum
3117 5047 3332 5104 tempus
3357 5035 3613 5106 apparuit
3635 5035 3707 5102 ei,
3729 5049 3818 5089 non

2241 5138 2489 5200 tempore
2510 5127 2815 5184 Zorubabel
2843 5139 2896 5183 et
2923 5127 3406 5200 Ezrtc.postquam
3449 5145 3669 5185 rursum
3697 5127 3822 5199 capti

2241 5221 2494 5290 sunt,sed
2518 5223 2572 5278 in
2593 5221 2861 5278 cltaritate
2890 5230 3147 5292 perpetua
3173 5221 3374 5277 dilexit
3394 5239 3521 5278 eum
3546 5238 3669 5296 quae
3693 5222 3823 5277 nullo

2309 5403 2336 5442 ι)
2385 5403 2442 5459 In
2473 5403 2632 5481 Vulg.
2666 5419 2731 5460 ac
2761 5403 2984 5461 llieron.
3017 5405 3294 5481 versione,
3317 5478 3328 5481 Α
3348 5407 3662 5481 plantobunt
3690 5408 3819 5481 ριαιιο

2239 5483 2430 5549 tantes,
2459 5487 2510 5549 et
2535 5477 2700 5530 donec
2727 5487 2926 5549 tenpus
2946 5477 3117 5531 veniat
3146 5494 3251 5531 non
3279 5477 3699 5543 rindemiabunt,
3720 5479 3820 5546 quia

2239 5547 2335 5600 erit
2358 5548 2466 5621 dies
2495 5548 2548 5621 in
2576 5564 2701 5619 qua,
2724 5547 2837 5604 etc.
2869 5552 3043 5621 Antea
3076 5565 3175 5621 pro
3216 5549 3314 5603 erit
3354 5551 3514 5618 enim,
3563 5552 3819 5621 obtinebat

2241 5619 2426 5671 etenim
2487 5618 2650 5683 dies;
2717 5618 3230 5677 contradicentibus
3287 5635 3424 5676 mss.
3502 5632 3559 5679 et
3613 5620 3818 5678 Πεδιωο

2241 5696 2442 5748 ειν-ιω
2465 5698 2540 5747 ⁷).
