3972 6352
160 267 274 326 875

637 266 1295 332 COMMENTARIORUM
1335 272 1404 331 IN
1440 272 1792 335 JEREMIAM
1834 271 2255 336 PROPHETMI
2300 278 2428 337 LIB.
2481 281 2565 338 VI.
2609 281 2760 340 ﬂAP.
2804 283 3001 342 XXXI.

3371 293 3480 349 874

158 383 272 437 line
302 381 677 442 delebitur.Et
704 390 938 444 attraxit
966 405 1090 447 eum
1114 392 1767 467 miserans.Neqnaqttam
1795 400 1845 460 Α
1875 397 2070 461 simus,
2107 399 2329 456 nomine
2367 410 2547 456 autem
2578 403 2760 458 dexter
2787 414 3040 473 vocatur,
3069 408 3139 464 de
3182 408 3478 467 increduli-

160 475 311 531 enim
340 476 563 543 merito,
588 480 682 535 sed
712 480 1006 537 clementia
1028 484 1270 540 salvatus
1298 495 1400 540 est.
1422 487 1766 559 Rursumque

157 568 282 623 ait:
327 568 631 642 xEdiﬁcabo
654 582 724 641 te,
753 582 802 628 et
838 576 1202 646 tediﬁcaberis,
1245 580 1386 649 virgo
1418 578 1605 637 Israel.
1653 581 1765 639 Hoc

161 663 387 732 proprie
420 663 797 737 intelligamus
829 668 883 723 in
914 668 1183 725 Ecclesia.
1220 672 1464 727 Delirant
1501 673 1646 727 cnim
1673 676 1762 744 qui

158 767 384 809 auream
415 765 582 825 atque
608 769 940 828 gemmatam
971 762 1249 831 suspirant
1275 763 1762 831 Jerus:ilent,suam

158 847 531 904 avaritiamin
584 851 850 921 mysterio
877 853 1030 909 urbis
1083 854 1305 910 Domini
1348 866 1761 913 consecrantes.

156 939 357 995 Adhuc
383 942 673 998 ornaberis
708 946 984 1015 tympanis
1016 947 1149 1014 tuis,
1169 954 1232 1002 ut
1254 963 1420 1003 canas
1452 949 1687 1005 Domino
1710 950 1761 1006 in

157 1033 453 1101 Ecclesiis,
485 1037 635 1092 omni
665 1038 718 1092 in
766 1047 819 1094 te
865 1040 1131 1096 malorum
1187 1057 1412 1112 onerum
1441 1059 1604 1101 carne
1634 1060 1760 1101 con-

156 1138 399 1199 sumpta.
428 1128 499 1185 Et
532 1130 832 1202 egredieris
864 1133 917 1188 in
949 1135 1120 1192 clioro
1153 1136 1455 1192 ludentium
1480 1154 1601 1194 cum
1632 1154 1766 1209 gen-

160 1220 299 1276 tium
327 1223 527 1291 turbis,
562 1225 835 1294 plantabis
856 1227 1049 1283 vineas
1076 1228 1129 1283 in
1172 1230 1448 1285 montibus
1478 1230 1759 1287 Samariaz.

156 1315 518 1388 Nequaquam
548 1319 599 1374 in
629 1319 865 1376 vallibus
916 1331 971 1375 ct
1023 1323 1324 1378 humilibus
1374 1324 1537 1388 locis;
1584 1323 1680 1380 sed
1708 1325 1763 1378 in

159 1412 444 1466 montibus
474 1412 764 1478 Samarim,
789 1413 881 1485 qui
914 1426 1034 1484 post
1063 1415 1432 1485 captivitatem
1457 1418 1640 1487 p0puli
1686 1416 1763 1471 Is-

156 1506 274 1561 rael
319 1506 391 1561 ab
440 1507 766 1579 alienigenis
815 1511 1056 1580 possessi
1095 1520 1255 1575 sunt,
1285 1511 1482 1579 quibus
1512 1509 1759 1566 dicitur:

157 1595 413 1652 Plantate
442 1597 732 1667 plantaria,
781 1612 829 1654 et
860 1600 1197 1657 vindemiato.
1230 1600 1387 1658 Tunc
1416 1602 1513 1656 fuit
1551 1603 1766 1676 1060

155 1690 279 1748 dies
312 1693 553 1761 Domini,
584 1694 637 1748 in
671 1708 778 1765 qua
806 1695 1185 1751 elamaverunt
1213 1696 1472 1752 custodes
1512 1695 1761 1767 Apostoli

1870 494 2000 557 tate,
2043 489 2110 544 de
2132 488 2335 560 frigore
2366 491 2669 548 Dominicte
2699 494 2989 552 cltaritatis
3015 513 3030 562 ;
3055 507 3110 552 et
3138 514 3475 573 congregare

1870 594 1965 637 eos
1996 580 2064 637 ab
2088 583 2358 639 ertremis
2389 594 2576 655 terra),
2609 601 2716 643 non
2771 587 2824 642 in
2853 590 2962 646 alio
2992 599 3259 662 tempore,
3294 595 3389 649 sed
3420 597 3473 650 in

1871 676 2217 732 solemnitate
2264 677 2458 745 Phasc,
2495 679 2597 736 hoc
2648 690 2752 747 est,
2788 681 2935 737 feriis
2994 684 3295 741 Dominicis
3341 702 3468 758 pas-

1868 769 2085 824 sionis:
2139 772 2357 841 quando
2408 775 2699 829 cruciﬁxus
2760 776 3019 834 Dominus
3085 790 3190 845 est,
3278 782 3473 852 imple-

1868 869 2089 927 tumque
2136 863 2263 917 illud
2307 865 2453 935 quod
2504 867 2618 936 ipse
2668 868 2720 922 in
2781 869 3072 939 Evangelio
3123 873 3463 942 repromisit.

1872 955 2082 1028 1061
2138 956 2265 1011 Cum
2318 958 2576 1015 exaltatus
2630 965 2780 1032 fuero
2832 980 2865 1017 a
2910 974 3071 1031 terra,
3131 968 3307 1021 omnia
3360 976 3469 1022 tra—

1867 1045 1989 1100 Itam
2034 1047 2104 1100 ad
2151 1064 2231 1102 me
2277 1047 2458 1121 (Joan.
2487 1053 2719 1123 xn,23).
2745 1053 2896 1111 Tunc
2920 1058 3201 1126 generavit
3236 1060 3468 1115 multum

1868 1144 2150 1213 populum,
2201 1156 2254 1200 ut
2296 1146 2424 1202 illud
2458 1148 2776 1216 impleretur
2808 1150 2962 1205 Isaia:
2999 1169 3012 1203 :
3047 1152 3184 1219 Quia
3224 1164 3350 1209 nata
3394 1166 3467 1210 cst

1865 1251 2028 1306 genus
2062 1248 2084 1275 ε
2116 1238 2275 1292 semel
2300 1238 2456 1309 (Isai.
2492 1256 2638 1306 LXVI,
2672 1258 2773 1296 sec.
2810 1240 3001 1311 LXX).
3036 1242 3160 1299 Uno
3191 1247 3332 1300 enim
3379 1247 3468 1301 die

1868 1331 1970 1380 tria
2002 1328 2188 1392 millia,
2223 1330 2396 1385 altero
2433 1333 2675 1402 quinque
2708 1332 2871 1386 millia
2910 1334 3191 1390 hominum
3219 1337 3465 1393 credide-

1868 1430 1992 1475 runt
2019 1419 2159 1492 (Act.
2192 1437 2229 1477 ιι
2259 1432 2307 1476 et
2342 1423 2439 1493 tv).
2481 1424 2747 1494 Quodque
2775 1425 2826 1480 in
2860 1424 3127 1482 llebraico
3160 1430 3417 1485 scribitur
3456 1447 3468 1483 :

1866 1510 2015 1567 Inter
2041 1529 2173 1584 quos
2194 1526 2343 1569 erunt
2366 1531 2532 1571 caecus
2551 1526 2602 1572 et
2627 1516 2869 1585 claudus,
2897 1529 2944 1573 et
2972 1536 3269 1592 praegnans,
3301 1535 3347 1577 et
3375 1542 3470 1594 pa-

1865 1605 2007 1658 riens
2036 1606 2213 1673 simul,
2243 1608 2462 1662 ecclesia
2490 1624 2679 1682 magna
2705 1614 3071 1667 reuertentium
3105 1613 3208 1669 huc
3231 1631 3250 1670 :
3280 1632 3468 1686 quant-

1865 1709 2027 1765 quam
2050 1705 2106 1751 et
2127 1697 2281 1766 juxta
2310 1697 2546 1754 litteram
2566 1700 2850 1770 impletum
2876 1704 2970 1770 sit,
2999 1706 3144 1775 quod
3164 1709 3463 1766 cascivide-

153 1784 439 1850 videlicet,
457 1792 515 1842 et
538 1786 826 1856 apostolici
856 1788 959 1843 viri
1002 1788 1051 1841 in
1084 1797 1268 1843 monte
1286 1787 1578 1857 Samarite,
1627 1801 1678 1844 et
1706 1790 1759 1843 in
1793 1788 1838 1848 Β
1867 1786 1994 1851 rint,
2025 1787 2201 1843 claudi
2245 1789 2678 1847 ambulaverint:
2712 1802 2888 1849 tamen
2926 1796 3124 1853 melius
3149 1802 3304 1868 juxta
3335 1817 3469 1856 ana-

156 1887 349 1933 monte
384 1879 899 1951 Epltraim,quorum
920 1880 1153 1936 alterum
1177 1883 1490 1952 custodiam,
1524 1885 1758 1939 alterum

158 1972 447 2027 ubertatem
476 1982 653 2029 sonat.
670 1972 813 2041 Quid
835 1989 964 2030 vero
986 1974 1174 2031 dicunt
1201 1978 1457 2031 custodes
1473 1977 1759 2045 Samaria},

154 2063 332 2122 immo
355 2064 484 2135 quid
515 2066 756 2121 clamant
778 2066 839 2125 ,iu
872 2079 1060 2124 monte
1100 2068 1398 2138 prraim?
1426 2067 1644 2141 Surgite
1669 2072 1760 2141 qui

151 2156 379 2226 iacetis,
413 2155 643 2211 humilia
666 2158 985 2230 relinquite,
1011 2161 1354 2215 victimarum
1379 2160 1584 2217 hostias
1609 2177 1764 2234 sper-

154 2248 297 2306 nite.
333 2249 667 2319 Sacri/icium
694 2249 923 2307 Domino
945 2254 1159 2325 spiritus
1179 2255 1555 2310 contribulatus
1586 2255 1757 2329 (Psal.

151 2343 235 2415 ι).
270 2343 648 2400 Ascendamus
679 2347 733 2401 in
764 2346 921 2415 Sion,
953 2346 1058 2404 hoc
1073 2357 1179 2416 est,
1210 2350 1264 2404 in
1295 2351 1621 2417 Ecclesium,
1670 2350 1763 2405 ubi

152 2445 247 2493 est
275 2436 581 2507 speculatio
628 2447 683 2493 et
723 2438 955 2495 intuitus
984 2440 1099 2495 Dei.
1130 2443 1376 2512 Cumque
1401 2441 1662 2497 fuerimus
1707 2442 1761 2497 in

154 2526 316 2592 Sion,
344 2528 511 2583 immo
536 2530 951 2586 ascenderimus
969 2538 995 2567 ει
1013 2531 1081 2587 ad
1113 2547 1258 2601 eam,
1292 2532 1656 2590 ascendamus
1670 2548 1766 2606 pa-

151 2620 297 2677 riter
324 2621 391 2676 ad
419 2620 706 2678 Dominum
742 2623 911 2680 Deum
932 2633 1203 2682 nostrum.

236 2715 418 2788 (Vers.
451 2717 531 2788 7.)
563 2717 701 2784 Quia
729 2718 839 2772 htec
883 2719 1009 2773 dicit
1058 2718 1314 2775 Dominus
1346 2736 1366 2775 :
1402 2719 1682 2776 Exsultate
1710 2724 1765 2777 in

156 2805 347 2862 latitia
367 2806 558 2875 Iacob,
580 2818 627 2863 et
659 2809 861 2864 hinnite
876 2820 1060 2865 contra
1087 2820 1245 2883 caput
1274 2815 1503 2884 gentium
1522 2829 1541 2867 :
1590 2830 1766 2887 perso-

155 2909 303 2964 nate,
337 2901 503 2955 canite
520 2899 571 2963 ι),
594 2909 643 2956 et
667 2902 825 2957 dicite
845 2919 864 2958 :
890 2902 1108 2959 Salvum
1124 2905 1229 2975 fac,
1252 2904 1497 2974 Domine,
1516 2907 1765 2979 populum

158 3001 337 3058 tuum,
380 2993 624 3065 reliquias
651 2992 844 3050 Israel.
874 2995 1267 3067 Signilicanter
1288 3014 1395 3054 non
1424 3008 1570 3055 totus
1591 3000 1768 3055 salva-

156 3094 254 3142 tur
283 3085 472 3155 Israel,
505 3087 602 3144 sed
624 3088 872 3159 reliquiae
919 3089 1107 3159 Israel,
1144 3093 1503 3163 praecipiente
1533 3093 1766 3149 Domino

156 3190 331 3251 atque
360 3180 582 3238 dicente
615 3200 629 3237 :
661 3181 939 3240 Exsultate
963 3186 1017 3240 in
1053 3187 1255 3249 laetitia,
1284 3189 1376 3259 qui
1416 3189 1536 3243 estis
1573 3190 1640 3245 de
1660 3188 1760 3243 Ja-
1794 3170 1840 3236 Ο

158 3272 282 3338 cob,
309 3283 355 3326 et
384 3274 607 3341 hinnite,
640 3276 707 3330 ad
740 3287 903 3346 caput
927 3281 1177 3349 gentium
1206 3279 1514 3337 referentes
1545 3292 1764 3352 cuncta,

157 3365 292 3436 quia
321 3366 494 3420 cauda
521 3369 796 3437 quondam
827 3384 982 3425 versa
1016 3381 1102 3425 est
1134 3372 1187 3426 in
1228 3381 1417 3441 caput.
1459 3370 1766 3439 Personate,

160 3457 361 3524 cauite,
391 3468 440 3513 et
461 3460 637 3514 dicite.
667 3459 809 3528 Quid
834 3461 1070 3517 estillud
1104 3462 1247 3532 quod
1261 3463 1525 3535 jubentur
1547 3462 1770 3519 dicere?

162 3549 385 3604 Saluum
409 3552 518 3619 fac,
550 3550 794 3619 Domine,
820 3551 1069 3626 populum
1098 3563 1263 3609 tuum.
1284 3556 1455 3622 Quem
1481 3555 1769 3627 populum?

161 3642 375 3713 Utique
394 3645 642 3715 reliquias
686 3642 875 3709 Israel,
906 3661 1028 3717 quae
1082 3646 1389 3704 secundum
1443 3647 1767 3703 electionem

162 3735 338 3792 salva:
365 3737 518 3793 facta:
543 3749 692 3793 sunt.
710 3738 788 3795 De
800 3739 998 3809 quibus
1023 3739 1289 3797 etPaulus
1309 3756 1596 3797 assumens
1621 3741 1771 3797 testi-

163 3830 414 3887 monium
444 3830 598 3887 Isaia:
622 3831 902 3903 loquitur:
934 3831 1056 3888 Nisi
1085 3832 1341 3888 Dominus
1392 3831 1605 3888 sabaotlt
1647 3831 1771 3888 reli-

164 3925 365 3997 qaisset
385 3925 535 3980 nobis
553 3942 746 3992 semen,
766 3927 899 3982 sicut
927 3926 1158 3984 Sodoma
1175 3929 1301 4000 facti
1319 3945 1563 3996 essemus,
1580 3937 1627 3983 et
1640 3928 1771 3984 sicut

166 4015 470 4073 Gomorrha
493 4019 691 4074 similes
718 4018 996 4089 fuissemus
1023 4018 1157 4093 (Isa.
1191 4036 1232 4087 ι,
1262 4021 1328 4086 9;
1360 4019 1515 4075 Rom.
1540 4036 1616 4089 ts,
1650 4019 1768 4091 29).

245 4114 266 4185 (
293 4111 453 4169 Vers.
482 4112 537 4169 8.
566 4113 589 4184 )
642 4110 777 4168 Ecce
803 4130 897 4188 ego
927 4115 1190 4169 adducam
1219 4130 1304 4168 eos
1335 4112 1402 4167 de
1435 4121 1574 4168 terra
1612 4114 1772 4184 Aqui—

166 4206 332 4274 lonis,
360 4215 410 4261 et
436 4208 754 4279 congreqabo
794 4224 879 4263 eos
907 4207 968 4263 ab
1012 4206 1250 4263 extremis
1279 4217 1444 4262 tcrrte.
1470 4205 1625 4274 Quod
1678 4220 1769 4260 se-

166 4299 397 4369 quitur:
428 4295 493 4351 In
518 4298 839 4353 solemnitate
865 4296 1058 4364 Phase,
1091 4305 1140 4352 et
1177 4295 1444 4369 generabit
1466 4295 1606 4366 ﬁlios
1633 4296 1770 4351 mul-

170 4401 275 4458 tos,
304 4391 356 4444 in
398 4388 665 4446 Hebraico
693 4406 798 4446 non
841 4391 1097 4458 habetur,
1150 4389 1247 4447 sed
1301 4390 1354 4444 in
1411 4388 1772 4460 Septuaginta

168 4494 388 4540 tantum
439 4483 661 4554 legitur,
694 4498 793 4556 pro
839 4498 948 4554 quo
1001 4482 1140 4554 apud
1192 4482 1454 4539 Ilebrzeos
1502 4481 1770 4551 scriptum

167 4590 256 4636 οδι
285 4596 298 4633 ε

246 4670 397 4727 Inter
422 4687 550 4741 quos
581 4680 729 4726 erunt
760 4687 947 4738 circus,
971 4679 1021 4726 et
1051 4668 1291 4739 claudus,
1323 4679 1371 4725 et
1398 4684 1696 4742 praegnans,
1728 4677 1776 4724 et

170 4765 391 4837 pariens
428 4764 586 4819 simul
634 4780 653 4819 :
700 4763 938 4819 Ecclesia
991 4780 1182 4835 magna
1210 4762 1592 4825 __revertentium
1649 4762 1771 4816 huc.

171 4857 594 4929 Cougri-gantur
627 4858 873 4927 reliquiae
903 4857 1084 4926 populi
1114 4855 1279 4911 Israel
1312 4870 1411 4925 per
1455 4854 1774 4926 Apostolos,

175 4962 236 5009 et
264 4950 600 5021 apostolicos
633 4951 801 5017 viros,
832 4950 901 5005 de
922 4950 1119 5021 quibus
1151 4963 1313 5018 supra
1353 4948 1587 5019 legimus
1612 4966 1626 5004 :
1653 4947 1776 5002 Cla-

171 5043 392 5099 mabunt
421 5041 663 5097 custodes
719 5042 773 5096 in
820 5051 1009 5108 monte,
1057 5051 1115 5097 et
1162 5039 1362 5111 quibus
1413 5039 1771 5110 praecipitur:

171 5135 486 5205 Personate,
516 5136 706 5204 canite,
751 5145 794 5188 et
822 5134 1005 5202 dicite,
1040 5140 1098 5189 ut
1144 5133 1307 5188 salvae
1356 5131 1491 5186 ﬁant
1529 5128 1778 5201 reliquiae

172 5230 372 5288 Israel.
405 5229 529 5301 Ipse
558 5243 775 5300 quoque
803 5227 1072 5283 Dominus
1103 5226 1392 5297 pollicetur
1434 5237 1495 5280 se
1524 5223 1782 5279 reduetu-

173 5342 301 5385 rum
328 5339 426 5381 eos
453 5324 523 5381 de
564 5330 709 5380 terra
733 5321 1043 5394 Aquilonis,
1076 5321 1169 5393 qui
1220 5330 1306 5377 est
1355 5328 1550 5376 ventus
1598 5316 1783 5373 duris-

252 5524 282 5552 α
310 5513 517 5581 Vatic.,
547 5512 926 5570 ascenderimus
948 5510 1141 5583 pariter
1163 5509 1232 5564 ad
1259 5522 1395 5574 eam,
1441 5502 1774 5561 ascendemus

177 5586 250 5643 ad
282 5585 579 5648 Dominum,
616 5597 724 5640 etc.

254 5657 281 5697 ι’
314 5657 484 5722 Idem,
505 5661 674 5710 canite
703 5656 845 5721 tuba,
885 5662 933 5709 et
962 5653 1138 5709 dicite.

256 5740 279 5769 α
308 5728 415 5784 Pro
445 5717 622 5787 semel,
647 5728 702 5782 in
734 5717 981 5796 Vulgata,
1001 5735 1058 5781 et
1083 5717 1781 5796 Hieronymiauayersione
1816 5772 1821 5779 _

179 5810 268 5859 est
292 5800 485 5864 simul;
512 5798 744 5855 Hebraeo
768 5789 892 5859 ιιι-ἴθι
923 5789 1068 5862 Diis,
1086 5803 1143 5852 et
1160 5789 1358 5851 Graeco
1382 5794 1454 5855 εἰς
1480 5789 1631 5856 ἅπαξ
1650 5802 1784 5845 con—

474 5893 758 5956 Pu'aoL.
812 5890 1047 5953 XXIV.

1867 1894 2038 1949 gogen
2092 1881 2315 1952 intelligi
2368 1892 2566 1953 potest,
2607 1885 2752 1953 quod
2798 1887 2889 1956 qui
2936 1890 3086 1958 prius
3137 1903 3295 1949 erant
3331 1896 3468 1950 caici

1867 1973 2112 2042 perﬁdia,
2147 1984 2333 2045 postea
2362 1976 2698 2034 crediderint
2723 1978 3038 2048 Salvatori;
3067 1993 3124 2038 et
3151 1985 3241 2053 qui
3263 1985 3467 2055 claudi,

1865 2064 2062 2134 quibus
2093 2067 2365 2138 quondam
2396 2068 2718 2139 loquebatur
2750 2070 2924 2126 Elius:
2963 2071 3239 2144 Usquequo
3264 2078 3470 2132 claudi-

1866 2158 1994 2211 catis
2020 2169 2235 2226 utroque
2277 2161 2407 2229 pede
2433 2159 2525 2233 (Ill
2559 2162 2690 2236 Reg.
2720 2179 2876 2230 xvut,
2904 2164 3027 2238 2i)?
3060 2177 3246 2237 postea
3274 2171 3471 2226 ambu-

1866 2248 2098 2307 laverint
2128 2250 2237 2324 [ΑΙ.
2266 2253 2550 2326 viderint].
2587 2254 2685 2310 Et:
2718 2254 2956 2329 Populus
2979 2259 3069 2330 qui
3089 2260 3294 2316 sedebat
3314 2265 3369 2317 in
3398 2274 3471 2320 te-

1866 2341 2035 2395 nebris
2061 2352 2109 2396 et
2126 2343 2308 2397 umbra
2330 2346 2530 2410 mortis,
2561 2361 2813 2416 magnum
2842 2347 3015 2404 lumen
3039 2353 3469 2427 aspexeritUsai.

1865 2447 1943 2500 ιι,
1971 2434 2051 2504 2);
2083 2434 2373 2507 claudique
2393 2438 2758 2505 cucurrerint,
2784 2448 2839 2495 ct
2871 2457 3157 2511 prtrgnans
3193 2448 3473 2514 pepererit

1868 2526 2031 2591 ﬁlios,
2079 2527 2377 2582 Ecclesium
2423 2544 2671 2601 magnam
2725 2534 3113 2588 revertendum
3158 2537 3225 2590 ad
3281 2538 3465 2593 lident.

1867 2617 2039 2675 Judaei
2073 2629 2259 2689 putant
2289 2620 2394 2677 hoc
2422 2636 2545 2677 esse
2569 2623 2925 2694 completum,
2955 2628 3173 2697 quando
3204 2630 3304 2683 sub
3331 2632 3467 2686 Ezra

1868 2721 1995 2784 post
2021 2711 2165 2768 diem
2194 2712 2372 2770 Pliase
2399 2716 2604 2786 egressi
2634 2727 2763 2770 sunt
2793 2717 2860 2771 dc
2892 2717 3169 2791 Babylone
3197 2733 3251 2776 ut
3286 2738 3473 2780 rever-

1867 2815 2115 2862 terentur
2134 2805 2462 2873 Jerusalem,
2492 2810 2546 2863 in
2576 2818 2858 2883 quotypus
2873 2810 2995 2878 luit,
3019 2822 3075 2868 et
3106 2831 3214 2870 non
3244 2819 3466 2873 veritas.

1867 2898 2056 2971 Neque
2085 2901 2232 2954 enim
2264 2900 2318 2955 in
2359 2901 2453 2955 illo
2484 2913 2734 2973 tempore
2767 2903 3043 2971 universa,
3085 2923 3208 2978 quae
3240 2909 3473 2981 legimus

1868 2998 1925 3046 et
1953 2988 2147 3045 lecturi
2173 3004 2383 3059 sumus,
2407 2991 2577 3048 fuisse
2599 2994 2871 3064 completa
2900 3005 3159 3068 poterunt
3183 2997 3290 3071 [AL
3321 3010 3473 3071 pote-

1872 3083 2018 3155 rant]
2049 3083 2375 3154 approbare.

1943 3176 2125 3246 (Vers.
2160 3176 2238 3247 9.)
2267 3175 2335 3232 In
2360 3178 2486 3247 ﬂetu
2518 3179 2720 3233 venient
2752 3178 2890 3252 (sive
2920 3182 3269 3257 egredientur)
3304 3203 3323 3241 .'
3352 3189 3478 3242 etin

1871 3266 1898 3307 δ
1931 3270 2283 3325 misericordia
2311 3272 2556 3326 reducam
2582 3288 2669 3327 eos
2702 3314 2717 3339 ,
2746 3284 2793 3328 et
2837 3275 3094 3331 adducam
3117 3294 3205 3333 eos
3250 3297 3342 3351 per
3367 3291 3475 3335 tor-

1871 3375 2040 3420 rentes
2073 3379 2332 3435 aquarum
2366 3364 2419 3418 in
2457 3366 2540 3419 via
2580 3378 2750 3431 recta,
2792 3376 2839 3422 et
2874 3384 2979 3423 non
3017 3369 3300 3443 impingent
3335 3373 3475 3445 (sive

1872 3471 1975 3509 non
2000 3454 2269 3526 errabant)
2306 3455 2361 3509 in
2401 3471 2480 3510 ea.
2522 3455 2659 3524 Quia
2687 3461 2857 3526 [actus
2885 3475 2998 3513 sum
3030 3458 3200 3517 Israel
3225 3472 3392 3533 pater,
3428 3475 3475 3521 et

1872 3546 2127 3619 Ephraim
2164 3547 2535 3622 prinwgcnitus
2572 3565 2717 3604 meus
2744 3560 2841 3605 est.
2881 3551 2939 3608 Si
2965 3552 3115 3623 juxta
3148 3555 3471 3613 Hebraicuut

1873 3639 2186 3710 legerimus,
2228 3640 2282 3694 in
2320 3640 2445 3710 [Ictu
2484 3642 2683 3696 venient
2723 3660 2743 3697 :
2785 3643 2890 3699 hoc
2928 3645 3074 3700 enim
3114 3645 3319 3704 indicat
3346 3665 3475 3705 statu

1880 3732 2085 3805 (1837);
2113 3732 2359 3788 dicemus
2387 3733 2532 3803 quod
2570 3734 2865 3801 interdum,
2898 3748 2950 3792 et
2982 3736 3132 3793 nimii
3161 3740 3345 3811 gaudii
3374 3742 3478 3798 lle-

1880 3836 1967 3883 tus
1996 3827 2257 3883 indicium
2285 3826 2379 3893 sit,
2402 3828 2554 3898 juxta
2589 3829 2721 3884 illud
2756 3848 2771 3886 :
2800 3829 3099 3903 Lacrymor
3121 3833 3339 3903 gaudio.
3377 3834 3474 3892 Sin

1875 3930 2056 3975 autem
2083 3918 2237 3990 juxta
2262 3919 2612 3989 Septuaginta
2639 3921 2729 3991 qui
2760 3921 3011 3978 dixerunt
3040 3940 3054 3978 :
3085 3921 3153 3978 In
3175 3925 3303 3994 ﬂetu
3326 3942 3476 3998 egre-

1876 4011 2069 4077 dietur,
2098 4020 2146 4064 et
2172 4011 2228 4064 in
2253 4010 2633 4079 misericordia,
2661 4011 2778 4068 sive
2802 4015 2856 4066 in
2886 4016 3289 4071 consolationem
3320 4018 3479 4073 reda.

1877 4119 1993 4157 cam
2031 4119 2140 4170 eos,
2181 4102 2336 4157 illum
2376 4116 2542 4158 sensu
2583 4119 2879 4173 ponemus,
2926 4104 3019 4176 qui
3057 4117 3113 4163 et
3152 4107 3206 4163 in
3249 4110 3478 4179 psalmis

1876 4198 2076 4254 dicitur
2101 4215 2115 4252 :
2139 4195 2336 4252 Euntes
2361 4196 2503 4252 ibant
2526 4205 2572 4252 et
2595 4198 2808 4268 ﬂebant,
2833 4200 3095 4256 mittentes
3120 4201 3317 4257 semina
3340 4220 3435 4257 sua
3460 4221 3479 4259 .·

1887 4290 2155 4347 Venientes
2197 4300 2371 4345 autent
2412 4291 2614 4345 venient
2646 4307 2763 4345 cum
2807 4290 3177 4362 exsultatione,
3213 4304 3480 4367 portantes

1876 4385 2172 4454 manipulos
2211 4400 2332 4439 suos
2359 4382 2535 4456 (Psal.
2578 4399 2739 4451 cxxv,
2783 4385 2837 4451 7,
2868 4386 2946 4457 8).
2976 4385 3273 4445 Fleverunt
3303 4395 3474 4457 enim,

1876 4480 2096 4551 quando
2126 4466 2334 4549 captivi
2372 4478 2519 4534 ducti
2550 4487 2681 4534 sunt
2710 4494 2726 4534 :
2756 4487 2813 4534 et
2839 4479 3272 4538 consolationem
3305 4485 3480 4540 maxi-

1801 4555 1854 4618 D
1880 4585 2023 4626 mam
2064 4578 2418 4640 receperunt,
2446 4571 2666 4640 quando
2694 4570 3072 4625 misericordia
3106 4571 3319 4629 Domini
3347 4586 3479 4631 sunt

1878 4662 2110 4718 reducti.
2155 4664 2222 4716 Et
2259 4661 2483 4717 adduxit
2524 4676 2623 4718 eos
2662 4660 2928 4716 Dominus
2967 4676 3065 4733 per
3092 4665 3389 4733 aposwlos,
3422 4676 3478 4722 et

1876 4756 2209 4829 apostolicos
2250 4756 2421 4824 viros,
2455 4756 2644 4825 plenos
2675 4769 2938 4826 aquarum
2966 4764 3021 4810 et
3052 4755 3343 4825 largissimi
3376 4758 3466 4813 IIuc

1878 4852 2064 4918 minis,
2111 4849 2165 4904 in
2204 4848 2292 4904 via
2329 4857 2478 4903 recta
2514 4846 2621 4920 [ΑΙ.
2655 4845 2864 4919 rectis],
2894 4846 3153 4902 videlicet
3181 4848 3331 4916 lidei,
3365 4865 3475 4905 non

1878 4947 1933 5003 in
1972 4943 2199 5018 perﬁdia
2238 4941 2576 4999 Judzeorum.
2623 4941 2687 4996 Et
2719 4957 2839 5007 non,
2874 4940 3069 5011 inquit,
3103 4941 3391 5013 impingent
3420 4946 3476 4999 in

1878 5054 1961 5107 ea,
2005 5037 2130 5108 quia
2172 5035 2300 5091 (ιωοί
2337 5049 2463 5090 esse
2494 5043 2805 5100 cessarunt,
2838 5032 3033 5103 quibus
3061 5034 3333 5105 quondam
3363 5035 3484 5094 dies

1882 5138 1993 5185 tum
2035 5138 2121 5185 est
2164 5145 2178 5184 :
2223 5127 2286 5184 Si
2328 5127 2451 5182 cteci
2495 5126 2672 5182 essetis
2693 5166 2708 5191 ,
2749 5141 2854 5179 non
2892 5123 3147 5181 haberetis
3192 5138 3477 5198 peccatum:

1884 5221 2042 5278 Nunc
2080 5237 2199 5277 vero
2234 5220 2356 5292 quia
2394 5219 2572 5274 dicitis
2613 5235 2632 5274 :
2668 5217 2921 5284 uidemus,
2964 5230 3233 5292 peccatum
3258 5231 3480 5276 vestrum

1880 5325 2053 5371 manet
2083 5311 2263 5385 (Joan.
2305 5327 2384 5379 tr,
2426 5312 2544 5382 41).
2589 5311 2886 5369 Possumus
2923 5314 3069 5368 viam
3112 5313 3321 5385 1062
3355 5328 3481 5369 rec-

1880 5495 2299 5555 tradicentibus.
2324 5493 2464 5551 Vide
2486 5508 2607 5565 quae
2634 5492 2703 5548 ad
2730 5491 2877 5547 hunc
2902 5491 3077 5548 locum
3109 5490 3162 5546 in
3190 5490 3484 5551 Commen-

1882 5581 1988 5627 tar.
2019 5568 2088 5624 ad
2120 5567 2245 5624 Isai.
2278 5581 2441 5634 supra
2477 5568 2855 5621 observamus.

1956 5640 1983 5678 ἀ
2014 5640 2073 5696 In
2104 5632 2530 5710 llieronymiana
2560 5634 2851 5701 Versione,
2881 5641 2938 5691 et
2965 5632 3146 5705 ναις..
3169 5633 3226 5690 in
3244 5636 3483 5707 precibus

1887 5712 2139 5770 deducam
2168 5726 2273 5778 eos,
2306 5717 2413 5765 etc.

2925 5874 3007 5938 28
