3972 6334
514 220 622 280 875

1758 200 1819 264 S.
1863 194 2135 263 Εἰ]εεῦιί
2174 198 2565 261 HIERONYMI

3716 186 3829 248 εκ

511 350 645 401 tam,
672 345 724 396 et
750 334 1027 391 Christum
1058 325 1391 398 intelligere.
1420 320 1474 381 in
1503 336 1609 395 qua
1636 298 1968 395 quicumque
1995 336 2106 376 am-
2138 321 2190 382 A
2216 319 2501 389 Scriptura
2529 334 2542 371 :
2572 315 2797 374 Unxitte
2828 312 2988 379 Deus,
3022 311 3159 369 Deus
3187 318 3309 368 tuus
3336 310 3460 368 oleo
3487 306 3690 367 latitia:
3718 323 3829 379 ραι

516 429 805 492 bulaverit,
848 440 952 478 non
994 422 1263 492 impinget
1290 418 1468 492 (Rom.
1512 418 1589 487 v).
1619 416 1816 471 Factus
1841 431 1980 483 sum,
2013 413 2109 480 ait,

513 521 683 577 Israel
723 528 892 587 pater,
934 515 1023 585 qui
1069 512 1326 567 reductus
1365 524 1471 572 est,
1501 519 1547 563 et
1577 507 1828 580 Ephraim
1859 508 2117 578 primoge-

509 615 648 667 uitus
690 625 832 667 meus
876 618 970 665 est.
1015 604 1117 663 Ubi
1159 605 1304 661 enim
1345 601 1620 672 quondam
1659 600 1955 659 abundavit
1988 615 2113 669 pec-

511 715 726 769 catum,
778 696 1241 769 superabundavit
1289 696 1484 767 gratia.
1536 693 1797 765 Epltraim
1839 700 2020 747 autem
2058 691 2112 746 in

512 809 644 869 typo
678 811 801 851 esse
841 794 1027 867 populi
1070 792 1139 847 de
1180 791 1435 861 gentibus
1461 786 1798 858 congregati,
1828 786 2115 855 Scriptura

513 903 759 951 testatur.
795 889 923 949 Fuit
949 889 1095 947 enim
1128 886 1400 955 posterior
1432 884 1576 940 illius
1604 880 1832 953 .loseph,
1864 890 1920 937 et
1943 879 2116 939 surri-

513 987 631 1053 puit
680 982 1042 1054 primogenita
1088 980 1376 1042 Manasse,
1424 977 1517 1049 qui
1566 987 1759 1033 natura
1809 973 2116 1044 primitivus

512 1072 631 1136 erat
650 1076 860 1146 (Genes.
892 1071 1109 1142 XLVIII);
1128 1071 1220 1126 sed
1244 1071 1298 1127 in
1328 1070 1587 1142 mysterio
1608 1067 1785 1125 crucis
1812 1066 2117 1125 decussatis

514 1170 786 1237 manibus,
815 1168 905 1237 qui
938 1166 1115 1222 stabat
1146 1163 1212 1218 ad
1240 1160 1520 1219 sinistram
1548 1160 1743 1227 Iacob,
1766 1158 1973 1217 dextrte
1995 1173 2115 1213 ma-

516 1279 617 1318 nus
658 1264 778 1331 ejus
816 1258 1057 1329 suscepit
1088 1254 1548 1312 benedictionem.
1580 1253 1647 1309 Et
1674 1253 1764 1324 qui
1794 1260 2022 1308 steterat
2047 1250 2115 1306 ad

512 1354 816 1421 dexteram,
842 1352 1063 1409 sinistra
1090 1348 1431 1412 benedicws,
1458 1347 1510 1400 in
1538 1346 1840 1407 secundum
1864 1344 2118 1401 redactus

515 1456 599 1502 est
633 1444 884 1516 gradum.
927 1443 995 1499 Et
1035 1440 1311 1513 quomodo
1351 1439 1517 1497 Jacob
1550 1440 1713 1503 Esau,
1743 1438 1824 1495 sic
1855 1437 2115 1509 Epliraim

514 1539 763 1595 Mauasse
806 1536 981 1607 rapuit
1021 1534 1397 1605 primogenita.
1430 1532 1731 1603 Omnisque
1765 1531 1995 1602 populus
2023 1529 2118 1587 de-

514 1647 633 1689 cem
676 1629 913 1693 tribuum
961 1637 1188 1683 vocatus
1230 1636 1313 1682 est
1354 1626 1633 1696 Epltraim,
1666 1624 1795 1694 quia
1821 1624 2114 1679 Jeroboam

2218 410 2539 466 consortibus
2567 409 2669 462 tuis
2692 405 2868 478 (Psal.
2890 404 3082 473 XLIV,
3103 403 3182 477 8).
3211 404 3282 459 Et
3302 408 3412 474 [ctu
3435 419 3719 474 pecorum,
3736 401 3830 472 qui

2218 502 2275 558 in
2308 499 2837 571 I‘Ioclesiasimplices
2870 507 3027 566 sunt,
3058 509 3109 553 et
3139 506 3514 562 armentorum,
3550 510 3679 566 qua:
3707 508 3832 549 eor-

2220 605 2350 649 nuta
2372 605 2524 660 sunt,
2543 605 2595 649 et
2614 592 2962 650 adversarios
2975 591 3266 648 ventilant.
3283 589 3357 647 Ut
3378 599 3566 644 autem
3586 587 3829 643 sciamus

2221 686 2633 743 benedictioues
2657 685 2757 743 has
2777 701 3122 757 nequaquam
3135 685 3201 739 ad
3226 699 3447 754 corpus,
3480 682 3580 738 sed
3617 680 3689 737 ad
3713 682 3831 736 ani-

2220 797 2362 837 mam
2393 781 2690 853 pertinere,
2713 781 2960 852 sequitur
2989 798 3006 834 :
3030 779 3249 852 Eritque
3266 780 3443 837 anima
3471 794 3653 834 eorum
3680 777 3833 849 quasi

2219 874 2401 931 hortus
2428 876 2674 949 irriguus,
2710 874 2829 929 sive
2856 874 3011 945 quasi
3043 874 3250 944 lignum
3282 872 3651 938 fructiferum,
3684 869 3827 941 quod

2221 969 2524 1039 plantatum
2553 976 2639 1025 est
2666 984 2825 1024 secus
2850 968 3116 1023 decursus
3143 982 3428 1036 aquarum,
3454 978 3507 1020 et
3539 963 3828 1036 paradisus

2218 1061 2436 1117 Domini
2478 1061 2535 1116 in
2573 1060 2792 1117 deliciis
2822 1059 3000 1133 (Psal.
3042 1059 3104 1129 ι).
3138 1058 3207 1114 Et
3240 1061 3400 1125 ultra,
3435 1059 3538 1125 ait,
3574 1074 3681 1112 non
3718 1072 3830 1111 esu-

2218 1155 2375 1209 rient.
2419 1154 2771 1226 Nequaquam
2814 1169 2878 1210 ea
2920 1153 3123 1217 esurio,
3166 1152 3234 1209 de
3269 1167 3374 1223 qua
3404 1151 3670 1221 scriptum
3702 1159 3824 1205 est;

2218 1245 2370 1302 Beati
2404 1248 2492 1318 qui
2515 1250 2765 1313 esuriant,
2809 1257 2856 1302 et
2895 1247 3075 1301 sitiunt
3096 1246 3364 1317 justitiam
3396 1243 3615 1317 (Matth.
3644 1261 3704 1311 ν,
3733 1244 3827 1316 6);

2218 1341 2317 1397 sed
2362 1356 2425 1398 ea
2469 1357 2587 1412 qum
2627 1341 2915 1397 saturitate
2959 1351 3219 1408 mutatur,
3264 1352 3314 1396 et
3362 1355 3549 1395 rerum
3583 1339 3826 1394 omnium

2219 1437 2463 1493 excludit
2506 1438 2811 1507 penuriam.
2855 1437 3010 1492 Tunc
3055 1435 3327 1491 laetabitur
3359 1437 3518 1505 virgo
3548 1435 3601 1489 in
3631 1435 3825 1501 choro,

2220 1531 2291 1587 de
2320 1545 2424 1605 qua
2466 1531 2659 1586 scribit
2701 1530 3000 1601 Apostolus
3043 1547 3057 1583 :
3097 1527 3365 1601 Despondi
3406 1528 3545 1582 enim
3600 1543 3689 1581 vos
3733 1528 3826 1580 ιιιιί

2219 1624 2331 1677 viro
2366 1624 2616 1697 virginem
2653 1632 2853 1679 castam
2875 1622 3116 1677 exhibere
3137 1620 3344 1678 Clu-isto
3373 1621 3441 1693 (ll
3473 1618 3601 1676 Cor.
3632 1636 3710 1684 XI,
3740 1618 3819 1691 2).

516 1726 660 1782 titius
701 1722 931 1789 Nabatb,
977 1737 1042 1778 ex
1075 1722 1175 1777 bac
1205 1720 1350 1777 tribu
1381 1733 1609 1790 regnum
1637 1719 1844 1788 primus
1875 1716 2116 1775 obtinuit
2148 1701 2195 1765 Β
2225 1714 2294 1771 Et
2321 1716 2574 1785 juvenes,
2608 1716 2677 1772 ad
2703 1731 2840 1788 quos
2870 1716 3111 1787 loquitur
3134 1715 3374 1772 Joannes
3403 1733 3418 1768 :
3449 1714 3634 1769 Scriba
3659 1714 3820 1780 vobis,

517 1820 571 1887 in
601 1814 843 1874 Samaria
878 1813 1067 1885 (lbid.,
1100 1812 1215 1884 27).

589 1911 773 1981 (Vers.
810 1908 877 1966 t0
906 1912 1083 1979 seqq.)
1116 1905 1308 1963 Audite
1344 1907 1550 1965 verbum
1575 1904 1811 1972 Domini,
1843 1914 2039 1976 gentes,
2069 1913 2118 1959 et

516 2005 823 2062 annuntiate
845 2003 897 2055 in
925 2001 1112 2055 insulis
1150 2015 1267 2072 qua
1294 2001 1476 2072 procul
1504 2009 1645 2065 sunt,
1680 2009 1729 2054 et
1766 1998 1920 2053 dicite
1962 2013 1981 2052 :
2018 1995 2121 2062 Qui

519 2096 763 2167 dispersit
786 2094 810 2148 l
820 2094 979 2161 srael,
999 2090 1333 2166 congregabit
1354 2108 1493 2159 eum,
1528 2101 1579 2149 et
1599 2090 1852 2147 custodiet
1883 2105 2002 2147 eum
2019 2090 2121 2144 sic—

517 2201 575 2245 ut
629 2199 804 2262 pastor
842 2204 1047 2261 gregem
1087 2203 1260 2253 suum,
1301 2186 1425 2257 quia
1468 2185 1683 2241 redemit
1729 2182 1987 2257 Dominus
2024 2180 2123 2237 Ja-

517 2283 633 2348 cob,
673 2290 719 2335 et
757 2280 991 2335 liberavit
1029 2278 1210 2352 [Vulg
1251 2278 1471 2335 redimet
1513 2287 1570 2335 et
1608 2276 1867 2349 liberabit]
1903 2293 2020 2332 eum
2058 2278 2123 2331 de

516 2389 677 2428 manu
701 2371 1006 2444 potentioris
1035 2371 1174 2443 (sive
1202 2370 1265 2424 de
1294 2386 1451 2424 manu
1481 2367 1762 2441 fortioris).
1796 2367 1864 2424 Et
1894 2369 2118 2435 venient,

516 2476 563 2520 et
601 2463 890 2520 laudabunt
920 2464 975 2518 itt
1006 2474 1176 2519 monte
1206 2462 1363 2529 Sion,
1393 2470 1439 2515 et
1465 2463 1723 2532 conﬂuent
1752 2460 1821 2514 ad
1852 2461 1985 2517 bona
2012 2457 2121 2512 Do-

519 2560 644 2627 mini
683 2576 837 2627 super
882 2559 1165 2627 frumento,
1208 2565 1257 2617 et
1297 2554 1436 2622 vino,
1480 2563 1527 2608 et
1570 2552 1705 2620 oleo,
1746 2562 1799 2609 et
1826 2556 1935 2623 fetu
1966 2568 2121 2619 peco-

516 2669 651 2718 rum,
683 2660 731 2706 et
755 2657 1126 2705 armentorum.
1160 2644 1379 2715 Eritque
1408 2645 1584 2703 anima
1608 2660 1789 2699 eorum
1815 2644 1965 2714 quasi
1994 2642 2120 2697 lior—

517 2755 597 2799 tus
636 2742 867 2814 irrigans
899 2740 1038 2809 (sive
1076 2738 1227 2809 quasi
1267 2738 1469 2809 lignum
1500 2737 1877 2807 (rutilanus),
1906 2748 1955 2791 et
1980 2737 2120 2791 ultra

518 2851 619 2888 non
646 2833 896 2889 esurient.
932 2829 1081 2884 Tunc
1110 2830 1371 2895 laetabitur
1402 2834 1542 2899 virgo
1568 2830 1626 2885 in
1652 2830 1809 2887 choro
1841 2831 1983 2897 (~ivo
2010 2831 2117 2882 vir-

517 2923 682 2996 giues)
718 2936 764 2981 et
786 2927 1008 2996 juvenes
1039 2930 1085 2981 et
1116 2938 1263 2983 senes
1298 2922 1477 2990 simul,
1514 2931 1564 2977 et
1604 2932 1892 2987 convertam
1922 2925 2121 2978 ludum

516 3036 693 3075 eorum
732 3020 786 3072 in
832 3016 1101 3088 gaudium,
1140 3027 1189 3072 et
1230 3015 1533 3071 consolabor
1571 3034 1678 3082 eos,
1710 3026 1759 3072 et
1785 3015 2064 3087 lati/icabo
2087 3033 2121 3071 a

2212 1812 2466 1879 juvenes,
2507 1809 2753 1876 quoniam
2787 1809 2984 1863 vicistis
3027 1809 3313 1881 malignum
3353 1824 3372 1863 :
3415 1808 3482 1862 Et
3522 1822 3715 1873 senes,
3758 1805 3822 1859 sd

2224 1916 2364 1972 quos
2403 1900 2546 1956 idem
2585 1900 2817 1971 mystico
2848 1914 3105 1955 sermone
3138 1907 3373 1955 testatur
3407 1916 3421 1952 :
3452 1896 3640 1955 Scriba
3663 1896 3821 1962 vobis,

2222 2001 2430 2061 patres,
2480 1993 2726 2062 quoniam
2767 1992 3076 2063 cognovistis
3122 2007 3269 2057 eum,
3321 1992 3410 2062 qui
3452 1989 3519 2044 ab
3563 1990 3712 2044 initio
3752 1999 3824 2042 est

2224 2082 2269 2150 (I
2302 2081 2460 2137 Joan.
2496 2098 2565 2148 ιι,
2598 2081 2712 2156 14).
2748 2081 2816 2136 Et
2849 2093 3161 2151 convertant,
3193 2084 3388 2154 inquit,
3418 2085 3617 2137 furtum
3648 2098 3819 2137 eorum

2224 2178 2279 2231 in
2316 2177 2589 2248 gaudium,
2621 2187 2680 2233 ut
2712 2193 2855 2247 quos
2886 2186 3154 2233 terruerat
3181 2193 3336 2243 crux,
3370 2176 3611 2233 ltetiﬂcet
3640 2191 3819 2231 resur-

2226 2268 2422 2327 rectio.
2466 2269 2536 2324 Et
2571 2268 2881 2331 consolabor
2919 2286 3029 2334 eos,
3061 2279 3113 2325 et
3138 2270 3413 2339 ltBti/icnllo
3441 2288 3475 2325 ο
3503 2271 3681 2324 dolore
3706 2285 3815 2337 suo,

2220 2363 2373 2433 juxta
2414 2365 2546 2420 illud
2586 2364 2730 2433 quod
2770 2364 3037 2419 Dominus
3067 2365 3305 2435 loquitur
3341 2381 3354 2418 :
3388 2362 3542 2419 Beati
3572 2364 3817 2437 lugentes,

2223 2459 2469 2528 quoniam
2516 2459 2619 2528 ipsi
2665 2458 3096 2514 consolabuntur.
3149 2460 3213 2515 Et
3263 2460 3551 2517 inebriabo
3588 2460 3818 2515 animam

2223 2549 2601 2616 Sacerdotnm,
2645 2551 2737 2622 qni
2775 2551 2981 2608 habent
3016 2552 3302 2608 scientiam
3343 2552 3463 2618 Dei,
3496 2553 3569 2610 de
3597 2568 3819 2625 quorum

2226 2658 2325 2699 ore
2361 2644 2699 2712 interrogant
2730 2644 2906 2712 legem
2938 2644 3178 2712 Domini,
3212 2645 3302 2716 qui
3330 2645 3566 2701 credunt
3594 2646 3647 2700 in
3676 2660 3815 2708 eum,

2225 2735 2292 2793 ad
2325 2752 2484 2805 quem
2518 2736 2787 2807 Propheta
2814 2738 2960 2799 canit
2992 2755 3007 2791 :
3033 2736 3114 2792 Tu
3145 2754 3198 2792 es
3227 2738 3468 2793 sacerdos
3494 2739 3554 2793 in
3580 2722 3819 2793 (uernum

2229 2830 2509 2889 secundum
2549 2831 2785 2886 ordinent
2818 2830 3191 2885 Melchisedech
3212 2829 3389 2901 (Psal.
3423 2847 3535 2897 elx,
3572 2831 3647 2901 tl).
3671 2831 3818 2900 Quod

2232 2934 2415 2981 autem
2455 2924 2700 2992 sequitur
2734 2924 2890 2993 juxta
2929 2926 3280 2996 Septuaginta
3327 2941 3340 2981 :
3387 2923 3647 2979 Filiorum
3683 2926 3815 2987 Levi.

2230 3016 2282 3071 in
2330 3016 2599 3073 llebraico
2640 3033 2746 3072 non
2794 3017 3045 3072 habetur.
3092 3018 3158 3072 Et
3197 3016 3551 3090 perspicuum
3593 3028 3692 3082 est,
3729 3034 3816 3074 ne-

516 3110 697 3173 dolorc
736 3083 853 3165 suo:
897 3108 963 3164 Et
998 3109 1265 3165 inebriabo
1292 3112 1524 3172 annnam
1552 3110 1876 3171 sacerdotum
1898 3083 2118 3180 pingue-
2146 3083 2197 3150 δ
2224 3122 2501 3177 ququam
2540 3108 2591 3164 id
2636 3108 2743 3165 dici
2786 3109 2855 3165 de
2893 3109 2978 3164 his
3017 3083 3399 3166 sacerdotibus
3436 3110 3532 3183 qui
3578 3121 3699 3167 sunt
3728 3111 3815 3167 ﬁlii

517 3204 640 3259 dine
666 3203 808 3278 (sive
848 3203 1078 3272 ﬁliorum
1113 3201 1256 3274 Levi)
1296 3211 1346 3258 et
1380 3204 1604 3275 populus
1639 3220 1779 3261 utens
1807 3203 1955 3259 bonis
1991 3204 2118 3258 nuis

514 3294 918 3366 adimplebitur,
959 3296 1032 3350 ait
1075 3294 1350 3353 Dominus.
1395 3295 1693 3365 Perspicua
1732 3298 1947 3355 vacatio
1984 3311 2120 3366 gen-

517 3394 654 3451 tium
693 3392 1126 3457 demonstratur,
1169 3390 1447 3460 Scriptura
1488 3390 1711 3447 dicente
1745 3408 1759 3444 :
1792 3391 1983 3447 Audite
2008 3406 2116 3445 lter-

516 3484 636 3540 bum
664 3484 904 3551 Domini,
935 3494 1132 3557 gentes,
1163 3495 1210 3537 et
1238 3484 1544 3541 annuntiate
1566 3485 1623 3539 in
1649 3485 1836 3543 insulis
1859 3500 1973 3554 quae
1997 3501 2121 3555 pro-

515 3576 599 3631 cul
666 3585 823 3641 sunt,
869 3584 914 3630 et
956 3575 1131 3633 dicite.
1176 3574 1315 3644 Quid
1368 3578 1696 3635 annuotiant
1749 3577 1945 3637 insulis
1996 3591 2123 3646 quin

519 3669 707 3739 procul
748 3670 867 3725 sine
904 3668 1071 3723 sunt?
1124 3667 1281 3739 Quod
1324 3668 1604 3736 Dentiuus,
1632 3669 1724 3738 qui
1754 3668 2016 3740 dispersit
2039 3669 2120 3724 ls-

519 3762 655 3828 rael,
688 3762 805 3830 ipse
831 3760 1182 3831 congregabit
1211 3775 1355 3815 etim.
1388 3760 1740 3833 Nequaquam
1780 3776 1912 3831 ergo
1943 3772 2002 3817 ut
2036 3760 2122 3818 di-

517 3860 942 3925 spergerentur,
978 3851 1240 3922 potentiae
1268 3850 1372 3908 fuit
1399 3852 1858 3918 adversariorum,
1885 3854 1983 3911 sed
2017 3854 2122 3909 Do-

518 3943 653 4015 mini
681 3942 994 4003 voluntatis.
1027 3942 1093 4005 Et
1119 3944 1368 3999 custodiet
1396 3961 1517 4005 eum
1543 3945 1679 4003 sicut
1707 3952 1887 4017 pastor
1915 3962 2124 4019 gregem

518 4055 689 4094 suum.
734 4037 931 4093 Pastor
977 4036 1122 4093 enim
1168 4035 1345 4091 bonus
1385 4040 1541 4106 ponit
1572 4037 1808 4095 animam
1839 4052 1992 4094 suam
2026 4055 2127 4109 pro

518 4132 713 4191 ovibus
749 4131 862 4189 suis
895 4127 1077 4201 (Joan.
1107 4127 1188 4200 Χ).
1238 4129 1376 4198 Quia
1406 4129 1621 4193 redemit
1653 4130 1908 4191 Dominus
1934 4131 2122 4201 Jacob,

524 4222 704 4296 pretio
742 4222 1024 4292 sanguinis
1054 4221 1159 4287 sui,
1190 4231 1236 4275 et
1264 4223 1498 4281 liberavit
1526 4239 1642 4281 eum
1669 4225 1732 4278 de
1762 4241 1921 4283 manu
1943 4236 2124 4297 poten-

522 4316 689 4379 tioris,
733 4312 850 4370 sive
890 4312 1142 4383 fortioris.
1187 4313 1289 4367 Per
1317 4328 1440 4385 qtue
1470 4316 1837 4379 ostenduntur
1870 4314 2127 4373 fortiores

522 4408 859 4463 adversariae
906 4412 1209 4476 potestates
1258 4416 1459 4465 natura
1496 4406 1806 4477 fragilitatis
1847 4408 2118 4467 humanm.

527 4501 595 4557 Et
634 4509 895 4570 quantum
938 4497 993 4552 in
1040 4499 1284 4567 utrisque
1326 4499 1519 4555 virium
1563 4514 1670 4566 est,
1714 4502 1839 4560 illas
1868 4502 2124 4560 fortiores

525 4607 649 4651 esse
679 4600 893 4656 natura,
928 4592 1022 4651 scd
1057 4590 1268 4663 1m
1296 4606 1394 4646 nos
1422 4590 1677 4657 fortiores
1706 4595 1833 4661 tida,
1862 4597 1915 4655 si.
1942 4605 2123 4653 tamen

527 4698 836 4755 mereamur
865 4681 1085 4738 liberari
1115 4682 1182 4737 ab
1208 4698 1296 4748 eo,
1325 4686 1412 4752 qui
1448 4692 1625 4753 potest
1653 4686 1878 4753 alligare
1900 4687 2122 4757 fortem,

526 4789 582 4835 et
621 4778 840 4845 domum
883 4778 1001 4848 ejus
1042 4776 1303 4845 diripere.
1348 4776 1416 4830 Et
1457 4780 1693 4846 venient,
1736 4781 1939 4852 inquit,
1980 4782 2124 4840 haud

528 4869 754 4937 dubium
792 4869 919 4943 quin
964 4866 1176 4923 liberati
1216 4868 1283 4924 de
1318 4884 1479 4922 mauu
1508 4872 1832 4939 potentiuttt,
1866 4885 1912 4929 et
1937 4873 2129 4930 lauda-

527 4961 652 5015 bunt
697 4960 1046 5025 liberatorem
1085 4976 1243 5015 suum
1289 4960 1343 5019 in
1392 4970 1561 5015 monte
1604 4962 1758 5031 Sion,
1801 4964 1905 5021 hoc
1930 4975 2036 5032 est,
2072 4968 2125 5025 in

531 5053 796 5118 Ecelcsia,
841 5061 889 5105 et
928 5054 1193 5127 continent
1226 5056 1295 5109 ad
1336 5055 1469 5119 bona
1509 5055 1744 5121 Domini,
1785 5076 1966 5121 rerum
2008 5080 2128 5118 ont-

2223 3203 2375 3271 Levi,
2422 3204 2519 3259 sed
2557 3204 2625 3259 de
2667 3205 2775 3271 his,
2816 3205 2868 3258 iu
2897 3220 3129 3276 quorum
3158 3214 3349 3277 typum
3380 3207 3668 3278 pra-cessit
3692 3208 3816 3263 Mel-

2221 3300 2540 3361 chisedech.
2586 3301 2839 3357 Ebrietas
2876 3309 3059 3356 autem
3101 3301 3449 3377 sacerdotum
3486 3311 3544 3357 et
3591 3302 3642 3357 in
3681 3301 3811 3370 Apo-

2224 3393 2379 3449 stolis
2403 3392 2809 3463 comprobatur,
2835 3392 3056 3463 quando
3087 3391 3370 3449 fervebant
3395 3393 3526 3463 fide,
3559 3404 3611 3449 et
3642 3401 3810 3448 musto

2223 3488 2368 3557 pleni
2411 3487 2733 3547 dicebantur
2776 3488 2914 3557 (Act.
2960 3487 3046 3560 ll).
3097 3487 3254 3547 Unde
3286 3496 3345 3543 et
3378 3488 3568 3555 locus,
3618 3488 3668 3543 in
3707 3503 3801 3557 quo

2222 3579 2657 3649 comprehensus
2687 3577 2901 3652 ισοξ,
2925 3578 3191 3636 Dominus
3216 3587 3324 3648 est,
3362 3590 3591 3636 vocatur
3620 3580 3807 3635 Geuiss-

2224 3674 2366 3729 mani
2389 3672 2604 3741 (Matth.
2632 3689 2778 3741 xxvi,
2815 3672 2929 3741 56),
2952 3673 3099 3745 quod
3130 3675 3185 3729 in
3217 3674 3396 3746 lingua
3427 3684 3616 3731 nostra
3644 3673 3802 3730 vallem

2225 3748 2555 3837 pinguedinis
2595 3775 2776 3821 sonat.
2820 3766 3071 3838 Cumque
3095 3767 3415 3822 sacerdotes
3445 3767 3676 3838 pingues
3703 3764 3802 3820 fuc-

2224 3858 2337 3914 rint
2375 3857 2623 3919 doctrina
2670 3859 2904 3926 Domini,
2953 3869 3008 3915 et
3052 3860 3309 3916 inebriati
3353 3862 3408 3916 in
3447 3862 3701 3917 convivio
3727 3860 3808 3917 Joo

2225 3952 2359 4021 septi
2404 3953 2644 4008 dixerint
2681 3969 2694 4007 :
2736 3953 2891 4007 Cati:
2918 3961 3037 4006 tuus
3066 3953 3333 4008 inebrians
3360 3969 3519 4024 quam
3547 3955 3808 4027 prterlarus

2226 4056 2300 4100 cst
2331 4044 2540 4119 (Gens.
2572 4062 2703 4101 xum
2726 4057 2771 4101 et
2799 4043 2974 4120 xuv)!
3011 4054 3140 4102 tunc
3169 4047 3276 4103 erit
3303 4056 3361 4102 et
3387 4047 3492 4104 hoc
3515 4049 3659 4119 quod
3685 4061 3809 4102 nunc

2230 4140 2488 4194 ltominus
2536 4139 2829 4210 pollicetur
2875 4156 2890 4193 :
2939 4139 3007 4194 Et
3054 4139 3275 4212 populus
3321 4156 3465 4195 naeus
3512 4141 3659 4196 bonis
3702 4144 3814 4195 meis

2227 4230 2593 4302 adimplebitur
2629 4230 2806 4304 (Psat.
2853 4248 2997 4301 xxtt,
3044 4230 3125 4304 ὅ).
3170 4234 3301 4301 Quae
3341 4235 3527 4288 ontnia
3572 4248 3715 4290 nunc
3752 4248 3812 4290 ex

2230 4334 2387 4393 parte
2425 4325 2736 4385 tribuuntur
2779 4343 2795 4381 :
2841 4336 2970 4381 tunc
3010 4337 3192 4382 autem
3234 4328 3514 4385 dabuntur
3549 4329 3604 4384 in
3642 4329 3808 4398 pleno,

2229 4417 2444 4487 quando
2487 4417 2780 4473 viderimus
2814 4417 2955 4474 facie
2984 4420 3048 4473 ad
3080 4420 3297 4484 faciem,
3328 4430 3381 4476 et
3410 4436 3616 4492 corpus
3646 4421 3811 4475 humi-

2228 4510 2397 4565 litatis
2439 4519 2635 4565 nostra:
2677 4510 2841 4567 fuerit
2874 4513 3291 4568 resurrectionis
3319 4513 3493 4584 gloria
3526 4525 3817 4569 commuta-

2230 4611 2364 4665 tum.

2302 4694 2483 4767 (Vere.
2528 4697 2647 4771 i5.)
2680 4699 2811 4754 Hm:
2854 4701 2981 4755 dicit
3020 4699 3274 4755 Dominus
3313 4716 3331 4754 :
3381 4699 3500 4755 Vox
3534 4701 3593 4755 in
3630 4699 3819 4755 metro

2227 4790 2412 4847 audita
2463 4802 2538 4848 est
2589 4794 2969 4850 lamentationis
3004 4837 3020 4861 ,
3074 4796 3228 4866 ﬂetus
3274 4803 3323 4849 et
3373 4793 3547 4851 luctus
3570 4837 3586 4860 ,
3638 4792 3821 4849 Rachel

2232 4892 2259 4921 ι
2280 4883 2535 4955 plorantis
2564 4887 2701 4957 ﬁlios
2722 4905 2864 4955 suos,
2887 4898 2938 4944 et
2965 4889 3128 4943 noluit
3157 4887 3340 4960 [Vulg.
3374 4888 3626 4961 nolentis]
3653 4903 3820 4944 τοπεοο

2233 4977 2335 5031 lari
2362 4993 2517 5049 super
2546 4979 2672 5049 [iliis
2698 4982 2806 5037 suis
2835 4981 3018 5053 qulg.
3048 4980 3163 5054 eis].
3194 4982 3318 5049 quia
3346 4997 3452 5035 non
3482 4992 3624 5038 sunt.
3657 4979 3817 5036 LXX:

2234 5067 2327 5124 Sic
2365 5070 2492 5127 dicit
2524 5068 2779 5128 Dominus
2804 5088 2823 5127 :
2856 5073 2977 5129 Vox
2998 5075 3053 5129 in
3084 5074 3253 5128 Roma
3283 5074 3464 5129 audita
3495 5086 3593 5139 est,
3633 5076 3815 5129 lamen-

530 5146 681 5221 nium
723 5144 1133 5215 ηδυρυάἒηιίθιη.
1344 5166 1452 5219 ιιριι
1493 5150 1547 5213 in
1592 5151 1860 5223 ft‘tlgibm.
1909 5165 1960 5213 et
1989 5158 2133 5216 cibis
2232 5164 2361 5217 talio
2401 5175 2447 5217 et
2484 5166 2655 5236 ﬂetus,
2699 5175 2747 5220 rt
2781 5168 2969 5231 luctus,
3007 5167 3199 5222 Rachel
3229 5168 3483 5236 plorantis
3516 5169 3655 5237 ﬁlios
3680 5181 3812 5233 suos,

527 5240 719 5301 carnis
739 5240 918 5313 istius,
953 5240 1048 5311 sed
1078 5242 1128 5295 in
1157 5241 1425 5309 virtutum
1444 5246 1713 5309 varietate
1737 5249 1992 5319 sentitur.
2024 5249 2137 5307 Si".

527 5350 619 5404 per
658 5337 938 5405 frumento,
973 5333 1165 5404 inquit,
1200 5345 1242 5387 et
1270 5334 1411 5403 vino,
1442 5346 1485 5390 et
1515 5337 1646 5401 oleo,
1676 5338 1743 5393 de
1770 5357 1877 5410 quo
1909 5343 2130 5398 conﬁci-

531 5434 618 5495 tur
657 5426 813 5497 panis
847 5425 1082 5493 Dptttiui.
1111 5435 1171 5481 et
1192 5428 1477 5497 sanguini-6.
1502 5429 1621 5497 illus
1658 5429 1914 5500 impletur
1941 5444 2126 5506 typus,

528 5530 584 5572 et
634 5518 942 5601 benedictio
996 5520 1455 5576 sanctiﬁcationis
1507 5523 1854 5594 ostenditur,
1908 5528 2129 5589 dicente

2235 5265 2283 5311 et
2323 5259 2488 5313 uoluit
2526 5261 2902 5332 conquiescere,
2940 5263 3068 5332 quia
3098 5278 3200 5316 non
3228 5270 3369 5315 sunt.
3403 5260 3514 5316 Nec
3536 5262 3693 5330 juxta
3722 5259 3817 5313 He-

2233 5351 2497 5418 braicum,
2526 5368 2627 5408 nec
2653 5354 2803 5423 juxta
2835 5354 3192 5426 Septuaginta
3212 5395 3226 5421 ,
3270 5354 3559 5409 Matthteus
3599 5351 3812 5421 sumpsit

2232 5442 2625 5497 testiatonium.
2669 5442 2928 5516 Legimus
2966 5446 3114 5503 enim
3159 5447 3210 5500 in
3252 5459 3321 5501 eo
3353 5454 3475 5515 post
3506 5441 3806 5521 descriptioo

2230 5551 2354 5590 nem
2395 5538 2678 5595 infantium
2719 5541 2867 5597 necis
2901 5558 2916 5603 :
2950 5540 3093 5598 Tunc
3122 5540 3397 5615 impletum
3425 5549 3523 5615 est,
3554 5537 3690 5612 quod
3712 5536 3803 5591 dir-

605 5702 633 5735 ι
666 5699 931 5756 Victorius
970 5703 1099 5771 ﬂens
1140 5702 1191 5756 in
1235 5714 1406 5768 recto,
1439 5718 1536 5760 seu
1563 5704 1798 5776 plorans,
1830 5722 1898 5762 ex
1929 5707 2120 5769 Graeco
