3972 6312
545 280 651 336 879

549 393 830 462 capiamus
879 386 1244 445 memoriam?
1293 384 1561 454 Quodque
1621 365 1816 438 dixere
1865 381 2034 447 LXX,
2099 389 2147 434 et
2176 387 2222 444 Α

550 485 749 539 ostendi
796 494 863 545 te,
899 481 1196 550 signiticat,
1247 479 1392 550 quod
1436 485 1720 548 postquam
1758 477 2052 546 ingemuit,
2087 483 2141 529 et

549 591 644 630 sua
669 574 862 630 delicta
891 575 1170 642 cognovit,
1223 580 1350 626 tunc
1379 572 1432 626 in
1463 581 1674 625 tantum
1709 572 2012 639 protectum
2056 584 2148 622 ve-

547 669 712 733 nerit,
747 679 801 720 ttt
835 668 997 721 etiam
1029 665 1150 720 aliis
1189 664 1575 736 ignorantibus
1616 663 1782 716 Deum
1814 661 2143 725 ostenderit,

542 764 698 833 juxta
734 762 786 817 id
814 762 957 833 quod
991 761 1156 816 David
1193 761 1464 831 paenitens
1501 759 1712 830 1067
1743 753 2148 827 loquiturzDo-

548 859 668 911 cebo
707 857 908 926 iniquos
951 857 1060 909 vias
1106 864 1245 920 tuas,
1302 863 1348 906 et
1394 854 1544 919 impii
1587 853 1654 904 ad
1696 863 1741 905 te
1785 859 2147 904 convertentur

541 947 726 1016 (l’sal.
753 963 808 1012 L,
842 947 906 1001 13
927 946 969 1018 ).
1010 945 1076 1000 Ει
1115 944 1260 1013 quod
1293 943 1464 998 dicit:
1497 942 1756 1008 Quoniam
1782 940 2008 993 sustinui
2044 956 2142 1008 op-

543 1041 810 1112 probrium
847 1037 1208 1092 adolescentia:
1235 1051 1381 1102 mete,
1418 1051 1514 1114 per
1546 1034 1725 1088 aetatis
1771 1031 2142 1103 ignorantiam

540 1150 804 1206 peccasse
849 1149 909 1188 se
938 1134 1090 1195 dicit,
1129 1144 1187 1185 ut
1224 1131 1438 1184 facilius
1480 1129 1696 1184 veniam
1745 1135 2140 1196 consequatur,

535 1231 693 1300 juxta
719 1227 852 1282 illud
879 1226 1023 1297 qttod
1054 1224 1225 1279 David
1249 1224 1397 1279 canit
1423 1241 1434 1276 :
1458 1221 1665 1277 Delicta
1680 1221 1971 1293 juventutis
1991 1233 2138 1285 mete,

541 1334 590 1376 et
623 1321 948 1395 ignorantias
993 1335 1134 1373 meas
1182 1333 1244 1371 ne
1275 1316 1570 1370 memineris
1615 1312 1806 1386 (l’sal.
1846 1327 1996 1377 xxiv,
2042 1312 2138 1378 7).

539 1415 699 1469 Unde
723 1423 780 1468 et
813 1416 865 1466 in
897 1410 1369 1482 consequentibus
1401 1409 1547 1464 Deus
1570 1407 1857 1477 parvulum
1887 1421 2012 1460 eum
2040 1420 2142 1457 vo-

536 1520 625 1564 cat
651 1518 706 1563 et
734 1508 948 1563 deliciis
991 1505 1330 1560 afﬂuentem.
1381 1502 1498 1558 Hoc
1537 1515 1720 1557 autem
1753 1499 1889 1554 dicit
1919 1507 2144 1569 propter

534 1600 853 1658 divitiarum
887 1597 1321 1666 magnitudinem
1345 1604 1400 1651 et
1433 1603 1598 1649 terra:
1640 1593 2003 1656 fertilitatem,
2037 1605 2141 1660 qua

536 1694 802 1764 Epltraim
838 1692 1012 1746 tribus
1047 1706 1222 1760 usque
1257 1689 1422 1744 hodie
1447 1688 1711 1742 luxuriat.

1759 247 1850 322 's.
1894 263 2161 324 EUSEBII
2203 241 2580 320 manorum

3751 252 3843 308 880

2325 379 2519 449 (Vers.
2562 378 2658 442 2|,
2697 373 2839 446 22.)
2879 375 3063 431 Statue
3091 384 3116 412 ⁸
3159 373 3252 428 tibi
3273 372 3538 443 speculas.
3587 383 3719 440 pone
3764 369 3842 420 tibi

2253 471 2631 526 amaritudines
2663 486 2680 524 .'
2712 469 2882 540 dirige
2925 485 3015 524 cor
3061 478 3205 522 tuum
3237 467 3292 520 in
3346 466 3485 519 viain
3516 464 3772 517 directam
3796 463 3841 512 in

2249 581 2352 634 qua
2378 563 2676 618 ambulasti.
2709 561 3002 629 Revertere,
3019 561 3162 631 virgo
3183 556 3374 622 Israel,
3404 564 3668 610 revertere
3690 555 3756 607 ad
3780 553 3838 605 ci-

2248 661 2428 712 vitates
2470 666 2588 711 tuas
2618 660 2766 711 istas.
2820 657 3096 727 Usquequo
3128 655 3329 709 deliciis
3361 649 3688 713 dissolveris,
3743 647 3840 715 filia

2249 755 2416 826 vaga?
2444 754 2566 822 quia
2599 753 2785 806 creavit
2813 751 3067 806 Dominus
3094 766 3280 804 novum
3310 763 3469 818 super
3496 755 3690 799 terram
3722 757 3739 795 :
3770 745 3840 810 fe-

2249 848 2388 900 mina
2419 846 2762 900 circumdabit
2803 847 2986 899 virum.
3022 843 3165 899 LXX
3194 860 3207 895 :
3242 842 3428 899 Statue
3487 839 3581 892 tibi
3615 835 3841 908 specula-

2248 946 2418 993 tores:
2440 941 2526 1008 {ac
2546 955 2750 1007 poenam
2769 954 2787 992 :
2809 939 2878 990 da
2899 955 2988 991 cor
3011 949 3156 990 tuum
3187 937 3240 989 in
3265 935 3509 988 humeros
3542 942 3660 985 tuos
3679 947 3698 984 :
3718 931 3838 982 viam

2244 1032 2298 1086 in
2322 1049 2424 1102 qua
2456 1031 2756 1085 ambulasti.
2797 1030 3086 1097 Revertere,
3116 1033 3259 1100 virgo
3293 1025 3488 1093 Israel,
3518 1034 3768 1080 revertere
3792 1023 3837 1074 in

2246 1127 2475 1180 civitates
2513 1136 2628 1179 tuas
2663 1129 2859 1197 lugens.
2915 1124 3192 1195 Usquequo
3222 1121 3561 1187 converteris,
3608 1118 3717 1188 [ilia
3761 1119 3840 1170 de-

2247 1221 2463 1289 specta?
2485 1219 2731 1289 quoniam
2758 1218 2950 1271 creavit
2982 1226 3030 1270 te
3061 1215 3312 1270 Dominus
3349 1215 3519 1268 salute
3561 1214 3616 1265 in
3648 1211 3841 1278 planta-

2246 1312 2435 1366 tionem
2466 1328 2647 1365 novam
2673 1311 2766 1366 :in
2794 1309 2963 1364 salute
2991 1318 3080 1363 tua
3111 1307 3402 1362 circuibunt
3451 1307 3711 1360 homines.
3742 1301 3838 1360 Ubi

2245 1421 2348 1462 nos
2378 1405 2640 1468 diximus,
2670 1420 2933 1474 usquequo
2967 1403 3168 1457 deliciis
3215 1401 3538 1465 dissolveris,
3590 1399 3830 1470 Symma-

2242 1499 2380 1554 chus
2435 1499 2636 1568 posuit,
2686 1496 2960 1568 Usquequo
3009 1497 3323 1568 demergeris
3377 1497 3430 1549 in
3481 1491 3837 1566 profundum!

2246 1592 2549 1662 Utramque
2578 1603 2761 1647 autem
2793 1592 3093 1647 editionem
3126 1605 3191 1646 ex
3228 1599 3344 1645 toto
3377 1592 3562 1660 posui,
3604 1602 3660 1645 ut
3686 1603 3837 1661 caput

2243 1687 2715 1752 obscurissimum,
2749 1696 2806 1741 et
2851 1685 3120 1742 Ecclesia:
3149 1686 3443 1740 continens
3473 1696 3835 1754 sacramenta,

612 1785 806 1860 (Vers.
851 1784 979 1851 20.)
1031 1782 1095 1838 Si
1133 1783 1273 1851 ﬁlius
1311 1779 1636 1835 honorabilis
1676 1779 1822 1849 (sive
1875 1773 2138 1846 dilectus)
2170 1777 2216 1838 B
2245 1794 2272 1834 a
2299 1780 2658 1850 Septuaginta
2693 1780 2843 1850 (sive
2873 1779 2996 1848 quis
3039 1779 3182 1834 alius
3211 1778 3355 1834 hunc
3399 1778 3722 1848 prophetam
3757 1781 3836 1835 in-

539 1881 667 1936 milti
698 1879 948 1951 Ephraim
973 1879 1054 1932 :si
1082 1893 1209 1949 puer
1241 1874 1518 1934 delicatus,
1546 1874 1668 1945 quia
1695 1889 1760 1928 ea:
1797 1889 1896 1942 qtto
1936 1872 2140 1925 locutus

537 1991 654 2028 sum
674 1972 736 2024 de
763 1988 821 2025 eo
840 1974 859 2042 (
878 1970 994 2024 sive
1016 1969 1168 2024 verba
1196 1984 1309 2020 mea
1334 1967 1386 2020 in
1411 1983 1472 2020 eo
1491 1966 1533 2037 ),
1566 1964 1845 2019 recordans
1872 1963 1951 2035 [A
1978 1962 2136 2031 Vulg.

535 2063 695 2118 abest
721 2060 1026 2132 rerovdans}
1061 2059 1372 2114 recordabor
1400 2061 1510 2131 ejus
1541 2057 1714 2111 adhuc
1752 2057 1984 2110 :idcirco
2016 2071 2140 2108 con-

534 2157 742 2209 turbata
771 2164 888 2207 sunt
916 2155 1113 2207 viscera
1142 2168 1255 2205 mea
1279 2167 1434 2222 super
1455 2166 1512 2202 eo
1543 2150 1831 2203 :miserans
1861 2147 2139 2202 miserebor

536 2252 674 2322 ejus,
706 2248 780 2301 ait
807 2244 1084 2300 Dominus.
1121 2243 1511 2300 Paenitentiam
1537 2253 1737 2312 agente
1768 2241 2053 2310 prraitu,
2085 2248 2140 2295 et

533 2341 762 2398 dicente
791 2358 806 2394 ε
839 2341 894 2394 In
932 2340 1207 2411 principio
1234 2337 1466 2392 erudisti
1501 2352 1609 2403 me,
1645 2345 1700 2390 et
1731 2337 1983 2391 eruditus
2016 2351 2136 2389 sum

531 2435 689 2504 quasi
715 2432 983 2501 juvencns
1017 2431 1347 2494 indomitus;
1374 2438 1430 2484 et
1458 2430 1510 2482 in
1537 2432 1644 2482 line
1673 2446 1685 2481 :
1711 2428 1978 2495 Quoniam
2012 2442 2133 2482 sns-

532 2525 751 2582 tinuiin
791 2524 1154 2594 opprobrium
1195 2520 1587 2575 adolescentia:
1636 2534 1803 2581 mete;
1849 2518 2139 2587 respondit

531 2620 824 2686 Dominus,
845 2628 902 2674 et
931 2619 1088 2688 plena
1119 2615 1186 2670 ad
1215 2631 1274 2670 se
1305 2625 1493 2668 mente
1519 2628 1873 2674 conversum,
1899 2613 1994 2666 tali
2018 2627 2131 2665 sus-

533 2723 712 2768 tentat
742 2711 1010 2765 oraculo:
1051 2707 1228 2762 Filius
1259 2706 1482 2760 dilectus
1528 2706 1655 2759 mihi
1700 2703 1958 2774 Ephraim
2001 2702 2137 2774 (Ge-

533 2822 647 2860 nes.
697 2809 919 2872 xum),
954 2818 1116 2872 quem
1168 2801 1220 2855 in
1255 2811 1466 2854 tantum
1516 2798 1684 2853 dilexi
1740 2801 1808 2852 ab
1866 2798 2044 2862 initio,
2081 2805 2139 2851 ut

533 2897 692 2952 fratri
745 2896 1064 2964 praeferrem
1101 2894 1373 2948 Manasse.
1432 2890 1604 2946 Filius
1646 2889 1991 2954 honorabilis,
2043 2888 2136 2959 qui

531 2997 723 3044 eontra
773 2995 983 3041 naturae
1010 2986 1286 3052 ordinem,
1338 2985 1600 3039 honorem
1651 2983 1997 3052 primogeniti
2027 2985 2135 3035 Do-

533 3082 667 3138 ntitti
715 3080 1033 3150 dignatione
1083 3078 1345 3147 suscepit.
1405 3075 1548 3131 Puer
1601 3074 1874 3140 delicatus,
1930 3075 1997 3129 de
2025 3089 2135 3144 quo

2246 1882 2590 1939 terpretatus
2637 1872 2752 1942 est)
2808 1881 2902 1926 aut
2967 1871 3329 1941 ignoratum,
3397 1882 3495 1925 aut
3580 1873 3832 1928 omissum

2243 1963 2614 2020 ostenderem.
2664 1963 2902 2019 Verbum
2955 1964 3284 2019 llebraicum
3329 1977 3510 2018 Stount
3556 1966 3826 2036 (unus),

2243 2059 2329 2114 vel
2351 2061 2403 2113 in
2420 2057 2794 2128 speculatores,
2810 2059 2893 2113 vel
2920 2057 2973 2111 iu
2998 2056 3238 2129 speculas
3258 2059 3518 2122 vertitur;
3549 2069 3608 2112 ut
3630 2059 3829 2128 Aquila,

2241 2161 2297 2206 et
2323 2151 2690 2221 Symmachus
2717 2149 3065 2220 interpretati
3095 2158 3242 2204 sunt.
3283 2149 3444 2205 Unde
3473 2151 3668 2216 miror,
3710 2152 3828 2222 quid

2243 2245 2349 2299 sibi
2381 2244 2619 2299 voluerit
2661 2243 2891 2314 Vulgata
2927 2243 3123 2310 editio,
3156 2255 3211 2298 ut
3245 2259 3345 2312 pro
3374 2259 3580 2312 SIOMI,
3612 2245 3713 2301 hoc
3733 2257 3830 2310 est,

2242 2352 2344 2408 pro
2369 2337 2812 2407 speculatoribus,
2847 2337 2976 2391 Sion
3009 2349 3260 2407 poneret,
3291 2337 3650 2405 turbat-etque
3675 2339 3831 2392 lecto-

2245 2431 2322 2484 ris
2376 2431 2824 2498 iutelligentiam,
2860 2443 2968 2500 quo
3017 2437 3239 2500 putaret
3292 2441 3417 2499 post
3467 2430 3735 2499 Ephraim
3770 2431 3831 2486 ad

2243 2522 2401 2590 Sion,
2433 2535 2488 2580 et
2533 2524 2600 2579 ad
2632 2523 2834 2578 tribuni
2867 2522 3006 2578 Juda
3049 2531 3279 2593 repente
3322 2521 3423 2578 Dei
3471 2523 3676 2578 factum
3723 2539 3834 2579 esse

2242 2633 2580 2683 sermonem,
2624 2634 2748 2673 cum
2807 2628 3068 2687 perpetua
3124 2617 3305 2672 oratio
3336 2619 3410 2672 sit
3445 2618 3727 2688 Epitraim,
3756 2619 3832 2673 cui

2241 2726 2405 2781 supra
2440 2713 2654 2766 locutus
2684 2719 2768 2766 est
2793 2728 2805 2764 :
2835 2711 3064 2766 Audiens
3093 2712 3269 2765 audivi
3303 2710 3581 2782 Ephraim.
3618 2711 3686 2766 Et
3713 2728 3727 2765 :
3758 2710 3834 2764 Fi-

2242 2804 2345 2858 lius
2375 2805 2693 2859 honorabilis
2712 2805 2836 2856 mihi
2860 2801 3137 2873 Ephraim,
3164 2805 3287 2858 sive
3299 2821 3429 2876 puer
3457 2805 3736 2868 delicatus,
3755 2805 3833 2858 cui

2242 2909 2294 2953 et
2325 2912 2469 2952 nunc
2499 2898 2744 2966 loquitur
2772 2912 2784 2949 :
2812 2896 2998 2952 Statue
3036 2898 3127 2951 tibi
3158 2898 3420 2965 speculas.
3457 2900 3579 2954 sive
3608 2896 3832 2970 specula-

2241 3001 2396 3057 tores,
2426 2991 2516 3061 qui
2565 2991 2663 3044 tibi
2709 2989 3082 3060 przcnuntieut
3117 2989 3384 3046 advenire
3416 3003 3629 3047 tantam
3666 3007 3830 3047 rerum

2241 3087 2486 3140 omnium
2510 3083 2850 3139 felicitatem.
2877 3084 3143 3152 Quodque
3165 3086 3438 3152 sequitur,
3454 3086 3828 3148 aiiiaritudines,

530 3175 831 3228 scribitur:
878 3169 1010 3224 Filii
1042 3169 1298 3240 Ephraint
1328 3167 1652 3222 intendentes
1688 3178 1735 3219 et
1764 3167 2015 3219 mittentes
2046 3180 2134 3217 ar-
2163 3168 2209 3232 C
2244 3196 2365 3250 qua,
2409 3179 2676 3234 "chi-uice
2718 3178 2977 3234 dicuntur
3011 3194 3332 3234 renuntiant
3375 3178 3717 3250 (ni-mm),
3748 3193 3830 3246 pro

539 3285 678 3331 cum,
708 3265 942 3320 conversi
969 3273 1089 3317 sunt
1116 3264 1172 3316 in
1203 3263 1286 3317 die
1307 3259 1427 3314 belli
1451 3258 1630 3330 (Psal.
1659 3274 1858 3319 Lxxvu.
1879 3259 1969 3329 9).
1993 3258 2138 3311 Con-

538 3371 621 3417 tra
647 3375 805 3430 quem
835 3368 890 3412 et
911 3357 982 3411 ad
1007 3371 1194 3426 quem,
1223 3363 1369 3409 totus
1394 3355 1532 3409 Osee
1568 3354 1703 3408 liber
1731 3361 1814 3407 est
1836 3352 2134 3422 prophetae,

533 3457 623 3509 cui
673 3452 960 3507 benedixit
987 3449 1178 3505 Jacob.
1224 3449 1460 3502 Delicias
1513 3455 1694 3500 autem
1750 3447 1803 3499 in
1862 3444 1965 3498 hoc
2015 3443 2138 3497 loco

531 3547 686 3617 jutta
743 3543 879 3599 illud
912 3545 1268 3611 accipiamus,
1317 3540 1461 3610 quod
1514 3539 1567 3593 in
1623 3539 1833 3609 psalmo
1887 3539 2135 3592 dicitur:

537 3640 817 3692 Delectare
839 3637 894 3688 in
926 3634 1181 3701 Domino,
1213 3642 1261 3686 et
1281 3632 1424 3686 dabit
1448 3632 1539 3685 tibi
1571 3632 1841 3699 petitiones
1873 3631 2043 3683 cordis
2065 3628 2140 3680 tui

535 3728 722 3800 (I’sal.
749 3742 936 3785 xxxvi.
961 3725 1049 3794 4).
1084 3727 1189 3780 Pro
1217 3741 1328 3794 quo
1370 3726 1422 3777 in
1453 3723 1668 3788 Graeco,
1701 3734 1757 3778 et
1785 3724 1837 3776 in
1868 3722 2140 3776 llebraico

536 3821 796 3885 habetur,
832 3818 1032 3872 deliciis
1061 3819 1242 3889 afﬁne.
1279 3815 1432 3873 Unde
1470 3825 1526 3872 et
1564 3817 1850 3886 paradisus
1883 3817 1933 3868 in
1964 3815 2139 3882 Eden,

537 3914 858 3970 deliciaruut
903 3912 1186 3981 paradisus
1221 3911 1553 3981 appellatur.
1606 3910 1766 3976 Quia,
1803 3907 1997 3979 inquit,
2029 3910 2144 3964 lue-

539 4019 669 4066 runt
699 4009 866 4064 verba
903 4023 1021 4061 mea
1052 4006 1216 4070 ineo,
1249 4005 1632 4061 rectirdatioue
1665 4019 1874 4059 memor
1903 4020 2001 4060 ero
2026 4003 2144 4074 ejus

543 4111 744 4166 adhuc.
779 4108 859 4164 Ne
891 4117 1177 4176 putaretur
1221 4106 1457 4176 gratuita
1501 4103 1830 4168 benedictio,
1873 4113 1928 4158 et
1958 4118 2024 4158 ex
2057 4103 2141 4156 in-

542 4203 820 4272 dulgentia
872 4201 1048 4268 potius
1080 4197 1380 4270 largitoris,
1428 4213 1592 4268 quam
1646 4197 1844 4251 merito
1891 4195 2033 4265 ejus,
2092 4196 2143 4249 in

543 4313 705 4368 quem
739 4292 1144 4356 conferebatur,
1178 4307 1304 4348 esse
1331 4291 1546 4357 collata,
1581 4289 1705 4346 ideo
1729 4291 1804 4344 ait
1837 4306 1848 4342 :
1881 4289 2149 4343 Recorda-

546 4391 638 4445 bor
669 4393 800 4463 ejus,
834 4391 963 4460 quia
995 4388 1162 4445 verba
1196 4402 1313 4442 mea
1353 4385 1573 4440 luerunt
1610 4387 1662 4440 in
1691 4401 1778 4440 eo.
1815 4384 1933 4439 Non
1965 4385 2018 4439 in
2049 4399 2148 4439 ore

549 4484 691 4553 ejus,
727 4485 910 4537 nonin
947 4483 1126 4548 labiis,
1159 4482 1257 4538 sed
1309 4481 1362 4536 in
1404 4483 1512 4535 imo
1538 4481 1722 4536 cordis
1753 4479 1970 4536 allecto.
2008 4480 2143 4534 Pro-

2241 3275 2441 3344 quibus
2471 3271 2835 3344 Symmachus
2878 3273 3273 3341 interpretatus
3306 3282 3412 3338 est,
3448 3271 3828 3325 transmutatio-

2242 3383 2350 3433 nes,
2387 3367 2491 3420 hoc
2521 3365 2749 3429 indicat,
2780 3365 2928 3434 quod
2961 3364 3090 3420 llere
3120 3366 3320 3420 debeat
3347 3363 3431 3418 vel
3463 3363 3690 3434 antiqua
3719 3378 3829 3432 pec-

2242 3474 2388 3528 cata,
2431 3461 2518 3516 vel
2555 3460 2737 3530 gaudii
2780 3460 3178 3530 magnitudine,
3215 3468 3272 3515 et
3302 3470 3413 3514 tota
3452 3459 3521 3515 ad
3555 3459 3829 3515 Dominum

2244 3565 2430 3609 mente
2459 3552 2732 3617 converti,
2765 3563 2819 3607 et
2851 3568 3080 3623 ponere,
3114 3553 3231 3608 sive
3273 3552 3520 3623 dirigere
3549 3569 3646 3607 tor
3686 3567 3827 3607 suum

2244 3650 2298 3701 in
2328 3648 2497 3711 viam,
2525 3663 2622 3718 per
2640 3661 2801 3716 quam
2833 3646 3073 3716 proiecta
3102 3656 3208 3716 est,
3230 3645 3357 3700 inde
3378 3647 3526 3700 enim
3553 3647 3696 3700 illam
3720 3659 3828 3700 esse

2245 3741 2566 3795 redituram.
2610 3741 2878 3810 Quodque
2921 3756 3023 3811 pro
3055 3740 3158 3795 hoc
3197 3740 3392 3796 dixere
3434 3740 3822 3810 Septuaginta:

2244 3831 2331 3887 Da
2379 3849 2468 3887 cor
2520 3843 2664 3887 tuum
2716 3833 2769 3887 in
2827 3835 3086 3900 humeros,
3148 3833 3282 3886 illud
3351 3832 3644 3903 signiticet,
3696 3830 3822 3900 quod

2247 3926 2612 3995 c0gitationes
2638 3925 2835 3980 debeat
2859 3925 3123 3995 operibus
3146 3924 3399 3995 jungere,
3433 3924 3552 3978 sive
3585 3923 3822 3978 humeros

2245 4018 2604 4087 contemplari
2651 4020 2987 4087 portantium
3036 4033 3117 4081 se,
3151 4019 3218 4072 de
3263 4017 3584 4086 captivitate
3629 4015 3822 4088 1069

2247 4110 2648 4167 reducentinm.
2681 4110 2838 4178 Quod
2864 4110 3035 4164 Isaias
3065 4111 3281 4178 plenius
3309 4109 3637 4179 exsequitur
3674 4112 3721 4162 in
3751 4123 3826 4161 cs-

2251 4201 2428 4267 melis,
2453 4210 2508 4255 et
2527 4201 2782 4256 curribus
2806 4217 2867 4256 ac
2890 4201 3162 4256 basternis
3184 4216 3282 4256 eos
3304 4215 3559 4256 asserens
3580 4202 3826 4256 reducen-

2250 4295 2350 4350 dos
2373 4295 2392 4366 (
2409 4293 2537 4350 Isai.
2563 4297 2690 4367 ιι).
2727 4294 3024 4360 Revertere,
3053 4295 3252 4365 inquit,
3277 4300 3422 4366 virgo
3455 4293 3648 4360 Israel,
3675 4309 3827 4348 rever.

2251 4399 2355 4443 tere
2413 4388 2478 4442 ad
2527 4389 2758 4444 civitates
2819 4397 2955 4454 tuas,
3018 4403 3153 4459 quas
3206 4391 3453 4458 captivus
3512 4387 3824 4443 deseruisti:

2251 4498 2534 4554 ttsqttequo
2563 4468 2890 4554 negligentia
2921 4481 3262 4544 dissolveris,
3290 4491 3346 4537 et
3366 4480 3634 4551 profundo
3660 4494 3829 4536 errore

548 4586 671 4646 pter
698 4593 860 4647 quam
893 4591 1116 4630 causam
1161 4585 1218 4631 et
1250 4575 1578 4630 conturbata
1626 4585 1753 4630 sunt
1781 4577 1990 4629 viscera
2026 4587 2146 4628 mea
2173 4563 2226 4623 D
2253 4577 2575 4648 vagaberis?
2604 4576 2839 4648 Respice
2869 4576 2998 4647 quid
3031 4576 3278 4631 dicturus
3309 4591 3455 4641 sum,
3489 4584 3548 4630 et
3577 4574 3718 4630 unde
3746 4573 3828 4627 tibi

541 4687 710 4741 super
729 4687 818 4726 eo.
847 4669 945 4726 Cui
982 4670 1222 4738 loquitur
1249 4679 1305 4724 et
1331 4685 1426 4738 per
1445 4669 1585 4725 Osee
1611 4689 1622 4724 ε
1648 4669 1788 4737 Quid
1809 4668 1900 4722 tibi
1929 4669 2146 4737 faciant,

551 4761 812 4833 Ephraim
829 4764 854 4817 ?
870 4761 999 4833 quid
1017 4761 1108 4816 tibi
1134 4763 1344 4832 faciam,
1363 4761 1533 4816 Israel
1550 4764 1572 4816 ?
1593 4763 1740 4830 quasi
1761 4762 2018 4816 Adamam
2051 4777 2146 4831 po-

549 4874 668 4912 nant
699 4868 766 4923 te,
795 4867 842 4911 et
871 4858 1023 4927 quasi
1056 4855 1266 4913 Seboim
1293 4855 1448 4927 (Ose.
1483 4872 1557 4922 vr,
1584 4859 1610 4910 4
1636 4873 1650 4920 ;
1685 4873 1760 4922 χι,
1784 4856 1873 4928 8).
1903 4857 2151 4912 Conver-

548 4966 670 5004 sum
703 4961 790 5003 εει
822 4951 873 5002 in
908 4963 996 5003 me
1025 4963 1122 5003 cor
1145 4964 1324 5002 meum
1357 4965 1369 5002 :
1401 4948 1727 5002 conturbata
1759 4957 1887 5002 sttnt
1933 4948 2148 5002 viscera

552 5055 695 5095 mea.
719 5039 835 5094 Non
851 5040 1044 5094 faciam
1071 5040 1308 5096 furorem
1337 5041 1429 5094 irae
1455 5055 1611 5100 mere,
1630 5050 1686 5094 et
1706 5055 1813 5095 non
1836 5040 2146 5108 disperdam

550 5131 835 5201 Ephraim.
864 5130 1122 5183 Miseram
1147 5130 1428 5184 miserebor
1455 5131 1670 5202 1068
1699 5133 1834 5201 ejus,
1868 5132 1941 5184 ait
1968 5131 2152 5185 Domi-

547 5241 670 5278 nus.
707 5221 950 5278 Fuerunt
976 5223 1195 5292 quidem
1221 5237 1507 5278 sermones
1539 5226 1644 5277 tnei
1679 5223 1732 5276 in
1764 5238 1852 5286 eo,
1884 5235 1938 5278 et
1967 5223 2148 5277 omnia

549 5316 812 5374 mandata
846 5333 963 5373 mea
999 5317 1160 5370 avido
1193 5318 1432 5387 suscepit
1459 5319 1666 5384 animo,
1693 5326 1747 5372 et
1776 5317 1830 5372 in
1861 5333 1960 5372 suo
1980 5319 2149 5374 corde

546 5414 790 5468 servavit
816 5429 828 5465 :
853 5412 946 5468 sed
982 5423 1157 5468 tamen
1187 5413 1433 5465 miserans
1463 5412 1741 5467 miserebor
1778 5417 1914 5485 ejus,
1937 5414 2008 5466 ait
2033 5412 2146 5467 Do-

547 5506 742 5571 minus,
776 5514 834 5559 ut
860 5505 1175 5560 ostenderet
1201 5521 1422 5562 omnem
1453 5507 1735 5563 hominum
1763 5507 2031 5578 justitiam
2062 5507 2147 5562 in-

548 5597 738 5668 digere
768 5597 1147 5653 misericordia
1177 5599 1295 5654 Dei.

602 5718 638 5790 f‘
683 5713 872 5790 Maluit
896 5713 1205 5790 Victorius,
1260 5714 1452 5770 Statue
1482 5725 1528 5771 te
1571 5717 1741 5786 ipsam
1774 5717 1926 5783 Sion,
1973 5719 2137 5788 idque

541 5783 706 5842 etiam
730 5783 873 5852 apud
896 5783 1060 5850 LXX,
1093 5793 1287 5844 στῆσον
1310 5793 1535 5846 σιαυτὴν
1559 5783 1680 5846 Σιών
1703 5806 1716 5844 :
1747 5790 1893 5860 quod
1919 5805 1989 5846 ex
2011 5783 2141 5847 stib-

2254 4681 2401 4727 tanta
2438 4671 2717 4726 beatitudo
2737 4671 3108 4740 exspectanda
3135 4668 3245 4742 [Αι.
3275 4667 3574 4740 speranda]
3600 4670 3689 4732 sit,
3715 4666 3830 4721 dili-

2253 4771 2444 4836 genter
2481 4761 2718 4817 attende.
2751 4761 2892 4817 Audi
2941 4761 3085 4832 quod
3130 4777 3430 4830 numquam
3480 4775 3608 4816 ante
3637 4774 3829 4830 cogno-

2252 4871 2430 4911 veras.
2477 4855 2679 4910 Novam
2711 4871 2827 4910 rem
2868 4855 3082 4910 creavit
3116 4854 3380 4908 Dominus
3415 4868 3585 4923 super
3617 4862 3828 4908 terram.

2252 4947 2473 5016 Absque
2501 4947 2606 5001 viri
2633 4947 2867 5008 semine,
2899 4946 3108 5013 absque
3137 4945 3246 4998 ullo
3273 4946 3423 4999 coitu
3467 4955 3629 5015 atque
3654 4957 3831 4999 conce~

2253 5051 2368 5110 ptu,
2395 5040 2590 5096 leinina
2617 5039 2976 5095 circumdabit
3001 5041 3176 5093 virum
3200 5039 3415 5108 gremio
3445 5041 3584 5094 uteri
3616 5040 3720 5102 sui,
3748 5034 3826 5105 qui

2246 5134 2400 5205 juxta
2445 5137 2778 5192 incrementa
2807 5135 3026 5205 quidem
3066 5133 3242 5188 aetatis
3273 5147 3372 5203 per
3403 5136 3636 5205 vagitus,
3668 5143 3716 5188 et
3751 5127 3827 5182 in—

2249 5225 2474 5282 fantiam
2519 5228 2788 5298 prolicere
2817 5228 3092 5282 videbitur
3121 5228 3390 5296 sapientia
3417 5237 3476 5283 et
3504 5237 3697 5291 aetate;
3739 5220 3821 5278 sed

2253 5321 2521 5390 perlecms
2545 5321 2626 5375 vir
2652 5317 2706 5376 in
2735 5333 2924 5377 ventre
2946 5321 3184 5377 leinineo
3209 5323 3390 5377 solitis
3413 5323 3690 5379 mensibus
3707 5332 3820 5374 con-

2255 5415 2532 5470 tinebitur.
2571 5413 2724 5470 Unde
2752 5416 3106 5487 Symmachus
3126 5416 3391 5485 etAquila
3424 5418 3574 5486 juxta
3600 5425 3814 5470 nostram

2253 5508 2551 5563 editionem
2585 5506 2926 5578 interpretati
2957 5519 3104 5563 sunt.
3135 5508 3275 5576 Quid
3303 5509 3410 5565 sibi
3443 5521 3620 5564 autem
3641 5509 3691 5562 in
3716 5505 3816 5558 loco

2254 5603 2359 5660 hoc
2389 5602 2625 5658 voluerit
2655 5603 2827 5659 editio
2865 5602 3120 5674 Vulgata,
3151 5618 3368 5674 possem
3399 5605 3602 5671 dicere,
3634 5610 3685 5658 et
3709 5611 3813 5654 sen-

2245 5735 2387 5777 nexa
2425 5720 2744 5792 Hieronymi
2776 5721 3126 5791 expositione
3151 5722 3386 5792 probare
3414 5720 3623 5778 nititur.
