3972 6358
130 409 234 464 881

608 400 1270 464 COMMENTARIORUM
1308 402 1374 458 IN
1412 400 1761 459 JEBEMIAM
1797 399 2225 458 PROPHE'I‘AM
2254 400 2389 457 LIB.
2436 400 2521 456 Vl.
2563 399 2719 459 CAP.
2763 399 2958 456 XXXI.

3343 398 3451 457 8η

130 540 259 580 sum
305 523 543 595 aliquem
597 521 866 592 reperire,
910 518 1017 574 nisi
1054 517 1122 574 de
1150 517 1340 573 verbis
1368 516 1467 573 Dei
1496 516 1742 572 humano
1770 518 1820 582 Α
1846 518 1963 573 bum
1986 518 2130 573 istud
2148 519 2204 575 in
2228 527 2365 574 terra
2389 516 2533 572 Juda
2556 525 2602 573 et
2625 520 2680 571 in
2710 516 2918 572 urbibus
2939 519 3076 590 ejus,
3101 533 3219 570 cum
3243 532 3456 574 conver-

132 630 305 672 sensu
332 614 705 685 argumentari
735 620 881 668 esset
906 609 1266 677 sacrilegum;
1295 607 1612 665 Theodotio
1640 622 1741 663 au-

134 718 273 774 tem,
307 717 365 764 et
391 710 515 779 ipse
535 707 777 777 Vulgatr
802 704 1028 761 editioni
1051 703 1432 769 consentiens,
1465 703 1742 772 interpre-

135 808 286 856 tatus
307 808 433 855 est:
459 798 664 853 Creavit
697 796 954 851 Dominus
990 796 1215 850 salutem
1244 810 1450 863 novam,
1483 794 1539 847 in
1574 792 1746 848 salute

135 894 379 948 circuibit
426 893 602 959 homo,
648 891 922 962 singulare
978 904 1188 957 ponens
1241 905 1339 956 pro
1389 886 1615 958 plurali.
1654 886 1742 943 Si-

135 986 364 1053 mulque
382 993 440 1040 et
461 985 564 1040 hoc
590 983 915 1049 notandum,
945 981 1090 1050 quod
1126 980 1386 1036 nativitas
1419 980 1745 1048 Salvatoris,

135 1090 306 1150 atque
353 1087 656 1145 conceptus
685 1076 806 1143 Dei,
839 1076 1051 1132 creatio
1084 1083 1459 1145 nuncupatur.

213 1172 414 1243 (Vers.
461 1172 555 1238 23,
600 1170 730 1242 24.)
781 1170 908 1226 Haec
939 1170 1065 1225 dicit
1105 1169 1361 1225 Dominus
1407 1169 1746 1237 exercituum,

130 1262 282 1318 Deus
311 1263 527 1319 Israel:
548 1261 734 1318 Adhuc
761 1262 931 1318 dicent
958 1261 1167 1316 verbum
1186 1260 1328 1315 istud
1343 1261 1397 1315 in
1426 1272 1565 1315 terra
1581 1257 1747 1326 Iuda,

132 1367 178 1412 et
200 1359 258 1412 in
285 1357 500 1413 urbibus
521 1361 654 1430 ejus,
684 1374 801 1411 cum
831 1364 1131 1411 convertere
1159 1356 1505 1428 captivitatem
1528 1371 1707 1409 eorum
1733 1374 1746 1410 :

132 1451 408 1506 benedicat
452 1452 546 1506 tibi
604 1450 881 1515 Dominus,
937 1448 1275 1520 pulchritudo
1314 1450 1556 1523 justitiaz,
1601 1466 1749 1504 mons

129 1552 369 1597 sanctus.
399 1540 468 1596 Et
490 1540 796 1597 habitabant
819 1543 874 1596 in
902 1558 961 1597 eo
999 1539 1192 1608 ludas,
1239 1550 1285 1597 et
1316 1557 1491 1597 omnes
1520 1542 1751 1598 civitates

130 1640 253 1708 ejus
275 1636 460 1702 simul,
483 1636 730 1706 agricola!
755 1644 802 1690 et
825 1636 1080 1690 minantes
1100 1651 1299 1708 greges.
1324 1633 1495 1689 LXX:
1514 1634 1605 1691 Sic
1616 1634 1752 1689 dixit

136 1728 397 1782 Dominus
417 1728 687 1792 virtutum,
718 1724 861 1781 Deus
893 1724 1064 1781 Israel
1092 1725 1321 1780 :Adhuc'
1357 1726 1527 1780 dicent
1557 1740 1753 1780 sermo-

131 1836 252 1873 nem
282 1820 443 1872 istum
471 1819 524 1873 in
568 1828 707 1873 terra
730 1817 898 1887 Juda,
940 1828 989 1872 et
1017 1819 1073 1871 in
1116 1815 1330 1871 urbibus
1361 1820 1495 1890 ejus,
1542 1817 1752 1886 quando

1850 620 1956 666 tero
1981 612 2323 684 captivitatem
2343 626 2545 665 eorum.
2562 607 2703 677 Quid
2734 618 2914 664 autem
2938 608 3164 664 dicent?
3187 607 3329 663 haud
3352 608 3455 664 du-

1849 705 1998 760 bium
2021 704 2151 775 quin
2177 705 2279 761 hoc
2291 703 2436 775 quod
2454 705 2699 775 sequitur
2727 722 2740 757 :
2761 702 3041 757 Benedicat
3062 702 3151 756 tibi
3174 701 3451 771 Dominus,

1850 794 2182 864 pulchritudo
2220 796 2463 866 justitiw,
2504 812 2650 851 mons
2688 805 2917 859 sanctus,
2944 803 3054 849 etc.
3104 793 3455 864 Rursumque

1850 887 1962 943 illis
2006 887 2107 942 ista
2155 888 2464 944 dicentibus
2509 887 2796 958 respondit
2843 887 3136 943 Dominus:
3173 888 3307 954 Quia
3342 890 3457 942 ine-

1851 980 2011 1035 briavi
2031 982 2256 1035 animant
2276 982 2486 1048 lassam,
2510 983 2629 1038 sive
2644 983 2914 1045 sitientem.
2928 993 2977 1039 et
2999 998 3199 1037 omnem
3218 982 3449 1036 animam

1850 1074 2158 1128 esurientem
2204 1075 2446 1128 saturavi.
2493 1074 2704 1144 Illoque
2750 1075 2850 1129 ista
2879 1073 3119 1140 dicente,
3169 1074 3455 1144 respondit

1849 1166 2107 1238 populus,
2149 1165 2240 1237 qui
2280 1164 2349 1221 de
2375 1166 2699 1236 captivitate
2738 1176 3001 1221 venerat:
3044 1164 3174 1220 Ideo
3202 1182 3453 1238 experge-

1852 1261 2025 1330 factus
2047 1276 2182 1324 sum,
2214 1269 2259 1312 et
2289 1260 2415 1327 vidi,
2447 1269 2494 1313 et
2534 1275 2744 1313 somnus
2785 1274 2929 1313 meus
2955 1258 3123 1314 dulcis
3152 1260 3251 1329 [uit
3300 1257 3449 1312 mihi.

1851 1353 1986 1421 Quia
2015 1352 2279 1408 Dominus
2308 1352 2541 1409 inebriat
2570 1353 2806 1408 animam
2835 1353 3058 1416 lassam,
3107 1354 3225 1407 sive
3258 1351 3451 1406 sitien-

1854 1457 1982 1514 tem,
2013 1458 2067 1504 et
2096 1448 2225 1502 dicit
2253 1450 2305 1502 in
2334 1447 2629 1517 Evangelia
2654 1464 2667 1500 :
2694 1447 2797 1515 Qui
2822 1447 2953 1512 sitit,
2980 1446 3147 1500 veniat
3171 1447 3239 1499 ad
3280 1460 3381 1506 me,
3406 1452 3456 1497 et

1852 1541 1990 1596 bibat
2014 1538 2207 1609 (Joan.
2243 1558 2335 1609 νιι,
2365 1542 2486 1612 57).
2514 1541 2615 1597 Ει;
2649 1542 2750 1610 Qui
2774 1542 2939 1596 credit
2963 1541 3017 1595 in
3047 1557 3149 1610 me,
3173 1541 3304 1596 sicut
3326 1539 3451 1593 dicit

1855 1634 2155 1703 Scriptura.
2200 1636 2422 1705 ﬂumina
2459 1636 2524 1690 de
2564 1645 2734 1691 ventre
2775 1637 2890 1706 ejus
2929 1637 3097 1705 ﬂuent
3140 1650 3289 1707 aquae
3326 1635 3453 1690 victv

1855 1726 2058 1801 (lbid.,
2106 1727 2227 1798 58).
2268 1727 2338 1782 Et
2371 1743 2590 1783 omnem
2623 1728 2861 1783 animam
2905 1729 3238 1784 esurientem
3267 1728 3451 1793 Satiat,

1854 1830 2018 1892 atque
2048 1821 2343 1877 sitientem.
2380 1822 2455 1878 De
2478 1836 2585 1892 qua
2614 1823 2700 1877 siti
2733 1830 2790 1877 et
2815 1824 2998 1877 esurie
3023 1821 3166 1878 idem
3193 1822 3246 1876 in
3278 1821 3455 1875 Evanv

129 1911 394 1966 reduxere
446 1912 944 1983 transmigrationem
971 1913 1083 1983 ejus
1102 1927 1121 1964 :
1162 1910 1457 1964 benedictus
1489 1907 1742 1964 Dominus
1772 1921 1819 1980 Β
1845 1916 1990 1987 gelio
2026 1923 2259 1971 testatur
2283 1938 2295 1970 :
2325 1914 2476 1971 Beati
2502 1917 2589 1986 qui
2617 1917 2849 1971 esuriant
2875 1924 2923 1969 et
2948 1916 3129 1970 sitiunt
3145 1914 3409 1989 justitiam
3435 1930 3455 1970 :

129 2021 294 2075 super
309 2009 518 2077 justum
550 2016 770 2060 montem
800 2013 1036 2060 sanctum
1078 2008 1214 2078 ejus,
1239 2013 1289 2057 et
1315 2005 1405 2075 qui
1428 2002 1659 2059 habitant
1690 2004 1745 2058 in

128 2107 272 2151 terra
298 2095 513 2164 ludam,
545 2107 595 2152 et
622 2098 677 2152 in
707 2098 845 2152 omni
870 2097 1077 2152 civitate
1105 2100 1241 2171 ejus,
1270 2113 1385 2151 cum
1410 2097 1665 2168 agricola,
1696 2104 1745 2151 et

128 2190 421 2245 elevabitur
441 2191 496 2244 in
517 2207 690 2263 grege.
718 2189 883 2246 Juxta
912 2189 1235 2246 Hebraicum
1262 2189 1606 2245 manifestum
1637 2197 1742 2255 est,

127 2285 277 2357 quod
312 2287 367 2339 in
400 2284 578 2341 reditu
606 2284 798 2353 Israel,
842 2284 979 2339 etin
1009 2293 1209 2338 terram
1244 2298 1396 2337 suam
1428 2282 1745 2352 captivitate

128 2393 428 2446 conversa,
462 2378 711 2435 habitent
762 2379 927 2433 nrbes
970 2376 1131 2442 Juda,
1181 2384 1236 2432 et
1265 2376 1479 2431 dicatur
1521 2376 1601 2431 eis
1646 2389 1744 2445 per

125 2473 349 2544 singula
377 2491 391 2528 :
438 2472 733 2529 Benedicat
770 2472 864 2528 tibi
910 2472 1197 2536 Dominus,
1227 2470 1320 2541 qui
1351 2476 1438 2525 est
1464 2483 1591 2525 vere
1624 2468 1744 2537 pul-

124 2566 391 2622 chritudo
414 2567 664 2636 justitim,
689 2574 744 2620 et
769 2580 928 2620 mons
949 2576 1192 2630 sanctus,
1218 2566 1269 2618 in
1295 2577 1404 2634 quo
1424 2565 1513 2633 qui
1533 2560 1747 2616 habita-

127 2661 291 2727 verit,
340 2659 519 2715 nullas
567 2660 779 2715 timebit
821 2657 1067 2713 insidias.
1119 2656 1188 2711 Et
1219 2655 1490 2711 habitabit
1539 2655 1746 2725 absque

127 2753 424 2822 iniquitate
464 2749 634 2808 Judas
662 2750 717 2805 in
749 2750 1068 2806 civitatibus
1113 2748 1227 2803 suis
1254 2765 1267 2801 :
1299 2756 1567 2818 eruntque
1596 2746 1743 2817 agri-

127 2846 294 2911 colae,
339 2852 394 2899 et
440 2857 701 2913 pecorum
731 2842 1045 2907 mu!titudo,
1072 2839 1215 2911 quod
1246 2855 1309 2895 ex
1342 2849 1498 2909 parte
1527 2838 1746 2893 videtur

127 2937 234 2992 sub
274 2933 584 2991 Zorobabel
614 2943 672 2990 et
717 2932 854 2988 Ezra
882 2947 1007 2988 esse
1047 2931 1402 3003 completum.
1453 2930 1746 2987 Plenitudo

131 3038 320 3085 autem
351 3028 596 3083 vaticinii
624 3027 691 3082 ad
717 3026 922 3081 Christi
955 3036 1201 3095 tempora
1232 3024 1542 3080 referatur:
1576 3023 1661 3079 vel
1692 3024 1744 3079 in

134 3123 318 3194 primo
381 3124 646 3188 adventu,
706 3117 923 3189 quando
969 3116 1323 3187 spiritualiter
1364 3115 1586 3191 71070
1629 3114 1746 3169 haec

131 3218 279 3274 facta
302 3225 431 3271 sunt
453 3231 468 3281 ;
493 3214 581 3270 vel
597 3214 650 3268 in
674 3210 915 3268 secundo
935 3209 1187 3266 universa
1208 3211 1576 3280 complentur,
1592 3209 1745 3280 juxta

134 3329 241 3370 nos
262 3310 643 3383 spiritualiter,
663 3307 817 3379 juxta
843 3305 1061 3362 Iudaeos
1087 3312 1142 3358 et
1168 3314 1389 3360 nostros
1406 3303 1748 3375 jndaizantes
1775 3316 1821 3379 ρ

136 3406 467 3465 carnaliter.
494 3404 669 3460 Porro
694 3406 848 3472 juxta
895 3401 1247 3471 Septuaginta
1278 3398 1365 3452 hic
1394 3411 1591 3453 sensus
1622 3405 1743 3452 est:

136 3500 340 3557 Adhuc
368 3512 550 3553 sermo
570 3495 675 3552 iste
702 3495 914 3550 dicetur
942 3494 996 3548 in
1025 3500 1170 3547 terra
1202 3490 1361 3558 Juda,
1390 3499 1447 3546 et
1475 3490 1527 3545 in
1559 3490 1746 3544 civita-

140 3595 289 3649 tibus
302 3591 447 3662 ejus,
478 3589 695 3660 quando
711 3597 1035 3644 convertero
1056 3584 1427 3656 captivitatem
1450 3583 1590 3654 ejus.
1606 3581 1747 3650 Quid

140 3686 404 3743 dicetur?
448 3684 754 3740 Benedictus
795 3680 1051 3737 Dominus
1097 3695 1250 3751 super
1290 3680 1488 3746 iustum
1525 3687 1750 3731 montem

140 3788 387 3836 sanctum
417 3781 548 3849 ejus.
575 3776 729 3831 Mons
749 3775 839 3845 qui
860 3772 1104 3840 justitiuz,
1130 3779 1186 3825 et
1211 3770 1517 3825 sanctitatis
1541 3782 1752 3825 nterea-

143 3882 235 3925 tur
283 3866 736 3938 signiticatiotiem
787 3864 1059 3931 accipere,
1104 3863 1287 3917 nullus
1316 3870 1401 3917 est
1429 3860 1591 3929 alius,
1646 3860 1754 3917 nisi

142 3961 426 4018 Salvator.
473 3956 741 4013 Caeterum
778 3956 999 4012 stultum
1035 3963 1139 4018 est,
1170 3954 1542 4009 irrationalem
1574 3964 1628 4008 et
1674 3954 1756 4007 in-

148 4053 470 4110 sensibilem
504 4061 744 4106 montem
791 4063 978 4104 errore
1007 4047 1233 4103 Judaico
1271 4045 1479 4117 justum
1509 4055 1565 4101 et
1592 4060 1756 4099 sauc—

150 4158 266 4203 Illnl
298 4145 547 4202 credere.
581 4143 700 4214 Ipse
738 4151 845 4207 est,
887 4142 955 4196 de
984 4157 1090 4212 quo
1131 4148 1184 4196 et
1214 4141 1267 4195 in
1294 4139 1757 4209 consequentibus

148 4242 417 4299 scribitur
440 4258 453 4294 :
485 4239 554 4293 Et
584 4240 638 4293 in
664 4238 803 4293 omni
829 4238 1033 4291 civitate
1056 4242 1190 4309 ejus,
1216 4234 1535 4290 subauditur
1570 4233 1759 4289 Salva-

153 4336 333 4389 toris:
366 4349 483 4388 cum
525 4332 778 4404 agricola,
808 4347 912 4385 non
944 4330 1168 4386 dubiutn
1196 4329 1325 4401 quin
1373 4328 1658 4383 Dominum
1690 4328 1763 4382 si—

151 4426 399 4498 gniﬁcet,
431 4425 499 4481 de
526 4441 633 4493 quo
662 4424 716 4479 in
749 4422 1041 4492 Etangs-lio
1069 4424 1330 4492 scriptum
1363 4428 1477 4475 est:
1512 4418 1625 4491 Ego
1649 4434 1765 4474 sam

155 4523 295 4587 ritis,
318 4535 407 4572 vos
424 4519 659 4588 palmites
680 4532 699 4571 :
730 4514 889 4570 Pater
909 4531 1049 4569 meus
1070 4513 1300 4588 agricola
1324 4512 1517 4584 (Joan.
1551 4527 1642 4575 xv,
1674 4511 1761 4581 1).

159 4612 318 4669 Unde
351 4621 408 4665 et
453 4611 748 4681 Apostolus
782 4610 1020 4679 loquitur
1048 4624 1063 4662 :
1100 4606 1196 4661 Dei
1234 4608 1560 4678 agricultura
1603 4605 1722 4660 estis
1747 4620 1766 4659 :

1847 2006 2089 2078 quoniam
2117 2007 2220 2075 ipsi
2250 2006 2617 2062 saturabuntur
2638 2005 2861 2079 (Matth.
2893 2023 2946 2072 ν,
2982 2005 3070 2077 6).
3112 2005 3454 2061 Notandum-

1848 2113 1975 2168 que,
2004 2097 2148 2167 quod
2175 2096 2415 2153 ebrietas
2442 2098 2492 2151 in
2525 2097 2629 2153 hoc
2654 2098 2776 2153 loco
2809 2099 2860 2151 in
2888 2096 3087 2153 bonam
3121 2107 3327 2167 partem
3358 2110 3454 2166 po-

1850 2197 2036 2257 natur,
2091 2190 2159 2244 de
2202 2205 2309 2258 qua
2342 2190 2395 2243 in
2427 2190 2653 2246 (Iantico
2682 2189 2925 2245 dicitur:
2959 2189 3239 2250 Comedite,
3271 2189 3450 2255 amici,

1850 2283 2023 2350 bibite,
2075 2292 2123 2338 et
2162 2283 2513 2353 inebriamini,
2552 2284 2844 2338 charissimi
2874 2280 3062 2353 (Cant.
3108 2298 3162 2349 v,
3211 2279 3296 2353 1).
3334 2280 3453 2349 Qua

1848 2376 2117 2432 ebrietate
2158 2386 2213 2431 et
2237 2376 2439 2443 Joseplt
2473 2377 2681 2448 1071
2713 2375 3015 2432 inebriatus
3058 2384 3142 2430 est
3171 2389 3294 2429 cum
3339 2373 3453 2429 fra-

1849 2468 2025 2524 tribus
2050 2469 2163 2523 suis
2190 2470 2244 2523 in
2271 2467 2500 2525 meridie
2530 2467 2699 2541 (Cen.
2739 2466 2923 2540 xutt).
2955 2466 3209 2523 Inebriati
3240 2477 3443 2533 autem,

1849 2573 2015 2635 atque
2037 2565 2263 2619 saturati
2294 2564 2372 2631 hi,
2402 2564 2493 2635 qui
2516 2564 2642 2620 lassi
2674 2563 2909 2631 fuerant,
2932 2572 3094 2633 atque
3115 2562 3447 2627 esurierant,

1849 2668 2019 2729 agunt
2047 2658 2270 2730 gratias,
2312 2657 2746 2729 respondentes:
2790 2655 3205 2728 Expergefactus
3232 2671 3367 2721 sum,
3400 2662 3449 2708 et

1848 2754 1956 2808 vidi
1985 2752 2291 2818 Dominum,
2333 2754 2544 2810 scilicet
2568 2752 2918 2808 suscitantem
2946 2761 3108 2820 atque
3136 2748 3406 2803 dicentem
3435 2764 3451 2801 :

1852 2846 2043 2919 Surge,
2077 2848 2165 2909 qui
2186 2847 2399 2914 dormis,
2434 2857 2481 2901 et
2509 2844 2707 2900 elevare
2734 2862 2766 2898 a
2796 2845 3030 2910 mortuis,
3061 2852 3108 2898 et
3136 2840 3453 2896 illuntinabit

1851 2949 1900 2992 te
1929 2939 2163 2994 Christus
2191 2938 2425 3007 (Ephes.
2475 2955 2527 2999 v,
2564 2936 2686 3011 M).
2733 2937 2803 2992 Et
2824 2953 3057 3004 somnus,
3087 2936 3277 3006 inquit,
3310 2950 3455 2988 meus

1850 3029 2020 3085 dulcis
2045 3031 2141 3099 fuit
2169 3031 2317 3097 mihi,
2346 3041 2403 3085 ut
2433 3030 2674 3086 imitarer
2702 3029 2917 3085 Domini
2942 3030 3049 3085 mei
3078 3028 3243 3084 verba
3266 3027 3457 3082 dicen-

1851 3123 1922 3177 tis
1948 3140 1961 3177 :
1989 3122 2104 3193 Ego
2129 3123 2368 3190 dormivi,
2396 3132 2445 3177 et
2474 3132 2748 3193 separatus
2769 3140 2905 3188 sum,
2937 3132 2982 3177 et
3008 3122 3296 3186 exsurrexi,
3325 3137 3455 3191 quo-

1850 3217 1993 3271 niam
2013 3215 2271 3271 Dominus
2291 3217 2513 3287 suscepit
2534 3216 2643 3291 [Al.
2669 3219 2913 3289 suscipiet
2939 3219 3040 3292 me]
3063 3218 3240 3292 (Psal.
3265 3235 3345 3281 ut,
3369 3220 3452 3289 6).

1925 3309 2120 3383 (Vers.
2152 3311 2221 3365 27
2252 3310 2447 3384 seqq.)
2484 3311 2614 3366 Ecce
2635 3312 2743 3367 dies
2769 3313 2995 3371 veniunt.
3022 3312 3149 3366 dicit
3179 3313 3452 3379 Dominus,

1848 3413 1897 3458 et
1927 3404 2187 3458 seminabo
2213 3406 2423 3458 domum
2455 3403 2642 3471 Israel,
2669 3415 2719 3460 et
2746 3406 2956 3460 domum
2974 3404 3117 3461 Iuda
3137 3407 3328 3461 semine
3355 3407 3452 3461 ho-

1850 3498 2051 3551 ntinum
2073 3495 2256 3569 [Vulg.
2282 3498 2551 3571 hominis],
2581 3508 2629 3554 et
2648 3500 2841 3554 semine
2855 3504 3230 3573 jumentorum.
3261 3500 3325 3554 Et
3344 3502 3452 3556 sic-

1851 3598 1909 3643 ut
1952 3588 2160 3661 vigilavi
2202 3607 2360 3658 super
2400 3607 2506 3651 eos.
2540 3601 2595 3645 ut
2645 3590 2933 3660 evellerem,
2979 3602 3031 3649 et
3075 3593 3367 3653 demolirer.
3406 3604 3457 3649 et

1854 3685 2181 3756 dissiparem,
2215 3694 2263 3742 et
2290 3685 2662 3755 disperderem,
2699 3696 2744 3740 et
2762 3686 3055 3758 afﬂigerem
3082 3705 3094 3740 :
3126 3687 3202 3740 sic
3228 3688 3455 3756 vigilabo

1855 3795 2010 3851 super
2033 3795 2140 3848 eos,
2159 3787 2215 3832 ut
2235 3777 2485 3848 aediﬁcem
2504 3789 2555 3834 et
2578 3779 2827 3848 plantem,
2855 3781 2929 3833 ait
2953 3778 3225 3834 Dominus.
3256 3777 3324 3834 In
3347 3779 3461 3835 die-

1858 3872 1951 3926 bus
1982 3870 2090 3925 illis
2132 3888 2236 3926 non
2279 3872 2450 3926 dicent
2495 3870 2661 3937 ultra,
2695 3869 2881 3926 Patres
2929 3871 3261 3926 comederunt
3308 3888 3461 3927 uvam

1859 3966 2120 4030 acerbam,
2162 3974 2208 4019 et
2237 3966 2410 4020 dentes
2441 3966 2670 4034 ﬁliorum
2698 3964 2725 4004 δ
2757 3966 3134 4035 obstupescent,
3184 3966 3274 4020 sed
3303 3983 3464 4021 unus-

1860 4057 2076 4128 quisque
2125 4057 2178 4109 in
2208 4057 2480 4127 iniquitate
2525 4073 2623 4110 sua
2669 4058 2935 4111 morietur.
2982 4056 3163 4112 Omnis
3191 4058 3346 4112 homo
3373 4062 3465 4129 qui

1863 4148 2140 4203 comederit
2187 4164 2340 4203 uvam
2394 4148 2653 4213 acerbam,
2709 4148 3067 4218 obstupescent
3102 4150 3279 4203 dentes
3326 4151 3463 4212 eius.

1866 4239 2095 4295 Domum
2125 4250 2180 4294 et
2205 4241 2450 4306 domum,
2482 4239 2534 4296 id
2565 4249 2671 4307 est,
2701 4240 2910 4294 domum
2946 4241 3138 4308 Israel,
3165 4251 3213 4297 et
3255 4240 3469 4296 domum

1863 4330 2027 4399 Iuda,
2061 4331 2113 4385 in
2156 4330 2507 4402 Septuaginta
2542 4346 2646 4385 non
2676 4330 2946 4386 habetur:
2978 4333 3092 4387 sed
3137 4340 3346 4387 tantum
3395 4334 3469 4388 ls-

1868 4424 1976 4479 rael
2006 4432 2061 4477 et
2086 4422 2303 4487 ludam,
2338 4434 2395 4478 ut
2423 4425 2494 4478 sit
2522 4442 2536 4477 :
2569 4432 2615 4477 et
2654 4425 2914 4478 seminabo
2942 4424 3117 4480 Israel
3164 4413 3210 4480 et
3252 4423 3469 4480 Iudam.

1867 4515 2134 4584 Quodque
2174 4515 2395 4570 intulit:
2442 4514 2652 4571 Semine
2697 4515 2963 4569 hominum
3011 4526 3057 4572 et
3090 4518 3471 4586 jumentorum,

1869 4606 1938 4661 ad
1988 4605 2281 4661 rationales
2339 4615 2393 4661 et
2458 4607 2739 4676 simplices
2804 4606 3014 4663 referre
3071 4608 3356 4664 debemus.
3408 4609 3480 4664 Et

160 4703 261 4758 Dei
282 4702 564 4771 wdiﬁcatio
586 4701 707 4755 estis
735 4698 788 4773 (Ι
810 4700 930 4754 Cor.
957 4714 1034 4764 ιιι,
1066 4698 1156 4770 9).
1191 4698 1456 4769 Quodque
1480 4699 1760 4769 sequitur:
1792 4705 1848 4765 D
1872 4700 2013 4755 sicut
2039 4699 2091 4753 in
2125 4700 2397 4771 principio
2424 4699 2680 4756 Jeremia:
2708 4700 2909 4756 dictum
2942 4711 3029 4756 est
3055 4701 3121 4756 ad
3147 4718 3270 4756 eum
3300 4719 3314 4757 :
3346 4701 3483 4759 Ecce

164 4794 231 4847 Et
259 4794 542 4848 elevabitur
567 4794 618 4847 in
645 4809 813 4864 grege,
845 4790 951 4847 hoc
986 4791 1244 4859 ostendit,
1278 4792 1424 4861 quod
1456 4792 1509 4846 in
1539 4790 1770 4861 singulis

160 4887 422 4957 gregibus
444 4885 647 4955 justus,
680 4895 734 4940 et
760 4892 1004 4951 sanctus,
1025 4897 1081 4939 et
1101 4883 1336 4954 agricola
1364 4885 1481 4954 ipse
1506 4885 1771 4941 Dominus

165 4982 439 5044 elevetttr,
471 4988 524 5034 et
553 4980 607 5034 in
638 4980 818 5036 servis
863 4980 978 5035 suis
1013 4987 1177 5050 atque
1205 4977 1554 5035 credentibus
1582 4979 1649 5033 ad
1676 4994 1771 5035 cx-

165 5074 313 5128 crlsa
335 5073 691 5129 conscendat.

243 5169 259 5233 (
285 5167 442 5223 Vers.
460 5165 553 5230 25,
575 5164 705 5237 26.)
739 5164 875 5230 Quia
896 5164 1146 5219 inebriavi
1167 5164 1394 5217 animam
1417 5162 1608 5218 lassam
1626 5163 1777 5235 (sive

167 5261 295 5332 quia
317 5258 563 5314 inebriavi
594 5272 797 5310 onmem
818 5257 1043 5310 animant
1070 5255 1354 5326 sitientem)
1381 5264 1429 5310 et
1448 5271 1648 5309 omnem
1672 5256 1789 5309 ani-

172 5370 315 5407 mam
346 5352 657 5407 esurientem
695 5351 924 5404 saturavi
955 5350 1093 5422 (sive
1123 5348 1336 5419 replevi)
1362 5365 1380 5403 :
1406 5348 1523 5403 ideo
1556 5357 1579 5384 ο
1608 5363 1790 5421 θεῖμεν-

172 5446 413 5516 gefactus
440 5460 578 5507 sum,
604 5452 649 5497 et
671 5443 775 5497 vidi
798 5458 816 5497 :
837 5452 885 5497 et
916 5460 1125 5497 somnus
1153 5459 1295 5498 meus
1324 5441 1495 5496 dulcis
1516 5442 1615 5508 [uit
1638 5439 1784 5494 mihi.

176 5537 409 5592 Mutatio
456 5550 813 5606 personarum
857 5533 985 5589 lat-it
1027 5536 1319 5589 obscuram
1371 5532 1785 5601 intelligentiam

177 5627 604 5700 PrOphetarum.
640 5626 857 5683 Dixerat
907 5628 1189 5695 Dominus,
1248 5626 1432 5681 Adhuc
1468 5625 1638 5680 dicent
1674 5641 1788 5680 ver-

186 5871 197 5889 .
260 5843 285 5870 θ
317 5833 530 5905 Χθηίο
563 5832 786 5905 Hieron.
810 5848 876 5890 ac
901 5835 1154 5905 Vulgata,
1188 5831 1318 5889 Ideo
1341 5833 1491 5903 quasi
1531 5833 1595 5887 de
1624 5847 1806 5889 somno

188 5892 476 5961 suscltdtut
506 5909 640 5973 tum,
666 5902 803 5975 etet,

1871 4791 2112 4845 constitui
2136 4801 2183 4845 te
2209 4789 2365 4846 hodie
2392 4808 2549 4860 super
2577 4801 2769 4862 gentes,
2800 4801 2850 4846 et
2877 4808 3034 4859 super
3061 4810 3241 4865 regna,
3267 4805 3324 4848 ut
3350 4796 3489 4849 evel—

1876 4885 1978 4949 las,
2021 4892 2069 4937 et
2095 4884 2349 4952 destruas,
2383 4891 2432 4937 et
2460 4883 2754 4953 disperdas,
2787 4895 2833 4939 et
2860 4885 3099 4956 dissipes,
3149 4895 3194 4940 et
3232 4887 3485 4957 cedi/ires,

1877 4988 1927 5032 et
1960 4968 2198 5048 pientes;
2224 4986 2280 5034 et
2308 4977 2524 5047 vigilavi
2553 4993 2715 5049 super
2744 4993 2838 5033 eos
2864 4989 2921 5034 ut
2946 4978 3179 5037 iacerem
3212 4980 3357 5051 quod
3384 4982 3493 5036 mi-

1883 5081 2049 5126 natus
2076 5086 2194 5125 sunt
2223 5089 2237 5124 :
2271 5060 2605 5140 sic,inquit,
2637 5069 2880 5140 vigilabo
2912 5086 3058 5128 nunc
3086 5087 3252 5145 super
3283 5090 3400 5141 eos,
3435 5085 3497 5130 ut

1884 5163 2149 5218 ardiliccm
2174 5176 2229 5217 et
2260 5163 2523 5232 planlem.
2561 5162 2654 5218 Dei
2687 5162 2833 5218 enim
2863 5167 3217 5232 agricultura,
3244 5169 3337 5223 Dei
3365 5169 3499 5223 tedi-

1893 5259 2077 5315 ticatio
2130 5257 2263 5313 estis
2308 5255 2518 5330 (ICor.
2571 5273 2670 5328 ιιι,
2701 5257 2802 5330 9).
2858 5259 3063 5316 Omnes
3119 5261 3501 5332 hujuscemodi

1894 5352 2357 5422 repromissioues
2378 5352 2534 5422 juxta
2581 5351 2803 5409 Judsros
2842 5363 2898 5408 et
2944 5367 3164 5410 nostros
3211 5354 3506 5410 Judaizan-

1894 5454 1998 5513 tes,
2057 5443 2111 5497 in
2163 5442 2315 5497 mille
2367 5456 2638 5497 annorum
2678 5457 2847 5512 regno
2895 5452 3155 5512 putantur
3182 5459 3307 5499 esse
3348 5459 3509 5500 com-

1895 5534 2127 5605 plendas.
2151 5533 2259 5589 Nos
2289 5543 2495 5601 autem,
2521 5533 2743 5588 dicente
2770 5534 3040 5602 Apostolo
3069 5551 3083 5587 :
3115 5533 3229 5605 Ego
3256 5536 3513 5607 plantavi,

1897 5626 2087 5698 Apollo
2108 5626 2317 5700 rigavit,
2347 5627 2437 5681 sed
2465 5625 2605 5682 Deus
2627 5625 2999 5681 incrementum
3022 5626 3160 5682 dedit
3189 5626 3381 5700 (Ibid.,
3410 5629 3469 5703 6)
3495 5647 3512 5686 :

1986 5832 2014 5871 ι’
2053 5832 2534 5909 Constantegcum
2563 5832 2976 5909 llieronymian.
3005 5844 3063 5889 et
3090 5832 3251 5909 Vulg.
3275 5836 3405 5893 edit.
3438 5831 3526 5893 bid

1922 5911 2083 5969 atque
2110 5902 2335 5960 inferius
2361 5899 2593 5959 Gisterct
2636 5899 3190 5975 ms.,'obstupuerunt.
