3972 6326
154 419 271 480 885

632 419 1282 479 COMMENTARIORUM
1321 423 1388 478 IN
1424 407 1778 479 JEREMIAM
1819 413 2248 482 PROPIIETAM
2288 425 2418 482 LIB.
2462 426 2552 483 Vl.
2595 425 2752 484 CAP.
2795 427 2990 486 XXXI.

3369 427 3474 488 886

153 553 267 593 non
318 533 613 590 transibunt
640 581 655 603 ,
705 551 874 608 neque
917 515 1277 591 convertentur
1329 532 1534 608 operire
1577 531 1763 592 tet-rant
1795 539 1844 599 Α
1867 553 2026 596 suum
2059 539 2346 596 auxilium.
2373 539 2510 596 Huic
2539 539 2722 596 sensui
2752 542 3101 612 Septuaginta
3132 545 3468 601 contrarium

156 625 342 701 (P‘sat.
372 640 491 694 ctu,
519 625 601 698 9):
633 626 739 692 sic,
791 627 998 696 inquit,
1043 639 1230 683 semen
1263 637 1318 685 et
1344 643 1517 700 genus
1558 627 1723 685 Israel
1745 669 1762 693 ,

160 717 387 778 Domini
434 720 541 775 erit
587 719 875 776 voluntate
926 731 1280 790 perpetuum,
1317 737 1422 777 nec
1471 719 1768 793 aliquando

155 813 404 870 deﬁciet.
427 811 603 882 Leges
628 823 808 868 autem
837 811 956 880 hic,
993 811 1248 870 Mosaicae
1277 829 1386 870 non
1409 824 1540 870 sunt
1561 814 1765 870 intelli—

155 904 380 978 gentiae,
401 904 499 960 sed
525 905 844 960 constitutio
868 915 921 962 et
944 906 1080 962 ordo
1107 917 1335 962 naturae.
1360 907 1769 979 Interrogemus

154 995 382 1054 πύξος
403 1041 418 1064 ,
448 999 494 1055 si
519 997 647 1056 cali
680 998 954 1067 peribunt,
988 1007 1042 1055 et
1073 1010 1264 1056 omnes
1289 1001 1442 1072 quasi
1476 1001 1769 1057 vestimen-

155 1099 276 1148 tum
299 1097 688 1158 veterascent;
713 1101 768 1148 et
795 1093 860 1147 ad
895 1091 1184 1147 Dominum
1213 1092 1448 1148 dicitur:
1483 1092 1562 1146 Tn
1587 1101 1764 1148 autem

155 1185 301 1241 idem
327 1187 443 1256 ipse
467 1203 540 1251 es,
573 1189 624 1241 et
657 1187 785 1241 anni
808 1187 883 1241 tni
904 1203 1008 1241 non
1031 1186 1274 1258 deﬁcient
1309 1185 1484 1257 (Psal.
1513 1192 1590 1255 et,
1623 1186 1721 1256 ιε)
1747 1229 1764 1256 ,

153 1275 444 1347 quomodo
465 1289 656 1334 semen
688 1277 852 1332 Israel
879 1283 1059 1348 potest
1101 1291 1225 1334 esse
1262 1279 1628 1350 perpetuum?
1658 1280 1767 1334 Aut

151 1371 308 1425 enim
343 1370 700 1440 pereuntibus
727 1369 908 1436 cretis,
940 1370 1139 1442 peribit
1167 1381 1222 1427 ct
1244 1387 1431 1428 semen
1461 1372 1768 1437 Israel;aut

151 1463 200 1520 si
233 1463 401 1519 fuerit
433 1471 782 1535 perpetuum,
807 1476 940 1534 ergo
955 1479 1056 1520 nec
1082 1464 1210 1521 coeli
1239 1463 1687 1536 peribunt.Quod
1717 1464 1763 1520 si

153 1557 450 1628 Scriptura
479 1559 700 1614 mentiri
731 1575 841 1614 non
870 1567 1054 1632 potest
1073 1603 1088 1628 ,
1114 1569 1166 1616 et
1199 1559 1425 1629 perituri
1457 1569 1585 1614 sunt
1611 1558 1760 1629 cteli,

153 1652 370 1724 peribit
418 1655 586 1725 igitur
634 1663 688 1711 et
718 1669 905 1711 semen
947 1655 1110 1711 Istael
1131 1700 1145 1724 ,
1175 1655 1412 1711 maxime
1442 1669 1563 1712 cum
1594 1665 1646 1712 et
1676 1656 1765 1713 Ja-

150 1747 262 1804 cob
310 1747 569 1817 loquatur
613 1748 682 1804 ad
715 1749 896 1804 ﬁlios:
938 1747 1137 1812 Venite,
1165 1759 1216 1806 et
1260 1749 1580 1804 annuntiabo
1624 1750 1766 1806 vobis

147 1842 287 1915 quid
317 1844 556 1913 futurum
585 1843 652 1898 sit
679 1843 733 1897 in
773 1844 1066 1898 novissimis
1105 1839 1288 1899 diebus
1312 1842 1468 1918 (Gen.
1500 1857 1648 1914 sus,
1673 1824 1756 1916 Ἰ).

1873 633 2294 697 transtulerunt,
2355 631 2638 688 dicentes:
2674 633 2734 690 Si
2765 634 3054 690 exaltattm
3085 637 3242 707 fuerit
3285 631 3472 694 caelum

1869 720 2164 788 sublimius,
2193 733 2241 778 et
2270 723 2602 780 humiliatus"
2633 727 2982 795 pavimentum
3010 737 3159 784 teri-te
3188 729 3471 796 deorsum;

1868 825 1920 872 et
1947 832 2062 886 ego,
2090 815 2305 886 inquit,
2331 833 2433 872 non
2465 818 2750 891 reprobcbo
2782 834 2952 874 semen
2983 817 3174 885 Israel,
3209 821 3335 878 dicit
3365 819 3471 878 Do-

1870 910 2062 976 minus,
2092 920 2307 984 propter
2331 913 2506 966 omnia
2534 927 2649 985 qate
2676 913 2927 983 fecerunt.
2977 913 3132 982 Quod
3163 919 3208 969 si
3240 913 3312 970 ita
3341 924 3423 971 est
3449 957 3467 983 ,

1871 1005 2258 1075 reprobabitur
2286 1017 2461 1077 genus
2517 1007 2710 1064 Israel.
2757 1007 3045 1075 Quomodo
3073 1009 3220 1064 enim
3268 1004 3466 1064 (mlum

1871 1108 1980 1153 non
2010 1108 2191 1168 potest
2220 1115 2286 1155 eo
2317 1098 2460 1170 quod
2491 1111 2604 1167 eSt,
2649 1113 2770 1155 esse
2817 1100 3137 1168 sublimius,
3193 1117 3294 1159 nec
3321 1113 3466 1158 terra

1871 1189 2132 1246 httmilior
2157 1207 2280 1248 esse
2311 1207 2380 1248 eo
2425 1193 2569 1263 quod
2601 1201 2683 1248 cst
2709 1210 2722 1247 :
2750 1191 2830 1249 sic
2877 1203 2929 1248 ct
2951 1209 3122 1261 genus
3166 1192 3333 1250 Israel
3375 1209 3472 1250 ne-

1868 1297 2138 1356 quaquam
2186 1284 2388 1355 poterit
2409 1283 2438 1322 ι’
2469 1285 2778 1357 reproltari.
2811 1283 2870 1340 Si
2902 1283 3201 1340 viderimus
3249 1283 3468 1342 Jttdaaos

1864 1377 2016 1449 juxta
2049 1371 2377 1433 ltebraicum
2416 1377 2519 1432 hoc
2563 1377 2878 1433 testimonio
2906 1377 3160 1448 gloriari,
3197 1378 3470 1434 essentia.

1871 1483 1991 1524 mur
2014 1469 2094 1524 eis
2121 1467 2267 1536 quod
2323 1480 2432 1524 non
2465 1467 2537 1523 sit
2578 1468 2858 1540 abjectum
2914 1468 3234 1526 universum
3283 1483 3467 1527 semen

1869 1562 2058 1620 Israel.
2081 1561 2202 1618 Non
2222 1565 2368 1620 enim
2393 1572 2588 1619 omnes
2609 1563 2806 1634 abjecti
2827 1572 2990 1631 sunt,
3022 1563 3118 1620 sed
3152 1563 3206 1619 bi
3233 1570 3464 1632 tantum,

1869 1654 1960 1726 qui
1985 1654 2205 1711 luerunt
2229 1654 2516 1710 increduli.

1940 1747 2119 1819 (Vcrs.
2162 1745 2281 1818 38).
2320 1745 2450 1802 Ecce
2477 1746 2592 1802 dies
2640 1748 2871 1816 veniunt,
2904 1747 3033 1802 dicit
3085 1745 3362 1817 Dominus,
3419 1755 3470 1802 et

1867 1839 2212 1910 wdiﬁcabitur
2236 1837 2414 1894 civitas
2445 1839 2688 1910 Domino,
2714 1857 2747 1894 a
2777 1849 2920 1895 turre
2942 1839 3294 1913 Ananeel[Al.
3322 1840 3468 1895 Ana—

149 1935 388 2006 Qttando
444 1945 626 1992 autem
677 1936 896 2005 dicitur,
925 1937 980 1992 in
1036 1915 1329 1994 novissimis
1373 1935 1574 2004 diebus,
1624 1915 1756 2010 ergo
1788 1930 1836 1992 B
1862 1930 2048 2004 incitet]
2079 1947 2240 2004 usque
2269 1931 2338 1986 ad
2366 1915 2569 2004 portant
2599 1931 2804 2004 anguli,
2837 1941 2884 1986 et
2911 1931 3069 1987 exibit
3111 1931 3252 1987 ultra
3277 1943 3465 1987 norma

149 2028 398 2085 mundus
438 2041 562 2084 esse
591 2029 860 2094 cessabit,
903 2037 958 2086 et
992 2030 1097 2086 alia
1129 2030 1224 2084 liel.
1262 2044 1442 2086 rerum
1472 2029 1758 2099 dispositio

148 2119 268 2195 [Αι.
289 2119 672 2194 dispensatio].
705 2119 818 2176 [Ioc
841 2125 1132 2178 adversum
1159 2121 1310 2178 illos.
1329 2121 1602 2176 Cteterunt
1637 2135 1759 2176 nos-

1863 2029 2002 2095 (sire
2027 2029 2178 2095 juxta
2206 2023 2619 2098 Symmachum)
2643 2025 2907 2094 funiculus
2930 2039 3182 2080 mensura:
3201 2025 3315 2096 ejus
3335 2038 3462 2080 con-

1859 2131 1940 2178 tra
1971 2139 2082 2176 eam
2113 2137 2270 2192 super
2299 2121 2482 2176 collem
2515 2119 2706 2186 Gareb,
2743 2129 2790 2174 et
2818 2119 3057 2174 circuibit
3083 2115 3290 2174 Goatha
3321 2117 3461 2190 (sive

151 2214 257 2266 tris
303 2211 568 2266 mundum
627 2213 788 2268 istum
850 2222 956 2268 non
1015 2226 1136 2269 esse
1189 2224 1544 2284 perpetuum,
1587 2213 1753 2268 etiam
1853 2216 2008 2288 juxta
2053 2216 2448 2286 Septuaginta,
2493 2216 2558 2269 de
2587 2213 2763 2270 electis
2809 2212 3118 2285 lapidibus).
3153 2211 3220 2268 Et
3261 2221 3460 2269 omnem

149 2305 511 2376 Exattgelimn
562 2303 937 2374 demonstrat,
987 2306 1213 2363 dicens:
1265 2305 1461 2361 Caelum
1509 2316 1558 2362 et
1619 2315 1757 2360 terra

151 2397 454 2452 transibunt
485 2396 706 2471 (Matth.
734 2415 883 2465 XXIV,
913 2400 1028 2468 35).
1066 2398 1171 2454 Et:
1207 2393 1340 2452 Ecce
1373 2415 1466 2470 ego
1493 2397 1756 2452 vobiscum

149 2503 275 2544 sum
307 2492 549 2546 omnibus
583 2492 762 2548 diebus
788 2491 1546 2564 usqueadconsummationem
1577 2489 1756 2546 seaculi

155 2579 387 2653 (Matth.
446 2589 641 2650 smn,
681 2583 798 2654 20).
851 2581 1108 2639 Dicamus
1161 2591 1216 2639 et
1264 2581 1756 2650 aliter:Quamdiu

153 2672 402 2729 mundus
433 2675 536 2731 iste
577 2674 774 2746 fuerit,
806 2688 993 2732 semen
1038 2676 1201 2732 Israel
1233 2686 1286 2731 et
1318 2679 1536 2746 gentem
1572 2673 1760 2731 Judai-

154 2778 284 2821 cam
334 2778 778 2837 permansurum,
809 2783 915 2824 non
961 2766 1014 2824 in
1061 2769 1148 2824 lti's
1169 2769 1261 2838 qui
1295 2781 1438 2822 nunc
1487 2765 1756 2822 increduli

157 2865 294 2912 sunt
316 2901 332 2925 ,
365 2858 461 2913 sed
485 2859 536 2914 in
569 2859 652 2914 his
679 2859 770 2930 qui
797 2869 920 2916 cum
952 2859 1228 2930 Apostolis
1250 2867 1310 2914 et
1337 2871 1436 2928 per
1465 2857 1760 2928 Apostolus

157 2949 525 3007 crediderunt
546 2994 560 3016 ,
587 2963 648 3008 ut
671 2956 916 3024 reliquias
935 2956 1100 3010 salvae
1131 2957 1348 3009 tierent.

233 3043 423 3118 (Vere.
445 3037 558 3117 37).
596 3044 723 3101 Htec
765 3047 889 3101 dicit
938 3046 1232 3102 Dominus:
1261 3043 1324 3103 Si
1353 3049 1644 3102 mensurari
1663 3059 1758 3119 po.

158 3141 358 3196 tuerint
396 3141 510 3196 mli
553 3151 780 3207 sursum,
815 3153 861 3196 et
906 3141 1208 3216 investigari
1238 3143 1577 3211 fundamenta
1611 3147 1762 3198 teme

158 3234 436 3301 deorsum,
465 3245 514 3290 et
558 3235 651 3308 ego
707 3237 950 3308 objiciunt
1001 3239 1299 3293 universum
1347 3247 1520 3292 semen
1565 3229 1757 3302 lsraet,

1858 2310 2044 2364 vallem
2088 2307 2360 2362 ruinarum
2385 2311 2508 2379 (pro
2532 2307 2736 2377 quibus
2765 2303 3080 2362 Thendotio
3128 2298 3304 2376 lpsttot
3330 2310 3460 2360 vcr-

1861 2403 1986 2458 bum
2023 2400 2350 2456 Hebralcum
2400 2399 2582 2470 posuit
2612 2407 2880 2456 rnscasut
2911 2397 3140 2471 (071:5),
3172 2408 3223 2454 et
3263 2395 3463 2453 cineres

1861 2503 1910 2550 et
1937 2501 2140 2548 omnem
2176 2491 2480 2546 Asnremotlt
2510 2492 2676 2562 (quod
2707 2488 2903 2546 inellus
2934 2491 3165 2561 legimus
3190 2499 3214 2530 ο
3263 2500 3458 2544 Assur;-

1861 2599 2008 2644 storn
2040 2585 2350 2654 (11mm),
2381 2599 2480 2655 pro
2505 2599 2616 2654 quo
2650 2574 2838 2654 Aquilo
2871 2581 3167 2637 suburbana
3197 2579 3462 2650 interpre-

1861 2688 2008 2736 tatus
2039 2679 2142 2748 est)
2173 2685 2336 2748 usque
2363 2677 2432 2731 ad
2459 2686 2739 2734 torrentem
2785 2676 3012 2742 Cedron,
3051 2691 3211 2748 usque
3247 2675 3317 2730 ad
3362 2687 3457 2760 ap-

1859 2777 2038 2845 gutum
2062 2778 2226 2845 porta:
2247 2783 2496 2843 equorum
2531 2769 2837 2836 Orientalis,
2859 2780 3094 2824 sanctum
3119 2765 3331 2823 Domini
3355 2780 3458 2822 non

1859 2869 2106 2924 evelletur
2147 2876 2192 2920 et
2225 2873 2327 2922 non
2378 2865 2672 2922 destruetur
2702 2875 2866 2938 usque
2915 2865 2968 2918 in
2999 2870 3326 2934 perpetuum.
3357 2861 3460 2930 Qui

1862 2959 2008 3017 mille
2034 2965 2298 3016 annui-unt
2329 2957 2381 3014 In
2415 2965 2559 3014 terra
2592 2951 2777 3014 iudica
2810 2955 3034 3026 regnum
3063 2949 3268 3010 Christi
3319 2950 3460 3008 reci.

1863 3055 2048 3125 piunt,
2077 3049 2248 3108 Juda-i
2276 3047 2528 3106 videlicet
2555 3055 2609 3106 et
2641 3047 2811 3104 uostrl
2847 3049 3220 3118 judaizantes,
3250 3051 3458 3102 conan-

1865 3156 1952 3202 tur
1994 3141 2285 3200 ostendere
2315 3153 2522 3200 turrem
2559 3143 2800 3200 Ananeel
2829 3151 2882 3198 ct
2909 3143 3124 3214 portam
3157 3136 3374 3212 anguli,
3405 3147 3458 3196 et

1865 3239 2056 3295 collem
2099 3232 2296 3300 Gareb.
2331 3247 2384 3294 et
2429 3235 2674 3302 Goatha,
2725 3247 2778 3292 et
2803 3235 2996 3292 vallem
3043 3228 3365 3305 Phagarim,
3405 3241 3462 3288 et

155 3337 376 3398 propter
415 3330 590 3382 vomis
644 3343 761 3402 quae
813 3331 1065 3398 fecerunt,
1097 3330 1222 3385 dicit
1252 3329 1526 3384 Dominus.
1573 3327 1716 3385 LXX
1741 3345 1755 3384 :
1785 3321 1834 3384 C
1866 3335 2082 3386 omnem
2109 3328 2441 3385 Asad'emoth
2463 3372 2478 3395 ,
2505 3334 2561 3384 et
2590 3337 2890 3384 torrentem
2916 3327 3129 3382 (:edron
3153 3369 3167 3392 ,
3197 3337 3250 3380 et
3282 3323 3460 3380 locum

162 3417 296 3473 Haec
315 3419 442 3474 dicit
476 3417 728 3478 Dominus
751 3439 769 3478 :
796 3423 857 3478 Si
907 3421 1159 3478 eleuatum
1191 3424 1345 3495 nterii
1390 3423 1572 3479 mlunt
1594 3423 1759 3478 subti-

158 3513 328 3580 mius,
348 3521 400 3567 et
431 3513 478 3568 si
503 3515 830 3570 humiliutum
858 3517 1204 3586 pavintentum
1235 3525 1386 3572 terra!
1415 3518 1678 3586 deorsum,
1711 3525 1760 3572 et

160 3619 260 3680 ego
289 3611 394 3662 non
422 3589 703 3680 ηρτοῡιῖὺο
745 3621 904 3680 genus
937 3609 1107 3666 Israel
1131 3651 1146 3678 ,
1195 3613 1322 3665 dicit
1357 3609 1634 3678 Dominus,
1665 3625 1760 3681 pro

160 3701 409 3758 omnibus
428 3713 543 3774 quis
562 3704 812 3774 fecerunt.
839 3705 1060 3760 Multum
1095 3707 1146 3761 iu
1181 3706 1282 3760 hoc
1307 3707 1428 3761 loco
1457 3703 1623 3762 dietat
1650 3705 1754 3762 He-

161 3795 414 3850 braicuttt
439 3794 508 3849 ab
533 3793 778 3852 editione
799 3796 1052 3867 Vulgata.
1081 3791 1329 3853 Dicamus
1353 3797 1586 3867 primunt
1605 3798 1760 3869 juxta

165 3884 542 3942 ltebraieum:
577 3887 636 3944 Si
668 3888 954 3944 memorari
992 3892 1251 3962 potuerint
1293 3893 1404 3946 caeli
1451 3901 1676 3960 sursum,
1709 3893 1765 3946 et

163 3993 363 4036 eorum
397 3980 628 4036 altitudo
673 3985 932 4053 cognosci
952 4029 966 4052 ,
997 3987 1078 4040 vel
1099 3984 1402 4060 investigari
1427 3987 1766 4056 fundamenta

166 4085 345 4141 terra,
387 4079 444 4131 et
479 4083 725 4132 extrema
775 4085 970 4134 eorum
1016 4081 1234 4136 ratione
1261 4081 1690 4152 comprehendi,
1717 4085 1765 4136 et

165 4183 288 4242 ego,
324 4167 522 4240 inquit,
551 4169 798 4245 objiciunt
823 4173 1115 4230 universum
1141 4183 1311 4230 semen
1336 4169 1524 4239 Israel,
1557 4186 1766 4247 propter

167 4263 350 4317 omnia
369 4278 485 4332 quae
507 4263 756 4332 fecerunt,
783 4267 908 4322 dicit
937 4266 1208 4323 Dominus.
1237 4267 1524 4336 Quomodo
1555 4265 1767 4341 1075

165 4363 360 4409 autem
391 4353 526 4410 Illud
553 4355 896 4425 impossibile
929 4363 1009 4414 rsl
1037 4401 1046 4421 ,
1078 4367 1140 4414 ut
1169 4359 1435 4416 caelerutn
1483 4359 1772 4414 Suntntlta-

171 4457 288 4503 tcm
317 4459 373 4502 et
405 4450 565 4504 terra:
593 4447 944 4507 fundamenta
979 4459 1306 4519 noscamus,
1339 4450 1420 4508 sic
1453 4457 1506 4508 ct
1540 4453 1645 4508 hoc
1669 4451 1773 4506 im-

172 4539 445 4613 possibile
471 4543 604 4608 erit,
639 4555 703 4600 ut
728 4541 980 4616 abjleiatn
1011 4547 1329 4602 universum
1362 4557 1548 4602 semen
1578 4545 1767 4602 Israel.

2105 3424 2285 3496 anguli
2320 3433 2490 3494 portat
2525 3433 2790 3494 cqttoruttt
2841 3417 3164 3477 orientalis:
3197 3425 3252 3474 et
3280 3415 3355 3474 ibi
3377 3419 3462 3474 di—

1863 3525 1994 3576 euut
2045 3519 2413 3574 sanctuariutn
2464 3507 2715 3582 Domini,
2750 3513 2802 3572 ld
2854 3520 2966 3580 est,
3018 3514 3280 3584 templum
3335 3523 3462 3568 esse

1863 3603 2205 3666 condeudttut
2238 3651 2252 3674 ,
2308 3612 2733 3679 mansurutnqne
2797 3607 2850 3662 in
2905 3605 3247 3678 perpetuum.
3305 3597 3458 3672 Quod

1863 3705 1986 3776 quia
2042 3713 2162 3772 ttOSl
2211 3699 2586 3774 etptlvltatem
2650 3697 2988 3772 temporibus
3039 3697 3348 3754 Zorobahel
3407 3701 3464 3753 et

1869 3799 2020 3854 Ezrie
2048 3809 2156 3852 non
2191 3805 2420 3866 possunt
2449 3798 2762 3851 mortStral'e
2791 3791 3122 3864 ettmpletum
3141 3833 3156 3860 ,
3177 3788 3467 3848 tranSeunt

1865 3887 1932 3944 ad
2000 3887 2200 3944 Christi
2261 3897 2505 3958 tempora
2557 3929 2572 3953 ,
2647 3899 2806 3958 quem
2875 3887 2926 3940 tu
2992 3885 3464 3941 consummatione

1869 3983 2056 4040 mundi
2096 3985 2282 4038 dicunt
2313 3987 2438 4039 eese
2461 3983 2786 4047 ventttrnttt,
2826 3989 2884 4036 ttt
2911 3991 3076 4036 aurea
3109 3991 3272 4051 atque
3312 3995 3464 4050 geru-

1871 4085 2010 4132 tttatzt
2043 4075 2203 4148 jttxla
2235 4076 2622 4148 Apocalypsim
2647 4071 2876 4130 Joannis
2916 4073 3216 4128 descendat
3245 4067 3466 4128 Jbrttsa-

1868 4173 1972 4228 tem
1992 4211 2008 4237 ,
2039 4179 2092 4226 et
2122 4169 2226 4225 hoc
2259 4178 2418 4225 tet-rte
2449 4169 2626 4240 spatio
2648 4211 2664 4236 ,
2689 4169 2740 4224 id
2763 4175 2841 4223 εει
2865 4210 2879 4236 ,
2913 4167 2984 4224 ab
3023 4167 3117 4222 illo
3148 4161 3271 4223 loco
3290 4177 3465 4238 usque

1869 4263 1936 4319 ad
1962 4263 2112 4318 illum
2137 4263 2318 4317 locum
2355 4259 2657 4318 aediﬁcetur
2680 4274 2776 4330 per
2796 4261 3087 4316 circuitum
3112 4253 3300 4332 (Αροε.
3327 4259 3466 4328 ssi).

1871 4359 2321 4432 Sttspiciottisque
2365 4369 2477 4415 sua:
2501 4354 2642 4415 hanc
2679 4355 2931 4414 aurulam
2971 4357 3221 4427 ca‘piunt,
3255 4356 3398 4430 quod
3439 4371 3469 4412 a

1873 4457 2026 4508 turre
2081 4449 2392 4517 Anatltotll,
2445 4459 2565 4522 quae
2615 4449 2779 4507 hodie
2827 4451 3135 4522 appellatur
3179 4447 3468 4518 Jereuim,

1877 4543 2050 4600 trilttt's
2077 4562 2104 4597 a
2134 4539 2432 4600 .lrl'tlsalem
2456 4543 2696 4600 millibus
2725 4553 3011 4614 separata,
3035 4557 3206 4614 usque
3254 4544 3321 4600 ad
3357 4551 3472 4598 tor-

173 4634 277 4692 Sln
307 4641 490 4692 autem
537 4633 796 4707 abiecero
829 4637 1146 4694 unitersum
1181 4653 1368 4694 semen
1407 4629 1610 4704 Israel,
1641 4651 1773 4710 ergo
1803 4699 1847 4710 ᾁ-
1880 4647 2088 4694 reutem
2117 4637 2334 4694 Cedroo
2360 4682 2376 4706 ,
2407 4637 2497 4710 qui
2531 4638 2793 4694 scribitur
2833 4638 2886 4692 in
2929 4627 3222 4706 Evangelio
3267 4625 3469 4706 (Joan.

173 4725 592 4783 mensurabitur
629 4729 898 4786 calorum
945 4729 1266 4798 somntitas,
1301 4741 1357 4786 et
1387 4739 1628 4786 extrema
1663 4699 1776 4786 ter-
1801 4699 1856 4766 Β
1881 4731 2060 4804 svnt),
2093 4740 2148 4788 et
2177 4738 2260 4789 est
2301 4733 2353 4788 iit
2384 4699 2528 4788 valle
2570 4731 2832 4803 Iosophat
2857 4773 2870 4795 ,
2894 4727 2984 4786 ubi
3023 4717 3213 4784 ltortus
3241 4737 3356 4784 erat
3379 4773 3394 4798 ,
3419 4728 3476 4784 in
3511 4785 3524 4797 ,

171 4820 389 4874 rat-um.
441 4819 540 4876 llic
582 4820 934 4894 Syllogismus
985 4833 1040 4879 et
1087 4819 1140 4877 in
1199 4820 1500 4892 Evangelia
1536 4825 1773 4880 texitur:

171 4913 440 4983 quando.
468 4910 812 4984 impossibile
839 4915 1166 4984 lmpossilnli
1193 4923 1578 4985 comparatur:
1615 4916 1776 4972 Faci-

177 5007 286 5060 lius
311 5005 552 5060 camelus
582 5004 809 5064 intrabit
835 5025 934 5076 per
959 5007 1208 5064 l‘otatneu
1241 5021 1402 5077 acus,
1433 5019 1596 5080 quam
1625 5010 1783 5066 dives

176 5097 392 5153 Intrare
423 5096 602 5168 poSsIt
628 5097 683 5154 in
717 5111 884 5170 regna
913 5101 1176 5156 malorum
1205 5097 1426 5172 (Matth.
1456 5100 1590 5172 xix).
1633 5097 1781 5170 Quo-

1879 4840 1988 4896 quo
2019 4833 2072 4880 et
2091 4823 2262 4880 ludas
2302 4822 2548 4894 proditor
2574 4816 2801 4878 tradidit
2829 4818 3166 4878 Salvatorem
3186 4863 3202 4888 ,
3235 4819 3478 4878 civitatis

1880 4917 2229 4973 fundamenta
2275 4916 2568 4986 iaciantur.
2604 4913 2854 4982 Lecturi,
2885 4913 3166 4984 inquiunt.
3201 4927 3388 4968 sumus
3425 4913 3478 4968 in

1881 5010 2345 5080 consequentibus
2378 5009 2639 5066 Anamoel
2681 5009 2852 5064 lilium
2912 5007 3118 5064 Sallttm
3180 5003 3482 5078 patruelem

1882 5105 2051 5162 fuisse
2069 5105 2356 5170 Jel'elttltlt,
2379 5101 2536 5173 cujus
2573 5103 2705 5158 emit
2725 5117 2950 5173 agrum,
2975 5105 3033 5155 ct
3052 5099 3174 5156 lucc
3207 5111 3292 5156 est
3323 5102 3490 5156 turris

179 5189 348 5246 ΙηῠιΙυ
375 5191 522 5246 εηίηὶ
559 5191 692 5246 lllltd
719 5190 828 5264 [AL
853 5191 1218 5265 impossibile]
1245 5185 1364 5248 ﬂel'i
1407 5205 1516 5247 non
1563 5203 1776 5262 pOIBSt,
1892 5197 2166 5260 Anancel,
2202 5195 2514 5268 ignorantes
2537 5191 2860 5250 Ilebraicant
2887 5197 3196 5250 veritatem.
3221 5186 3318 5268 llic
3339 5194 3484 5247 enim

179 5285 264 5340 sle
297 5295 401 5338 uec
429 5283 534 5338 hoc
561 5283 674 5338 lteri
708 5286 945 5354 poterit;
973 5285 1115 5356 quod
1148 5283 1194 5340 si
1227 5287 1328 5340 hoc
1359 5283 1560 5340 factum
1586 5284 1782 5354 luetit,
1881 5291 2034 5360 juxta
2071 5283 2394 5344 Hebraicum
2419 5285 2700 5350 scribitur,
2733 5305 2759 5338 a
2794 5286 2945 5341 turre
2979 5299 3227 5341 suaserat.
3269 5267 3484 5354 (suam)

181 5383 319 5447 ergo
350 5375 446 5430 litat
493 5375 622 5432 illud
648 5418 664 5444 ,
688 5376 836 5448 quot!
869 5376 1210 5448 impossibile
1243 5377 1553 5448 putabatur.
1586 5376 1788 5434 Errant
1886 5392 1984 5454 per
2003 5386 2109 5437 Non
2140 5379 2399 5436 videlicet
2421 5379 2654 5436 mediam
2681 5381 2948 5445 litteram;
2990 5375 3064 5433 ibi
3102 5382 3284 5432 autem
3309 5393 3322 5430 :
3351 5376 3485 5430 Errc

183 5473 321 5538 ergo
359 5469 455 5540 qui
477 5468 622 5526 hunc
650 5470 827 5527 loculo
866 5471 1027 5528 aliter
1054 5469 1396 5539 edisseruttt,
1431 5481 1700 5540 ponentes
1735 5475 1792 5528 et
1888 5477 2138 5529 sitsicut.
2161 5457 2398 5546 (tamn)
2423 5472 2564 5540 [ilius
2589 5466 2796 5525 Salium
2820 5467 3072 5538 patruelis
3100 5477 3218 5524 tuus
3239 5465 3399 5521 veniet
3421 5463 3489 5521 n’d

187 5564 325 5619 illud
361 5564 732 5620 testimonium
753 5607 768 5630 ,
791 5567 934 5635 quod
973 5567 1206 5635 potuerit
1236 5576 1424 5634 petere
1454 5566 1670 5620 Patrem
1697 5565 1788 5620 Fic
1889 5574 1961 5630 te,
1985 5581 2080 5636 per
2107 5563 2341 5618 mediam
2373 5578 2486 5618 stest
2527 5563 2788 5618 litteram.
2828 5561 3147 5616 luvocantes
3187 5560 3352 5630 igitur
3385 5561 3492 5614 Do-

187 5653 338 5723 lius,
368 5663 424 5712 et
449 5653 743 5714 duodecim
773 5656 1017 5730 legiones
1057 5653 1392 5729 Angelorum
1435 5649 1708 5714 adducere
1731 5658 1788 5716 tu
1895 5657 2101 5713 initium
2139 5645 2515 5722 Salv-storem,
2550 5652 2640 5725 qui
2694 5647 2854 5709 habet
2897 5649 3107 5708 clavem
3163 5646 3329 5708 David
3353 5696 3368 5720 ,
3400 5656 3492 5725 qui

201 5878 208 5883 .
267 5845 294 5907 ft
335 5835 600 5900 Cistt-rc..
627 5838 946 5903 intpossibile
977 5836 1208 5907 possibili
1235 5847 1590 5904 comparatur.

1964 5848 1986 5911 ς
2017 5835 2076 5911 In
2109 5835 2394 5899 Nominum
2433 5851 2646 5911 quoque
2676 5837 2850 5904 libro,
2883 5836 3226 5908 Asedemotlt,
3253 5847 3378 5895 una
3408 5838 3494 5896 vel

268 5905 296 5976 β
339 5907 482 5992 Idem
513 5923 638 5993 cum
673 5908 842 5966 Vatic.
863 5947 880 5981 ,
911 5905 1098 5984 poterit
1125 5907 1472 5993 comprobari.
1893 5909 2226 5985 mamma...
2452 5905 2461 5907 ~
2559 5905 2570 5926 π

1893 5909 2226 5985 suburbana.
