3972 6326
478 350 584 406 887

1737 350 1796 403 5.
1838 346 2105 406 EUSEBII
2141 340 2520 399 HIERONYMI

3693 337 3794 394 888

483 470 688 539 aperit,
720 476 777 523 et
798 481 958 522 nemo
1002 466 1238 533 claudit;
1269 467 1360 537 qui
1389 466 1625 531 claudit,
1653 474 1708 522 et
1737 480 1899 522 nemo
1946 480 2078 535 ape-
2109 464 2162 525 A
2188 469 2314 516 tur:
2345 469 2404 516 ut
2430 458 2678 531 indigere
2709 476 2809 515 nos
2836 460 3031 517 doceat
3056 475 3219 517 cursu
3244 468 3410 529 atque
3436 457 3758 516 certamine
3781 500 3796 524 ,

483 563 583 627 rit;
615 562 706 633 qui
748 562 1020 632 signatum
1067 577 1284 633 queque
1331 561 1482 616 Isaiae
1518 560 1715 616 librum
1762 569 1818 617 et
1836 559 2079 615 omnium

480 655 876 726 Prophetarum
905 656 1119 726 aperuit
1141 654 1299 728 (Isai.
1327 654 1497 729 nu);
1526 665 1580 711 et
1600 654 1970 711 adoraverunt
1998 653 2080 709 vi-

482 748 616 817 ginti
644 757 878 817 quatuor
916 750 1165 805 seniores
1188 756 1435 804 tenentes
1477 746 1714 801 citharas
1744 746 1925 818 (Apoc.
1972 743 2076 819 nt),

480 840 624 912 quod
671 841 823 895 solus
875 842 1115 911 potuerit
1140 841 1325 896 divina
1367 854 1615 896 reserare
1659 838 1952 912 mysteria,
1985 853 2081 908 ag-

482 935 795 1007 grediamur
828 935 1118 991 aedilicium
1155 936 1392 991 civitatis
1422 935 1487 990 ad
1523 950 1685 1006 quam
1730 934 2082 1004 propheticus

482 1042 666 1083 sermo
695 1027 946 1098 dirigitur
982 1046 995 1082 :
1029 1027 1271 1084 Gloriosa
1293 1028 1433 1082 dicta
1452 1039 1570 1082 sunt
1591 1027 1655 1081 de
1676 1035 1745 1092 te,
1769 1027 1947 1081 civitas
1985 1024 2083 1081 Dei

483 1120 660 1191 (Psal.
687 1139 889 1189 Lxxxv,
912 1122 1003 1196 2);
1026 1134 1081 1178 et
1106 1142 1119 1178 :
1146 1121 1413 1179 Fluminis
1442 1124 1660 1189 impetus
1695 1121 1926 1190 lwti/icat
1961 1122 2083 1176 civi-

481 1223 640 1269 talem
684 1214 779 1270 Dei
811 1216 990 1284 (Psal.
1016 1231 1139 1277 xcv.
1167 1215 1248 1287 4).
1275 1215 1603 1272 ιλΕιΙίίὶεειιιιι·
1630 1215 1813 1284 itaque
1840 1213 2081 1269 Ecclesia

485 1325 515 1362 a
548 1317 696 1362 turre
720 1307 1050 1373 obedientiaz,
1085 1309 1200 1364 sive
1223 1310 1427 1379 gratiae,
1461 1306 1788 1364 etdonorum
1816 1302 1918 1360 Dei
1954 1304 2084 1377 (hoc

483 1400 630 1454 enim
656 1400 1049 1469 interpretatur
1070 1401 1345 1473 Anaueel).
1363 1416 1535 1472 usque
1552 1400 1621 1455 ad
1642 1411 1856 1469 portam
1877 1398 2087 1468 anguli,

478 1507 599 1561 qua}
632 1492 759 1548 licet
783 1493 1033 1549 videatur
1066 1494 1280 1550 initium
1311 1494 1517 1551 habere
1546 1491 2081 1563 sublime,quamdiu

485 1587 539 1640 in
575 1586 678 1641 ista
711 1601 875 1643 carne
922 1587 1315 1655 subsistimus,
1348 1598 1552 1645 rectam
1587 1587 1835 1643 veritatis
1878 1586 2081 1641 lineam

488 1695 595 1736 non
635 1696 926 1750 possumus
963 1681 1284 1752 possidere:
1313 1683 1410 1737 sed
1444 1683 1496 1738 in
1534 1681 1732 1753 angulo
1774 1688 1981 1736 stamus
2029 1689 2083 1735 et

489 1770 676 1826 fractis
726 1769 833 1844 [ΑΙ.
888 1772 1037 1847 facti]
1095 1774 1289 1840 lineis,
1346 1775 1569 1844 exitque
1622 1774 1762 1828 ultra
1812 1771 2084 1828 funiculus

2186 563 2243 609 et
2268 551 2482 609 tandem
2533 567 2656 607 cum
2703 551 2931 608 Domino
2975 550 3163 608 audire
3203 566 3553 608 mereamur:
3594 550 3799 605 Ascen-

2186 645 2311 701 disti
2350 660 2507 717 equos
2549 654 2685 712 tuos,
2714 654 2762 699 et
2802 646 3051 716 equitatio
3079 654 3171 698 tua
3198 644 3341 699 salus
3366 643 3554 715 (Abac.
3586 659 3684 707 ιιι,
3718 643 3794 710 8).

2190 738 2250 794 ln
2283 749 2437 808 porta
2467 738 2731 794 Orientali
2754 779 2770 805 ,
2802 738 2853 792 in
2888 748 3037 809 porta
3086 738 3507 809 quadrigarum,
3541 738 3799 794 sanctiﬁ-

2183 834 2326 889 catio
2361 833 2572 890 Domini
2597 843 2702 891 est.
2745 835 2807 890 Et
2830 834 2945 907 [AL
2976 834 3065 907 Ut]
3094 845 3225 889 tunc
3256 850 3357 889 nos
3387 833 3671 903 perfectos
3713 850 3799 887 ar-

2186 929 2480 993 bitremur,
2526 928 2749 1000 quando
2778 929 3081 984 dixerimus
3123 930 3187 984 ad
3232 929 3568 984 Dominum:
3598 927 3796 985 Curras

2186 1019 2285 1076 Dei
2314 1021 2489 1077 decem
2541 1022 2762 1075 millium
2806 1020 3079 1092 multiplex
3116 1022 3288 1075 millia
3316 1022 3613 1076 laetantium
3636 1037 3657 1075 :
3686 1019 3799 1074 Do-

2188 1119 2357 1174 minus
2382 1120 2435 1173 in
2456 1120 2531 1173 eis
2558 1119 2610 1174 in
2643 1118 2774 1175 Sina
2792 1119 2845 1173 in
2867 1130 3046 1173 sancto
3065 1117 3238 1189 (Psal.
3266 1132 3433 1180 uvn,
3466 1114 3582 1185 18).
3612 1113 3805 1169 Istius-

2186 1210 2336 1265 modi
2378 1209 2696 1276 aedilicatio,
2748 1225 2869 1280 quae
2913 1225 3083 1279 super
3123 1208 3538 1263 fundamentum
3589 1205 3803 1262 Christi

2188 1304 2361 1375 posita
2390 1313 2505 1371 est,
2538 1304 2606 1359 de
2638 1319 2741 1374 qua
2772 1304 3012 1374 loquitur
3040 1312 3096 1358 et
3128 1302 3463 1371 Apostolus:
3499 1298 3571 1356 Ut
3586 1299 3805 1368 sapiens

2186 1399 2493 1453 architectus
2520 1398 2916 1469 fundamentum
2945 1397 3094 1467 posui
3139 1398 3185 1467 (Ι
3214 1396 3336 1450 Cor.
3368 1411 3449 1460 ιιι,
3475 1392 3592 1462 ιο),
3643 1409 3806 1447 ntttn~

2185 1506 2348 1562 quam
2394 1491 2734 1557 destruetur,
2784 1489 2881 1545 sed
2934 1489 3276 1559 permanebit
3323 1487 3381 1542 in
3438 1496 3801 1558 perpetuum.

2189 1584 2430 1640 Obscura
2458 1592 2515 1640 et
2540 1582 2784 1638 difﬁcilia
2811 1582 2976 1637 latius
3003 1580 3325 1636 disserenda
3353 1588 3502 1647 sunt,
3533 1588 3595 1634 ut
3626 1580 3807 1635 mani-

2189 1677 2324 1734 festa
2353 1677 2568 1732 bretius
2599 1691 3006 1747 percurramus.

2265 1768 2645 1842 1078(Cap.
2664 1766 3131 1823 XXXll.-—Vers.
3159 1768 3180 1822 l
3207 1766 3385 1839 seqq.)
3407 1765 3641 1821 Verbum
3664 1768 3803 1831 quod

491 1878 762 1919 mensurae
789 1874 980 1920 contra
1023 1881 1142 1922 eam
1159 1908 1176 1937 ,
1211 1867 1263 1922 id
1290 1875 1399 1931 est,
1430 1876 1641 1938 portam
1667 1864 1882 1935 anguli,
1919 1879 2084 1934 super
2114 1858 2163 1919 B
2188 1864 2379 1920 dictum
2398 1873 2471 1918 est
2491 1865 2559 1918 ad
2580 1864 2861 1919 Jcremiam
2880 1881 2911 1917 a
2934 1863 3153 1918 Domino
3181 1866 3233 1918 in
3257 1879 3395 1917 anno
3416 1863 3619 1917 decimo
3639 1863 3807 1918 Sede—-

490 1956 686 2012 collem
719 1956 907 2024 Gareb,
949 1961 1039 2029 qui
1090 1960 1142 2014 in
1184 1960 1367 2031 lingua
1413 1969 1597 2015 nostra
1640 1957 1871 2014 vertitur
1898 1968 1986 2010 aut
2014 1957 2088 2011 in-

488 2047 712 2115 colatus,
752 2050 1068 2135 aut.scabies
1088 2068 1107 2107 :
1137 2060 1197 2106 ut
1224 2052 1423 2107 doceat
1451 2067 1551 2107 nos
1578 2050 1816 2105 advenas
1845 2062 1967 2104 esse
2005 2058 2089 2102 at-

490 2156 597 2211 que
626 2144 980 2213 peregrinos,
1014 2152 1071 2199 et
1115 2160 1221 2201 non
1273 2144 1497 2199 auribus
1547 2144 1857 2214 prurientes
1879 2183 1894 2208 ,
1935 2151 1992 2198 et
2022 2141 2089 2197 ad

498 2236 793 2290 novitatem
841 2236 1155 2309 dogtnatum
1201 2239 1564 2309 pessimorum
1608 2237 1766 2292 facile
1811 2252 1918 2292 non
1949 2251 2089 2307 prm-

496 2333 627 2388 bere
677 2347 1030 2391 consensum.
1077 2333 1142 2387 Et
1187 2333 1444 2401 circuibit,
1485 2332 1688 2403 inquit,
1730 2330 1960 2400 Goatlta,
1997 2347 2092 2401 pro

498 2440 608 2494 quo
631 2426 982 2494 interpretati
1013 2437 1141 2482 sunt
1170 2425 1317 2482 LXX
1336 2444 1428 2497 per
1445 2443 1652 2499 gyrum,
1690 2426 1882 2482 electis
1907 2425 2097 2496 lapidi-

498 2518 633 2585 bus,
667 2519 761 2588 qui
790 2519 1086 2575 volvuntur
1122 2518 1331 2591 1077
1362 2532 1527 2589 super
1576 2518 1767 2573 faciem
1817 2527 2010 2581 terrae,
2040 2523 2096 2571 et

498 2613 746 2683 angulari
777 2613 958 2684 lapide
981 2613 1462 2681 constringuntur,
1485 2612 1705 2666 dicente
1726 2610 1977 2680 apostolo
2000 2608 2097 2665 Pe-

500 2714 623 2761 tro:
659 2704 727 2758 Et
750 2715 775 2743 ιι
804 2708 904 2773 ipsi
950 2714 1215 2776 tamquam
1245 2703 1443 2777 lapides
1480 2704 1579 2757 vivi
1607 2703 2097 2773 supermdiﬁcamini

499 2794 684 2847 domus
704 2794 1013 2863 spiritualis,
1037 2794 1386 2848 sacerdotium
1403 2802 1658 2858 sanctum,
1693 2793 1967 2861 oﬂerentes
1992 2794 2100 2866 spi-

501 2887 722 2942 rituales
744 2884 942 2941 hostias
972 2895 1022 2940 et
1043 2886 1382 2957 acceptabiles
1402 2884 1513 2940 Deo
1536 2902 1625 2957 per
1644 2884 1825 2940 Jesum
1836 2883 2100 2940 Christum

507 2976 551 3050 (Ι
574 2978 719 3033 Petr.
764 2994 826 3045 ιι,
862 2979 940 3050 5).
988 2977 1055 3033 Et
1096 2994 1349 3047 omnem,
1393 2978 1597 3050 inquit,
1636 2979 1833 3035 vallem
1884 2977 2099 3055 Phaga-

502 3072 623 3139 rint,
654 3070 798 3142 quod
822 3072 1215 3143 interpretatur
1231 3073 1539 3139 ruinarum;
1562 3082 1615 3127 et
1643 3074 1883 3139 cineres,
1898 3074 2101 3132 subau-

505 3164 655 3220 ditur
703 3164 989 3231 circuibit,
1020 3176 1077 3220 ut
1125 3180 1455 3236 quamquam
1498 3165 1657 3222 nobis
1712 3166 2000 3223 videamur
2046 3166 2101 3221 in

2190 1963 2284 2017 ria:
2306 1963 2443 2035 regis
2467 1960 2632 2025 Juda,
2672 1962 2782 2033 ipse
2812 1968 2886 2015 est
2915 1976 3083 2015 annus
3110 1967 3317 2014 octarus
3342 1958 3575 2012 decimus
3610 1956 3803 2012 Nabu-

2191 2056 2534 2111 chodonosor.
2583 2054 2730 2110 Tunc
2770 2056 3021 2110 exercitus
3057 2054 3189 2125 regis
3210 2051 3495 2123 Babylonis
3537 2051 3803 2106 obsidebat

2191 2150 2507 2216 Jerusalem,
2532 2159 2578 2206 et
2605 2149 2863 2205 Jeremias
2890 2148 3153 2217 Propheta
3185 2148 3395 2202 clausus
3426 2154 3535 2200 erat
3572 2146 3633 2199 in
3675 2146 3806 2200 atrio

2194 2244 2437 2311 carceris,
2464 2244 2553 2309 qui
2594 2254 2704 2296 erat
2730 2243 2784 2296 in
2812 2243 2966 2295 domo
2991 2241 3127 2311 regis
3158 2237 3322 2294 Iuda.
3363 2234 3644 2292 Clauserat
3675 2238 3803 2292 enim

2196 2353 2311 2392 eum
2352 2335 2598 2393 Sedecias
2628 2350 2721 2390 rex
2746 2332 2921 2397 Juda,
2972 2333 3146 2386 (licens
3187 2346 3208 2386 :
3259 2330 3431 2397 Quare
3458 2329 3763 2407 vaticinaris
3787 2374 3799 2395 ,

2196 2430 2370 2483 dicens
2399 2445 2417 2483 :
2450 2427 2581 2483 Htcc
2609 2427 2733 2481 dicit
2757 2425 3033 2481 Dominus.
3062 2423 3180 2480 Non
3208 2423 3384 2479 solum
3411 2423 3577 2478 verba
3597 2431 3661 2479 et
3678 2436 3807 2494 ope-

2199 2537 2257 2576 ra
2287 2520 2684 2591 Prophetarum
2736 2518 2893 2575 nobis
2939 2518 3189 2587 exemplo
3239 2525 3365 2572 sunt
3416 2514 3482 2569 ad
3524 2516 3800 2570 virtutem.

2201 2614 2422 2669 Poterat
2450 2612 2722 2669 Jeremias
2754 2626 3014 2683 prospera
3045 2611 3296 2667 nuntiare
3322 2650 3338 2674 ,
3386 2620 3441 2664 et
3473 2609 3621 2681 regis
3641 2608 3807 2665 Sede-

2200 2708 2299 2763 cias
2330 2706 2432 2761 frui
2465 2706 2745 2772 amicitia;
2794 2706 2890 2761 sed
2940 2705 3176 2760 malebat
3216 2704 3332 2760 Deo
3378 2704 3554 2774 magis
3583 2702 3805 2759 obedine

2201 2816 2362 2873 quam
2385 2798 2699 2856 hominibus
2727 2799 2868 2869 (Act.
2903 2794 2978 2870 v),
3010 2798 3136 2854 etei
3163 2799 3253 2869 qui
3280 2805 3461 2866 potest
3483 2806 3539 2852 et
3567 2797 3805 2852 animam

2203 2904 2258 2951 et
2285 2910 2484 2965 corpus
2532 2893 2760 2964 perdere
2794 2892 2850 2948 in
2876 2893 3181 2963 gehennam
3203 2933 3218 2957 ,
3259 2907 3422 2962 quam
3456 2890 3536 2946 illi
3566 2891 3661 2961 qui
3693 2900 3807 2945 tan-

2206 2998 2317 3043 tum
2350 2989 2402 3042 in
2423 3000 2624 3057 corpus
2645 2985 2849 3041 habere
2881 2992 3092 3056 poterat
3121 2991 3441 3053 potestatem
3475 2982 3695 3054 (Matth.
3728 2982 3801 3047 ι).

2207 3082 2273 3138 Et
2301 3081 2404 3136 hoc
2451 3078 2904 3136 considerandum
2930 3119 2944 3144 ,
2995 3075 3137 3148 quod
3179 3075 3425 3133 decimus
3466 3090 3645 3131 annus
3689 3079 3801 3130 erat

2207 3175 2357 3247 regni
2400 3173 2647 3231 Sedecias
2667 3212 2682 3236 ,
2735 3171 2955 3227 obsessa
2982 3170 3095 3241 jam
3121 3168 3425 3226 Jerusalem
3449 3208 3465 3235 ,
3499 3179 3555 3223 et
3583 3166 3764 3238 gladio
3786 3206 3802 3232 ,

505 3260 737 3315 collibus
762 3277 775 3312 :
802 3268 985 3315 tamen
1017 3275 1240 3330 semper
1272 3261 1563 3316 timeamus
1599 3262 1784 3316 ruinas
1822 3269 1879 3316 et
1923 3261 2104 3315 consi-
2130 3247 2178 3311 C
2212 3269 2354 3325 fame
2374 3275 2430 3323 et
2460 3272 2615 3337 peste
2652 3273 2974 3333 consumpta
3001 3306 3016 3330 ,
3051 3271 3108 3317 et
3140 3261 3455 3332 captivitate
3495 3259 3674 3315 vicina
3699 3299 3713 3323 .
3753 3265 3805 3310 el

504 3351 769 3407 deremus
791 3350 1038 3419 cineres;
1061 3362 1116 3407 et
1137 3353 1469 3423 pmiiitentes
1492 3352 1737 3409 dicamus
1763 3368 1887 3407 eum
1914 3352 2103 3407 David:

509 3443 645 3510 Quia
692 3444 919 3500 cinerem
965 3444 1113 3515 quasi
1156 3461 1342 3516 panem
1387 3445 1717 3511 manducaui,
1774 3454 1819 3499 et
1864 3443 2109 3517 poculum

510 3554 680 3592 meum
705 3555 824 3592 cum
856 3540 981 3608 ﬂetu
1003 3538 1276 3594 miscebam
1303 3537 1478 3609 (Psal.
1501 3553 1578 3605 et,
1616 3538 1726 3610 l0).
1755 3536 1912 3594 Unde
1938 3546 1992 3593 et
2026 3537 2110 3608 ja-

510 3634 770 3689 centibus
799 3635 1002 3689 dicitur
1033 3653 1046 3688 :
1081 3634 1349 3706 Numquid
1394 3637 1483 3705 qui
1531 3636 1670 3690 cadit
1719 3651 1821 3690 non
1849 3635 2110 3705 resurgit?

516 3724 643 3779 dicit
680 3722 936 3778 Dominus
975 3722 1197 3794 (Jerem.
1250 3740 1368 3789 vm,
1412 3724 1495 3795 4).
1524 3726 1592 3781 Ει
1642 3726 1987 3794 universam,
2029 3727 2114 3780 in-

511 3819 661 3886 quit,
694 3815 985 3884 sademoth,
1009 3816 1156 3885 quod
1188 3831 1288 3871 nos
1312 3818 1574 3872 vertimus
1595 3817 1650 3872 in
1680 3818 1943 3889 regionem
1972 3834 2114 3871 mor-

514 3909 813 3964 tis:unutn
871 3923 1070 3965 nomen
1127 3909 1180 3964 in
1235 3910 1343 3965 duo
1392 3911 1558 3966 verba
1611 3910 2113 3978 dividentes;st

517 4004 669 4078 (ππ),
699 4003 845 4075 quod
874 4002 1076 4059 dicitur
1102 4005 1264 4078 regio,
1294 4014 1350 4061 et
1370 4019 1518 4061 ιιοτιι
1555 4004 1739 4079 (tm),
1770 4006 1914 4077 quod
1946 4008 2116 4064 inter-

520 4107 762 4169 pretatur
806 4099 1026 4153 mortis:
1057 4114 1154 4168 pro
1192 4111 1300 4170 quo
1340 4099 1536 4168 Aquila
1578 4102 1745 4157 vertit
1795 4102 2113 4168 suburbana,

519 4193 635 4249 sive
660 4209 809 4258 arva,
840 4201 895 4247 et
940 4208 1088 4246 rura.
1122 4192 1289 4262 Regio
1319 4204 1497 4248 autem
1527 4193 1718 4249 mortis
1750 4195 1900 4266 regio
1928 4212 2116 4265 pecca-

519 4294 699 4341 torum
752 4293 867 4350 est;
923 4293 980 4339 et
1035 4284 1345 4341 suburbana
1394 4287 1546 4357 regio
1592 4286 1963 4358 voluptatum,
1994 4304 2117 4353 quae

520 4376 700 4447 pergit
746 4392 919 4447 usque
945 4375 1012 4432 ad
1047 4385 1342 4433 torrentem
1373 4376 1600 4445 Cedron,
1630 4379 1721 4434 ubi
1752 4379 1985 4436 traditus
2032 4389 2119 4437 est

519 4469 818 4532 Dominus,
870 4467 962 4538 qui
1015 4469 1406 4539 interpretatur
1455 4470 1678 4527 tenebra:
1721 4471 1904 4544 (Joan.
1934 4474 2116 4546 xvm).

519 4558 656 4614 Vide
678 4568 878 4630 quanta
911 4560 1110 4615 habeat
1138 4560 1255 4616 loca
1286 4561 1561 4625 Ecclesia,
1592 4572 1647 4618 et
1672 4564 1949 4632 quomodo
1982 4565 2115 4620 illud

2212 3369 2392 3415 tamen
2424 3357 2684 3414 Sedecias
2711 3363 2917 3426 perstat
2942 3354 2994 3410 in
3019 3354 3313 3420 sententia,
3341 3344 3401 3409 et
3424 3368 3493 3407 ex
3531 3361 3679 3421 parte
3704 3349 3802 3404 ali-

2210 3469 2314 3524 qua
2344 3452 2491 3508 illius
2510 3450 2803 3507 clementia
2835 3448 3267 3511 demonstratur,
3300 3445 3447 3517 quod
3472 3456 3801 3516 nequaquam

2211 3562 2336 3605 eum
2362 3548 2417 3602 in
2445 3560 2688 3612 carcere,
2722 3543 2819 3600 sed
2853 3544 2906 3597 in
2931 3540 3198 3599 vestibulo
3216 3538 3419 3596 recludi
3444 3538 3670 3610 jusserit
3686 3552 3797 3591 car-

2212 3641 2356 3697 ceris
2389 3659 2402 3695 :
2433 3639 2603 3696 libera
2634 3637 2889 3693 videlicet
2915 3636 3183 3700 custodia,
3222 3650 3292 3690 ne
3325 3643 3514 3703 posset
3550 3632 3797 3699 eﬂ'ugere,

2213 3732 2368 3803 quasi
2399 3747 2505 3787 non
2528 3728 3018 3786 omnisJerusalem
3041 3728 3222 3784 clausa
3246 3725 3641 3782 munitionibus
3665 3739 3799 3780 cont-

2216 3825 2395 3880 munis
2424 3837 2614 3878 career
2645 3820 2807 3877 fuerit
2829 3820 3209 3875 habitantium.
3244 3818 3364 3889 ipse
3384 3832 3562 3873 annus
3583 3826 3663 3872 est
3682 3815 3802 3870 duo-

2216 3916 2583 3987 devigesimus
2607 3914 2762 3984 regni
2785 3911 3309 3977 Nabuchodonosor,
3340 3911 3432 3981 qui
3459 3921 3650 3979 quarto
3672 3921 3800 3962 anno

2217 4011 2361 4082 regis
2398 4008 2606 4064 Joacim
2646 4009 2794 4075 cepit
2824 4005 3134 4075 imperium.
3192 4001 3387 4059 Omnis
3424 4011 3609 4057 autem
3653 4013 3799 4056 eau-a

2221 4105 2314 4160 ira:
2342 4103 2486 4172 regis
2517 4103 2617 4157 ista
2650 4110 2754 4167 est,
2779 4113 2878 4153 cur
2903 4097 3158 4169 loquatur
3185 4111 3252 4151 ex
3286 4095 3381 4151 Dei
3404 4095 3627 4150 nomine
3651 4136 3666 4160 ,
3696 4104 3801 4161 qttze

2218 4199 2269 4257 ei
2304 4198 2516 4254 fuerant
2548 4196 2810 4263 imperata
2836 4210 2850 4247 :

2293 4290 2472 4361 (Vers.
2495 4290 2551 4355 4,
2584 4285 2665 4358 5.)
2701 4284 2830 4339 Ecce
2856 4300 2949 4353 ego
2970 4283 3102 4337 dabo
3123 4284 3376 4337 civitatem
3403 4283 3559 4335 istam
3582 4282 3635 4335 in
3664 4293 3803 4333 manu

2222 4385 2355 4457 regis
2382 4362 2687 4452 Babylonis,
2715 4386 2762 4432 et
2800 4378 2964 4446 capiet
2995 4391 3128 4430 eam.
3172 4373 3241 4427 Et
3272 4373 3518 4430 Sedecias
3552 4388 3644 4427 rea:
3676 4369 3804 4425 ludo

2222 4495 2324 4534 non
2353 4475 2561 4545 effugiet
2601 4473 2666 4527 de
2706 4487 2864 4526 manu
2898 4468 3259 4524 Chaldteorum
3284 4511 3300 4536 ,
3354 4467 3447 4522 sed
3492 4465 3720 4519 tradetur
3756 4462 3805 4513 in

2224 4587 2379 4626 manu
2404 4569 2537 4640 regis
2559 4563 2925 4636 Babylonis,et
2945 4561 3182 4633 loquetur
3204 4576 3260 4615 os
3281 4562 3392 4634 ejus
3413 4576 3535 4612 cum
3554 4574 3642 4613 ore
3658 4557 3804 4619 illius,

521 4652 898 4721 Aposmlicum
928 4671 942 4708 :
976 4650 1044 4708 Ut
1069 4654 1138 4708 sit
1163 4654 1275 4708 sine
1313 4656 1520 4709 macula
1556 4664 1605 4709 et
1651 4673 1779 4728 ruga
1807 4656 2026 4730 (Ephes.
2061 4674 2115 4723 ν,
2144 4639 2199 4699 Ῑ)
2224 4678 2269 4719 ει
2300 4659 2437 4717 oculi
2467 4662 2580 4731 ejus
2612 4656 2787 4711 oculos
2823 4655 2968 4710 illius
2998 4653 3257 4708 videbunt.
3307 4651 3373 4707 Et
3404 4654 3457 4706 in
3508 4650 3805 4723 Babylonem

520 4743 635 4815 27),
666 4744 721 4798 in
774 4744 958 4799 futuro
998 4754 1053 4800 et
1096 4743 1150 4799 in
1173 4745 1490 4801 cmlesttbus
1521 4756 1791 4803 servetur.
1823 4751 1993 4805 Audis
2022 4766 2121 4805 an-

2223 4757 2373 4810 ducet
2401 4751 2694 4819 Sedeciam,
2719 4757 2766 4804 et
2785 4748 2855 4803 ibi
2875 4749 2971 4803 erit
2991 4748 3154 4802 donec
3180 4746 3376 4801 visitem
3405 4760 3546 4813 eum,
3568 4745 3691 4799 dicit
3717 4740 3808 4795 Do-

523 4836 713 4907 gulos.
746 4837 902 4894 audis
941 4837 1218 4904 scabiem,
1252 4837 1407 4893 audis
1453 4840 1641 4895 ruinas
1689 4850 1744 4897 et
1788 4841 2040 4906 cineres,
2070 4857 2127 4898 et
2226 4851 2413 4905 minus.
2468 4846 2618 4913 Quod
2658 4847 2706 4898 si
2749 4843 3095 4915 pugnaveritis
3131 4847 3309 4895 contra
3339 4836 3653 4907 Chaldtcos,
3693 4832 3809 4891 nihil

524 4927 804 4998 regionem
833 4930 1025 4985 mortis
1046 4970 1061 4994 ,
1095 4939 1153 4985 et
1183 4930 1469 4994 tenebras,
1497 4942 1551 4986 et
1579 4933 1648 4988 de
1676 4941 1763 4987 tua
1786 4932 1813 4971 δ
1846 4934 2046 4990 virtute
2067 4945 2125 4991 et
2223 4954 2530 5015 prosperum
2557 4936 2823 4991 habebitis.
2856 4934 2983 4990 Hzec
3003 4941 3124 4989 erat
3142 4947 3300 4989 causa
3330 4933 3428 4986 ira:
3447 4932 3638 5001 regite,
3656 4942 3807 5001 quare

525 5021 889 5090 iinpeceantia
932 5023 1204 5094 gloriaris.
1261 5024 1502 5096 Deniqtte
1548 5027 1831 5096 sequitur:
1863 5039 1911 5083 et
1959 5046 2121 5101 usque

525 5118 596 5171 ad
624 5116 870 5188 angulum
898 5128 1080 5185 portae.
1108 5118 1173 5173 Et
1202 5118 1289 5174 hic
1313 5121 1572 5190 angulus,
1605 5135 1674 5175 ne
1703 5121 1809 5176 ulla
1834 5138 1962 5179 vera
2004 5124 2123 5194 jus-

530 5209 645 5266 titia
666 5252 680 5274 ,
707 5224 775 5264 ne
801 5219 952 5264 certa
989 5208 1218 5264 victoria
1249 5211 1301 5265 in
1334 5213 1440 5268 isto
1466 5214 1665 5269 saeculo
1689 5215 2117 5273 demonstretur.

525 5304 646 5374 ipse
675 5318 899 5374 quoque
926 5302 1157 5373 angulus
1199 5314 1369 5372 portae
1397 5320 1724 5376 quamquam
1770 5308 1841 5361 sit
1868 5306 2122 5365 Orienta-

523 5400 614 5465 lis,
649 5397 792 5454 unde
820 5396 1003 5453 lumen
1029 5396 1341 5468 egreditur;
1375 5406 1554 5455 tamen
1584 5413 1849 5469 equorum
1879 5402 2121 5473 appella-

598 5590 624 5617 ι
654 5578 857 5635 Confer
883 5577 1256 5634 Commentar.
1286 5579 1338 5634 in
1369 5578 1642 5637 Ezechiel.
1671 5594 1795 5645 cap.
1825 5596 1917 5645 ιι,
1947 5580 2000 5635 ἰιι
2016 5579 2121 5634 Za-

530 5651 768 5720 chariam
803 5664 882 5707 Ix.
908 5658 963 5705 et
993 5650 1309 5706 Malacliiam
1339 5665 1416 5710 tu.
1444 5650 1645 5720 quibus
1670 5652 1721 5706 in
1750 5652 1881 5706 locis
1903 5650 2119 5706 tametsi

527 5718 717 5775 eodem
743 5734 931 5782 sensu.
965 5721 1197 5777 diversis
1226 5729 1403 5776 tamen
1436 5718 1617 5778 verbis
1645 5722 1748 5778 hoc
1776 5723 1943 5785 utitur
1968 5723 2121 5777 testi-

528 5789 1131 5861 moniqﬂteronymus.,
1290 5800 1293 5807 '
1566 5792 1569 5807 τ
1664 5818 1665 5821 η
1873 5792 1898 5844 :j

599 5859 626 5900 ὓ
661 5858 870 5915 Dictum
897 5856 1083 5915 contra
1115 5858 1469 5929 Pelagianos,
1504 5863 1700 5929 quibus
1730 5863 1973 5919 solemne
2000 5856 2121 5919 erui

2227 5034 2509 5105 praeferret
2549 5027 2837 5086 mendacio
2869 5028 3150 5083 veritatem
3173 5068 3187 5091 ,
3219 5033 3277 5082 et
3299 5035 3405 5079 tam
3440 5025 3631 5081 urbem
3668 5023 3809 5079 Jeru-

2228 5129 2421 5194 salem,
2456 5143 2616 5197 quam
2655 5124 2935 5183 Sedeciatn
2967 5139 3154 5195 regem
3193 5122 3401 5177 diceret
3430 5135 3555 5179 esse
3602 5120 3806 5189 capieti-

2228 5218 2358 5273 dum
2389 5236 2402 5270 :
2433 5217 2683 5288 quodque
2709 5216 2927 5285 gravius
2955 5224 3039 5269 est
3061 5254 3077 5278 ,
3109 5213 3348 5267 visurum
3379 5227 3509 5267 eum
3548 5227 3645 5267 ora
3684 5209 3806 5278 regis

2229 5310 2550 5383 Babylonii,
2596 5318 2653 5365 et
2693 5308 2996 5363 locuturum
3046 5304 3305 5361 humilem
3336 5315 3501 5374 atque
3547 5305 3805 5375 captivum

2228 5418 2352 5460 eum
2377 5401 2779 5475 cpotentissimi
2801 5398 2944 5471 regis
2969 5399 3201 5455 insania.
3225 5396 3453 5455 Gravior
3480 5398 3625 5452 enim
3649 5404 3805 5452 terror

2223 5581 2291 5636 ad
2320 5597 2470 5637 suam
2498 5582 2567 5637 de
2596 5580 2951 5653 impeecantia
2992 5579 3246 5635 haeresim
3277 5578 3637 5653 as'rttendam
3673 5572 3801 5653 abuti

2226 5653 2319 5707 illo
2349 5653 2596 5721 Apostoli
2646 5646 2714 5706 ad
2744 5650 3011 5722 Ephesios
3044 5667 3201 5707 versu
3226 5692 3243 5716 ,
3275 5664 3384 5721 quo
3412 5650 3655 5706 Ecclesia
3688 5646 3803 5704 dici-

2226 5732 2313 5791 tur
2343 5725 2462 5797 s_ine
2491 5723 2698 5778 macula
2726 5733 2784 5797 et
2812 5737 2962 5794 ruga.
3070 5796 3075 5797 γ
3314 5759 3367 5797 Δ,
3387 5792 3400 5797 _
3462 5791 3476 5797 _
3558 5791 3574 5797 _

2301 5806 2323 5834 ο
2355 5794 2627 5868 Fortasse:
2654 5794 2856 5868 rectius
2881 5789 3032 5868 :mss‘.
3060 5789 3494 5868 impotentiisimi,
3523 5791 3640 5863 ejus
3678 5789 3801 5845 scili-
3855 5850 3863 5868 θ

2223 5876 2329 5927 cet,
2360 5864 2451 5935 qui
2483 5862 2706 5921 nimium
2738 5858 3021 5931 impotenti
3050 5858 3195 5928 esset
3223 5858 3428 5919 animos
