3972 6348
176 375 295 431 889

658 369 1311 431 COMMENTARIORUM
1350 370 1417 426 IN
1454 367 1810 427 JEREMIAM
1847 367 2273 426 PROPHETAM
2312 369 2445 427 LIB.
2488 368 2577 427 VI.
2618 367 2777 426 CAP.
2817 368 3037 427 XXXII.

3401 373 3510 430 890

175 503 298 561 est,
322 492 517 549 videre
548 506 710 563 quem
739 491 954 555 timeas,
982 500 1037 544 et
1066 497 1195 544 ante
1224 486 1650 558 increpationem
1682 501 1806 543 ver—
1831 485 1885 549 Α
1908 487 2190 542 secundum
2223 485 2446 543 Verbum
2468 486 2702 555 Domini,
2725 486 2798 541 ad
2817 486 3121 543 vestibulum
3140 487 3508 564 (siveatrium)

177 586 415 652 borum,
446 599 608 655 quam
638 598 920 656 pinnarum
962 585 1236 637 sustinere
1274 580 1596 636 cruciatum.
1631 575 1700 631 Et
1745 578 1799 632 in

177 678 537 749 Babylonem,
568 677 764 748 inquit,
796 677 950 731 ducet
992 675 1295 740 Sedeciam,
1325 680 1375 728 et
1413 671 1483 726 ibi
1528 672 1642 725 erit.
1695 670 1802 725 Pro

179 788 298 844 quo
329 770 473 826 LXX
519 770 954 835 tranetulerunt,
1005 777 1053 821 et
1099 765 1417 837 Babylonem
1443 763 1799 836 ingredietur;

179 880 425 936 quorum
448 862 680 918 alterum
713 860 938 916 invitum
973 859 1188 932 1079
1214 856 1387 924 trahi,
1429 856 1661 911 alterum
1699 869 1797 911 vo-

180 957 399 1013 qutale
439 971 668 1027 pergere
711 952 1002 1026 significat.
1043 952 1110 1006 Et
1142 952 1233 1018 ibi,
1268 950 1464 1021 inquit,
1499 951 1613 1004 erit.
1667 948 1798 1003 Ver-

179 1052 318 1108 bum
354 1053 509 1123 ponit
541 1048 853 1121 ambiguum
876 1089 893 1113 ,
921 1062 988 1102 ne
1023 1046 1275 1101 videnlur
1303 1045 1578 1099 cruciatus
1608 1051 1664 1097 et
1692 1043 1795 1097 mi-

179 1146 363 1203 serias
395 1144 745 1214 propbetare.
776 1140 1042 1211 Quodque
1069 1139 1354 1209 sequitur:
1388 1137 1560 1192 Donec
1595 1136 1795 1191 visitem

179 1256 303 1296 eum
330 1284 346 1308 ,
378 1242 449 1294 ait
480 1236 733 1292 Dominus
764 1252 783 1290 :
824 1245 873 1290 et
900 1236 946 1289 si
974 1233 1318 1307 pugnaveritis
1348 1231 1611 1286 udrerstun
1635 1228 1794 1285 Chal-

180 1333 354 1397 da'os,
377 1329 509 1385 nihil
536 1344 838 1402 prosperum
865 1325 1133 1393 habebitis,
1159 1325 1211 1379 in
1236 1322 1380 1380 LXX
1404 1339 1509 1377 non
1536 1322 1787 1377 habetur.

179 1423 602 1492 Prudenterque
631 1417 962 1476 sententiam
1006 1418 1360 1487 tetnpcravit,
1409 1430 1529 1487 quae
1578 1413 1645 1469 ad
1697 1415 1788 1469 ho-

180 1533 312 1574 nam
361 1525 417 1573 et
462 1518 528 1572 ad
579 1516 773 1571 malam
826 1523 1034 1585 partem
1082 1511 1276 1568 referri
1309 1520 1509 1583 potest.
1540 1508 1788 1565 Visitalio

178 1612 334 1669 enim
354 1653 368 1678 ,
402 1620 461 1666 ut
488 1624 635 1680 smpe
667 1607 776 1665 dixi
800 1649 814 1674 ,
847 1615 905 1662 et
930 1604 1361 1663 consolationem
1394 1601 1657 1675 signiﬁcat
1684 1641 1699 1666 ,
1731 1612 1787 1657 et

177 1707 537 1779 supplicium.

256 1800 440 1875 (Vers.
478 1801 531 1865 6,
563 1800 646 1868 7.)
679 1796 743 1852 Et
768 1797 901 1852 dixit
930 1792 1185 1849 Jeremias
1220 1794 1457 1865 :factum
1478 1799 1551 1846 est
1578 1789 1783 1844 verbum

1905 583 2149 651 carceris,
2165 589 2211 635 et
2236 582 2308 635 ait
2334 582 2403 635 ad
2429 598 2539 637 me:
2569 579 2790 636 Posside
2812 578 2952 654 (sive
2966 578 3096 651 eme)
3108 598 3293 655 agrum
3311 599 3503 650 meum,

1901 673 1989 742 qui
2010 680 2082 725 est
2113 675 2165 725 in
2191 670 2454 727 Anathotlt
2499 674 2552 727 in
2592 680 2726 727 terra
2751 670 3048 745 Benjamin,
3090 673 3213 743 quia
3242 672 3335 727 tibi
3362 689 3503 728 com-

1902 767 2025 836 petit
2062 764 2361 835 htereditas,
2396 775 2442 819 et
2481 773 2535 818 tu
2561 780 2613 819 es
2641 765 2962 837 propinquus
2992 772 3049 818 ut
3074 763 3338 832 possideas
3361 763 3502 836 (sive

1900 857 2087 932 emas).
2117 859 2271 927 Quod
2297 859 2537 915 futurum
2561 858 2849 929 Pmphette
2865 857 3092 913 verbum
3122 856 3339 913 Domini
3366 872 3504 911 uun-

1902 953 2081 1020 tiarat,
2110 952 2291 1007 statim
2323 967 2489 1024 opere
2517 952 2846 1015 completum
2866 958 2970 1007 est.
3013 949 3187 1016 Venit,
3213 951 3407 1022 inquit,
3429 951 3498 1005 ad

1898 1061 1979 1101 me
2009 1043 2278 1109 Anameel,
2308 1044 2479 1115 gratia
2500 1044 2621 1111 Dei,
2654 1042 2799 1114 filius
2827 1043 3001 1115 patrui
3024 1043 3127 1097 mei
3152 1051 3202 1107 ⁸,
3245 1040 3351 1097 hoc
3388 1051 3495 1109 est,

1896 1135 2038 1207 ﬁlius
2060 1137 2224 1208 pacis.
2259 1135 2417 1192 Venit
2446 1145 2625 1191 autem
2661 1134 2715 1190 in
2748 1134 3015 1190 vestibulo
3043 1133 3302 1199 carceris,
3332 1134 3497 1190 dixit-

1894 1246 2001 1301 que
2028 1231 2096 1287 ad
2138 1246 2224 1286 me
2251 1246 2314 1286 ea
2340 1274 2355 1299 ,
2389 1246 2510 1301 qua:
2539 1229 2807 1285 Dominus
2837 1228 2906 1283 ab
2936 1243 3002 1285 eo
3038 1227 3267 1285 dicenda
3297 1227 3498 1298 pr:edi-

1892 1332 2066 1379 xerat.
2116 1324 2261 1395 Ager
2300 1335 2477 1378 autem
2513 1323 2616 1379 iste
2660 1320 3018 1378 sacerdotalis
3041 1361 3056 1385 ,
3105 1322 3261 1390 cujus
3288 1321 3494 1389 emptio

1890 1428 2054 1488 atque
2092 1415 2366 1487 possessio
2409 1415 2658 1473 Jercmiae
2698 1414 3079 1476 deferebatur,
3129 1412 3183 1467 in
3228 1411 3491 1467 Anathoth

1889 1518 1994 1577 est,
2047 1509 2100 1564 in
2143 1518 2286 1564 terra
2315 1507 2614 1577 Beniamin,
2664 1521 2896 1578 quorum
2943 1503 3091 1576 prius
3129 1504 3491 1569 obedientiam,

1888 1601 2188 1658 secundum
2242 1599 2411 1670 ﬁlium
2453 1600 2680 1655 dextera:
2726 1608 2904 1653 sonat.
2965 1596 3035 1651 Et
3088 1604 3491 1667 consequenter

1886 1696 2004 1767 ejus
2031 1695 2235 1766 appetit
2261 1694 2614 1764 emptionem,
2650 1692 2703 1746 in
2735 1705 2844 1761 quo
2873 1689 3182 1744 obedientia
3223 1697 3280 1742 et
3316 1688 3491 1743 virtus

1889 1787 2102 1844 Domini
2131 1786 2510 1843 versabantur.
2561 1784 2666 1839 Pro
2694 1798 2801 1854 quo
2832 1781 2973 1838 LXX
3001 1782 3381 1861 πρεσϐύτερον,
3431 1780 3486 1845 id

183 1894 402 1950 Domini
431 1892 499 1947 ad
525 1908 605 1947 tne
631 1891 803 1945 dicens
836 1904 853 1943 :
889 1887 1019 1943 Ecce
1043 1884 1291 1941 Anameel
1321 1885 1501 1957 [Vulg.
1525 1880 1787 1954 Anemeel]
1823 1879 1863 1937 Β
1891 1890 1996 1949 est,
2025 1883 2276 1935 seniorem
2307 1875 2645 1950 interpretati
2685 1886 2813 1932 sunt
2835 1917 2851 1942 ,
2883 1875 3028 1947 quod
3070 1875 3191 1930 loco
3220 1874 3347 1929 huic
3374 1887 3484 1929 non

178 1988 328 2059 filius
358 1985 559 2043 Selium
598 1985 741 2055 (sive
780 1980 1009 2053 Sallom)
1043 1977 1293 2051 patruelis
1324 1988 1442 2033 tuus
1474 1976 1638 2049 (quod
1683 1975 1786 2030 He-

180 2081 369 2137 braice
405 2079 607 2135 dicitur
648 2091 859 2134 nonnon
881 2076 901 2148 (
926 2073 1099 2158 Tm)
1130 2073 1262 2127 venit
1291 2071 1468 2144 [Vulg.
1493 2069 1678 2143 veniet]
1718 2068 1785 2123 ad

180 2186 231 2231 te
251 2176 432 2230 dicens
461 2190 480 2229 :
512 2172 640 2228 Eme
659 2171 749 2225 tibi
770 2185 954 2243 agrum
974 2183 1166 2234 meum,
1206 2166 1295 2237 qui
1322 2173 1396 2220 est
1422 2166 1476 2218 in
1497 2160 1782 2227 Auathoth,

181 2268 275 2323 tibi
315 2267 454 2321 enim
496 2264 735 2332 competit
777 2277 841 2316 ea:
870 2259 1253 2329 prapinquitate
1294 2253 1699 2328 emptio,[Vulg.
1732 2261 1785 2306 ut

181 2360 373 2433 emas].
406 2359 689 2416 Occultum
722 2356 788 2412 ad
819 2354 1113 2412 Jeremiam
1148 2352 1243 2406 Dei
1287 2351 1483 2407 factum
1514 2363 1637 2404 esse
1665 2362 1783 2402 ser-

180 2469 429 2520 monem,
473 2467 635 2509 nemo
664 2451 805 2506 scire
840 2457 1072 2518 poterat,
1100 2445 1201 2501 nisi
1232 2445 1350 2516 ipso
1388 2442 1681 2510 indicante,
1715 2439 1783 2495 ad

182 2566 351 2621 quem
384 2549 559 2606 factus
586 2547 759 2603 fuerat
793 2563 808 2602 :
839 2553 894 2601 et
924 2542 1237 2614 prmdicitur
1267 2542 1315 2596 ci
1348 2539 1490 2611 quod
1524 2547 1784 2594 venturus

184 2645 258 2700 sit
274 2642 345 2698 ad
374 2658 498 2698 eum
530 2638 788 2695 Anameel
818 2636 1082 2708 patruelis
1108 2649 1261 2702 suus,
1293 2641 1349 2688 et
1381 2632 1782 2702 possessionem

184 2738 301 2806 agri
344 2736 433 2804 qui
463 2747 595 2789 suus
642 2730 820 2787 fuerat
847 2728 1164 2790 delaturus;
1218 2739 1339 2781 esse
1389 2732 1567 2778 autem
1608 2722 1782 2791 ipsum

184 2829 368 2885 locum
399 2827 454 2882 in
476 2823 775 2890 Anathoth,
806 2821 873 2877 de
892 2817 1219 2876 suburbanis
1248 2832 1368 2887 qua:
1412 2812 1784 2869 sacerdotibus

190 2936 286 2993 per
336 2917 575 2990 singulas
625 2917 797 2971 tribus
845 2924 900 2970 et
941 2911 1190 2968 civitates
1229 2909 1495 2964 dabantur
1523 2920 1591 2962 ex
1622 2905 1784 2974 lege:

187 3030 292 3072 nec
324 3012 532 3068 licitum
562 3017 684 3065 erat
711 3005 1111 3078 possessionem
1144 3002 1213 3058 de
1250 2999 1393 3058 tribu
1436 2998 1671 3055 transire
1717 2995 1784 3051 ad

190 3107 395 3163 tribum
419 3146 433 3168 ,
474 3119 575 3159 nec
598 3102 668 3158 de
698 3101 900 3156 familia
929 3097 995 3153 ad
1026 3097 1185 3151 aliam
1217 3093 1474 3151 familiam
1515 3093 1534 3165 (
1561 3091 1706 3147 unde
1732 3098 1788 3145 et

190 3201 321 3257 lilia:
350 3197 625 3269 Salphaad
650 3196 924 3267 accipiunt
961 3203 1164 3249 sortem
1205 3190 1350 3246 inter
1379 3188 1572 3245 fratres
1593 3186 1783 3255 suos),

1888 1975 2166 2031 convenit.

1961 2069 2140 2140 (Vers.
2162 2067 2194 2123 9
2214 2065 2395 2138 seqq.)
2420 2064 2666 2121 Intellexi
2686 2072 2880 2131 autem,
2897 2063 3034 2134 quod
3050 2061 3255 2117 verbum
3271 2059 3485 2115 Domini

1888 2169 2039 2228 esset,
2065 2169 2111 2214 et
2141 2160 2240 2213 emi
2269 2174 2458 2232 agrum
2499 2156 2562 2210 ab
2604 2154 2850 2211 Anameel
2876 2153 2988 2224 ﬁlio
3029 2155 3206 2224 patrui
3242 2155 3366 2222 mei,
3396 2153 3487 2222 qui

1888 2262 1962 2308 est
1991 2253 2043 2308 in
2074 2250 2357 2317 Anutltotlt,
2396 2259 2446 2306 et
2474 2250 2700 2323 appendi
2729 2250 2775 2304 ei
2801 2257 3074 2320 argentum
3094 2288 3109 2310 ,
3158 2255 3372 2301 stateres
3397 2262 3483 2300 sc-

1886 2358 2044 2419 ptem,
2070 2355 2117 2401 et
2139 2346 2312 2399 decem
2339 2352 2626 2417 argenteos.
2660 2342 2730 2396 Et
2750 2343 2934 2414 scripsi
2968 2342 3023 2396 in
3044 2341 3197 2409 libro,
3239 2350 3289 2396 et
3309 2343 3487 2409 signa-

1886 2442 1954 2505 vi,
1996 2449 2044 2494 et
2073 2438 2288 2493 adhibui
2316 2446 2468 2493 testes
2489 2479 2503 2503 ,
2532 2444 2582 2491 et
2621 2436 2845 2508 appendi
2876 2444 3141 2505 argentum
3178 2434 3233 2489 in
3267 2443 3484 2489 statera.

1892 2532 1957 2587 Et
1983 2533 2157 2603 accepi
2182 2530 2372 2586 librum
2417 2529 2756 2601 possessionis
2781 2530 3064 2599 signatum,
3094 2526 3480 2597 stipulationes,

1887 2638 1937 2680 et
1963 2636 2076 2681 rata
2101 2624 2208 2698 [AL
2234 2622 2567 2696 stipulatione
2590 2620 2754 2693 rata],
2786 2630 2834 2675 et
2863 2622 3011 2692 signa
3035 2621 3339 2692 forinsecus.
3377 2618 3486 2673 Du-

1887 2735 2008 2775 rum
2052 2717 2268 2787 quidem
2310 2728 2427 2770 erat
2473 2724 2527 2771 et
2573 2732 2739 2785 prope
2781 2713 3217 2784 inconsequens,
3261 2714 3485 2782 risuque

1888 2810 2134 2882 dignum,
2183 2824 2306 2866 eum
2350 2810 2439 2879 qui
2466 2808 2578 2879 jam
2602 2809 2823 2878 jamque
2847 2805 3162 2873 capiendam
3198 2803 3487 2876 propheta-

1888 2906 1981 2961 bat
2027 2906 2328 2961 Jerusalem
2354 2944 2369 2971 ,
2418 2914 2474 2959 et
2504 2917 2695 2959 omnes
2734 2902 3010 2957 ducendos
3054 2916 3176 2958 esse
3215 2901 3484 2971 captivos,

1891 3000 1975 3056 vel
2003 2999 2205 3069 gladio,
2241 2996 2384 3054 fame
2409 3005 2463 3052 et
2504 3006 2660 3067 peste
2688 2998 2960 3066 perituros
2983 3037 2999 3063 ,
3032 3010 3222 3065 agrum
3268 2993 3322 3049 in
3350 2992 3495 3049 Ana-

1892 3092 2048 3149 thoth
2078 3106 2285 3157 emere,
2314 3105 2472 3159 quem
2503 3104 2609 3144 non
2638 3099 2759 3145 erat
2787 3102 3157 3158 possessttrus.
3200 3086 3309 3143 Sed
3340 3084 3493 3140 intel-

1892 3187 2016 3248 lexi,
2036 3184 2233 3254 inquit,
2250 3182 2459 3237 verbum
2476 3181 2684 3236 Domini
2710 3196 2839 3248 esse,
2872 3190 2925 3235 et
2953 3194 3040 3235 em
3052 3180 3290 3248 ptiunem
3315 3192 3492 3233 meam

189 3266 577 3367 prsic-ipueque
604 3266 915 3345 suburbana
956 3285 1303 3341 sacerdotum
1345 3280 1480 3336 nulli
1513 3279 1609 3335 alii
1640 3287 1789 3349 pote-
1820 3266 1866 3331 C
1894 3287 2215 3350 argumento
2243 3274 2582 3330 etvaticinio
2614 3273 2824 3328 Dotniui
2853 3271 3210 3341 coaptaudam
3239 3288 3251 3323 :
3286 3278 3342 3326 et
3369 3268 3491 3325 ideo

190 3397 317 3444 rant
354 3382 652 3442 vcnttndari
682 3396 851 3453 usque
889 3380 955 3436 ad
988 3394 1187 3435 anmun
1230 3375 1565 3433 remissionis
1597 3372 1788 3445 (Num.

193 3480 389 3552 xxvii),
434 3479 534 3534 nisi
563 3477 613 3533 ei
640 3492 798 3545 quem
833 3473 1208 3545 pr0pinquitas
1236 3469 1516 3541 sanguinis
1568 3474 1791 3536 expete-

193 3577 288 3633 bat
319 3575 505 3649 (Lerit.
536 3570 689 3645 xxv).
722 3571 879 3627 Venit
909 3583 1041 3640 ergo
1060 3568 1126 3623 ad
1157 3581 1281 3622 eum
1325 3562 1585 3634 patruelis
1624 3560 1795 3616 frater

194 3647 620 3744 [Al.lratruelis
654 3674 703 3721 et
742 3662 916 3736 pater]
949 3676 1101 3722 suus.
1152 3671 1205 3714 et
1248 3656 1406 3714 olI'ert
1434 3647 1791 3725 emptionem,

196 3779 322 3834 qua:
352 3762 431 3818 illi
463 3777 531 3818 ex
551 3759 954 3832 propinquitate
980 3756 1229 3812 debetur.
1264 3752 1478 3808 Helcias
1505 3760 1558 3805 et
1584 3749 1792 3807 Sellum

198 3858 399 3914 fratres
420 3856 573 3912 fuere
601 3852 867 3925 germani.
902 3849 1105 3906 IIeIcia:
1133 3848 1294 3910 illius,
1324 3844 1591 3901 Jeremias
1631 3860 1644 3897 :
1677 3840 1797 3898 Sel-

200 3952 334 4017 lum,
367 3948 650 4005 Auameel.
698 3945 909 4002 Helcias
939 3944 1348 4010 interpretatur,
1393 3955 1514 4007 pars
1547 3936 1797 3990 Domini:

197 4043 475 4107 Jeremias,
501 4041 789 4096 sublimitas
814 4036 1042 4091 Domini.
1067 4034 1338 4102 Recteque
1358 4028 1587 4085 altitudo
1613 4027 1800 4082 Domi-

198 4140 255 4195 ni
286 4138 354 4195 de
381 4145 533 4208 parte
548 4133 759 4190 Domini
792 4131 1055 4187 nascitur.
1087 4125 1292 4183 Selium
1320 4140 1450 4180 vero
1475 4124 1526 4177 in
1556 4121 1795 4191 linguam

200 4242 444 4289 nostram
476 4228 838 4299 vertiturpax,
862 4221 1258 4294 sivepaciﬁcus.
1281 4214 1545 4275 Anameel.
1583 4214 1795 4281 donum,

201 4328 284 4384 vel
305 4325 479 4397 gratia
512 4322 629 4378 Dei.
660 4319 768 4376 Nec
800 4316 1140 4381 mirabimur,
1174 4309 1317 4383 quod
1343 4309 1444 4364 sibi
1481 4323 1581 4375 pax
1608 4311 1799 4375 junga-

202 4429 290 4475 tur
316 4428 371 4474 et
396 4416 591 4487 gratia,
619 4427 741 4468 eum
772 4410 937 4466 etiam
972 4404 1337 4475 Epistolarum
1360 4398 1795 4470 Apostolicarum

205 4509 307 4565 hoc
334 4486 655 4579 principium
683 4501 754 4558 sit
786 4520 799 4558 :
826 4498 1010 4555 Gratia
1033 4496 1169 4552 vobis
1215 4503 1262 4549 et
1292 4492 1437 4563 patr-(
1466 4490 1614 4545 Rom.
1651 4504 1691 4553 ι,
1716 4486 1794 4559 7).

206 4601 445 4657 Primum
486 4610 617 4667 ergo
662 4608 847 4666 pacem
879 4602 1186 4645 mereamur
1224 4585 1351 4653 Dei,
1382 4590 1587 4653 etpost
1615 4594 1798 4651 pacem

1896 3370 2141 3442 acquievi
2175 3376 2447 3439 prmeepto
2476 3365 2595 3437 ejus
2627 3375 2685 3420 ut
2730 3379 3007 3429 emerem;
3054 3378 3157 3419 nec
3196 3363 3392 3418 frustra
3422 3360 3494 3419 ad

1898 3478 1985 3519 me
2012 3476 2178 3531 super
2197 3457 2574 3529 hujuscemodi
2600 3474 2660 3514 re
2679 3456 2775 3512 Dei
2802 3456 3000 3510 factum
3015 3470 3138 3510 esse
3151 3468 3458 3510 sermonem
3479 3470 3493 3506 :

1896 3564 1952 3610 et
1975 3552 2208 3624 appendi
2240 3551 2447 3622 argenti
2482 3549 2670 3605 decem
2697 3557 2750 3603 et
2779 3559 2985 3617 septem
3013 3546 3199 3613 siclos,
3235 3558 3370 3615 quos
3395 3560 3494 3599 nos

1898 3647 1951 3703 in
1985 3654 2213 3702 stateres
2242 3645 2524 3700 vertimus.
2547 3642 2725 3698 Siclus
2752 3650 2933 3695 autem
2960 3637 3150 3709 viginti
3183 3637 3342 3693 habet
3363 3637 3498 3691 obo-

1899 3742 2022 3802 los.
2075 3750 2132 3793 ut
2179 3738 2234 3793 itt
2281 3735 2584 3792 Ezechielis
2628 3745 2873 3789 extremo
2923 3730 3197 3786 volumine
3245 3730 3501 3785 scribitur

1901 3832 2133 3901 (Ezech.
2170 3847 2269 3886 xu
2293 3829 2336 3903 ).
2384 3829 2635 3899 Emitque
2664 3828 2931 3897 Propheta
2973 3824 3160 3880 decem
3192 3834 3249 3880 et
3288 3837 3497 3893 septem

1900 3926 2071 3990 siclis,
2124 3925 2178 3979 in
2211 3938 2319 3993 quo
2353 3937 2580 3977 numero
2606 3918 2843 3975 cantavit
2894 3934 3027 3989 puer
3054 3918 3265 3973 Domini
3311 3918 3502 3980 David,

1904 4020 1955 4071 in
2001 4017 2092 4071 dic
2137 4031 2243 4086 qua
2284 4014 2428 4069 eruit
2477 4028 2601 4068 eum
2635 4011 2894 4066 Dominus
2935 4008 3004 4064 de
3046 4023 3206 4062 manu
3258 4009 3499 4063 omnium

1904 4108 2242 4164 inimicorum
2266 4106 2407 4173 ejus,
2441 4114 2495 4158 et
2515 4104 2581 4158 de
2607 4118 2768 4156 tn.qu
2802 4100 2952 4165 Saul,
2976 4110 3028 4154 et
3057 4099 3193 4154 dixit
3224 4115 3236 4151 :
3270 4096 3503 4169 Diligam

1905 4212 1991 4271 te,
2040 4199 2261 4255 Domine
2305 4198 2555 4271 fortitudo
2604 4211 2761 4259 mea;
2819 4191 3075 4246 Dominus
3126 4191 3503 4260 ﬁrmamentum

1903 4310 2071 4349 meum
2096 4332 2112 4357 ,
2154 4303 2202 4347 et
2239 4290 2498 4363 refugium
2541 4301 2742 4353 meum,
2795 4292 2841 4337 et
2869 4281 3113 4336 liberator
3156 4297 3318 4335 meus.
3368 4280 3506 4334 ουτω

1907 4402 2069 4450 meus,
2119 4384 2329 4449 adjutor
2374 4396 2548 4447 meus,
2591 4389 2637 4431 et
2668 4374 2887 4445 sperabo
2932 4375 2983 4427 in
3024 4389 3140 4427 eum
3190 4389 3209 4428 :
3250 4381 3508 4442 protector

1905 4496 2073 4541 meus,
2091 4486 2138 4530 et
2166 4492 2325 4530 cornu
2355 4474 2539 4528 salutis
2564 4488 2687 4525 lilt’tl’
2710 4468 2884 4541 (Psal.
2919 4482 3048 4532 xvn,
3090 4465 3163 4537 1).
3212 4465 3505 4521 Denarium

1912 4570 2123 4643 1081
2146 4582 2268 4622 esse
2296 4565 2584 4636 mysticum
2615 4573 2919 4620 numerum,
2945 4556 3188 4611 ostendit
3214 4556 3509 4625 Decalogus

207 4693 362 4749 nobis
383 4648 849 4763 sviatviuonamiiur,
883 4697 1003 4753 quae
1033 4695 1139 4734 non
1170 4679 1222 4732 in
1252 4648 1726 4747 possidentispsed
1746 4671 1799 4723 in
1832 4660 1883 4719 D
1908 4666 2000 4737 qui
2030 4664 2264 4732 scriptus
2294 4658 2396 4714 fuit
2423 4658 2474 4711 in
2500 4655 2696 4710 tabulis
2724 4653 2953 4722 lapideis
2980 4651 3149 4723 digito
3173 4649 3287 4714 Dei,
3316 4660 3370 4703 et
3391 4648 3511 4702 dies

1915 4759 1925 4763 _
1972 4757 1983 4763 -
2070 4757 2099 4763 -.
2454 4751 2484 4763 _.
2570 4751 2579 4760 .
2807 4748 2819 4760 .
2982 4747 3016 4763 _.
3084 4745 3149 4763 .,
3171 4741 3315 4763 ομ)
3366 4740 3483 4763 __,_.

205 4784 434 4843 arbitrio
457 4781 710 4837 donantis
736 4786 840 4835 est.
888 4776 1071 4830 Defert
1099 4779 1279 4828 autem
1323 4771 1655 4834 emptionem
1685 4780 1809 4834 gra-

206 4880 278 4935 tia
297 4878 393 4933 Dei
424 4874 525 4939 illi,
548 4873 640 4944 qui
672 4872 725 4927 in
754 4867 1076 4925 sublimibus
1096 4864 1394 4919 collocatus
1413 4870 1516 4924 cst,
1541 4869 1598 4913 ut
1619 4871 1809 4928 quam-

206 4969 287 5026 vis
319 4968 568 5022 videatur
607 4962 902 5027 excelsus,
959 4968 1138 5012 tamen
1181 4952 1350 5023 gratia
1400 4951 1495 5006 Dei
1548 4950 1801 5018 indigeat.

208 5061 342 5119 Illud
368 5057 514 5130 quod
537 5057 588 5112 in
619 5054 847 5111 Cantico
870 5064 1016 5119 stupe
1042 5054 1290 5102 cantatur
1318 5058 1346 5097 a
1388 5056 1585 5113 Sponsa
1629 5059 1641 5095 :
1679 5038 1811 5093 Fra-

210 5153 391 5210 truelis
432 5167 577 5206 meus
602 5190 617 5215 ,
667 5147 718 5203 id
748 5155 832 5202 est
851 5186 866 5211 ,
900 5141 927 5200 ὅ
953 5138 1251 5214 ἀδελφιδοῦς
1277 5158 1379 5211 μου
1407 5177 1422 5202 ,
1460 5135 1512 5189 in
1547 5132 1812 5187 Hebraico

214 5263 333 5305 »θυι
350 5242 512 5317 (ηπ)
542 5241 769 5304 dicitur;
793 5252 923 5307 ergo
955 5249 1060 5289 non
1084 5229 1369 5304 fratruelis,
1397 5224 1491 5280 sed
1518 5221 1810 5301 πατρὰδιλ-

213 5362 324 5416 φος,
357 5312 409 5394 id
443 5312 548 5403 est,
598 5329 851 5402 patruelis
892 5323 1151 5381 dicendus
1200 5332 1302 5376 est.
1356 5318 1547 5374 Fuisse
1598 5312 1814 5416 1089

212 5403 394 5491 autem
417 5430 715 5486 Jeremiam
751 5424 914 5480 lilium
948 5419 1149 5476 llelciae
1179 5416 1247 5471 de
1270 5409 1690 5472 Sacerdotibus,
1721 5403 1811 5475 qui

214 5535 373 5584 erant
403 5526 457 5580 in
485 5520 765 5579 Anathath
797 5519 851 5574 in
888 5526 1031 5572 terra
1064 5509 1345 5581 Beujamin
1372 5547 1388 5573 ,
1419 5513 1474 5560 et
1515 5500 1815 5558 voluminis

218 5622 379 5692 hujus
407 5626 643 5675 testatur
655 5612 963 5675 exordium.
990 5670 995 5676 _
1148 5669 1156 5677 ,

289 5714 476 5788 (Vers.
502 5711 582 5784 8.)
608 5707 676 5788 Et
701 5707 835 5764 venit
858 5706 925 5760 ad
946 5716 1034 5773 [me
1062 5694 1308 5788 Anameel
1335 5695 1476 5765 ﬁlius
1499 5691 1671 5765 patrui
1695 5691 1813 5758 mei,

221 5938 231 5969 i

1907 4757 2101 4829 jejunii
2127 4764 2180 4809 et
2211 4751 2615 4824 propitiationis
2648 4748 2851 4803 mensis
2882 4747 3098 4817 septimi
3128 4741 3335 4817 (Exod.
3366 4740 3507 4809 xm).

1913 4856 2134 4925 Septem
2162 4865 2399 4922 quoque,
2432 4849 2487 4903 in
2514 4861 2620 4920 quo
2650 4860 2810 4902 verus
2839 4856 2921 4899 est
2949 4842 3317 4901 saltbatistnus
3347 4852 3397 4896 et
3427 4854 3513 4894 rc-

1912 4947 2086 5019 quies,
2111 4958 2233 5001 esse
2251 4952 2522 5009 sanctum,
2551 4940 2732 4995 multis
2753 4938 3161 5008 Scripturarum
3186 4932 3515 4990 testimoniis

1914 5041 2357 5112 comprobamus,
2384 5038 2453 5093 de
2494 5035 2694 5108 quibus
2742 5035 2933 5090 saltem
2982 5046 3151 5103 pauca
3183 5028 3514 5101 posuissem,

1919 5133 2022 5189 nisi
2045 5135 2279 5188 otiosum
2311 5138 2458 5185 esset
2488 5130 2684 5183 docere
2713 5140 2837 5197 quae
2869 5134 2996 5180 uota
3021 5133 3166 5179 sunt.
3194 5117 3250 5178 lit
3284 5124 3387 5175 hoc
3414 5119 3516 5189 igi-

1920 5237 2005 5281 tur
2035 5238 2262 5279 numero
2285 5238 2317 5277 a
2343 5222 2604 5293 propheta
2621 5231 2675 5275 et
2696 5218 2978 5275 sacerdote
3001 5218 3201 5273 emitur
3221 5212 3515 5283 possessio,

1916 5317 2279 5386 scribiturque
2312 5316 2363 5368 in
2398 5314 2538 5369 libro
2566 5323 2728 5380 atque
2754 5314 2999 5383 signatur
3029 5350 3042 5371 ,
3096 5316 3153 5364 et
3190 5306 3519 5362 adhibentur

1919 5422 2106 5471 testes,
2132 5415 2527 5478 argentumque
2557 5405 2848 5474 diligenter
2874 5401 3217 5471 appetulitur,
3251 5407 3308 5451 ut
3338 5393 3518 5447 mnuia

1917 5500 2246 5558 venditionis
2274 5510 2328 5554 et
2356 5498 2652 5569 emptionis
2673 5497 2794 5566 jura
2826 5502 3114 5550 serventur
3139 5533 3151 5553 ,
3193 5499 3246 5543 et
3276 5490 3349 5541 sit
3370 5495 3518 5541 certa

1919 5595 2194 5667 possessio
2221 5635 2236 5657 ,
2266 5591 2707 5662 stipulationibus
2735 5600 2788 5643 et
2819 5585 3204 5657 sponsionibus
3241 5583 3518 5638 roborata.

1922 5687 2020 5745 Vel
2046 5688 2148 5744 hoc
2174 5686 2402 5742 audiant
2426 5727 2442 5755 ,
2472 5684 2562 5756 qui
2589 5684 2719 5740 falsa
2748 5688 3069 5737 testamenta
3093 5721 3108 5748 ,
3141 5686 3197 5733 et
3245 5674 3518 5732 interdum

296 5897 317 5935 η
347 5862 513 5953 addit
540 5863 813 5951 Victorius
846 5839 1067 5951 Sabini,
1097 5874 1205 5953 quo
1227 5825 1424 5937 clarior
1456 5840 1573 5945 eius
1618 5828 1684 5933 sit
1713 5828 1946 5930 nemus
1981 5854 2384 5943 Interpretatloi
