3972 6356
449 354 549 413 891

1725 348 1785 407 5.
1826 334 2101 406 EUSEDII
2140 332 2525 401 HIERDNYHI

449 486 519 526 ne
554 474 869 524 :estamenta
898 460 1121 536 quidem
1153 464 1257 521 sibi
1302 458 1559 521 adhibitis
1607 464 1837 521 testibus
1863 462 2044 519 vindi-
2075 463 2123 524 Α
2148 472 2330 528 agros,
2352 460 2496 532 quod
2521 461 2648 517 licet
2667 460 2876 533 absque
2890 474 3144 518 sermone
3165 461 3426 518 leremia
3446 459 3775 516 debuerant

450 575 581 617 care
605 571 891 615 conantur.

518 653 701 725 (Vers.
730 652 845 722 12.)
879 650 945 707 Et
966 652 1088 708 dedi
1112 652 1302 709 librum
1329 653 1663 723 possessionis
1698 651 1903 706 Bai-ach
1935 650 2046 720 [ilio

444 744 626 801 Neria:
673 744 854 818 [Vulg.
896 743 1047 818 Neri]
1096 746 1197 812 ﬁlii
1244 744 1464 802 Maasire
1500 750 1554 801 in
1593 746 1758 801 oculis
1798 744 2047 799 Anameel

448 840 699 911 patruelis
728 839 847 902 mei,
875 850 922 893 et
946 840 1000 893 in
1023 841 1189 895 oculis
1214 841 1442 909 testium,
1484 841 1574 910 qui
1598 849 1748 895 erant
1776 839 1955 907 scripti
1993 838 2048 891 in

447 931 584 987 libro
623 932 929 1002 eruptionis;
954 932 1012 986 in
1038 933 1207 987 oculis
1238 933 1465 987 omnium
1493 931 1819 999 Judteorum,
1849 931 1939 1003 qui
1962 942 2043 984 se-

453 1024 646 1080 debant
664 1026 718 1079 in
740 1025 876 1080 atrio
903 1026 1142 1080 carceris.
1169 1026 1508 1097 Quamquam
1538 1026 1722 1080 statim
1750 1033 1898 1079 esset
1917 1036 2044 1094 pos.

453 1120 634 1175 sessio
664 1118 1005 1189 reliquendo,
1050 1120 1229 1175 immo
1253 1118 1482 1174 emenda
1513 1116 1771 1189 posteris,
1802 1124 1859 1172 et
1888 1116 1958 1172 ab
1981 1128 2048 1171 eo

453 1212 685 1268 eruenda
715 1212 807 1283 qni
832 1212 975 1267 lilios
1004 1226 1111 1267 non
1143 1212 1377 1269 habebat
1416 1213 1618 1293 (neque
1642 1211 1787 1266 enim
1820 1222 2047 1266 uxorem

454 1307 762 1375 acceperat)
802 1313 984 1360 tamen
1016 1303 1281 1361 obediens
1312 1304 1545 1376 imperio
1585 1303 1822 1367 Domini,
1868 1302 2049 1356 ornnia

451 1397 557 1453 rite
578 1397 821 1451 celebrat
847 1412 863 1451 :
914 1397 1298 1467 signatumque
1331 1397 1530 1453 librum
1560 1394 1932 1467 possessionis
1956 1393 2051 1448 dat

457 1488 671 1544 Bttl‘tlcll
700 1488 813 1544 lilio
839 1490 964 1546 Neri
996 1490 1088 1545 lilii
1116 1489 1352 1545 biaasim.
1386 1487 1595 1544 Bartsch
1626 1486 1679 1543 in
1710 1488 1892 1557 lingua
1926 1500 2053 1541 nos-

454 1592 538 1637 tra
569 1583 862 1637 benedictus
887 1583 1108 1649 dicitur;
1140 1584 1230 1654 qui
1259 1593 1377 1639 erat
1404 1583 1544 1638 illius
1580 1582 1731 1649 Neri,
1762 1581 1854 1652 qui
1881 1582 2053 1637 inter-

457 1683 708 1745 pretatur
731 1678 941 1731 lucerna
966 1692 1097 1745 mea,
1127 1676 1345 1733 dicente
1370 1678 1673 1747 Pr0pltcta:
1704 1674 1942 1729 Lucerna
1966 1691 2050 1745 pe-

456 1766 605 1821 dibus
634 1768 760 1821 meis
788 1767 999 1823 verbum
1024 1774 1191 1837 tuum,
1224 1778 1268 1822 et
1298 1769 1470 1823 lumen
1492 1769 1685 1823 semitis
1714 1768 1839 1821 meis
1861 1766 2051 1822 ardens

2150 566 2246 623 per
2275 562 2334 609 se
2364 555 2701 625 intelligere,
2730 564 2908 610 tamen
2952 556 3166 611 Domini
3214 554 3570 611 sermonibus
3598 567 3774 609 com.

2149 658 2465 715 ntonentur,
2485 656 2541 703 et.
2560 648 2761 703 dicitur
2789 648 2854 703 ad
2879 663 3008 704 eos:
3034 648 3162 705 Hac
3183 649 3309 703 dicit
3335 648 3591 703 Dominus
3608 662 3776 701 eser-

2148 742 2363 809 cituum,
2390 741 2524 797 Deus
2544 741 2743 798 Israel:
2774 741 2945 797 adhuc
2961 743 3563 816 possidebanturdomus
3582 753 3629 796 et
3643 743 3778 815 agri

2147 843 2194 887 et
2223 834 2383 888 viuere
2419 836 2471 887 in
2504 843 2641 889 terra
2687 837 2807 890 ista.
2856 832 2970 891 Hoc
3010 846 3091 892 est
3132 838 3262 892 illttd
3291 837 3441 907 quod
3482 834 3771 893 Jeremias

2146 923 2348 979 dudum
2399 925 2646 981 dixerat:
2697 926 2942 984 Intellexi
2989 930 3199 985 verbum
3245 945 3357 984 esse
3406 927 3659 995 Domini;
3709 937 3770 984 et

2150 1017 2354 1073 idcirco
2380 1021 2511 1074 emit
2538 1035 2751 1089 agntm,
2784 1034 2945 1092 quem
2980 1032 3336 1091 possessums
3360 1034 3473 1077 non
3505 1029 3647 1077 erat.

2220 1111 2405 1185 (Vere.
2435 1115 2502 1170 lli
2538 1114 2720 1187 seqq.)
2763 1114 2829 1169 Et
2860 1116 3001 1169 oravi
3045 1115 3114 1169 ad
3156 1115 3433 1170 Dominum
3484 1125 3771 1188 postquam

2147 1205 2341 1261 tradidi
2362 1205 2548 1261 librum
2571 1207 2917 1279 possessionis
2945 1207 3153 1262 Βανιεή
3172 1208 3285 1278 [ilio
3302 1206 3504 1276 Nerius,
3535 1208 3725 1263 dicens
3751 1221 3775 1262 τ

2152 1299 2290 1362 Heu.
2309 1301 2430 1368 heu,
2447 1302 2564 1368 heu,
2583 1300 2804 1357 Domine
2819 1300 3108 1371 Deus(slve
3121 1303 3210 1373 qui
3226 1317 3301 1370 es,
3320 1300 3549 1356 Domine
3570 1300 3770 1372 Deus).

2154 1392 2285 1448 Ecce
2312 1404 2367 1448 tu
2395 1394 2563 1465 fecisti
2592 1395 2776 1450 castum
2806 1403 2853 1449 et
2878 1404 3072 1450 terram
3100 1396 3155 1449 in
3197 1396 3506 1466 fortitudine
3526 1405 3617 1449 tua
3645 1411 3772 1449 mc-

2149 1506 2272 1563 gna,
2300 1498 2350 1544 et
2369 1490 2424 1545 in
2443 1489 2653 1545 brachio
2675 1500 2765 1544 tuo
2779 1499 2985 1545 extento
3010 1492 3148 1562 (sive
3169 1492 3399 1561 excelso)
3422 1507 3525 1545 non
3549 1492 3642 1544 erit
3669 1488 3775 1543 tibi

2150 1580 2368 1652 difﬁcile
2419 1582 2561 1652 (sive
2613 1581 2948 1656 impossibile)
3003 1599 3151 1638 omne
3194 1583 3405 1639 verbum
3456 1583 3566 1650 (vel
3603 1584 3769 1654 juxta

2152 1675 2317 1745 LXX,
2354 1675 2503 1731 Nihil
2530 1676 2670 1750 apud
2701 1688 2747 1732 te
2767 1688 2843 1733 est
2864 1677 3268 1749 absconditum).
3302 1680 3409 1746 Qui
3447 1679 3581 1750 facis
3606 1678 3775 1732 mise-

2150 1768 2432 1825 ricordiam
2454 1770 2509 1824 in
2535 1771 2789 1834 millibus.
2828 1780 2879 1826 et
2904 1772 3078 1826 reddis
3117 1772 3441 1843 iniquitatem
3472 1782 3683 1839 patrum
3710 1773 3768 1826 iu

455 1858 629 1935 (Paul.
674 1874 869 1926 cxvttt,
902 1856 1047 1935 l05).
1082 1863 1206 1919 Neri
1237 1876 1455 1934 quoque
1484 1871 1638 1931 pater
1660 1862 1868 1917 Batruclt
1901 1860 2046 1917 illius
2075 1864 2123 1925 B
2149 1862 2266 1916 sinu
2302 1863 2533 1932 ﬁliorum
2561 1880 2740 1919 eorum
2770 1875 2887 1932 post
2927 1880 3036 1931 eos,
3072 1865 3375 1936 fortissime,
3415 1880 3624 1937 magne,
3664 1878 3770 1937 ρο-

456 1953 698 2024 Maasiw,
726 1956 778 2011 id
805 1966 908 2025 est,
947 1966 971 1995 ⁸
1003 1958 1221 2028 factum:
1247 1967 1305 2013 et
1326 1957 1493 2028 aperis
1528 1955 1758 2011 Domini.
1795 1955 2054 2010 Animad—

454 2058 735 2105 vertamtts
762 2066 919 2120 ergo,
948 2052 1168 2122 quantis
1196 2051 1455 2106 virtutum
1486 2051 1784 2121 privilegiis
1811 2050 2053 2121 discipu-

447 2144 540 2201 lus
568 2143 775 2198 Baruch
821 2143 1077 2199 leremize
1120 2143 1534 2213 ministraverit,
1585 2142 1805 2199 dicente
1839 2143 2007 2197 David
2038 2159 2049 2195 :

457 2233 805 2290 Ambulansin
827 2235 909 2289 via
929 2233 1264 2289 immaculata
1276 2233 1360 2289 hic
1381 2234 1507 2289 mihi
1525 2234 1847 2289 ministrabat
1877 2231 2051 2305 (Psal.

450 2342 599 2392 cvm,
635 2326 715 2399 6).
748 2326 902 2384 Unde
929 2336 983 2385 et
1028 2328 1257 2384 Elis:cus
1286 2329 1535 2384 minister
1564 2327 1700 2384 Etim
1742 2330 1795 2382 in
1840 2335 2051 2382 tantum

458 2420 663 2492 placuit
708 2420 841 2487 Deo,
899 2430 955 2475 ut
982 2430 1106 2491 post
1151 2421 1563 2477 translationem
1593 2420 1838 2492 magistri
1889 2420 2054 2475 etiam

460 2513 738 2584 duplicem
770 2515 1025 2584 spiritum
1067 2524 1371 2571 mereretur
1410 2515 1659 2586 accipere
1690 2513 1778 2585 (iV
1806 2513 1935 2587 Reg.
1972 2513 2055 2583 ιι).

462 2606 577 2662 Hoc
604 2606 729 2661 dico
759 2607 825 2662 ad
872 2607 1362 2664 commonitionem
1397 2623 1609 2673 eorum,
1646 2608 1736 2676 qui
1787 2607 2054 2662 malorum

462 2696 745 2755 hominum
774 2701 1074 2755 abutuntur
1100 2700 1441 2763 ministeriis,
1472 2708 1530 2754 et
1559 2714 1664 2755 non
1692 2700 1897 2756 audent
1923 2699 2061 2770 abji-

461 2805 588 2847 cere
609 2804 725 2858 eos,
751 2806 891 2863 quos
922 2793 1078 2848 make
1099 2793 1449 2849 conscientiae
1480 2803 1682 2849 norunt
1710 2794 1818 2850 sibi
1850 2794 2059 2865 glutino

465 2883 768 2953 copulatas.
798 2883 1054 2939 Traditur
1082 2892 1264 2940 autem
1297 2884 1438 2942 liber
1469 2886 1678 2942 Baruclt
1708 2894 1861 2943 tanto
1883 2895 1940 2942 et
1968 2884 2060 2942 tali

461 2975 604 3044 viro,
649 2975 866 3032 vidente
905 2978 1189 3044 Anameel,
1235 2980 1325 3050 qui
1361 2978 1702 3049 vendiderat,
1737 2993 1795 3037 et
1825 2980 2060 3039 testibus

463 3069 553 3138 qui
582 3067 1046 3140 subscripserant,
1072 3081 1126 3125 et
1150 3086 1383 3142 quorum
1428 3075 1648 3129 nomina
1682 3077 1735 3129 in
1765 3076 2060 3145 emptionis

461 3160 741 3217 volumine
774 3162 1118 3218 tenebantur.
1168 3164 1253 3229 Et,
1289 3164 1353 3219 In
1397 3175 1695 3237 conspectu,
1727 3167 1920 3238 inquit,
1952 3186 2062 3223 om-

2153 1962 2262 2008 tens
2292 1954 2459 2024 (quod
2489 1953 2753 2011 Hebraice
2780 1952 3004 2027 dicitur)
3040 1966 3229 2012 cteaou
3252 1957 3481 2029 (mu):
3506 1954 3770 2012 Dominus

2154 2046 2469 2102 exercituum
2500 2049 2637 2120 (sive
2665 2049 2938 2120 virtutum)
2968 2050 3154 2104 nomen
3186 2050 3298 2105 tibi.
3331 2049 3563 2123 Magnus
3592 2050 3769 2105 consi-

2153 2140 2223 2194 lio
2258 2149 2307 2195 et
2335 2140 2868 2209 incomprehensibilis
2913 2142 3164 2213 cogitatu.
3195 2140 3363 2214 Cujus
3409 2142 3548 2196 oculi
3588 2143 3772 2211 aperti

2152 2242 2273 2287 sunt
2304 2244 2457 2299 super
2490 2248 2663 2289 omnes
2688 2234 2799 2289 vias
2836 2234 3067 2305 ﬁliorum
3098 2235 3263 2290 Adam
3296 2236 3436 2310 (sive
3464 2234 3768 2305 hominis»)

2157 2337 2211 2380 ut
2230 2327 2420 2381 reddas
2446 2329 2725 2398 unicuique
2759 2328 3041 2382 secundum
3081 2328 3189 2383 uias
3212 2342 3356 2394 suas,
3401 2337 3451 2383 et
3476 2328 3766 2383 secundum

2155 2419 2381 2491 fructum
2427 2420 2850 2475 adinvcntionmn
2905 2434 3122 2475 suarum
3179 2419 3361 2493 [ναις.
3417 2419 3578 2493 ejus].
3633 2421 3769 2475 Post

2156 2516 2491 2585 emptionem
2516 2519 2627 2587 agri
2647 2516 2775 2588 jure
2790 2516 3143 2581 celebratam,
3172 2526 3224 2570 et
3256 2514 3467 2588 ιω
3486 2518 3615 2585 post
3637 2528 3770 2570 sen-

2159 2610 2381 2666 tentiam
2416 2611 2652 2675 Domini,
2686 2624 2789 2678 qua
2815 2610 3093 2677 pollicitus
3121 2619 3207 2665 est
3234 2612 3451 2675 domos,
3495 2620 3682 2681 agros.
3705 2616 3766 2665 et

2158 2702 2345 2758 vineas
2376 2701 2634 2769 deinceps
2666 2701 3047 2772 possidendas,
3087 2708 3209 2757 orat
3250 2701 3525 2772 Pmpiteta
3556 2701 3626 2755 ad
3662 2701 3767 2755 Do-

2161 2796 2387 2859 minum,
2421 2803 2478 2851 et
2525 2797 2766 2851 dolorem
2799 2794 2983 2850 cordis
3014 2796 3315 2865 gemitibus
3351 2793 3635 2864 esprimit,
3682 2794 3771 2848 dio

2161 2907 2289 2945 ccn<
2316 2908 2330 2944 :
2364 2889 2503 2955 Heu,
2550 2889 2672 2955 heu,
2704 2888 2826 2955 heu,
2858 2888 3081 2944 Domine
3129 2888 3268 2945 Dens
3290 2905 3310 2944 :
3336 2900 3437 2959 pro
3484 2903 3592 2960 quo
3622 2887 3769 2944 LXX

2165 2986 2576 3048 transtulerunt,
2601 2982 2735 3047 ὃῶν,
2763 2983 2814 3038 id
2837 2992 2941 3049 est,
2967 2984 3056 3053 qui
3079 2999 3152 3049 es,
3177 2982 3407 3039 Domine
3420 2984 3588 3046 Deus.
3611 2983 3767 3051 iam

2166 3078 2299 3137 illud
2328 3080 2469 3151 quod
2504 3079 2673 3152 Moysi
2706 3079 2950 3133 dicitur:
2994 3077 3153 3141 Vnde,
3207 3079 3291 3133 die
3319 3078 3514 3146 populo
3560 3075 3772 3131 Israel:

2171 3172 2273 3239 Qui
2297 3181 2393 3237 est,
2415 3171 2554 3225 misit
2575 3186 2655 3225 me
2682 3170 2751 3224 ad
2774 3182 2861 3225 vos
2890 3167 3089 3237 (Exod.
3119 3182 3201 3235 ut,
3238 3168 3350 3243 is).
3384 3170 3503 3224 Non
3528 3180 3640 3241 quo
3662 3178 3769 3225 non

465 3254 608 3306 nium
631 3251 957 3321 Judteorum,
982 3256 1070 3326 qui
1096 3257 1336 3313 sedebant
1354 3258 1408 3312 in
1429 3260 1568 3314 atrio
1589 3265 1809 3315 careeris
1832 3277 1850 3316 :
1878 3262 1968 3332 qui
1986 3262 2067 3317 vi-
2089 3246 2139 3309 G
2171 3264 2278 3318 sint
2302 3262 2426 3327 alii;
2461 3260 2556 3317 sed
2580 3261 2727 3317 aliud
2757 3270 2842 3317 est
2861 3261 3142 3317 Creatoris
3163 3275 3286 3317 esse
3310 3256 3605 3325 beneﬂcio,
3631 3260 3771 3329 quod

462 3346 671 3401 delicct
694 3347 777 3402 vel
805 3347 872 3403 ad
895 3347 1226 3420 Propltetam
1251 3361 1513 3407 venerant
1540 3352 1959 3417 consolantium,
1981 3355 2066 3410 vel

475 3438 687 3512 1032
718 3440 902 3495 studio
935 3441 1146 3497 timoris
1171 3442 1285 3508 Dei,
1322 3444 1529 3499 Domini
1567 3445 1730 3501 verba
1760 3446 1948 3502 audire
1970 3460 2065 3501 cu-

469 3532 714 3601 piebztnt.

537 3625 556 3695 (
567 3625 721 3680 Vers.
752 3628 811 3682 l3
828 3627 1007 3700 seqq.)
1028 3629 1095 3684 Et
1107 3634 1328 3704 prtccepi
1342 3632 1545 3689 Βαναεή
1561 3644 1736 3690 coram
1749 3635 1842 3704 eis,
1860 3635 2032 3692 dicens
2049 3654 2069 3693 :

474 3715 601 3770 Haec
614 3718 736 3771 dicit
751 3717 1000 3773 Dominus
1011 3725 1346 3792 exercituum,
1367 3724 1506 3781 Deus
1519 3726 1686 3783 Israel
1699 3745 1717 3783 :
1740 3728 1900 3784 Sume
1911 3731 2069 3785 libros

468 3808 618 3872 istos,
646 3808 834 3863 librum
863 3812 1138 3877 emptionis
1160 3813 1298 3869 hunc
1328 3817 1611 3888 signatum,
1650 3830 1698 3874 et
1718 3818 1906 3874 librum
1929 3818 2068 3877 hunc

470 3902 560 3971 qui
584 3911 790 3973 apertus
808 3910 901 3966 est,
918 3913 964 3957 et
984 3912 1115 3975 pone
1140 3906 1257 3961 illos
1276 3907 1330 3962 in
1360 3923 1478 3964 vase
1498 3909 1667 3979 ﬁctili,
1692 3920 1751 3966 ut
1771 3924 2070 3979 perinanere

474 3994 670 4064 possint
690 3996 866 4051 diebus
888 3999 1084 4054 multis.
1119 4000 1250 4055 Hn’c
1279 4002 1414 4057 enim
1458 4004 1584 4058 dicit
1602 4003 1855 4061 Dominus
1875 4009 2073 4062 exerci-

477 4099 618 4145 tuum
631 4135 645 4159 ,
664 4086 802 4147 Dens
820 4091 989 4151 Israel
1003 4097 1209 4153 :Adlmc
1230 4101 1627 4170 possidebuntur
1639 4100 1824 4157 domus
1836 4114 1882 4158 et
1901 4107 2015 4179 agri
2024 4104 2074 4163 el

474 4187 635 4241 ciuem
651 4187 706 4241 in
727 4196 863 4242 terra
880 4189 997 4244 hac.
1012 4190 1238 4249 CunCtis
1260 4210 1393 4263 quos
1420 4194 1728 4266 prteteritus
1750 4210 1931 4253 sermo
1950 4215 2077 4254 nar-

475 4275 619 4330 ravit
642 4279 1000 4346 prtesetttibus
1013 4289 1068 4337 et
1086 4282 1415 4354 videntibus,
1442 4284 1652 4345 Bai-uolt
1675 4289 1924 4345 ministro
1940 4304 2075 4361 prte-

478 4366 680 4435 cipitur
698 4374 755 4424 et
774 4364 1062 4441 discipulo,
1093 4390 1197 4430 non
1216 4380 1560 4434 sermonibus
1583 4382 1957 4452 prmbeptoris,
1980 4383 2074 4440 sed

2171 3357 2423 3411 subsistat
2445 3355 2647 3421 ;aliud,
2663 3355 2973 3410 aeternitate
2990 3354 3768 3423 natttrmLaudatDominum,

2169 3459 2221 3505 et
2251 3456 2314 3504 es
2340 3449 2610 3504 mentiaris
2634 3448 2891 3519 praedicat
2913 3446 3259 3503 Creatorem.
3293 3447 3655 3517 Primumque
3678 3461 3773 3518 po-

2173 3539 2395 3595 tentiam
2438 3539 2557 3610 ejus
2588 3545 2645 3593 et
2694 3536 3145 3602 misericordiam,
3193 3548 3361 3608 atque
3407 3537 3675 3606 iustitiam
3715 3535 3771 3591 in

2170 3648 2333 3688 omne
2362 3633 2643 3688 hominum
2670 3642 2839 3703 genus
2857 3632 3037 3686 elevat
3065 3631 3317 3687 vocibus:
3340 3629 3547 3686 deinde
3576 3630 3769 3685 transit

2170 3728 2236 3783 ad
2262 3727 2451 3791 lsrnel,
2476 3735 2529 3782 et
2553 3736 2753 3798 quanta
2774 3725 2828 3780 ei
2854 3726 3192 3794 praestiterit,
3216 3725 3421 3781 celebri
3445 3723 3557 3797 [Αι.
3581 3723 3770 3797 celeri]

2171 3828 2429 3877 sermone
2459 3818 2741 3874 describit.
2787 3816 2854 3873 Et
2884 3826 3006 3885 post
3034 3826 3187 3872 tanta
3218 3816 3489 3873 beneﬁcia
3516 3816 3653 3872 dicit
3678 3831 3773 3873 eos

2173 3912 2521 3968 immcmOres
2553 3912 2819 3967 bonorum
2851 3910 3022 3973 illius,
3054 3910 3401 3966 clementiam
3432 3910 3490 3965 in
3514 3911 3774 3966 amarius-

2174 4005 2355 4062 dinem
2384 4016 2736 4076 provocasse,
2768 4007 2839 4058 ita
2868 4012 2926 4058 ut
2953 4002 3272 4059 obsideatur
3296 4002 3511 4066 civitas.
3545 4014 3605 4060 et
3627 4013 3773 4059 sute-

2175 4112 2338 4173 qnam
2368 4101 2605 4155 hostium
2636 4099 2690 4154 lo
2723 4108 2844 4154 eam
2889 4097 2985 4153 iiut
3013 4098 3265 4169 irruptio,
3299 4096 3464 4163 fume,
3492 4109 3548 4153 et
3574 4096 3772 4169 gladio,

2176 4202 2231 4250 et
2257 4202 2410 4264 peste
2434 4203 2756 4262 consumpta
2785 4192 2877 4246 sit.
2911 4191 3034 4245 llrec
3064 4198 3246 4245 autem
3273 4191 3533 4246 universa
3563 4190 3775 4262 praemi-

2176 4285 2266 4352 sit,
2291 4292 2350 4339 ut
2370 4292 2772 4355 consequenter
2802 4283 2934 4338 illud
2963 4284 3204 4349 inferret,
3231 4284 3379 4353 quod
3401 4282 3457 4337 in
3477 4282 3777 4352 reprehen-

2176 4375 2385 4432 sionem
2408 4377 2605 4431 divinm
2625 4376 2911 4432 sententiae
2935 4375 3119 4432 facere
3141 4376 3455 4432 videbatur.
3482 4376 3551 4432 Et
3570 4386 3626 4432 ttt
3643 4377 3773 4433 dicis

2181 4468 2334 4535 mibi,
2366 4469 2593 4525 Domine
2625 4470 2789 4534 Deus,
2820 4476 2945 4524 etne
2976 4480 3167 4539 agrum
3212 4478 3462 4540 argento,
3494 4477 3551 4525 et
3582 4469 3773 4527 adhibe

485 4458 579 4514 Dei
597 4457 839 4529 jnbetttis
866 4462 1122 4535 imperio,
1141 4474 1199 4522 ut
1223 4480 1465 4525 assumat
1493 4470 1685 4539 libros,
1708 4478 1872 4528 unum
1897 4474 2078 4545 signa-

483 4561 620 4619 tum,
644 4551 874 4610 alterum
913 4570 1181 4628 apertum,
1211 4572 1332 4632 qua:
1375 4562 1708 4635 cmptionnm
1741 4564 2079 4622 consuetudo
2183 4569 2377 4626 lcsleS,
2405 4570 2528 4616 Cum
2571 4560 2703 4615 urbs
2747 4556 2870 4614 dam
2904 4560 2977 4615 Sil
3027 4560 3082 4614 ltt
3113 4572 3307 4614 "illius
3352 4559 3774 4617 διιπίιίίιεθηιηιῖ

481 4643 773 4720 hucusque
794 4658 1065 4720 servatur,
1095 4657 1315 4727 utquod
1338 4658 1667 4716 intrinsecus
1689 4652 1717 4699 δ
1740 4662 1980 4717 clmtSni‘t‘t
2005 4663 2061 4717 si-

2186 4658 2309 4711 lltec
2341 4653 2557 4710 interim
2588 4664 2697 4709 tota
2727 4653 2829 4709 loci
2860 4654 3016 4708 istius
3046 4654 3293 4709 continet
3313 4654 3598 4724 perioope.
3632 4654 3770 4710 Nunc

481 4742 709 4809 gnacula
751 4745 1055 4814 continent,
1105 4747 1206 4803 ltoc
1236 4748 1417 4819 legere
1457 4752 1801 4819 cupientibus
1831 4764 2078 4823 apertum
2180 4750 2247 4804 ad
2276 4748 2485 4819 singula
2514 4757 2874 4802 revertantur.
2919 4746 2999 4802 Tu
3031 4746 3205 4802 fecisti
3230 4747 3428 4803 caelum
3475 4750 3536 4803 et
3578 4757 3770 4804 ternm

481 4833 734 4890 volumen
754 4837 1007 4894 exhibeat
1029 4856 1040 4893 :
1066 4845 1423 4912 utrumquein
1445 4856 1572 4899 vase
1601 4838 1845 4909 lictiii.nt
1869 4854 2083 4916 perma-
2181 4843 2234 4897 in
2269 4840 2587 4896 fortitudine
2620 4848 2707 4894 tua
2741 4850 2958 4908 magna.
2994 4838 3062 4894 Et
3083 4839 3324 4895 Joannes
3348 4838 3485 4895 dicit
3513 4841 3586 4897 de
3613 4839 3768 4898 Filio:

485 4938 618 4982 nere
635 4929 846 4998 possint
862 4926 1056 4988 diebus
1084 4932 1290 4990 tnultis.
1316 4934 1493 4991 Firma
1514 4939 1678 5009 igitur
1698 4949 1813 4994 erat
1841 4942 1895 4995 et
1919 4942 2061 5012 iongt

2187 4933 2379 4987 Omnia
2404 4948 2496 5003 per
2525 4932 2698 5003 ipsum
2739 4933 2877 5003 facta
2918 4936 3057 4995 sunt,
3090 4943 3135 4984 et
3179 4932 3293 4985 sine
3331 4932 3446 5003 ipso
3486 4934 3681 5004 {iterm
3704 4944 3773 4989 est

485 5027 611 5088 post
650 5026 894 5091 tempore
927 5023 1101 5079 futura
1133 5030 1434 5097 possessio,
1480 5036 1604 5101 quae
1637 5040 1785 5088 tanta
1834 5035 2061 5091 custodi:

2184 5027 2335 5087 nihil.
2367 5027 2502 5096 quod
2551 5027 2745 5098 factum
2798 5034 2872 5081 est
2922 5024 3102 5087 (Ioan.
3138 5041 3177 5092 1-,
3209 5026 3288 5094 3);
3344 5016 3472 5081 liter:
3516 5037 3600 5082 est
3640 5029 3768 5083 enim

487 5109 828 5179 δθτνθδίηιπι
864 5128 933 5169 "t3
960 5119 1043 5171 vel
1080 5117 1212 5174 loris
1240 5123 1533 5192 emptionis
1554 5118 1678 5178 libri
1711 5126 1895 5195 pbsiti,
1930 5136 2087 5198 pate-
2187 5119 2404 5176 Domini
2449 5119 2733 5185 fortitudo,
2767 5114 3032 5187 Apostulo
3076 5117 3508 5186 comprdbante:
3552 5117 3771 5174 Christus

487 5212 611 5257 rent
644 5208 871 5275 rapinas,
898 5208 981 5264 vel
1007 5208 1172 5264 humo
1199 5214 1425 5278 conditi,
1464 5214 1691 5272 immorc
1715 5228 1875 5272 teme
1902 5221 2083 5276 solve—
2187 5216 2285 5274 Dei
2328 5220 2489 5273 virtus
2545 5225 2592 5271 et
2623 5215 2721 5270 Dei
2772 5213 3029 5283 sapientia
3075 5213 3136 5282 (l
3181 5213 3305 5268 Car.
3338 5222 3379 5278 t,
3434 5214 3558 5284 24).
3611 5213 3677 5269 Et
3720 5218 3768 5269 tu

487 5302 698 5354 rentur.
734 5299 846 5357 Hoc
864 5311 1045 5358 autem
1080 5304 1251 5360 letum
1286 5306 1346 5361 lit
1374 5314 1430 5363 ut
1479 5307 1786 5380 intelligant
1809 5309 1902 5382 qui
1935 5308 2061 5370 vide

2186 5309 2410 5369 brachio
2442 5322 2532 5366 tuo
2553 5314 2796 5375 extento,
2825 5307 2944 5363 sive
2967 5307 3209 5369 excelso,
3231 5316 3465 5376 quorum
3498 5314 3770 5378 utrumque

488 5388 639 5460 bant,
670 5406 884 5452 rursum
916 5397 1263 5455 habitandam
1286 5398 1616 5471 JeruSalcm,
1645 5412 1701 5460 et
1723 5405 2084 5476 possidendas
2189 5404 2545 5478 percutientis
2574 5400 2834 5457 indicium
2877 5406 2980 5454 est.
3012 5394 3127 5455 iloc
3154 5408 3238 5454 est
3265 5406 3448 5454 autem
3478 5399 3766 5467 brachium.

561 5582 586 5616 ⁸
608 5579 829 5665 scilicet
854 5582 908 5639 in
933 5584 1842 5665 Nominnmlibrqltreeobtinebat
1865 5590 2080 5665 Mnasias

490 5656 728 5732 nominis
749 5656 1151 5732 interpretatio:
1187 5659 1273 5715 ubi
1298 5668 1354 5714 ct
1381 5659 1581 5715 Mesaia
1608 5662 1753 5717 haud
1781 5673 1929 5717 recte
1948 5662 2079 5717 seri-

491 5719 641 5801 bitur
682 5719 1149 5801 Latinis'litteris,
1178 5733 1319 5799 quod
1366 5734 1628 5801 putabant
1677 5732 1952 5788 Hebraicis
1982 5734 2085 5788 dici

492 5797 715 5873 nmo,
741 5802 798 5845 ut
821 5811 977 5873 opns,_
996 5798 1107 5851 sive
1125 5797 1377 5873 facturam
1403 5802 1496 5858 Dei
1518 5804 1864 5873 signiﬁcaret.
1891 5805 2089 5861 Verum

492 5876 604 5938 non
636 5872 856 5957 more,
886 5868 980 5924 sed
1012 5868 1203 5960 mut;
1229 5871 1487 5953 scribitur
1515 5868 1592 5960 ιμ’
1612 5874 1882 5961 Hebri-leo
1909 5883 2089 5964 textu,

2187 5604 2366 5659 neque
2395 5588 2533 5644 adeo
2563 5588 2753 5659 istlncc
2782 5584 2858 5639 illi
2884 5583 3153 5659 expositio
3181 5582 3421 5659 beluinis
3442 5581 3709 5659 congruit.

2262 5653 2290 5699 5
2324 5661 2459 5716 iluic
2488 5661 2612 5715 loco
2635 5656 3028 5713 Commentarii
3049 5654 3166 5710 vice
3186 5654 3258 5710 sit
3275 5653 3635 5719 doctissimum
3656 5667 3769 5707 eon-

2194 5733 2428 5788 terranei
2455 5732 2653 5795 nostri,
2675 5727 2947 5795 Scipionis
2970 5725 3296 5782 Marcitionis
3311 5721 3490 5781 Mallei
3518 5721 3670 5788 liber,
3689 5722 3769 5797 qui

2197 5804 2543 5876 inscribitur;
2576 5800 2652 5857 La
2673 5798 3047 5884 Diplotnatica:
3347 5798 3351 5807 ί
3438 5868 3445 5871 _
3708 5818 3715 5827 -
3744 5804 3747 5809 '
