3972 6352
171 414 286 485 sos

179 553 252 607 de
295 549 411 621 ‘quo
463 543 631 601 Isaias
662 539 900 610 loquitur
938 553 950 589 :

181 609 471 700 revelatum
521 647 598 694 est
651 627 809 708 (Isai.
842 645 964 698 LIII,
999 625 1087 699 ηεξ
1131 623 1247 680 Non
1293 619 1398 676 erit
1445 615 1540 671 libi
1571 609 1792 669 difﬁcile

185 749 353 794 omne
378 733 627 788 verbum.
650 726 779 796 thue
799 724 941 780 enim
962 718 1103 789 apud
1131 713 1380 770 homines
1409 703 1792 777 impossibilia,

189 827 337 899 apud
394 826 562 879 Deum
623 815 902 890 possibilia
957 821 1128 875 sunt;
1206 807 1323 862 sive
1377 802 1465 858 cui
1522 797 1656 853 nihil
1714 803 1796 849 est

187 887 579 976 absconditum
605 887 798 980 (Mil-It.
833 905 974 976 xix),
1006 906 1156 972 juxta
1195 897 1326 953 illud
1361 887 1795 962 Psalmegraphi,

195 1013 472 1071 dicentis:
510 1007 647 1074 Quia
697 1000 917 1058 tenebrtr
957 1013 1058 1050 non
1101 989 1514 1048 obscurabuntur
1552 1002 1582 1038 a
1635 992 1718 1046 te,
1751 987 1798 1033 et

194 1123 308 1168 nos;
352 1107 486 1159 sicut
531 1100 639 1154 dies
686 1091 1066 1151 illuminabitur
1112 1083 1306 1157 (Psal.
1349 1092 1631 1141 ‘cxxxvnt,
1671 1072 1798 1143 19.).

196 1200 304 1271 Qui
334 1197 470 1253 facis
511 1186 944 1248 misericordiam
974 1183 1029 1237 in
1074 1178 1348 1240 millibus;
1392 1184 1447 1228 et
1481 1170 1665 1225 reddis
1695 1165 1798 1220 ini-

200 1293 468 1364 quitatem
519 1292 729 1355 patrum
775 1281 830 1334 in
859 1278 982 1332 sinu
1015 1274 1248 1328 ﬁliorum
1289 1282 1478 1323 eorum
1529 1272 1651 1335 post
1685 1275 1801 1313 eos.

202 1381 444 1442 Grandis
474 1373 767 1435 clementia
790 1371 1089 1435 Creatoris,
1119 1361 1547 1420 misericordiam
1576 1371 1724 1410 suam
1750 1353 1803 1407 in

205 1476 358 1534 tuille
399 1470 784 1546 generationes
814 1462 1130 1526 extendere,
1166 1467 1218 1512 et
1242 1455 1506 1527 justitiam
1539 1449 1720 1504 statim
1752 1447 1804 1500 itt

206 1573 379 1628 altera
405 1564 760 1641 generatione
789 1568 1118 1621 monstrare,
1150 1571 1270 1623 qua:
1296 1562 1474 1604 tamen
1503 1556 1557 1600 et
1588 1544 1700 1613 ipsa
1726 1549 1810 1596 est

206 1663 382 1721 mixta
428 1654 835 1714 misericordite.
871 1651 987 1706 Non
1035 1647 1182 1704 enim
1217 1642 1401 1697 statim
1453 1638 1607 1709 punit
1637 1631 1810 1688 delin-

205 1765 496 1828 quentem,
522 1750 615 1808 sed
638 1754 918 1818 exspeetat
939 1740 1355 1816 ptenitntlinem,
1372 1745 1428 1790 ut
1450 1733 1492 1788 si
1513 1729 1666 1785 liberi
1693 1727 1813 1781 imi-

207 1821 316 1906 tati
351 1847 550 1902 fuerint
585 1851 868 1914 parentum
907 1837 1064 1902 vitia,
1094 1835 1183 1888 ditt
1214 1831 1378 1886 dilata
1413 1821 1628 1901 ιοεῆ.
1651 1837 1810 1895 paena

212 1939 496 1998 reddatur.
528 1934 852 1996 Fortissime,
878 1945 1082 2000 magne,
1117 1937 1314 1996 potens,

214 2047 384 2095 tuum,
420 2033 534 2085 sive
577 2027 841 2090 virtutum,
875 2030 1058 2076 nomen
1087 2019 1197 2073 tibi.
1232 2017 1336 2071 Ista
1372 2013 1589 2067 nomina
1626 2018 1817 2080 poten-

216 2125 351 2181 tiam
399 2121 645 2177 indicant
691 2114 997 2172 Creatoris.
1030 2113 1300 2166 (lu-terum
1345 2104 1566 2177 preprie
1619 2115 1815 2155 nomen

219 2219 321 2274 Dei
355 2215 519 2272 Pater
548 2221 654 2281 est,
686 2209 828 2282 quod
863 2210 915 2264 in
949 2203 1248 2276 Evangelia
1286 2217 1384 2273 per
1414 2197 1703 2252 Dominum
1736 2207 1821 2247 re-

218 2311 438 2366 Velatur
486 2307 789 2362 dicentem:
845 2299 1020 2364 Pater,
1081 2294 1403 2368 manifestavi
1444 2307 1630 2345 nomen
1675 2297 1820 2340 tuum

223 2401 520 2458 hominibus
551 2399 734 2471 (Joan.
774 2403 908 2452 xvn.
943 2391 1019 2464 6).
1057 2391 1279 2464 Magnus
1303 2385 1539 2441 consilio.
1567 2384 1630 2438 Et
1661 2382 1825 2434 audet.

221 2510 287 2551 se
320 2493 610 2564 quisquam
657 2488 873 2544 Domini
917 2487 1163 2541 luserere
1213 2488 1446 2542 secreto,
1481 2485 1535 2530 et
1564 2475 1632 2528 de
1681 2471 1826 2526 illius

218 2588 450 2660 judieiis
467 2583 730 2655 judicare.
756 2573 1366 2649 Etinwmprehensibilis
1384 2571 1630 2641 cegitatn.
1655 2564 1825 2632 Quem

226 2692 341 2735 tton
373 2674 789 2746 cotttprehendit
818 2669 1102 2740 cogitatio,
1134 2663 1408 2737 quomodo
1442 2665 1620 2729 potest
1648 2670 1830 2710 sermo

227 2764 742 2841 comprehendere?
773 2765 932 2837 Cujus
963 2762 1101 2815 oculi
1128 2757 1293 2828 aperti
1323 2762 1440 2808 sunt
1470 2766 1626 2819 super
1655 2761 1831 2801 omnes

229 2869 344 2920 rias
375 2863 605 2934 ﬁliorum
637 2861 820 2914 Attum.
856 2855 1078 2912 Frustra
1111 2869 1241 2921 ergo
1273 2849 1436 2905 homo
1466 2861 1525 2902 se
1559 2856 1704 2916 putat
1736 2843 1833 2898 Dei

233 2958 419 3012 celare
453 2955 724 3009 notitiam.
759 2949 1023 3019 Quodque
1044 2945 1210 3000 infert
1234 2960 1244 2996 :
1269 2939 1336 2996 Ut
1355 2940 1543 2994 reddas
1561 2939 1836 3005 unicuique

235 3049 526 3106 secundum
558 3047 662 3100 ri-as
691 3057 834 3110 suas,
868 3051 911 3095 et
943 3039 1226 3094 secundum
1265 3034 1489 3105 [ruclum
1520 3031 1842 3084 adinrentio-

240 3161 368 3201 nam
401 3157 638 3207 suarum,
681 3143 784 3194 hoc
815 3137 1017 3192 indicat
1047 3132 1195 3204 quod
1245 3127 1517 3184 interdum
1552 3133 1648 3195 pro
1678 3124 1840 3178 "nimia

241 3253 267 3278 η
307 3239 590 3310 patientia,
618 3235 818 3306 judicia
854 3231 972 3302 ejus
996 3229 1282 3282 videantur
1311 3223 1529 3291 injusta.
1560 3221 1729 3287 Quem
1764 3217 1845 3270 lo-

239 3348 370 3390 cum
393 3336 429 3386 Α
443 3331 687 3402 pnsuilns
711 3329 924 3392 plenius
945 3319 1182 3390 eXplieat
1201 3320 1263 3372 atl
1287 3317 1566 3371 Rmnanos
1589 3330 1600 3364 :
1627 3311 1844 3379 Ignoras
1873 3299 1920 3362 C
1955 3310 1985 3363 Il

244 3427 492 3496 quoniam
526 3424 813 3492 benignitas
867 3419 956 3472 Dei
988 3417 1056 3469 ad
1102 3412 1450 3479 plen-iteittiam
1482 3417 1528 3460 te
1570 3404 1847 3458 hortatur?

248 3519 537 3575 secundum
591 3515 841 3569 duritiam
888 3519 1057 3564 autem
1105 3517 1245 3560 tuam
1276 3513 1321 3558 et
1371 3519 1456 3554 cor
1501 3499 1844 3566 intpmuiteus,

248 3612 572 3667 tltesaurizas
601 3606 691 3661 tibi
743 3608 873 3660 iram
916 3604 967 3657 in
1000 3601 1085 3655 die
1115 3601 1228 3664 it‘w,
1277 3607 1322 3649 el
1371 3593 1695 3648 reuelationis
1716 3589 1852 3660 justi

252 3706 438 3778 iudicii
470 3700 568 3756 Dei
594 3699 774 3769 (Rom.
807 3711 870 3763 tt,
905 3697 960 3762 4,
995 3691 1302 3762 5).Qnanto
1333 3689 1497 3758 igitur
1528 3688 1702 3740 serior
1735 3681 1852 3734 vin-

251 3800 399 3853 dicta
433 3795 766 3866 peccantium
789 3798 893 3850 est,
929 3786 1330 3855 tanlojnstior:
1356 3783 1407 3836 in
1437 3777 1850 3834 similitudinem

257 3889 579 3951 Pharaonis,
603 3887 692 3958 qui
718 3886 904 3940 decent
926 3881 1100 3953 plagis
1120 3876 1456 3940 adtn0uitns,
1483 3890 1587 3927 non
1616 3870 1853 3940 punitus,

253 3994 318 4040 ct
347 3983 399 4038 in
431 3980 629 4036 duritia
663 3987 1043 4050 perseverans,
1072 3972 1137 4026 ad
1165 3979 1473 4025 extremum
1499 3964 1666 4019 Rubri
1693 3961 1858 4016 utaris

259 4078 522 4134 ﬂuetibus
552 4075 784 4131 obrutus
815 4083 899 4127 est
923 4067 1119 4142 (Exod.
1155 4064 1290 4135 ιμ’).

336 4171 523 4243 (\‘ers.
553 4167 626 4222 ‘20
655 4163 834 4235 seqq.)
869 4161 971 4227 Qui
1017 4157 1236 4232 posuisti
1271 4155 1420 4225 signa
1451 4161 1494 4204 et
1540 4156 1779 4218 portenta
1808 4145 1861 4197 in

263 4273 407 4317 terra
436 4259 657 4332 [Εσῃριί
689 4267 848 4324 usque
895 4254 962 4305 ad
993 4250 1128 4303 diem
1157 4246 1313 4309 hanc,
1357 4253 1402 4296 et
1437 4242 1489 4295 in
1523 4237 1686 4291 Israel
1734 4243 1780 4288 et
1809 4235 1862 4286 in

265 4330 562 4406 hominibus
583 4341 1032 4415 (siveterrigenis)
1063 4351 1108 4394 et
1141 4335 1416 4410 fecistitibi
1443 4347 1624 4387 nomen
1639 4330 1766 4383 sicut
1789 4335 1864 4382 est

267 4448 381 4501 dies
427 4444 558 4510 haec,
590 4450 637 4497 et
678 4439 904 4495 eduxisti
950 4433 1200 4507 populum
1247 4439 1391 4483 tuum
1445 4425 1610 4479 Israel
1639 4423 1701 4475 de
1731 4431 1868 4475 terra

271 4535 517 4608 A'Igypti,
547 4534 601 4586 in
631 4532 794 4604 signis
817 4537 860 4583 et
890 4527 945 4581 in
977 4525 1248 4596 portentis,
1281 4529 1329 4572 et
1356 4518 1410 4571 in
1438 4529 1594 4568 manu
1636 4513 1865 4576 robusta,

269 4638 321 4686 et
343 4625 552 4682 brachio
591 4603 815 4687 extento,
840 4628 887 4672 et
916 4620 967 4671 in
1001 4627 1195 4672 terrore
1225 4612 1435 4681 magno.
1471 4605 1536 4660 Et
1583 4603 1769 4658 dedisti
1799 4603 1871 4656 eis

274 4733 470 4777 terram
504 4723 654 4786 hanc,
704 4731 860 4786 quam
896 4712 1088 4783 jarasti
1116 4707 1350 4781 patribus
1398 4715 1592 4764 eorum,
1641 4709 1693 4753 ut
1724 4700 1873 4750 dares
1900 4687 1951 4749 D
1983 4691 2141 4753 Deus,

275 4819 351 4873 eis
383 4827 572 4870 terram
597 4815 842 4883 [inertem
871 4808 1005 4862 lacte
1031 4815 1078 4859 et
1107 4801 1278 4858 melle.
1315 4796 1383 4853 Et
1409 4797 1629 4866 ingressi
1658 4803 1801 4858 sunt,
1833 4800 1880 4845 et

276 4907 619 4984 possederunt
647 4919 781 4968 eam,
803 4911 852 4956 et
875 4915 977 4953 non
1002 4897 1298 4952 abedierunt
1333 4892 1440 4946 voci
1465 4899 1586 4955 tute,
1615 4897 1660 4941 et
1700 4888 1753 4940 in
1775 4886 1807 4939 Ιι
1825 4900 1885 4957 ge

280 5013 371 5057 tua
390 5017 495 5055 non
512 4995 938 5060 ambulaverunt;
961 4991 1136 5047 omnia
1150 5001 1264 5056 quae
1292 4984 1553 5040 mandasti
1579 4987 1648 5036 eis
1669 4991 1722 5034 ut
1752 4981 1888 5052 face-

280 5104 420 5157 rent,
446 5107 550 5146 non
581 5092 834 5162 fecerunt,
861 5095 904 5140 et
931 5090 1204 5138 evenerunt
1232 5079 1302 5132 eis
1327 5078 1564 5130 universa
1593 5073 1730 5126 mala
1754 5071 1884 5125 hwc.

286 5191 368 5246 De
416 5184 659 5260 generali
719 5181 917 5237 transit
969 5176 1036 5232 ad
1084 5171 1351 5243 speciale,
1384 5177 1441 5224 et
1490 5166 1616 5238 quid
1671 5162 1891 5234 pmprie

288 5279 613 5356 praestiterit
643 5276 853 5343 Israeli,
887 5269 1039 5330 brevi
1062 5278 1319 5325 sermone
1353 5262 1646 5334 percurrit.
1674 5260 1776 5326 Qui
1806 5273 1894 5329 po-

291 5376 464 5443 suisti,
496 5373 596 5438 ait,
628 5371 777 5443 signa
807 5375 853 5422 et
885 5371 1126 5438 portenta
1163 5363 1216 5414 in
1247 5369 1384 5414 terra
1420 5353 1660 5424 xlfgypti,
1693 5351 1890 5421 quibus

293 5469 497 5525 alllieta
529 5476 612 5520 est
632 5464 902 5534 Aigyptus
925 5472 1094 5527 usque
1116 5454 1183 5508 ad
1212 5451 1356 5506 diem
1383 5450 1544 5508 banc.
1570 5456 1626 5500 et
1650 5447 1700 5499 in
1725 5443 1894 5498 Istael

298 5571 352 5616 et
397 5561 451 5614 in
480 5555 795 5610 hominibus
823 5551 938 5606 sive
987 5542 1295 5614 terrigenis.
1333 5540 1444 5594 I-loc
1493 5537 1636 5606 quod
1673 5535 1895 5600 dicitur,

299 5668 463 5724 usque
490 5649 558 5705 ad
587 5647 723 5702 diem
764 5643 922 5711 hanc,
956 5633 1351 5712 poSterioribus
1397 5627 1760 5701 copulandum
1791 5633 1896 5694 est,

380 5871 407 5900 ἰ
439 5859 689 5916 Martiau.
723 5865 846 5926 post
890 5853 1101 5926 Erasm.
1149 5845 1424 5918 sapientia,
1481 5857 1579 5915 pro
1631 5839 1896 5912 patientia,
1929 5831 2072 5910 quod
2108 5845 2207 5886 nos
2254 5817 2620 5912 reposuimus,

308 5951 482 6034 penes
527 5924 825 6011 Vit-torium
865 5924 1208 6016 prteletunl._

664 410 1309 478 COMMENTARIORUM
1352 407 1415 462 IN
1455 395 1800 460 JEiilL'MlAM
1842 383 2262 453 PltUPllETAll
2302 385 2430 443 LIB.
2473 382 2563 438 VI.
2603 378 2760 436 CAP.
2801 373 3023 431 XXXII.

1010 532 1074 587 Et
1113 527 1382 584 brachium
1436 518 1647 576 Domini
1703 516 1785 570 cui
1815 511 1862 576 Α
1891 523 1948 567 ιιι
1977 512 2247 580 legamus,
2282 511 2337 557 et
2376 503 2430 556 i'n
2465 495 2654 562 Israel,
2705 503 2758 548 et
2802 493 2852 546 in
2902 489 3120 546 cunctis
3173 477 3498 537 mortalibus

1898 602 2139 676 quotidie
2189 572 2277 654 tua
2327 596 2482 666 signa
2515 587 2885 658 cetnplentur.
2935 581 3065 637 Sive
3111 576 3295 640 aliter,
3341 572 3497 641 signa

1898 660 2060 769 atque
2110 701 2359 765 portenta
2382 660 2504 743 ⁷ηοη
2556 683 2729 738 solum
2775 679 2830 733 itt
2865 675 3104 746 Egypto
3151 660 3498 738 perpetrasti,

1899 751 1994 845 sed
2041 801 2210 856 usque
2244 781 2406 837 hodie
2436 777 2626 834 eadem
2661 783 2766 828 ltue
2798 762 3192 823 misericordia:
3237 751 3501 813 fortitudo

1902 846 2138 938 salvavit
2174 875 2433 950 populum
2469 880 2642 930 tuum,
2678 876 2731 919 et
2759 864 3017 918 universo
3063 853 3275 928 1085
3313 846 3502 920 generi

1903 977 2143 1032 humano
2174 947 2452 1025 Creatoris
2485 959 2746 1017 subvenis
2776 961 3066 1026 potestate.
3097 949 3162 1002 Et
3185 947 3286 999 hoc
3311 947 3508 995 notau-

1905 1069 2056 1128 dunt,
2087 1062 2230 1135 quod
2262 1056 2433 1114 Israel
2465 1053 2533 1109 ab
2577 1048 2883 1105 hominibus
2938 1046 3160 1113 separat
3203 1045 3367 1103 atque
3399 1042 3508 1085 ter--

1906 1159 2132 1230 rigenis,
2163 1155 2314 1225 juxta
2346 1148 2508 1204 illud:
2546 1143 2719 1197 Filius
2746 1154 2889 1192 meus
2916 1131 3286 1207 primogenitus
3316 1123 3509 1180 Israel.

2022 1216 2186 1320 fecisti
2217 1244 2306 1298 tibi
2334 1257 2517 1296 nomen
2552 1235 2683 1290 sicut
2716 1233 2822 1286 dies
2864 1229 2972 1283 hac
3025 1222 3224 1294 (Exod.
3266 1233 3344 1286 tv,
3388 1216 3508 1284 22).

1909 1343 2144 1407 Laudes,
2191 1339 2388 1407 inquit,
2425 1345 2531 1386 tute
2564 1329 2734 1384 totius
2761 1323 2907 1377 orbis
2951 1331 3204 1374 sermone
3233 1309 3515 1368 celebran-

1910 1447 2018 1493 tur.
2047 1437 2110 1490 Et
2133 1402 2358 1489 eduxiin
2385 1423 2632 1497 populum
2657 1431 2802 1474 tuum
2827 1412 2999 1470 Israel
3028 1409 3092 1464 de
3113 1418 3250 1463 terra
3274 1402 3514 1475 Λῖςῃριί.

3383 349 3490 418 894

1914 1529 2146 1588 Pulchre
2176 1527 2331 1586 dixit,
2357 1521 2619 1595 pupulum
2655 1523 2828 1578 lnt'tnt,
2866 1526 2930 1562 eo
2963 1508 3106 1561 enim
3138 1513 3382 1568 tempore
3411 1501 3519 1565 quo

1915 1625 2143 1682 eductus
2169 1629 2272 1684 est,
2308 1613 2522 1672 Domini
2553 1607 2787 1679 imperio
2818 1601 3115 1660 serviebat.
3148 1592 3399 1651 Etluxisu
3429 1602 3522 1642 au-

1918 1727 2026 1772 tem
2050 1716 2101 1767 in
2131 1681 2294 1784 signis
2310 1703 2639 1778 etportentis,
2662 1697 2860 1770 quibus
2890 1687 3302 1764 percutiebatur
3325 1681 3524 1753 [Egyp-

1921 1821 2026 1874 lus,
2060 1817 2105 1862 et
2127 1808 2179 1858 in.
2198 1817 2353 1871 manu
2376 1799 2610 1860 robusta,
2641 1793 2762 1845 etin
2789 1786 3001 1842 brachio
3022 1788 3247 1841 extento,
3280 1784 3326 1830 et
3350 1775 3401 1828 in
3427 1782 3527 1826 ter-

1345 1863 1378 1882 ,..
1462 1863 1628 1898 νο...
1652 1863 1810 1895 μω...
1927 1863 1954 1866 νγ
2015 1863 2026 1874 ,
2208 1867 2211 1871 ,

1345 1863 1594 1974 Dabimus
1623 1914 1818 1970 exerci-
1850 1911 1894 1970 Β
1926 1918 2037 1958 rore
2060 1914 2244 1968 magno
2267 1911 2283 1948 :
2309 1890 2526 1964 quando
2551 1899 2700 1941 mare
2723 1881 2966 1936 Rubrum
2997 1869 3305 1930 transeunti
3329 1863 3528 1936 populo

1920 1995 2087 2051 Israel
2119 1961 2258 2046 viam
2313 1961 2540 2058 praebuit
2590 1979 2699 2054 [ΑΙ.
2739 1968 3067 2047 prasbuisti],
3121 1976 3175 2022 et
3206 1961 3525 2032 {Egyptium

1922 2083 2192 2157 Oppressit
2225 2079 2335 2154 [ΑΙ.
2371 2050 2720 2147 impressisti]
2749 2065 3050 2124 exercitum
3082 2079 3095 2113 :
3133 2057 3200 2112 Et
3233 2053 3423 2109 dedisti
3454 2050 3528 2103 eis

1922 2192 2113 2234 terram
2134 2175 2289 2237 hanc,
2321 2187 2474 2242 quam
2489 2165 2685 2242 j-urasti
2707 2159 2937 2233 patribus
2968 2169 3145 2210 eorum
3169 2159 3222 2203 ut
3245 2148 3396 2201 dares
3419 2142 3491 2197 eis
3512 2155 3532 2196 :

1924 2275 2199 2332 Abraham
2247 2266 2523 2329 videlicet,
2573 2262 2722 2314 Isaac
2771 2263 2824 2310 et
2867 2250 3057 2309 Iacob.
3097 2246 3241 2313 Ergo
3273 2253 3380 2298 non
3435 2243 3534 2292 suo

1928 2364 2121 2420 merito
2151 2371 2352 2415 terram
2383 2347 2856 2422 repromissionis,
2903 2333 2998 2398 sed
3027 2347 3242 2411 patrum
3275 2343 3537 2399 accepere

1929 2454 2240 2518 virtutibus,
2292 2461 2485 2503 terram
2514 2445 2763 2515 ﬂuentem
2807 2439 2936 2492 lacte
2982 2445 3028 2486 et
3071 2429 3242 2484 melle.
3297 2422 3536 2480 Necdum

1932 2550 2078 2606 enim
2108 2545 2342 2600 solidum
2380 2545 2633 2610 poterunt
2679 2531 2860 2587 cibum
2894 2538 3113 2596 capere,
3149 2519 3242 2574 sed
3280 2516 3441 2572 melle
3485 2517 3541 2568 et

1934 2645 2074 2698 lacte
2095 2606 2476 2694 nutriebau'tur
2501 2627 2766 2685 inlantim.
2795 2622 2893 2677 Vel
2925 2629 3075 2674 certe
3105 2614 3246 2669 lacte
3273 2618 3328 2665 et
3354 2606 3540 2672 melle,

1936 2751 2118 2792 rerum
2151 2729 2393 2788 omnium
2428 2727 2676 2780 ubertate
2723 2728 2779 2774 et
2825 2711 3181 2769 abundantia.
3220 2704 3285 2758 Et
3325 2697 3546 2772 ingressi

1936 2837 2077 2894 sunt,
2112 2835 2160 2881 et
2184 2821 2522 2895 possederunt
2554 2829 2684 2869 eam.
2723 2808 3028 2876 Statimque
3072 2803 3215 2855 inter
3247 2790 3548 2866 possessio-

1938 2935 2062 2977 netn
2115 2884 2644 2972 et'iuobedientiam
2699 2902 2830 2957 nihil
2874 2897 2973 2952 fuit
3023 2891 3284 2947 medium.
3317 2884 3552 2940 libertus

1941 3016 2084 3070 enini
2110 3008 2488 3067 securitatem,
2509 2997 2772 3055 securitas
2792 2986 3198 3062 negligentiam,
3221 2972 3550 3049 negligentia

1947 3116 2322 3174 contemptum
2377 3098 2540 3167 parit.
2579 3091 2646 3146 Et
2678 3106 2778 3144 non
2824 3085 3146 3147 obedierunt,
3203 3075 3403 3144 inquit,
3444 3067 3555 3122 voci

1949 3211 2069 3266 tum,
2101 3207 2147 3252 et
2177 3197 2232 3249 in
2280 3192 2389 3265 lege
2421 3201 2507 3242 tua
2557 3199 2658 3238 non
2708 3177 3122 3233 ambulaverunt.
3165 3167 3390 3223 Frustra
3425 3171 3557 3228 ergo

1992 3290 2258 3346 rnmisere
2306 3263 2361 3339 in
2419 3289 2605 3334 eremo
2645 3273 2932 3328 dicentes:
2985 3263 3174 3320 Omnia
3225 3267 3560 3328 quwcumque

1956 3341 2206 3437 lItem—inus
2249 3373 2489 3450 pta’cepit
2523 3369 2627 3442 [ΔΙ.
2674 3356 3022 3437 pra’reperit],
3076 3354 3324 3426 faciemus
3357 3341 3559 3419 (Exod.

1955 3488 2065 3541 tux,
2100 3474 2178 3544 8).
2218 3445 2333 3526 Non
2367 3467 2510 3522 enim
2558 3465 2611 3516 in
2641 3455 2963 3527 Sponsione,
2997 3448 3093 3504 sed
3124 3448 3177 3500 in
3207 3455 3377 3512 opere
3423 3445 3562 3503 prat-

1956 3573 2122 3628 tnium
2170 3574 2290 3622 est:
2348 3561 2412 3616 ad
2465 3551 2863 3614 retundendam
2896 3557 3083 3600 eorum
3141 3532 3561 3604 impudentiam,

1962 3943 2350 4016 promiserant.

1966 3995 2015 4016 τ-
2038 3995 2053 3997 _
2158 3995 2162 3996 ν

1966 4029 2314 4108 patientibus,
2341 4035 2604 4081 caeterum
2627 4017 2781 4086 juxta
2808 4008 3021 4066 Domini
3052 3998 3381 4058 sententiam
3405 3995 3574 4058 bona,

1965 4145 2082 4201 qum
2112 4125 2222 4199 [ΑΙ.
2253 4118 2370 4191 qui]
2404 4113 2584 4172 reddit
2614 4105 2908 4172 unicuique
2937 4096 3240 4153 secundum
3273 4090 3391 4143 vias
3423 4100 3574 4140 suas.

2819 4200 2824 4201 ⁷
3139 4200 3144 4201 ν
3249 4197 3260 4201 -
3407 4193 3456 4201 ..Α
3491 4177 3551 4201 -J

2043 4177 2079 4181 ““’
2115 4177 2180 4199 ιη
2215 4177 2219 4178 ⁷
2273 4177 2283 4191 l
2357 4177 2370 4191 ι

2043 4221 2224 4296 (\‘ers.
2251 4215 2344 4282 2i,
2369 4209 2486 4282 “25.)
2520 4205 2652 4261 Ecce
2684 4200 2998 4256 munitiones
3038 4197 3309 4246 exstructa:
3341 4193 3456 4238 sunt
3482 4177 3582 4232 ad-

1968 4280 2144 4372 versus
2167 4280 2423 4366 civitatem
2443 4280 2538 4370 ,iut
2568 4298 2802 4369 rapiatur
2829 4307 2846 4346 :
2871 4297 2915 4343 et
2941 4286 3063 4342 urbs
3087 4282 3209 4336 data
3230 4293 3300 4334 est
3321 4280 3375 4332 in
3400 4285 3580 4329 manus

1970 4367 2363 4469 minutiem-unt,
2382 4367 2468 4468 qui
2483 4367 2793 4469 prwliantur
2806 4387 3049 4440 atlrersus
3066 4393 3176 4433 eam
3198 4392 3228 4428 a
3248 4373 3380 4444 [acie
3393 4367 3581 4442 gladii,

1971 4513 2019 4559 et
2048 4501 2223 4571 (antis,
2255 4507 2302 4550 et
2326 4490 2653 4567 pestilentiw.
2689 4481 2754 4535 Et
2783 4487 3118 4550 quartumque
3147 4469 3351 4523 locutus
3392 4477 3468 4525 es,
3497 4473 3586 4512 ac-

1973 4601 2229 4658 ciderunt,
2262 4599 2317 4643 ut
2343 4590 2452 4660 ipse
2499 4592 2552 4636 tu
2589 4578 2759 4633 cernis
2788 4581 2872 4628 :et
2916 4579 2970 4621 tu
3003 4566 3133 4620 dicis
3171 4558 3320 4622 mihi,
3366 4553 3590 4608 Domine

2165 4697 2272 4740 eme
2297 4644 2480 4753 agi-um
2529 4679 2760 4745 argento,
2791 4675 2836 4719 et
2875 4660 3063 4716 adhibe
3105 4663 3276 4719 testes,
3313 4664 3428 4702 cum
3465 4644 3592 4700 urbs

1985 4784 2108 4837 data
2132 4780 2197 4833 sit
2222 4778 2274 4829 in
2302 4746 2486 4827 manus
2530 4764 2899 4820 Cltaltlteorum
2922 4756 2945 4809 ?
2968 4753 3220 4807 Decimus
3268 4757 3440 4796 annus
3471 4746 3593 4793 erat

1988 4876 2130 4947 regis
2167 4867 2380 4943 1086
2413 4861 2684 4922 Sedeciw,
2712 4854 2784 4908 ita
2817 4849 2961 4905 enini
2997 4844 3258 4911 scriptum
3289 4843 3373 4890 est
3408 4851 3421 4886 :
3462 4831 3594 4885 Ver-

2741 4945 2760 4947 ’
2911 4942 2921 4947 ⁸
3099 4935 3132 4947 ³⁵
3231 4933 3243 4943 ⁵
3349 4941 3472 4947 in”;
3511 4924 3569 4947 .1-

1989 4924 2126 4947 "Dw
2169 4924 2378 4943 ’νυν

1989 4971 2107 5024 bum
2134 4962 2273 5036 quod
2301 4968 2495 5028 [actum
2524 4961 2594 5007 est
2619 4950 2684 5002 ad
2726 4942 3009 5000 Jeremium
3031 4955 3062 4990 a
3091 4933 3313 4987 Domino
3338 4941 3476 4981 anno
3505 4924 3597 4977 de-

1990 5064 2122 5117 cimo
2147 5019 2386 5114 'Sederiat
2411 5053 2544 5118 regis
2571 5043 2713 5098 Juda
2738 5057 2755 5094 :
2781 5047 2902 5090 tunc
2925 5031 3182 5088 exercitus
3206 5024 3340 5098 regis
3369 5019 3598 5089 Babylo-

1996 5159 2076 5211 nis
2100 5146 2357 5207 obsidebat
2399 5116 2716 5200 Jerusalem,
2744 5141 2788 5187 et
2812 5124 3066 5184 .Icrentias
3097 5120 3347 5192 prOpIteta
3392 5116 3600 5168 clausus

1997 5258 2102 5304 erat
2132 5247 2183 5300 in
2223 5241 2356 5296 atrio
2399 5233 2638 5290 carceris.
2678 5230 2955 5294 Recteque
3006 5231 3152 5274 nunc
3199 5213 3438 5268 dicitur:
3471 5204 3604 5257 Ecce

2000 5340 2308 5396 munitiones
2336 5340 2450 5386 sunt
2473 5331 2750 5382 exstructa:
2779 5320 3022 5372 adversus
3045 5311 3324 5368 civitatem,
3346 5310 3400 5354 ut
3431 5298 3604 5368 rapia-

2000 5449 2083 5492 tur
2114 5443 2203 5490 :et
2254 5432 2375 5484 urbs
2417 5423 2612 5478 tradita
2641 5417 2793 5475 estin
2841 5424 3026 5466 manus
3069 5399 3436 5457 Chalda'orum
3459 5409 3476 5456 ;
3505 5404 3606 5444 nec

2224 5482 2362 5592 quos
2389 5516 2625 5576 vincant,
2654 5518 2742 5562 aut
2772 5502 2881 5577 [AL
2907 5495 3029 5570 sed]
3055 5507 3194 5565 quos
3223 5487 3459 5559 capiant.
3485 5482 3607 5536 Jant

2005 5623 2149 5679 enim
2179 5581 2383 5690 glidio,
2417 5609 2584 5672 tame,
2627 5610 2780 5675 peste
2810 5587 3124 5660 consumpti
3159 5586 3288 5640 sunt
3328 5593 3340 5633 :
3371 5581 3430 5633 et
3461 5585 3612 5646 qua:-

2651 5821 2704 5870 et
2750 5804 2991 5865 meliOris
3025 5809 3245 5878 quoque
3291 5801 3435 5850 noue
3475 5797 3608 5848 mss.
