3972 6356
431 336 541 394 895

1698 330 1758 388 S.
1792 326 2070 389 EUSEBII
2100 324 2486 383 HIERONYMI

3638 324 3768 382 896

428 461 663 518 cumque
706 446 915 513 dixisti,
958 443 1210 501 videmus
1258 457 1381 500 esse
1406 441 1717 514 completa;
1748 441 2027 513 quomodo
2052 442 2104 502 Α
2130 448 2213 494 tus
2225 440 2360 513 regis
2375 437 2657 510 Babylonis
2672 440 2933 495 obsidebat
2943 440 3341 499 Jerusalem.Ac
3357 440 3561 498 deinde
3583 461 3595 496 :
3614 440 3772 499 Ecce

435 553 569 607 ergo
628 535 761 592 mihi
813 535 976 599 dicis,
1009 535 1238 591 Domine
1272 553 1284 589 :
1319 532 1453 590 Eme
1486 550 1673 608 agrum
1710 543 1952 606 argento,
1991 544 2039 589 et

433 628 623 683 adhibe
646 635 832 692 testes;
852 644 970 682 cum
988 628 1110 682 urbs
1143 627 1271 681 data
1300 627 1368 680 sit
1385 628 1438 679 in
1462 642 1621 680 manu
1642 623 2040 683 Chaldaeorum?

428 720 603 793 Igitur
632 735 741 776 non
772 719 1151 790 reprehendit,
1179 718 1276 774 sed
1304 719 1603 789 interrogat
1624 735 1638 773 :
1661 733 1761 774 nec
1780 727 1889 772 tam
1911 719 2036 786 sibi,

431 827 596 885 quam
630 812 754 867 aliis
781 812 896 867 vult
924 812 1163 877 discere,
1197 813 1289 882 qui
1318 811 1585 867 sedebant
1616 811 1668 866 in
1690 813 1833 868 atrio
1853 827 2039 869 carce-

431 910 547 974 ris;
581 916 637 962 et
661 906 850 962 forsan
883 906 1029 961 taciti
1063 903 1567 976 reprehendebant,
1599 905 1872 976 quomodo
1895 905 2038 961 idem

436 1001 905 1072 preplteta,quem
933 1015 1116 1054 verum
1146 998 1409 1054 nuntiare
1429 997 1747 1065 credebant,
1767 1006 1822 1053 et
1850 999 2036 1053 urbem

435 1092 580 1151 dieat
600 1107 724 1148 esse
733 1109 792 1147 ca
802 1091 1053 1164 piendum
1070 1100 1127 1147 et
1139 1107 1327 1163 agrum
1341 1093 1649 1162 ematquasi
1668 1106 2035 1160 posseswrus.

514 1185 696 1260 (Vers.
727 1184 798 1241 26
841 1186 1023 1257 seqq.)
1066 1184 1133 1238 Et
1169 1187 1367 1255 factum
1393 1194 1467 1239 est
1498 1183 1704 1238 verbum
1734 1182 1944 1238 Domini
1968 1184 2039 1238 ad

439 1276 745 1343 Jeremiam,
768 1278 945 1331 dicens
974 1293 991 1332 :
1025 1276 1157 1331 Ecce
1197 1293 1292 1350 ego
1342 1276 1594 1331 Dominus
1626 1275 1763 1331 Deus
1787 1277 2040 1331 universa:

437 1370 630 1424 carnis.
662 1368 934 1438 Numquid
969 1367 1096 1422 mihi
1140 1367 1347 1438 difﬁcile
1376 1369 1518 1439 (sive
1543 1368 1883 1439 impossibile)
1905 1371 2039 1424 erit:

441 1473 468 1501 ⁸
489 1472 580 1518 aut
610 1461 956 1518 abscondetur
984 1479 1017 1516 a
1043 1479 1121 1515 me
1147 1478 1298 1515 onme
1320 1462 1568 1516 verbum?
1616 1460 1902 1525 Propterea
1931 1459 2041 1516 hinc

440 1557 565 1611 dicit
583 1556 837 1610 Dominus
860 1571 879 1609 :
897 1553 1030 1609 Ecce
1048 1571 1143 1625 ego
1164 1555 1368 1609 tradam
1385 1554 1642 1609 civitatem
1672 1555 1823 1608 istam
1852 1554 1904 1606 in
1932 1569 2041 1607 nta-

445 1666 569 1705 num
589 1647 982 1714 Chaldceorum,
1000 1657 1047 1703 et
1064 1650 1116 1701 in
1139 1665 1297 1702 manu
1323 1648 1457 1721 regis
1481 1645 1780 1718 Babylonis,
1798 1656 1844 1699 et
1876 1646 2043 1716 capiet

443 1760 579 1799 eam.
608 1740 675 1796 Et
701 1742 903 1797 venient
928 1740 1199 1797 Chaldaeib
1229 1742 1367 1813 (sive
1388 1740 1767 1812 ingredientur)
1798 1739 2041 1810 proelian-

2136 532 2447 587 munitiones
2468 541 2741 588 exstructte
2773 544 2891 588 sunt
2920 535 3193 590 adversum
3212 537 3473 591 civitatem
3495 542 3549 588 ut
3568 536 3771 608 capia-

2138 633 2221 678 tur
2235 643 2253 680 :
2268 625 2447 680 eturbs
2462 627 2586 679 data
2598 634 2672 681 est
2685 628 2736 681 in
2752 642 2935 682 manus
2952 626 3637 695 Chaldceorum.Quomodo
3659 628 3771 696 igi-

2140 727 2226 773 tur
2249 718 2467 774 venient
2484 721 2573 789 qui
2590 728 2890 788 przesentes
2908 731 3060 775 erant
3075 721 3098 775 ?
3112 720 3217 777 Sed
3241 719 3295 774 lti
3312 721 3403 786 qui
3417 718 3768 775 obsidebant

2140 811 2355 876 urbem,
2385 810 2762 882 ingredientur,
2792 813 2989 882 inquit,
3014 821 3062 867 et
3083 813 3286 885 capient
3309 829 3448 880 eam,
3473 825 3530 869 et
3555 827 3769 868 succe-

2140 901 2301 969 dent,
2336 913 2391 956 et
2427 904 2493 957 ad
2525 905 2697 958 solum
2736 919 2908 974 usque
2951 905 3279 961 comburent
3305 905 3564 979 (verbum
3598 907 3757 961 enim

2142 993 2470 1049 liebraicum
2507 1011 2607 1051 BAU
2639 996 2808 1069 (1N1),
2832 998 3192 1068 ambiguitate
3217 999 3328 1067 sui,
3353 1008 3409 1054 et
3438 1000 3660 1065 venient,
3696 1008 3761 1054 et

2138 1088 2495 1161 ingrediantur
2523 1091 2727 1159 sonat).
2756 1091 2823 1145 Et
2852 1091 3044 1146 dumos
3073 1094 3127 1145 in
3166 1107 3396 1160 quarum
3428 1092 3759 1149 domatibus

2138 1180 2521 1235 sacrificabant
2550 1182 2672 1237 Baal
2700 1183 2848 1238 idolo
2878 1182 3257 1249 Sidoniorunt,
3282 1194 3341 1240 et
3367 1184 3614 1239 libabant
3637 1186 3761 1239 diis

2141 1272 2337 1326 alienis
2359 1271 2615 1327 libamina
2640 1273 2705 1328 ad
2740 1273 3060 1329 imitandum
3081 1290 3190 1340 me,
3216 1284 3275 1330 ut
3303 1291 3412 1330 non
3443 1290 3634 1332 errore
3659 1293 3761 1332 rc-

2141 1365 2386 1437 ligionis,
2412 1365 2505 1421 sed
2555 1368 2911 1422 contentione
2948 1367 3182 1439 quadam
3214 1378 3268 1423 et
3318 1369 3373 1422 in
3423 1368 3754 1426 Creatorem

2141 1458 2473 1514 contumelia
2509 1458 2691 1514 facere
2720 1460 3064 1516 viderentur.
3088 1460 3381 1529 Quomodo
3406 1471 3593 1517 autem
3618 1477 3759 1533 per-

2143 1550 2317 1605 iturus
2348 1552 2609 1607 scribitur
2633 1553 2889 1620 mundus,
2914 1553 3067 1624 juxta
3108 1554 3238 1609 illud
3284 1554 3432 1625 quod
3474 1556 3752 1624 scriptum

2144 1654 2267 1702 est:
2301 1644 2500 1701 Caelum
2527 1654 2575 1700 et
2611 1657 2750 1701 terra
2773 1647 3157 1719 pertransibunt
3191 1646 3411 1717 (Matth.
3445 1663 3598 1715 XXIV,
3623 1648 3755 1720 35),

2143 1755 2209 1795 eo
2230 1738 2379 1811 quod
2411 1745 2464 1793 itt
2489 1739 2722 1809 maligno
2745 1741 2961 1811 positus
2988 1741 3059 1796 sit
3083 1756 3098 1795 :
3123 1741 3200 1795 sic
3231 1749 3287 1796 et
3311 1740 3511 1796 domus
3538 1742 3671 1813 ipsa:
3696 1752 3761 1798 et

442 1844 515 1890 tes
549 1851 568 1888 :
594 1835 793 1888 venient
817 1832 1051 1889 Chaldazi
1097 1833 1344 1889 adversus
1370 1832 1545 1887 urbem
1569 1831 1724 1899 hanc,
1754 1842 1801 1886 et
1823 1847 2034 1885 succen-
2072 1843 2118 1903 Β
2146 1832 2262 1887 loca
2293 1834 2343 1886 in
2366 1832 2565 1902 quibus
2598 1830 2802 1903 ﬂagitia
2837 1840 3150 1901 perpetrata
3180 1842 3329 1897 sunt,
3364 1833 3462 1886 ira:
3495 1832 3589 1888 Dei
3619 1833 3763 1888 sub-

444 1926 566 1981 dent
596 1942 711 1980 eam
733 1927 863 1999 igni,
888 1935 933 1981 et
966 1927 1263 1980 comburent
1287 1942 1420 1989 eam,
1446 1935 1494 1979 et
1521 1925 1719 1989 domos,
1749 1926 1801 1977 in
1821 1939 2040 1995 quorum
2139 1923 2344 1994 jacent.
2366 1924 2500 1980 Sunt
2523 1924 2613 1994 qui
2645 1922 2987 1979 routeutiose
3008 1922 3140 1979 illttd
3158 1922 3302 1995 quod
3331 1925 3598 1994 scriptum
3621 1935 3710 1980 est
3739 1941 3757 1979 :

443 2019 734 2073 damatibus
773 2018 1134 2088 sacrificabant
1180 2016 1333 2083 Baal,
1362 2027 1409 2072 et
1446 2017 1672 2072 libabant
1714 2017 1813 2071 diis
1857 2014 2039 2070 alienis

439 2112 687 2167 libamina
709 2113 778 2166 ad
805 2112 1119 2167 irritandam
1146 2128 1244 2166 nte.
1278 2110 1549 2166 Tristibus
1581 2110 1701 2165 laeta
1739 2109 2036 2180 subjungit,

442 2214 499 2261 et
522 2215 643 2276 post
666 2207 1010 2262 eversionem
1045 2204 1375 2273 Jerusalem,
1417 2204 1632 2276 captivo
1660 2205 1859 2273 popqu
1891 2203 2039 2258 redi-

440 2308 555 2354 tum
602 2300 906 2369 pollicetur.
948 2299 1303 2370 Primumque
1344 2313 1537 2354 causas
1567 2297 1790 2367 exponit
1814 2296 2042 2352 oll’ensa:

438 2404 495 2450 et
519 2394 653 2463 justi
686 2392 886 2449 furoris
918 2393 1037 2460 Dei,
1062 2402 1122 2448 ut
1150 2400 1355 2463 quanto
1395 2392 1571 2463 major
1608 2393 1769 2463 culpa
1816 2406 2041 2462 peccan-

440 2486 598 2549 tium.
625 2495 774 2543 tanto
798 2488 1030 2557 amplior
1058 2488 1111 2541 in
1147 2496 1465 2556 peccatores
1493 2485 1783 2541 clementia
1814 2482 2042 2540 Creato-

437 2580 536 2637 ris.
560 2578 697 2654 Ego.
727 2582 923 2651 inquit,
951 2581 1199 2636 Dominus
1239 2579 1379 2635 Deus
1401 2581 1653 2634 universa:
1695 2580 1886 2633 carnis.
1937 2575 2041 2633 Ne-

434 2690 708 2746 quaquam
736 2685 1057 2730 cunctarum
1088 2673 1359 2745 gentium,
1393 2687 1492 2727 nec
1513 2669 1699 2740 populi
1726 2668 1919 2737 Israel,
1949 2679 2043 2723 aut

436 2777 608 2832 certe,
642 2779 701 2823 ut
724 2768 790 2822 dc
821 2766 1024 2822 sanctis
1046 2767 1243 2822 crebro
1265 2764 1449 2821 dicere
1486 2765 1644 2829 solet,
1693 2764 1839 2820 Deus
1866 2763 2043 2819 Abra-

437 2861 589 2929 ham,
626 2860 769 2915 Deus
802 2859 971 2924 Isaac,
1013 2860 1160 2915 Deus
1187 2858 1391 2914 Jacob:
1427 2857 1523 2913 sed
1573 2858 1716 2914 Deus
1755 2857 1895 2913 dixit
1926 2859 2045 2912 uni-

438 2969 613 3009 versa:
641 2952 846 3019 carnis,
880 2963 937 3007 ut
966 2961 1025 3009 et
1050 2952 1339 3008 rationalia
1372 2959 1427 3005 et
1457 2952 1616 3007 bruta
1635 2952 1931 3007 animantia
1958 2952 2041 3020 ip.

439 3062 501 3103 se
555 3046 752 3103 fecisse
798 3046 1075 3104 credatur.
1137 3046 1279 3104 Sunt
1313 3047 1457 3101 enim
1497 3045 1592 3116 qui
1643 3044 2041 3116 providentiam

439 3140 718 3196 Creatoris
741 3153 913 3210 usque
939 3139 1006 3194 ad
1036 3138 1322 3193 rationalia
1351 3138 1748 3194 confiteantur:
1773 3137 1927 3192 bruta
1951 3152 2047 3189 att-

2143 2018 2316 2073 Locus
2359 2021 2411 2072 in
2437 2034 2539 2089 quo
2568 2019 2851 2088 cruciﬁxus
2877 2027 2954 2072 est
2979 2016 3240 2073 Dominus
3274 2029 3429 2090 atque
3481 2018 3753 2087 Salvator,

2144 2111 2486 2185 spiritualiter
2513 2111 2807 2168 Gomorrha
2835 2120 2883 2165 et
2912 2112 3177 2184 Egyptus
3205 2121 3422 2167 vocatur
3453 2113 3641 2183 (Apoc.
3668 2128 3753 2177 ιι,

2143 2205 2222 2278 8),
2264 2205 2328 2258 ad
2363 2206 2477 2277 ipsa
2509 2205 2627 2259 loca
2662 2204 2929 2261 referant.
2957 2204 3065 2259 Αιιί
3097 2219 3226 2259 vero
3251 2204 3566 2260 universum
3592 2221 3754 2259 mun-

2144 2298 2271 2355 dttnt
2306 2299 2410 2354 sub
2449 2297 2668 2353 nomine
2713 2295 2936 2369 [Egypti
2969 2306 3025 2352 et
3062 2296 3388 2353 Gomorrba:
3435 2297 3755 2367 significare

2145 2402 2361 2463 putant.
2391 2392 2462 2449 Ut
2488 2394 2635 2447 enim
2685 2391 2990 2447 Gomorrha
3024 2391 3213 2447 divino
3246 2391 3375 2463 igne
3411 2391 3597 2448 deleta
3622 2400 3750 2455 est;

2144 2485 2217 2540 ita
2246 2493 2301 2539 et
2330 2483 2590 2539 mundum
2611 2483 2823 2555 judicio
2854 2485 2950 2539 Dei
2973 2485 3463 2540 concremandum.

2217 2579 2399 2651 (Vers.
2431 2579 2549 2652 50.)
2595 2578 2759 2632 Erant
2790 2580 2927 2633 enim
2953 2577 3234 2649 ﬁliiluda,
3267 2588 3312 2633 et
3345 2577 3447 2649 ﬁlii
3472 2578 3641 2633 Israel
3655 2581 3755 2651 ju-

2144 2675 2276 2746 giter
2303 2674 2441 2747 (sive
2488 2675 2612 2739 soli)
2644 2675 2890 2745 facientes
2933 2674 3075 2726 mala
3099 2673 3153 2726 in
3191 2673 3357 2727 oculis
3378 2673 3509 2727 meis
3531 2673 3595 2726 ab
3620 2672 3756 2725 ado-

2146 2766 2387 2821 lescentia
2439 2783 2553 2821 sua.
2587 2766 2822 2821 Verbum
2878 2765 3204 2821 Hebraicutn
3246 2780 3350 2821 scn
3381 2764 3513 2837 (ne),
3556 2765 3755 2834 Aquila

2147 2858 2546 2927 interpretatus
2577 2868 2658 2913 est
2682 2859 2833 2926 πλὴν,
2870 2858 3086 2931 1088
3123 2857 3270 2929 quod
3301 2858 3755 2928 conjunctionetn

2146 2950 2440 3019 significat,
2480 2959 2853 3011 verumtamen.
2886 2950 3197 3022 Symmachi
3251 2951 3426 3022 pritna
3458 2949 3632 3005 editio
3654 2991 3669 3015 ,
3696 2959 3757 3004 et

2146 3046 2528 3116 Septuaginta,
2570 3056 2623 3100 et
2666 3044 3000 3113 TheodOtio,
3034 3046 3173 3099 solos
3202 3044 3561 3113 interpretati
3603 3054 3749 3101 sunt.

2149 3140 2397 3197 Secunda
2446 3141 2648 3210 quippe.
2691 3138 3007 3211 Symmachi
3054 3140 3219 3194 vertit
3256 3138 3437 3205 διόλον,
3488 3155 3655 3208 quem
3701 3148 3759 3194 et

445 3244 552 3287 tem
587 3232 826 3287 fortuitis
855 3232 1074 3288 casibus
1107 3241 1357 3286 asserant
1379 3231 1467 3286 vel
1501 3232 1700 3300 perire,
1728 3230 1813 3285 vel
1839 3230 2044 3284 vivere.
2075 3234 2121 3297 C
2153 3249 2253 3289 nos
2302 3234 2355 3287 in
2397 3233 2814 3303 prtrsentiarum
2862 3229 3041 3287 secuti
3099 3246 3311 3298 sumus,
3348 3241 3406 3289 nt
3448 3231 3759 3287 diceremus

443 3325 914 3398 Proplteticusque
957 3340 1142 3381 sermo
1179 3326 1440 3387 declarat.
1477 3326 1613 3380 nihil
1641 3341 1764 3381 esse
1790 3324 1937 3396 quod
1966 3324 2049 3379 fu-

443 3420 556 3490 giat
581 3420 980 3490 providentiam
1011 3428 1067 3474 et
1090 3420 1379 3475 scientiam
1413 3420 1623 3491 1087
1649 3418 1745 3474 Dei
1767 3420 1922 3487 :quia
1945 3419 2049 3474 alia

449 3520 677 3581 propter
708 3512 908 3576 se,alia
943 3511 995 3565 in
1022 3511 1478 3566 usumltominum
1502 3520 1629 3564 sunt
1654 3519 1859 3565 creata.
1882 3508 1932 3563 Ν
1941 3525 2051 3562 um-

446 3605 575 3675 quid
604 3603 730 3659 ntilti
744 3604 952 3675 difficile
980 3616 1070 3659 aut
1099 3603 1416 3673 impossibile
1437 3619 1456 3657 :
1485 3612 1574 3657 aut
1604 3613 1739 3658 certe
1764 3605 2052 3658 absconde-

450 3707 536 3752 tur
563 3715 594 3749 a
623 3713 703 3750 me
729 3714 879 3750 omne
902 3699 1152 3751 verbum?
1172 3707 1226 3751 et
1252 3712 1416 3765 supra
1448 3696 1682 3751 diximus
1708 3713 1721 3750 :
1750 3696 1883 3763 Qum
1913 3696 2054 3765 apud

451 3789 700 3844 homines
751 3788 1133 3857 impossibilia,
1165 3787 1308 3857 apud
1353 3790 1518 3842 Deum
1574 3788 1854 3855 possibilia
1908 3799 2053 3843 sunt.

455 3879 694 3935 Verbum
738 3889 920 3933 autem
949 3878 1040 3934 hic
1068 3889 1124 3934 et
1152 3880 1205 3933 in
1236 3879 1421 3933 multis
1450 3879 1572 3934 aliis
1604 3880 1738 3935 locis
1769 3896 1866 3950 pro
1894 3881 2058 3937 rebus

454 3973 722 4028 debemus
742 3972 1019 4040 accipere.
1047 3972 1184 4038 Quid
1211 3981 1308 4037 est,
1342 3971 1437 4039 ait,
1461 3972 1600 4041 quod
1628 3976 1823 4041 factum
1846 3982 1918 4027 est
1948 3989 2061 4028 ver-

455 4065 574 4121 bum
600 4066 625 4120 ?
657 4063 942 4135 Propterea
968 4062 1080 4119 haec
1109 4065 1233 4118 dicit
1262 4064 1534 4119 Dominus.
1568 4064 1709 4133 Quid
1738 4067 1883 4121 enim
1917 4082 2057 4136 prte-

453 4170 721 4225 eesserat,
740 4167 797 4212 ut
813 4158 1089 4213 causalem
1113 4159 1554 4229 conjunctionem
1574 4160 2021 4230 poneret,dicens
2046 4180 2058 4216 :

455 4254 745 4323 Pmpterea
760 4253 869 4308 tunc
894 4253 1019 4308 dicit
1054 4252 1327 4308 Dominus.
1353 4253 1512 4320 Quia,
1543 4254 1897 4325 inquit,eurat
1928 4271 2062 4312 meat

454 4358 538 4405 est
589 4350 771 4403 omnia
803 4363 1016 4418 regere,
1074 4349 1325 4403 universa
1379 4347 1697 4418 disponere,
1728 4356 1784 4402 et
1829 4347 2064 4406 reddere

458 4445 857 4516 singulisjuxta
888 4443 1007 4498 vias
1036 4457 1164 4497 suas
1189 4461 1204 4498 :
1234 4444 1430 4499 idcirco
1455 4458 1549 4515 ego
1571 4443 1779 4498 tradam
1803 4445 2061 4499 civitatem

457 4541 613 4595 istaut
642 4539 695 4593 in
722 4554 881 4593 manu
908 4536 1297 4605 Citaldteorum,
1331 4546 1377 4590 et
1410 4538 1466 4591 in
1494 4554 1650 4592 manu
1673 4539 1810 4610 regis
1836 4536 2065 4610 Babylo-

462 4632 561 4694 nis,
587 4641 635 4685 et
660 4631 861 4703 capient
886 4647 1018 4685 eam.
1036 4630 1278 4685 Primum
1307 4631 1453 4685 enim
1478 4629 1710 4686 vallatur
1730 4633 1994 4695 exercitu,
2016 4638 2071 4684 et
2099 4612 2147 4671 Ῐ)

464 4723 693 4779 absente
706 4724 919 4792 capitur
932 4720 1455 4789 Nabuchodonosor,
1477 4721 1841 4793 Sedeciasque
1854 4721 2071 4778 ducitur

466 4814 520 4869 in
544 4814 836 4882 Reblatha,
869 4822 925 4869 et
954 4814 1025 4869 lbi
1068 4814 1182 4884 regi
1225 4813 1478 4868 traditur.
1520 4812 1587 4867 Et
1619 4815 1836 4881 venient,
1872 4816 2067 4882 inquit,

465 4907 699 4964 Chaldaei
713 4908 1005 4976 prcrliantes
1019 4906 1294 4961 adversum
1313 4907 1487 4961 urbem
1502 4908 1654 4963 hanc.
1672 4910 1863 4964 Melius
1878 4912 2069 4979 Aquila

466 5002 558 5070 qui
591 5014 688 5066 pro
709 5015 776 5054 eo
801 5000 945 5060 (ιιιοά
964 5000 1228 5071 scriptum
1252 5013 1358 5064 est,
1382 5002 1604 5069 venient,
1631 5004 1909 5057 transtulit
1938 5007 2071 5060 tias-

468 5091 762 5156 λεύσονται,
779 5090 883 5146 hoc
903 5101 1007 5158 est,
1036 5092 1388 5164 ingredientur
1410 5092 1709 5148 civitatem.
1727 5095 1911 5165 Neque
1923 5098 2068 5152 enim

466 5184 724 5239 absentes
754 5193 912 5236 erant
952 5193 1006 5235 ιιι
1033 5182 1286 5238 venirent
1311 5225 1325 5248 ,
1357 5187 1557 5256 quippe
1581 5189 1668 5254 qui
1698 5187 2069 5245 circumdede-

470 5288 592 5331 rant
614 5273 941 5341 Jerusalem,
967 5273 1109 5328 sicut
1129 5272 1413 5343 Scriptura
1437 5286 1685 5331 testatur.
1715 5276 1858 5332 Tunc
1878 5283 2071 5335 exerci-

541 5422 567 5452 ·
586 5414 663 5470 Ita
694 5414 870 5470 Vatic.
913 5428 1031 5484 ms.
1050 5419 1107 5466 et
1136 5411 1396 5484 Rabanus
1426 5411 1820 5484 legunt:atqtte
1850 5414 1922 5470 ita
1948 5415 2075 5470 Vic-

468 5488 643 5541 torius
665 5486 792 5560 olim
826 5483 1096 5560 rest_ituit,_
1109 5483 1447 5560 assentiente
1475 5486 1666 5560 Grzegt
1698 5483 1870 5555 textu,
1893 5492 1964 5560 μὴ
1982 5487 2073 5560 ἀπ’

473 5560 598 5630 ἐμοῦ
622 5556 944 5633 κρυϐήσεταί
972 5570 1054 5620 rt;
1078 5556 1426 5611 Martianmus
1457 5571 1578 5610 cum
1612 5555 1862 5623 Erasmo,
1894 5555 1953 5613 ut
1982 5558 2074 5612 ab-

469 5628 752 5681 scondatur
781 5644 814 5680 a
846 5644 944 5680 me.

546 5695 575 5733 ι’
602 5696 841 5752 Victoria
864 5696 1417 5766 facempraeferente,
1450 5700 1530 5754 sic
1562 5698 1899 5756 restituimus
1933 5700 2075 5756 hunc

471 5766 686 5841 )oepm,
704 5781 868 5841 opem
896 5765 1247 5841 Martlanaeus
1270 5766 1424 5841 juxta
1451 5770 1732 5841 Erasmum
1757 5782 2071 5841 corruptum

473 5825 944 5903 inliqut'tXReS'era
971 5842 1073 5890 vos
1091 5834 1217 5897 itm
1246 5825 1446 5907 anceps
1471 5834 1572 5903 est,
1611 5843 1878 5908 tottattlue
1901 5825 1954 5897 tit
1983 5840 2070 5895 ἀίει

2153 3326 2362 3395 iugiter.
2409 3325 2661 3378 Dicamus
2690 3323 2856 3393 igitur
2877 3323 3287 3393 primutnjuxta
3320 3323 3759 3390 HebraicuntJi-

2155 3406 2213 3472 lii
2245 3417 2436 3482 Israel,
2468 3429 2521 3472 et
2562 3417 2653 3471 lilii
2681 3416 2823 3473 Juda
2864 3416 3126 3473 facientes
3158 3418 3360 3488 jugiter
3412 3419 3643 3474 malum.
3692 3420 3761 3475 Et

2155 3509 2369 3574 decem,
2396 3510 2593 3580 inquit,
2625 3519 2677 3563 et
2706 3510 2826 3564 duae
2869 3510 3040 3565 tribus
3067 3511 3270 3565 malum
3306 3510 3426 3566 sine
3452 3512 3758 3568 cessatione

2159 3606 2428 3671 fecerunt,
2459 3618 2513 3661 et
2534 3607 2677 3678 jugis
2708 3605 2907 3662 fuiteis
2935 3607 2986 3661 in
3015 3606 3270 3677 pessimis
3290 3607 3553 3677 operibus
3578 3623 3759 3678 perse-

2158 3699 2426 3756 verantia.
2460 3699 2515 3756 Si
2554 3710 2734 3755 autem
2767 3700 2916 3771 jugis
2946 3708 3000 3755 et
3040 3715 3259 3769 semper
3283 3700 3338 3755 in
3372 3711 3486 3756 toto
3537 3704 3754 3772 populo,

2161 3795 2249 3850 ubi
2301 3804 2384 3849 est
2427 3794 2638 3863 justitia
2672 3793 3044 3863 sempiterna?
3074 3792 3245 3848 Porro
3269 3795 3423 3864 juxta
3475 3793 3638 3855 LXX.
3671 3795 3758 3864 qui

2160 3886 2428 3941 dixerunt
2473 3903 2486 3937 :
2546 3886 2662 3939 Soli
2709 3886 2955 3955 facientes
3008 3885 3227 3951 malum,
3258 3885 3435 3940 oritur
3485 3888 3757 3955 qmcstin:

2163 3978 2300 4033 Nunt
2335 3987 2389 4033 et
2414 3978 2534 4031 alia:
2559 3989 2755 4047 gentes
2777 3992 2843 4031 eo
2885 3986 3130 4045 tempore
3157 3994 3264 4044 quo
3296 3977 3467 4032 Israel
3489 3978 3762 4050 Judasque

2166 4080 2493 4149 peccabant,
2526 4078 2730 4133 malum
2752 4094 2859 4133 non
2889 4077 3171 4132 fecerunt?
3198 4077 3355 4145 Quod
3384 4076 3467 4132 sic
3496 4079 3758 4134 solvitur:

2163 4172 2265 4241 Qui
2300 4171 2462 4226 habet
2491 4170 2736 4225 notitiam
2763 4168 2857 4224 Dei
2887 4180 2941 4224 et
2970 4168 3177 4224 recedit
3206 4168 3276 4224 ab
3299 4184 3386 4234 eo,
3410 4171 3565 4225 solus
3582 4182 3766 4240 peccat

2165 4264 2219 4319 in
2252 4263 2425 4318 oculis
2451 4261 2692 4333 Dei;qui
2718 4276 2848 4317 vero
2876 4260 3142 4318 increduli
3172 4264 3761 4332 permanserint,quasi

2167 4355 2261 4411 illo
2294 4371 2402 4410 non
2434 4354 2655 4410 vidente
2707 4363 2762 4409 et
2794 4353 3122 4423 negligente,
3151 4352 3500 4424 delinquunt.
3533 4354 3685 4411 Unde
3710 4364 3764 4409 et

2166 4447 2337 4502 David
2370 4447 2452 4502 vir
2475 4445 2858 4514 sattrtus,quia
2882 4454 3166 4500 corruerat
3191 4446 3244 4499 in
3276 4458 3558 4514 peccatum
3584 4449 3761 4501 uxoris

2168 4539 2338 4605 Urius,
2368 4538 2694 4604 Betbsabee,
2715 4551 2884 4607 agens
2914 4546 3103 4607 postea
3139 4538 3518 4605 pmnitentiam
3548 4538 3614 4611 (ll
3640 4539 3758 4612 Reg.

2174 4630 2297 4702 xu),
2328 4632 2566 4697 loquitur
2598 4647 2610 4682 :
2647 4628 2763 4683 Tibi
2809 4628 2907 4683 soli
2948 4629 3175 4701 peccavi,
3204 4638 3251 4682 et
3290 4631 3488 4683 tnalum
3525 4646 3694 4684 coram
3718 4641 3764 4686 te

2173 4726 2271 4795 feci
2295 4722 2409 4794 (Ps.
2445 4722 2643 4795 L,6),id
2676 4732 2760 4778 est
2792 4724 2844 4777 in
2867 4733 3162 4793 conspectu
3194 4731 3304 4776 tuo.
3325 4723 3576 4802 Denique
3591 4724 3763 4795 jungi-

2176 4829 2296 4873 tur:
2321 4817 2438 4873 Soli
2461 4819 2707 4885 facientes
2740 4817 2934 4871 malum
2959 4817 3011 4870 in
3032 4815 3195 4871 oculis
3223 4814 3688 4888 [ALadditmeis],
3711 4818 3759 4871 in

2171 4920 2445 4981 conspectu
2473 4927 2586 4966 meo
2616 4912 2677 4965 ab
2705 4912 3055 4966 adolescentia
3073 4926 3188 4965 sua.
3207 4909 3476 4980 Quodque
3497 4913 3756 4980 sequitur:

2176 5001 2306 5058 Filii
2346 5001 2516 5056 Israel
2544 5004 2633 5071 qui
2673 5018 2834 5074 usque
2884 5019 3023 5055 nunc
3068 5001 3377 5055 exacerbata
3409 5016 3491 5054 me
3528 5003 3583 5055 in
3623 5016 3764 5073 apere

2178 5112 2424 5150 manuum
2448 5111 2684 5159 suarum,
2706 5096 2832 5148 dicit
2850 5094 3127 5161 Dominus,
3146 5094 3198 5147 iu
3217 5091 3362 5149 LXX
3386 5109 3497 5148 non
3521 5094 3757 5159 habt-tur,

2177 5199 2233 5243 et
2263 5189 2329 5243 de
2377 5187 2642 5243 llebraico
2673 5186 2916 5241 additum
2943 5195 3046 5240 est.
3073 5184 3207 5252 Quia
3235 5195 3418 5239 autem
3449 5187 3519 5239 ab
3556 5184 3757 5240 adoles-

2179 5285 2356 5338 centia
2385 5297 2480 5338 sua
2514 5279 2773 5352 usquead
2798 5287 3125 5350 praesentem
3145 5277 3287 5333 dietn
3306 5277 3514 5348 jugiter
3533 5278 3762 5347 delique-

2177 5418 2309 5480 nire.
2334 5428 2390 5473 et
2430 5416 2631 5489 ingredi
2667 5431 2685 5469 :
2716 5423 2879 5484 atque
2921 5413 3117 5482 Aquila
3146 5411 3365 5489 quidem
3412 5411 3755 5489 hoealterum

2179 5490 2455 5558 prtetulit:
2489 5482 2608 5543 'ltoc
2653 5482 2831 5558 autem
2877 5495 2982 5558 est,
3016 5486 3169 5558 (quod
3216 5485 3285 5537 de
3308 5497 3462 5558 more
3491 5482 3757 5558 ’Hicronv-

2181 5554 2301 5615 inus
2352 5568 2523 5614 notat.
2581 5560 2755 5613 Antea
2801 5554 2933 5610 illud
2981 5556 3084 5610 sive
3130 5554 3552 5623 [imponebatur
3599 5555 3764 5608 verbis

2177 5632 2381 5687 venient
2426 5628 2662 5687 Chaldaei
2708 5628 2952 5682 adversus
2990 5625 3164 5680 urbem
3210 5624 3368 5689 hanc,
3406 5624 3564 5694 quasi
3604 5627 3761 5680 altera

2179 5704 2563 5766 interpretatio
2609 5709 2757 5756 esset
2803 5698 3043 5763 illorum,
3101 5694 3169 5750 Et
3205 5693 3763 5766 υσηὶεξηιὈΙιαιάωειιι

2178 5763 2575 5844 ingredientem
2621 5783 2740 5841 quin
2783 5766 2985 5841 oppido
3030 5768 3188 5834 falsa,
3229 5763 3566 5837 confusaque
3620 5765 3764 5821 lectio

2182 5842 2319 5899 Erizh
