3972 6332
164 297 268 356 897
640 301 1285 363 COMMENTARIORUM
1327 303 1396 361 IN
1434 302 1786 363 JEREMIAM
1830 301 2256 360 PROPHETAM
2298 300 2430 358 LIB.
2472 302 2564 359 VI.
2606 300 2766 359 CAP.
2808 300 3028 377 XXXII.
3365 305 3477 364 898

164 422 314 480 runt,
348 412 475 469 ideo
498 414 643 487 justa
675 419 948 474 sententia
1003 418 1097 474 Dei
1127 427 1234 488 est,
1259 429 1313 475 et
1344 421 1539 476 merito
1580 420 1768 491 Scrip-
1798 430 1844 487 Α
1876 416 2146 472 idolorum
2189 418 2368 473 cultus
2399 418 2665 489 sequitur.
2713 417 3022 473 Notandum
3063 431 3281 489 quoque
3326 420 3472 491 quod

167 518 281 563 tura
323 510 573 564 contexit
595 526 608 562 :

235 598 417 670 (Vers.
451 600 569 674 51.)
593 598 661 655 In
692 603 873 673 furore
919 612 969 657 et
994 605 1050 657 in
1075 603 1441 675 indignatione
1491 622 1605 659 mea
1634 609 1774 676 facta

165 703 238 749 est
258 693 386 747 mihi
413 695 593 749 civitas
617 699 727 751 Itazc
756 714 787 750 a
817 697 899 751 die
928 713 1031 766 qua
1053 697 1440 768 wdiﬁcaverunt
1468 715 1583 754 eam
1611 716 1773 770 usque

167 788 234 841 ad
256 787 394 842 diem
436 788 615 855 istam,
650 805 755 860 qua
775 794 1013 861 aufertur
1044 791 1107 845 de
1138 801 1418 859 conspectu
1449 808 1580 846 meo.
1616 792 1674 848 Si
1704 807 1770 848 ex

169 897 235 939 eo
264 892 514 953 tempore
543 898 652 954 quo
689 884 1092 955 civitatisjacta
1120 895 1249 941 sunt
1271 886 1646 953 fundamenta,
1676 901 1770 942 us-

169 988 271 1044 que
296 976 362 1027 ad
393 976 535 1030 hanc
555 975 723 1042 diem,
744 976 961 1047 quando
985 987 1142 1047 capta
1166 987 1275 1046 est,
1298 989 1460 1050 atque
1482 993 1768 1045 succensa,

167 1076 221 1123 et
247 1068 460 1122 sublata
492 1068 560 1124 de
586 1080 885 1140 conspectu
913 1070 1147 1137 Domini,
1171 1072 1272 1126 fuit
1290 1088 1512 1142 semper
1533 1074 1589 1129 in
1612 1076 1771 1140 vitio,

166 1173 216 1215 et
248 1160 684 1230 indignationem
712 1172 902 1217 contra
934 1178 995 1219 se
1028 1164 1243 1218 Domini
1291 1167 1643 1235 prowicavit:
1680 1166 1771 1223 ubi

166 1261 249 1307 est
271 1256 350 1324 (ut
381 1254 663 1324 sazpejam
692 1254 955 1325 diximus)
981 1267 1334 1325 peccatorum
1365 1259 1558 1329 quies?

234 1347 419 1420 (Vers.
474 1348 593 1418 5‘2.)
625 1347 850 1418 PrOptcr
882 1350 1372 1421 malitiam,inquit,
1413 1351 1645 1420 ﬁliorum
1681 1349 1767 1407 Is-

164 1441 295 1508 rael,
321 1452 369 1497 et
399 1444 632 1512 filiorum
667 1442 846 1511 ludar,
868 1460 1026 1515 quam
1058 1448 1309 1515 fecerunt,
1343 1446 1412 1499 ad
1442 1444 1772 1500 iracundiam

165 1551 241 1591 me
271 1546 628 1604 provocantes,
644 1537 745 1606 ipsi
768 1549 814 1591 et
839 1553 987 1608 reges
1006 1553 1203 1603 eorum,
1219 1547 1265 1590 et
1290 1539 1548 1610 principes
1570 1553 1769 1605 eorum,

165 1628 448 1682 sacerdotes
480 1642 685 1695 eorum,
717 1638 763 1681 et
803 1630 1069 1698 propheta:
1097 1644 1295 1695 eorum,
1323 1629 1416 1682 viri
1435 1626 1579 1682 Jnda
1602 1637 1648 1682 et
1672 1627 1770 1681 Ita-

165 1721 403 1776 bitatores
419 1720 739 1777 Jerusalem.
769 1722 907 1791 Quia
952 1737 1114 1793 stupra
1146 1722 1359 1777 dixerat
1388 1739 1401 1775 :
1431 1720 1498 1776 In
1526 1727 1706 1794 furore
1723 1730 1771 1777 et

1876 524 1984 563 arte
2013 521 2063 565 et
2095 511 2335 579 excelsa,
2373 511 2639 567 llebraico
2686 526 2941 567 sermone
2992 512 3337 581 appellantur
3384 530 3477 569 BA-

1872 616 2016 657 uora
2037 601 2258 675 (nam).
2285 613 2509 673 propter
2544 618 2641 659 eos
2674 603 2767 674 qui
2801 604 2853 657 iii
2884 603 3162 661 Samuelis
3188 612 3245 659 et
3266 603 3475 676 Regum

1872 693 2155 749 volumine
2182 695 2311 765 quid
2339 694 2609 766 signiticet
2640 695 2745 750 hoc
2764 696 2996 752 verbum
3040 694 3313 750 dubitant.
3364 697 3476 752 Mo-

1873 784 2001 840 loch
2064 786 2269 842 idolum
2316 788 2749 844 Ammonitarum
2798 798 2916 857 est,
2983 792 3127 862 quod
3169 794 3222 847 in
3287 806 3471 862 regem

1874 878 2127 935 vertitur.
2158 877 2440 949 Signiﬁcat
2459 891 2639 935 autem
2664 880 2947 952 Scriptura
2970 883 3179 951 divina,
3203 884 3346 957 quod
3368 900 3478 940 non

1874 971 2053 1026 solum
2077 970 2204 1025 Baal
2237 972 2407 1040 idolo,
2437 975 2533 1029 sed
2562 981 2620 1030 et
2659 974 2875 1031 Moloch
2906 979 3229 1049 eunetisque
3268 979 3476 1035 diruto-

1874 1063 2039 1118 nibus
2064 1062 2120 1117 in
2156 1061 2276 1132 ipso
2306 1064 2429 1119 loco
2458 1067 2690 1135 populus
2721 1070 3003 1125 servierit.

1948 1152 2104 1219 Quod
2132 1171 2235 1208 non
2267 1155 2507 1210 mandavi
2537 1158 2615 1211 eis
2644 1173 2663 1211 :
2708 1175 2800 1212 nec
2828 1160 3058 1215 ascendit
3086 1162 3140 1216 in
3167 1179 3257 1217 cor
3284 1179 3476 1232 meum,

1873 1255 1932 1301 ut
1958 1247 2187 1316 facerent
2216 1247 2657 1304 abominationem
2682 1249 2840 1317 hanc,
2871 1253 2990 1307 etin
3019 1264 3284 1324 peccatum
3310 1257 3476 1310 dedu-

1875 1350 2049 1396 cerent
2084 1341 2300 1397 ludam.
2347 1342 2578 1413 Proprie
2619 1344 2795 1399 tribus
2843 1344 2981 1400 Juda
3013 1356 3069 1401 et
3100 1347 3381 1419 Benjaniin
3425 1350 3478 1406 in

1874 1433 2001 1488 lano
2030 1433 2209 1488 Baalis
2241 1444 2297 1489 et
2343 1435 2557 1491 Moloch
2584 1479 2599 1503 ,
2642 1437 2952 1493 dzemonum
2995 1440 3286 1496 simulacra
3316 1456 3482 1497 vene-

1874 1538 2008 1582 ratae
2047 1528 2261 1600 1090
2288 1538 2415 1584 sunt
2442 1529 2533 1602 (Ill
2564 1531 2697 1601 Reg.
2737 1534 2853 1601 xn).
2892 1532 3107 1588 Vitulos
3156 1544 3339 1591 autem
3384 1551 3483 1591 au-

1874 1635 2000 1677 reos
2031 1624 2084 1676 in
2117 1623 2311 1679 Bethel
2341 1633 2396 1679 et
2427 1624 2562 1693 Dan,
2593 1637 2649 1680 et
2675 1625 2867 1681 decem
2899 1628 3098 1694 tribus,
3142 1644 3263 1700 qua:
3293 1629 3483 1699 appel-

1876 1715 2060 1771 lantur
2084 1716 2357 1785 Samaria,
2390 1717 2596 1789 Joseph
2626 1730 2683 1776 et
2711 1721 2991 1791 Ephraim,
3040 1724 3340 1780 incoluisse
3364 1724 3483 1798 [ΑΙ.

165 1819 215 1869 in
261 1816 627 1888 indignatione
669 1833 783 1870 mea
811 1818 953 1887 facta
980 1826 1057 1872 est
1084 1816 1212 1871 mihi
1240 1819 1419 1872 civitas
1463 1818 1594 1883 lucc,
1622 1834 1655 1870 a
1685 1818 1768 1872 die
1802 1827 1846 1888 Β
1873 1809 2137 1883 immisse]
2168 1814 2513 1881 perspicuum
2544 1822 2649 1869 est.
2682 1813 3025 1885 Tantumque
3046 1818 3172 1872 mali
3202 1817 3305 1874 fuit
3332 1818 3478 1890 quod

166 1925 263 1978 qua
306 1909 690 1979 wdiﬁcaverunt
721 1925 836 1963 eam
867 1925 1025 1981 usque
1055 1911 1122 1963 ad
1162 1910 1296 1963 diem
1343 1911 1515 1975 istant,
1537 1927 1641 1982 qua
1670 1927 1768 1964 au-

167 1998 319 2069 fertur
341 2000 405 2055 de
425 2009 701 2073 conspectu
732 2016 842 2055 meo
867 2017 885 2067 ,'
906 2010 960 2056 et
985 2002 1191 2056 nullum
1215 2002 1546 2073 generaliter
1565 2002 1771 2072 absque

168 2105 386 2163 peccato
417 2094 598 2150 luisse
630 2102 1055 2159 monstraverat,
1107 2109 1252 2149 nunc
1283 2109 1381 2163 per
1425 2104 1608 2165 partes
1638 2109 1771 2148 enu-

168 2197 356 2254 merat,
387 2196 443 2242 et
470 2201 655 2257 reges,
688 2194 743 2242 et
775 2186 1076 2256 principes,
1110 2194 1164 2241 et
1184 2185 1524 2255 sacerdotes,
1549 2195 1605 2241 et
1642 2200 1772 2256 pro-

166 2279 354 2349 phetas
400 2296 621 2347 eorum,
653 2288 710 2334 et
738 2288 930 2335 cuncta
968 2295 1079 2335 uno
1117 2293 1374 2335 sermone
1404 2279 1765 2348 comprehen-

167 2372 342 2429 dens:
386 2372 523 2436 Viri,
575 2373 770 2443 inquit,
802 2370 965 2438 Juda,
1005 2381 1050 2425 et
1087 2373 1405 2426 habitatores
1451 2370 1766 2426 Jerusalem.

166 2461 508 2535 Pulchreque
540 2479 647 2519 non
670 2464 847 2519 dixit:
887 2464 1101 2536 1089
1123 2464 1300 2535 Reges
1330 2465 1462 2530 mei,
1483 2474 1536 2519 et
1572 2464 1766 2535 princi-

168 2569 261 2627 pes
315 2557 441 2624 iuri,
464 2567 522 2613 et
559 2557 877 2612 sacerdotes
905 2558 1034 2622 mei,
1070 2566 1127 2613 et
1171 2556 1454 2628 prophetat
1494 2556 1639 2612 mei:
1673 2557 1767 2612 sed

168 2650 288 2719 quia
328 2659 889 2720 peccaveruntreges
927 2665 1141 2710 eorum.
1167 2660 1220 2704 et
1255 2651 1525 2719 principes
1554 2664 1765 2717 eorum,

169 2750 220 2795 et
249 2742 569 2797 sacerdotes
599 2755 811 2805 eorum,
844 2750 900 2795 et
932 2742 1212 2811 prophetia
1243 2756 1458 2797 eorum.

235 2831 299 2886 Et
332 2842 594 2889 rerterunt
615 2834 684 2887 ad
712 2850 790 2888 mc
816 2843 981 2908 terga,
1014 2844 1193 2889 etnon
1221 2835 1409 2907 facies.
1435 2834 1599 2890 Juxta
1634 2835 1766 2891 illud

169 2927 304 2996 quod
354 2926 484 2983 alibi
540 2928 808 2997 scriptum
846 2934 973 2981 est:
1022 2925 1090 2980 Et
1138 2936 1399 2982 verterunt
1462 2937 1642 2981 contra
1687 2944 1768 2983 me

170 3022 428 3094 scopulum
456 3021 783 3078 recedentem
816 3019 1006 3095 (Zach.
1041 3037 1134 3087 vn,
1176 3022 1291 3092 H).
1323 3021 1426 3090 Qui
1463 3022 1611 3077 enim
1642 3036 1769 3092 pre-

172 3124 340 3183 catur,
374 3117 638 3173 inclinata
666 3117 889 3173 cervice
920 3116 976 3172 in
1003 3126 1205 3172 terram
1240 3133 1446 3186 pronus
1476 3116 1763 3172 funditur:

171 3212 256 3280 qui
286 3226 415 3267 vero
444 3221 661 3282 tergum
690 3212 881 3280 vertit,
931 3211 1052 3281 ipso
1075 3219 1233 3283 gestu
1263 3213 1518 3283 corporis
1561 3213 1766 3267 indicat
1793 3225 1841 3288 ρ

171 3305 439 3375 negligere
463 3319 530 3361 se
554 3292 1007 3359 comminantem.
1028 3302 1098 3357 Et
1125 3308 1250 3370 hoc,
1277 3304 1374 3368 ait,
1399 3302 1692 3359 faciebant.

239 3399 415 3471 (Vers.
443 3398 568 3468 55.)
596 3397 727 3452 Cum
747 3398 984 3452 docerent
1007 3413 1092 3451 eos
1116 3397 1369 3461 diluculo,
1397 3407 1442 3451 et
1483 3397 1764 3465 erndirem,

172 3499 218 3546 et
242 3490 433 3546 nollent
468 3492 687 3558 audire,
717 3504 773 3545 ut
814 3492 1109 3564 acciperent
1149 3491 1512 3560 disciplinam.
1547 3491 1768 3562 Fugatis

174 3589 367 3641 erroris
394 3587 663 3651 tenebris,
699 3594 753 3640 et
780 3584 933 3639 omni
967 3584 1241 3639 idolorum
1273 3585 1446 3651 cultu,
1481 3598 1605 3638 mea
1641 3598 1767 3639 sen-

176 3682 331 3737 tentia
345 3684 645 3751 confutata,
665 3682 911 3753 quotidie
933 3681 1100 3736 corda
1132 3697 1321 3737 eorum
1346 3681 1655 3737 illuminare
1676 3694 1773 3732 cu-

176 3773 413 3841 piebam,
447 3784 507 3831 et
533 3774 730 3831 docere
777 3788 899 3845 quae
943 3784 1093 3829 recta
1119 3785 1267 3829 sunt.
1320 3775 1385 3828 Et
1434 3783 1494 3829 ut
1539 3773 1769 3829 liberum

178 3879 407 3924 servaret
435 3868 752 3934 arbitrium,
772 3866 953 3937 jungit.
978 3879 1034 3922 et
1065 3867 1236 3922 dicit:
1268 3866 1335 3921 Et
1364 3864 1561 3921 nollent
1587 3865 1773 3921 audire

179 3969 231 4015 ut
257 3963 550 4032 acciperent
580 3961 940 4033 disciplinam.
968 3962 1228 4031 Sequitur
1254 3979 1268 4017 :

243 4053 420 4123 (Vers.
446 4053 568 4127 54.)
601 4053 669 4108 Et
710 4063 994 4123 posuerunt
1012 4055 1161 4108 idola
1185 4070 1280 4109 sua
1306 4057 1359 4107 in
1385 4054 1561 4119 domo,
1589 4054 1644 4107 in
1671 4068 1772 4123 qua

179 4141 456 4201 invocatum
485 4154 562 4201 est
590 4162 777 4200 nomen
808 4162 975 4200 meum
999 4187 1013 4213 ,
1047 4154 1101 4200 ut
1130 4146 1420 4218 polluerent
1465 4160 1603 4199 eam.
1652 4142 1771 4198 Non

181 4236 346 4291 solum
377 4252 444 4293 eo
475 4246 727 4309 tempore
752 4236 924 4294 Judas
954 4238 1137 4308 posuit
1168 4238 1220 4291 in
1256 4235 1488 4307 Temple
1536 4234 1632 4290 Dei
1661 4244 1774 4289 sta-

183 4332 324 4381 tuam
364 4329 534 4395 idoli,
582 4345 744 4400 quam
787 4332 840 4384 in
874 4328 1181 4385 Ezechielis
1224 4328 1496 4399 principio
1542 4328 1775 4399 legimus

184 4415 392 4489 (Ezech.
419 4421 538 4493 vtn)
571 4441 584 4477 :
615 4423 711 4479 sed
741 4439 913 4495 usque
936 4422 1101 4479 hodie
1132 4422 1187 4478 in
1212 4421 1377 4478 domo
1403 4421 1524 4489 Dei,
1548 4437 1669 4493 qua:
1691 4422 1775 4477 in-

184 4518 511 4583 terpretatur
544 4518 813 4583 Ecclesia,
846 4520 963 4574 sive
1011 4521 1066 4573 in
1114 4519 1282 4575 corde
1329 4519 1619 4590 animaque
1655 4533 1777 4574 cre-

1876 1918 1904 1957 a
1935 1905 2138 1975 populo
2171 1904 2371 1960 factum
2404 1916 2512 1973 est,
2546 1917 2605 1961 ttt
2633 1915 2862 1963 testetur
2910 1909 3052 1966 Deus
3080 1926 3140 1966 se
3183 1928 3476 1984 numquam

1875 1997 2166 2067 cogitasse,
2201 2014 2302 2053 nec
2332 2000 2651 2056 ascendisse
2681 2001 2734 2055 in
2761 2016 2858 2056 cor
2887 2017 3043 2057 suum
3062 2045 3078 2069 ,
3111 2019 3233 2075 qua:
3265 2005 3341 2060 illi
3366 2005 3480 2062 fac-

1875 2091 1981 2144 turi
2012 2091 2238 2145 luerint.
2266 2091 2460 2147 Omnia
2492 2104 2673 2148 autem
2707 2093 2825 2149 haec
2857 2096 3296 2173 c'tvepmrrono'tewc.

1951 2183 2016 2238 Et
2049 2201 2186 2239 nunc
2208 2196 2417 2258 propter
2448 2188 2571 2251 ista,
2604 2187 2713 2243 [nec
2740 2187 2867 2243 dicit
2890 2190 3146 2247 Dominus
3166 2231 3183 2259 ,
3219 2191 3360 2248 Deus
3391 2192 3479 2250 Is-

1874 2274 2017 2347 rael,
2047 2278 2117 2330 ad
2143 2278 2403 2333 civitatem
2427 2278 2586 2347 hanc,
2619 2280 2685 2336 de
2706 2298 2813 2349 qua
2849 2298 2936 2338 vos
2979 2283 3174 2349 dicitis,
3204 2283 3345 2355 quod
3378 2296 3485 2339 tra-

1873 2368 2109 2424 daturin
2136 2387 2295 2426 manu
2322 2373 2459 2444 regis
2506 2372 2791 2445 Babylonis
2816 2376 2871 2430 in
2899 2377 3099 2447 gladio,
3131 2385 3179 2432 et
3223 2378 3278 2431 in
3314 2377 3477 2447 fame,

1871 2474 1920 2517 et
1937 2463 1989 2517 in
2005 2472 2163 2532 peste.
2183 2462 2336 2519 Sicut
2359 2465 2707 2534 sperantibus
2729 2467 3017 2532 auxilium;
3042 2479 3097 2525 et
3120 2470 3173 2524 in
3197 2484 3478 2526 murorum

1873 2557 2130 2612 lirmitate
2170 2557 2484 2626 lidentibus,
2521 2559 2882 2630 prephetatur
2926 2562 3071 2632 quod
3106 2562 3476 2619 subvertenda

1873 2649 1945 2704 sit
1973 2648 2303 2720 Jerusalem,
2333 2662 2387 2708 et
2415 2655 2648 2724 populus
2672 2655 2783 2724 jain
2813 2653 3036 2726 jamque
3063 2656 3399 2726 capiendus,
3425 2663 3483 2712 et

1873 2752 2004 2800 ante
2031 2746 2412 2816 captivitatem
2459 2749 2661 2819 gladio,
2695 2748 2839 2805 fame
2873 2759 2929 2805 et
2957 2758 3112 2821 peste
3157 2752 3433 2821 periturus
3467 2767 3481 2806 :

1869 2839 1951 2894 sic
1983 2839 2429 2912 desperantibus,
2465 2853 2522 2900 et
2558 2854 2682 2914 post
2710 2845 3123 2901 subversionem
3168 2846 3320 2902 urbis
3352 2847 3478 2902 nul-

1872 2931 1979 2987 lam
2002 2933 2233 2989 salutem
2250 2939 2878 3005 exspectantibus,suum
2893 2939 3153 2994 auxilium
3172 2939 3479 3009 pollicetur,

1870 3033 2008 3080 utet
2033 3025 2360 3082 conﬁdentia
2390 3037 2552 3098 atque
2579 3032 2854 3101 superbia,
2888 3032 3093 3099 justam
3118 3031 3476 3098 sententiam;

1870 3124 1927 3173 et
1946 3117 2274 3188 desperatio,
2298 3128 2461 3189 atque
2480 3120 2758 3177 humilitas
2774 3121 2869 3177 Dei
2891 3132 3166 3178 mereatur
3188 3125 3475 3180 auxilium.

1943 3210 2128 3281 (Vers.
2155 3212 2227 3267 57
2253 3211 2435 3286 seqq.)
2463 3212 2601 3268 Ecce
2642 3229 2736 3285 ego
2777 3218 3098 3288 congregatio
3135 3233 3221 3272 cos
3263 3217 3327 3272 de
3362 3217 3482 3271 uni-

1871 3305 2035 3358 versis
2061 3304 2211 3358 terris
2237 3303 2307 3357 ad
2331 3322 2459 3376 quas
2481 3309 2611 3379 ejeci
2640 3308 2694 3361 in
2725 3308 2904 3377 furore
2923 3325 3059 3374 meo,
3083 3318 3132 3363 et
3150 3311 3205 3363 in
3234 3311 3313 3363 ira
3339 3326 3477 3377 mea,

1872 3397 1995 3451 etin
2022 3397 2382 3471 indignatione
2408 3399 2629 3473 grandi,
2679 3412 2726 3456 et
2771 3403 3017 3457 reducam
3052 3418 3141 3457 eos
3185 3402 3255 3458 ad
3303 3403 3477 3458 locum

1870 3489 2051 3555 istum,
2082 3499 2129 3544 ct
2157 3490 2392 3547 habitare
2411 3508 2497 3547 eos
2516 3494 2707 3564 faciam
2726 3495 3067 3560 conﬁdenter.
3084 3486 3163 3548 Et
3188 3494 3482 3550 crunlutilti

1870 3581 1925 3636 in
1953 3581 2238 3654 populum,
2285 3593 2333 3637 et
2370 3601 2461 3658 ego
2489 3601 2577 3639 ero
2607 3586 2681 3640 eis
2711 3586 2767 3640 in
2798 3584 2987 3640 Deum.
3023 3586 3090 3641 Et
3127 3585 3262 3641 dabo
3289 3587 3362 3641 eis
3392 3601 3482 3642 cor

1870 3691 2056 3740 unum,
2089 3686 2135 3730 et
2162 3678 2299 3731 viam
2326 3694 2502 3747 unam,
2530 3687 2585 3732 ut
2612 3680 2827 3732 timeant
2861 3695 2941 3734 me
2978 3679 3232 3733 universis
3276 3678 3480 3747 diebus,

1872 3780 1919 3824 et
1945 3770 2070 3825 bene
2104 3772 2170 3825 sit
2196 3772 2271 3825 eis
2300 3783 2348 3826 et
2380 3771 2507 3841 ﬁliis
2538 3790 2717 3827 corunt
2748 3784 2861 3845 post
2912 3790 3019 3828 eos.
3069 3773 3137 3828 Et
3188 3773 3375 3846 feriam
3411 3775 3484 3829 eis

1873 3876 2081 3935 pactum
2107 3866 2384 3938 sempitern
2394 3883 2481 3921 nm
2504 3867 2642 3939 (sive
2656 3870 2932 3930 disponant
2955 3878 3313 3924 testamentum
3335 3877 3487 3924 teter-

1872 3958 2046 4025 num),
2077 3967 2124 4011 et
2154 3974 2258 4012 non
2286 3958 2520 4013 desinam
2537 3959 2610 4014 eis
2629 3960 2950 4031 benefacere,
2975 3970 3026 4015 et
3048 3961 3289 4015 timorem
3312 3978 3484 4016 meum

1872 4048 2007 4102 dabo
2032 4049 2086 4102 in
2107 4050 2265 4104 corde
2292 4067 2495 4116 eorum,
2530 4061 2589 4105 ut
2616 4069 2720 4107 non
2750 4051 3000 4109 recedant
3028 4069 3060 4106 a
3083 4069 3181 4107 mc.
3224 4051 3293 4106 Et
3333 4054 3485 4108 laua-

1876 4140 1967 4194 bor
2008 4158 2163 4212 super
2185 4144 2281 4210 eis,
2315 4160 2433 4197 cum
2463 4146 2535 4199 eis
2560 4144 2858 4217 benefecero
2889 4145 3028 4216 (sive
3054 4153 3101 4199 et
3134 4144 3349 4199 t'isitabo
3374 4160 3483 4209 eos,

1873 4242 1928 4286 ut
1957 4234 2029 4288 eis
2055 4233 2421 4307 bcnefaciam).
2465 4233 2534 4290 Et
2570 4236 2820 4309 plantabo
2864 4249 2953 4293 eos
2983 4240 3035 4293 in
3081 4247 3221 4293 terra
3270 4238 3373 4293 ista
3419 4239 3475 4292 in

1874 4327 2084 4381 veritate
2132 4327 2274 4398 (sive
2319 4330 2376 4382 in
2427 4329 2582 4402 ﬁde),
2608 4330 2665 4384 in
2689 4339 2795 4385 toto
2823 4331 2978 4386 corde
3025 4347 3159 4398 meo,
3200 4332 3331 4386 etin
3377 4340 3486 4387 tota

1875 4415 2050 4469 anima
2080 4432 2213 4471 mea.
2239 4418 2389 4473 Multi
2421 4419 2528 4476 hoc
2560 4430 2752 4491 putant
2780 4429 3029 4493 tempore
3058 4421 3365 4479 Zorobabel
3389 4422 3484 4478 lilii

1876 4508 2140 4564 Salathiel
2169 4552 2183 4577 ,
2213 4520 2271 4566 et
2310 4511 2440 4567 Jesu
2487 4514 2585 4568 lilii
2617 4513 2852 4571 Josedec
2903 4516 3220 4571 sacerdOtis
3265 4515 3485 4587 magni,

184 4603 420 4666 dentium
472 4611 697 4682 ponitur
737 4612 943 4667 idolum
970 4654 985 4677 ,
1037 4612 1259 4683 quando
1310 4627 1514 4667 novum
1577 4611 1774 4681 dogma
1803 4606 2102 4676 unando
2144 4602 2377 4674 Aggazus
2423 4616 2478 4661 et
2526 4606 2819 4665 Zacharias
2868 4608 3336 4680 prophetaverunt
3382 4610 3486 4665 sub

187 4704 559 4773 constituitur,
592 4716 649 4762 et
684 4706 838 4776 juxta
884 4706 1372 4762 Deuteronomium
1411 4705 1674 4761 aduratur
1725 4704 1772 4759 in

1880 4696 2018 4753 Ezra
2048 4698 2337 4753 sacerdote
2370 4701 2707 4771 completum
2731 4741 2748 4768 ,
2780 4704 3007 4774 quando
3033 4701 3363 4759 aediﬁcatum
3403 4715 3490 4759 est

188 4792 502 4853 abscondito
529 4797 712 4870 (Deut.
736 4798 810 4870 tv)
837 4818 850 4852 :
882 4798 1133 4866 Nescitis,
1157 4800 1360 4869 inquit,
1389 4801 1511 4868 quia
1533 4799 1781 4870 templum
1882 4791 2196 4863 Templum,
2224 4803 2278 4849 et
2298 4794 2399 4849 sub
2429 4793 2652 4851 Neemia
2675 4798 2942 4853 exstrucﬁ
2976 4799 3118 4853 muri
3160 4814 3256 4869 per
3289 4798 3492 4854 circui-

189 4882 282 4942 Dei
301 4892 441 4960 estis,
465 4903 516 4947 et
538 4893 767 4964 Spiritus
784 4892 883 4947 Dei
898 4892 1095 4947 habitat
1118 4892 1171 4947 in
1191 4891 1333 4947 vobis
1359 4891 1402 4963 (1
1419 4891 1540 4946 Cor.
1559 4906 1642 4959 ιιι,
1667 4889 1779 4961 l6).

256 4982 434 5050 (Vers.
481 4983 608 5058 55.)
663 4985 729 5041 Et
771 4986 1158 5056 azdiftcavcrunt
1205 4986 1405 5041 excelsa
1449 4984 1588 5058 (sive
1637 4980 1784 5053 aras)

190 5070 352 5131 Baal:
377 5095 495 5149 qua:
517 5089 638 5134 sunt
666 5080 720 5134 in
747 5077 881 5133 valle
909 5080 1009 5148 filii
1042 5078 1247 5133 Ennom
1278 5094 1296 5134 :
1338 5089 1393 5132 ut
1420 5078 1688 5132 initiarent
1718 5077 1780 5146 ﬁ-

194 5165 284 5221 lios
305 5185 456 5239 suos,
491 5182 539 5227 et
567 5174 706 5243 ﬁlias
731 5188 855 5228 suas
882 5173 1024 5228 idolo
1065 5171 1301 5227 Moloch.
1350 5172 1456 5227 Pro
1494 5172 1786 5235 initiarent,

192 5254 243 5311 in
277 5259 541 5322 Hebraico
565 5267 833 5337 scriptum
863 5273 947 5320 est
977 5280 1103 5321 eam
1132 5263 1353 5337 (17:37),
1400 5263 1545 5335 quod
1595 5262 1789 5332 Aquila

195 5359 248 5403 et
278 5352 659 5424 Symmachus,
685 5359 1084 5413 transducerent
1103 5375 1123 5424 ;
1145 5357 1503 5429 Septuaginta
1528 5366 1581 5412 et
1620 5354 1799 5411 Theo-

196 5440 344 5502 dotio
372 5449 717 5522 interpretati
748 5460 899 5518 sunt,
931 5450 1195 5520 offerrent.
1250 5452 1328 5507 De
1366 5452 1514 5506 valle
1556 5450 1791 5504 liliorum

197 5533 429 5612 Ennom,
459 5560 581 5615 quae
619 5544 892 5602 Hebraice
921 5543 1130 5600 dicitur
1154 5557 1405 5602 GBENNOII
1432 5541 1667 5616 (cum),
1699 5556 1793 5597 su-

201 5643 292 5700 pra
322 5637 533 5705 plenius
559 5640 806 5695 diximus
831 5656 844 5693 :
877 5638 1023 5711 quod
1053 5638 1332 5709 subjaceat
1360 5635 1509 5693 Siloe
1529 5634 1795 5703 fontibus,

1885 4894 1999 4940 tum
2019 4904 2032 4940 :
2052 4895 2270 4959 ntquos
2287 4898 2416 4944 ante
2437 4888 2789 4960 dejeceratin
2815 4890 3026 4956 lurore.
3057 4891 3191 4947 etin
3223 4891 3329 4957 ira,
3352 4901 3408 4947 et
3439 4891 3492 4947 in

1882 4978 2264 5049 indignatione
2305 4982 2499 5053 grandi
2544 4982 2615 5039 de
2661 4982 2969 5040 Jerusalem
2994 5026 3011 5052 ,
3046 4985 3176 5041 etin
3211 4994 3328 5041 toto
3358 4985 3494 5043 orbe

1883 5072 2262 5143 disperserat;
2300 5084 2490 5144 postea
2521 5076 2779 5133 reductos
2812 5076 3062 5135 habitare
3103 5078 3494 5135 feceritconii-

1887 5163 2107 5232 denter,
2130 5174 2186 5222 et
2228 5165 2398 5223 fuisse
2424 5182 2520 5224 eos
2561 5167 2615 5224 in
2642 5170 2902 5242 pOpultttn
2933 5168 3030 5227 Dei
3057 5186 3072 5236 ;
3106 5181 3176 5226 ει·
3205 5171 3494 5226 Dominum

1887 5260 2057 5317 fuisse
2078 5260 2132 5316 in
2166 5261 2340 5318 Deum
2367 5277 2581 5331 eorum,
2605 5276 2660 5320 et
2681 5273 2886 5321 caetera
2910 5282 3032 5336 qum
3056 5266 3338 5336 Scriptura
3364 5279 3497 5320 con-

1889 5354 2046 5409 texit.
2078 5353 2186 5410 Sed
2219 5356 2500 5424 quomodo
2522 5355 2627 5413 hoc
2657 5359 2835 5427 possit
2856 5357 2935 5414 illi
2960 5361 3188 5428 tempori
3210 5356 3454 5426 eoaptari
3481 5373 3495 5412 :

1898 5445 2158 5501 Habitare
2187 5463 2272 5502 eos
2300 5449 2493 5520 faciam
2514 5450 2859 5519 confidenter,
2890 5460 2939 5504 et
2971 5450 3155 5520 feriam
3186 5449 3262 5502 eis
3286 5457 3497 5521 pactum

1895 5540 2283 5613 sempiternum,
2317 5542 2435 5598 sive
2465 5543 2743 5612 disponant
2784 5540 2897 5598 illis
2944 5551 3305 5597 testamentum
3348 5551 3501 5598 teter-

1899 5649 2044 5699 num,
2071 5632 2289 5704 penitus
2317 5649 2426 5690 non
2459 5644 2642 5706 potest
2671 5633 2964 5705 approbari
2991 5652 3005 5688 :
3035 5634 3239 5706 quippe
3254 5650 3396 5705 quos
3423 5635 3504 5692 le-

201 5735 252 5780 et
279 5733 592 5789 animititate
620 5734 727 5797 sui,
760 5734 889 5804 quia
918 5732 1069 5788 locus
1103 5732 1344 5801 irriguus
1384 5736 1501 5794 est,
1535 5727 1797 5797 populum
1903 5729 2170 5799 gerimus,
2203 5737 2261 5784 et
2281 5743 2436 5785 saera
2471 5738 2658 5785 narrat
2688 5730 2917 5785 historia
2939 5770 2956 5798 ,
3006 5745 3114 5785 non
3150 5730 3326 5785 solum
3355 5746 3385 5786 a
3416 5729 3505 5785 vi-

204 5810 306 5893 [ΑΙ.
337 5822 480 5879 addit
526 5826 712 5899 Israel]
766 5824 1143 5897 provocaverit
1187 5822 1251 5878 ad
1292 5822 1562 5878 luxuriam
1587 5865 1602 5889 ,
1642 5834 1804 5892 quam

1906 5821 2047 5879 cinis
2075 5821 2347 5892 gentibus,
2384 5822 2479 5879 sed
2511 5838 2543 5880 a
2576 5822 2760 5882 Persis
2777 5836 2998 5896 quoque
3016 5830 3074 5882 et
3092 5821 3501 5894 Macedonibus,
