3972 6308
531 236 640 292 ξ99

1777 225 1835 283 S.
1879 211 2156 282 EUSEBll
2199 209 2584 280 lIlEl‘iONYMl

3725 215 3812 288 900,

527 362 583 410 et
605 352 880 425 Egyptiis
909 349 1280 420 Romanisque
1313 361 1458 418 smpe
1479 354 1692 418 captos,
1737 353 1794 401 et
1841 345 2124 414 hucusque
2158 345 2206 404 Α
2233 341 2410 394 dicitis
2437 340 2574 410 quod
2605 338 2809 406 deserta
2835 337 2901 392 sit
2931 351 2990 390 eo
3023 335 3160 407 quod
3191 348 3292 390 non
3323 331 3624 390 remanserit
3657 331 3812 402 homo,

533 446 765 500 servire.
832 442 1039 513 1091
1086 439 1276 496 Omnia
1319 439 1482 510 igitur
1526 439 1592 494 ad
1641 437 1934 492 adventum
1985 435 2128 492 refe-

531 535 698 592 renda
731 542 858 588 unt
884 533 1187 588 Salvatoris
1222 551 1234 585 :
1267 549 1387 602 qua:
1419 542 1606 590 nostro
1633 541 1686 588 et
1719 530 1844 586 lidi-i
1877 537 2128 602 tempore

527 629 780 684 videmus
809 629 1048 698 expleta,
1099 637 1156 686 et
1204 629 1400 686 electio
1439 629 1596 699 juxta
1629 627 1952 697 Apostolum
1995 627 2128 682 reli-

531 721 782 792 quiarum
809 721 961 776 salva
989 720 1132 776 facta
1159 731 1245 778 est
1265 721 1448 794 (Rom.
1480 721 1582 794 ιιι).
1621 723 1684 778 Et
1715 721 1808 792 qui
1834 723 1886 776 in
1911 720 2127 778 Christo

529 813 780 876 habitant
832 813 1213 880 conﬁdenter,
1268 813 1462 870 datum
1511 825 1594 874 est
1651 815 1760 870 illis
1810 829 1904 868 eor
1957 827 2126 868 unum

522 906 678 976 juxta
704 906 838 964 illud
879 907 1022 978 quod
1053 907 1324 978 scriptum
1373 915 1500 962 est:
1549 905 1910 962 Multitudinis
1954 917 2128 962 autent

528 999 852 1052 credentium
883 1008 991 1052 erat
1022 1015 1111 1054 cor
1139 1016 1298 1056 unum
1327 1007 1374 1056 et
1407 1003 1586 1054 anima
1607 1017 1712 1054 una
1735 997 1872 1070 (Act.
1901 1013 1974 1064 tv,
2005 997 2125 1068 5‘2).

531 1090 600 1146 Et
630 1091 796 1158 viam,
833 1091 1030 1162 inquit,
1057 1107 1222 1150 unam
1245 1093 1398 1148 illum
1423 1093 1514 1161 qui
1537 1092 1712 1150 dicit:
1745 1091 1858 1162 Ego
1876 1107 1990 1146 sum
2019 1091 2123 1156 riu,

529 1185 736 1248 veritas,
765 1191 812 1238 et
845 1185 948 1238 rita
979 1181 1164 1254 (Joan.
1199 1200 1310 1252 xw,
1335 1183 1414 1254 6).
1445 1183 1510 1240 Ει
1543 1185 1772 1240 timeant
1789 1198 1874 1238 me
1899 1181 2126 1238 univer-

531 1276 610 1330 sis
642 1276 858 1330 diebus.
899 1276 1234 1344 Principium
1289 1275 1438 1332 enim
1485 1277 1771 1344 sapientiae
1817 1275 1981 1330 timor
2025 1275 2128 1334 llo-

533 1369 667 1428 miui
699 1369 880 1442 (Prov.
928 1367 1026 1442 ix).
1079 1369 1363 1438 Universis
1397 1370 1476 1424 ait
1505 1369 1702 1428 diebus
1733 1388 1746 1424 :
1781 1369 1924 1439 quod
1947 1368 1990 1422 si
2029 1367 2128 1424 Ju-

530 1461 666 1518 diris
717 1478 823 1518 non
855 1463 1152 1534 competit,
1191 1463 1260 1528 de
1289 1472 1484 1518 nostro.
1515 1463 1716 1532 populo
1743 1458 2126 1538 accipiendum

532 1565 647 1612 est:
669 1555 760 1614 cui
781 1565 834 1612 et
859 1557 998 1612 bene
1027 1555 1152 1624 fuit,
1181 1565 1366 1620 etest,
1387 1562 1443 1612 et
1477 1555 1602 1618 erit,
1635 1569 1744 1610 non
1768 1554 1948 1608 solum
1971 1553 2128 1622 ipsis,

530 1649 626 1706 scd
653 1659 708 1706 et
735 1650 866 1704 liliis
899 1664 1090 1706 eorum
1123 1660 1244 1722 post
1275 1664 1392 1704 eos.
1423 1647 1718 1710 Nobiscum
1739 1647 1882 1702 enim
1911 1653 2126 1716 pactum

2237 443 2282 485 et
2316 434 2612 503 jumcntum
2647 429 2878 501 1092,
2912 437 2957 483 et
2980 428 3104 482 data
3134 429 3198 482 sit
3227 427 3282 481 in
3305 443 3520 488 manum
3563 425 3816 480 Chaldae-

2231 540 2364 586 rum,
2394 522 2519 595 Agri
2542 523 2764 593 pecunia
2795 529 3056 586 curentur,
3101 529 3146 572 et
3171 519 3459 572 scribentur
3491 519 3546 572 in
3573 516 3707 571 libro
3729 559 3744 583 ,
3777 531 3816 572 et

2229 616 2560 686 imprimctur
2580 613 2930 686 signaculum,
2969 622 3016 668 et
3053 613 3194 668 testis
3221 611 3549 666 adhibebitur
3595 612 3654 674 in
3697 623 3816 674 terra

2232 709 2529 782 Benjamin,
2563 719 2609 764 et
2631 710 2684 762 in
2707 709 2924 768 circuitu
2944 707 3256 772 Jerusalem,
3279 707 3333 760 in
3351 707 3650 772 civitatibus
3667 705 3816 774 Iuda,

2231 802 2353 854 etin
2385 800 2672 854 civitatibus
2703 801 2983 868 montanis,
3007 809 3054 854 et
3075 800 3127 854 in
3149 798 3438 854 civitatibus
3459 799 3816 872 campestribus

2233 893 2372 965 (sive
2404 891 2658 964 Sephela)
2704 902 2748 946 et
2791 894 2843 946 in
2873 891 3166 946 civitatibus
3207 889 3388 964 Nagcb
3438 891 3567 964 (hoc
3596 901 3678 948 est
3721 909 3818 962 qua:

2229 987 2299 1038 ad
2322 997 2558 1040 austrum
2584 985 2753 1058 sunt),
2795 986 2921 1056 quia
2951 995 3240 1038 convertam
3263 985 3616 1054 captivitatem
3638 1001 3817 1051 eorum,

2229 1077 2303 1132 ait
2331 1077 2604 1132 Dominus.
2638 1077 2766 1133 Haec
2787 1077 2939 1148 juxta
2975 1075 3235 1143 litteram,
3289 1076 3414 1132 licet
3445 1077 3500 1130 in
3533 1086 3664 1150 typo
3693 1092 3818 1148 pne-

2229 1173 2496 1228 cesscriut
2543 1182 2666 1244 post
2725 1173 2961 1228 reditum
3014 1171 3082 1226 de
3131 1170 3449 1240 Chaldaeis,
3508 1171 3725 1240 quando
3763 1171 3820 1226 ad

2229 1267 2357 1338 Cyri
2405 1267 2548 1338 regis
2595 1264 2884 1336 imperium
2935 1279 3190 1320 reversus
3241 1274 3324 1318 est
3371 1263 3614 1334 populus
3653 1263 3704 1318 in
3741 1263 3821 1322 lu-

2229 1359 2402 1414 dieam
2441 1377 2453 1410 :
2489 1367 2669 1414 tamen
2712 1358 3073 1430 spiritualiter
3105 1358 3157 1412 in
3186 1355 3409 1413 Christo
3461 1369 3518 1414 et
3561 1358 3822 1428 Apostolis

2231 1455 2414 1508 verius
2441 1454 2770 1525 pleniusque
2797 1455 3166 1522 complentur.
3210 1451 3365 1510 Tunc
3405 1463 3462 1508 et
3505 1453 3748 1509 homines
3775 1447 3822 1514 et

2228 1541 2474 1614 jumenta
2527 1543 2737 1600 reducti
2768 1554 2893 1598 sunt
2925 1543 2976 1598 in
3009 1543 3310 1599 Ecclesium
3338 1543 3490 1614 juxta
3528 1545 3662 1600 illud
3693 1545 3821 1616 quod

2229 1641 2490 1708 scriptum
2505 1647 2590 1694 est
2607 1654 2619 1691 :
2637 1639 2868 1694 homines
2891 1649 2935 1692 et
2949 1639 3186 1709 jumenta
3205 1623 3374 1694 salvos
3391 1640 3578 1710 (acies,
3596 1636 3820 1706 Domine,

529 1743 736 1814 pepigit
777 1745 1174 1814 sempiternum
1209 1761 1222 1796 ς
1260 1757 1360 1796 nec
1389 1741 1609 1798 desinet
1655 1740 1812 1796 nobis
1845 1741 1984 1796 ultra
2029 1740 2124 1794 bc-
2163 1727 2205 1788 Β
2238 1731 2536 1788 rationales
2565 1732 2767 1802 quique
2795 1740 2850 1786 et
2876 1730 3176 1799 simplices.
3201 1729 3356 1785 Tune
3382 1733 3498 1804 agri
3519 1732 3686 1802 empti
3711 1741 3822 1794 sunt

529 1836 803 1894 nefacere.
833 1837 1102 1908 Quodque
1127 1837 1374 1910 sequitur
1408 1854 1422 1890 :
1451 1837 1516 1890 Et
1547 1837 1792 1892 timorem
1812 1853 1980 1888 meum
2000 1834 2132 1890 dabo

528 1929 580 1984 in
607 1929 761 1984 corde
792 1945 994 1998 eorum,
1031 1940 1208 1984 utnon
1256 1929 1500 1984 recedant
1545 1946 1575 1982 a
1621 1944 1698 1982 me
1727 1969 1741 1994 ,
1779 1927 1862 1984 sic
1899 1928 2130 1984 liberum

527 2021 694 2076 donat
724 2021 1036 2090 arbitrium,
1067 2031 1124 2078 ut
1159 2031 1340 2078 tamen
1368 2020 1486 2092 ipse
1517 2021 1682 2076 timor
1722 2020 1814 2088 qui
1848 2019 2130 2090 tribuitur,

525 2115 700 2186 gratia
757 2125 1080 2190 permaneat
1124 2115 1422 2188 largitoris.
1455 2125 1480 2152 τι
1506 2115 1774 2186 Cumque,
1823 2114 2026 2186 inquit,
2053 2115 2132 2168 eis

525 2207 856 2264 benefacere
887 2250 902 2274 ,
952 2207 1200 2264 laetabor.
1271 2207 1484 2270 Gaudet
1543 2208 1750 2279 quippe
1799 2207 1928 2278 quia
1981 2206 2133 2262 videt

521 2311 836 2358 creaturam
853 2319 946 2358 sua
959 2320 1007 2356 ιιι
1029 2318 1150 2358 esse
1171 2301 1462 2358 salvatam.
1488 2301 1646 2357 Unde
1665 2309 1723 2355 et
1744 2299 2004 2372 gaudium
2017 2300 2132 2356 All?

519 2394 768 2468 gelorum
787 2406 868 2450 est
893 2395 946 2448 in
973 2395 1128 2450 ccelis
1143 2409 1308 2464 super
1330 2410 1438 2450 uno
1453 2402 1742 2464 peccatore
1753 2392 2130 2464 [mtiitcntiam

514 2501 714 2560 agente
741 2489 896 2562 (Luc.
933 2489 1032 2562 xv)
1064 2531 1076 2546 .
1113 2488 1182 2544 Et
1225 2489 1491 2560 plautabo,
1547 2489 1746 2560 inquit,
1788 2505 1872 2542 eos
1909 2489 1962 2542 in
1992 2498 2129 2542 terra

517 2583 621 2640 ista
641 2582 696 2646 in
717 2583 946 2650 veritate,
977 2583 1092 2638 sive
1125 2583 1210 2652 (ut
1247 2581 1390 2638 LXX
1427 2579 1856 2652 transtulerunt)
1899 2581 1954 2634 in
1999 2580 2124 2650 ﬁde,

521 2683 580 2728 ut
613 2675 827 2746 proprie
850 2673 1123 2746 signiﬁcet
1153 2675 1412 2744 pepulttm
1437 2673 1812 2730 Christianum
1854 2673 2012 2744 cujus
2045 2689 2130 2728 rc-

521 2767 648 2838 ligio
697 2767 836 2824 ﬁdes
872 2775 977 2822 est.
1015 2764 1084 2820 In
1116 2777 1222 2820 toto
1271 2768 1426 2822 corde
1455 2783 1600 2832 meo,
1646 2778 1693 2820 et
1723 2769 1774 2820 in
1815 2775 1922 2822 tota
1951 2769 2124 2820 anima

521 2877 656 2914 mea.
701 2859 756 2914 Si
793 2858 1010 2918 Domini
1041 2859 1206 2914 verba
1237 2867 1362 2914 sunt
1413 2859 1735 2924 Salvatoris,
1769 2867 1922 2914 recte
1945 2874 2041 2914 cor
2069 2869 2126 2914 et

519 2951 700 3006 anima
722 2950 838 3022 ejus
869 2951 1135 3016 creditur,
1164 2951 1254 3022 qui
1284 2952 1417 3006 dicit
1441 2951 1494 3006 in
1524 2951 1814 3022 Evangelio
1841 2969 1854 3004 :
1885 2951 2126 3006 Potesta-

516 3055 616 3100 tent
641 3045 802 3100 habeo
840 3045 1065 3117 ponendi
1091 3045 1320 3098 animum
1343 3062 1530 3110 meam,
1557 3056 1604 3100 et
1626 3055 1928 3118 potestatem
1960 3045 2124 3100 habeo

2239 1827 2492 1898 pecunia,
2524 1835 2584 1880 ut
2607 1824 2916 1880 faceremus
2941 1825 3096 1880 nobis
3129 1825 3338 1882 amicos
3361 1827 3428 1888 tle
3457 1827 3644 1898 iniquo
3670 1843 3824 1882 main-

2239 1935 2433 1988 mona,
2485 1920 2576 1990 qui
2621 1933 2720 1984 nos
2772 1918 3083 1988 reciperent
3133 1918 3184 1976 in
3233 1927 3438 1978 arterna
3491 1918 3820 1976 tabernacula

2241 2003 2392 2078 (Luc.
2425 2009 2562 2078 χιιι).
2597 2007 2666 2064 Ει
2698 2010 2884 2080 scripti
2913 2008 2966 2062 in
2997 2010 3160 2076 libro,
3192 2009 3330 2064 haud
3357 2009 3586 2078 dubium
3605 2011 3726 2084 quin
3748 2011 3819 2066 vi-

2239 2103 2496 2154 ventium.
2535 2101 2602 2154 Et
2635 2102 2964 2172 impressum
2989 2113 3069 2157 est
3089 2102 3301 2180 signum
3325 2103 3516 2160 vexilli
3547 2104 3820 2162 Dominicis

2233 2191 2416 2246 crucis
2446 2202 2608 2262 atque
2639 2193 2882 2248 victoria:
2909 2209 2924 2259 ;
2954 2201 3010 2248 et
3050 2203 3219 2248 testes
3245 2193 3475 2250 adhibiti
3521 2205 3648 2250 sunt
3699 2197 3816 2252 Illar-

2236 2296 2402 2358 tyres,
2457 2297 2512 2344 et
2559 2289 2735 2342 omnis
2763 2298 3078 2344 sanctorum
3111 2287 3332 2344 chorus.
3383 2287 3439 2344 In
3469 2300 3614 2352 terra
3647 2289 3820 2358 Benja-

2235 2381 2368 2448 min,
2405 2380 2494 2434 ubi
2520 2391 2602 2434 est
2631 2381 2844 2436 Douiiui
2878 2380 3164 2447 fortitudo,
3193 2393 3246 2438 ct
3278 2380 3330 2436 in
3364 2381 3598 2436 circuitu
3620 2381 3818 2438 Jerusa-

2235 2471 2364 2538 lem,
2402 2473 2454 2526 in
2485 2489 2588 2544 (ιιι-ι
2617 2483 2704 2530 est
2731 2473 2873 2528 visio
2905 2475 3079 2546 pacis,
3113 2485 3168 2542 et,
3197 2487 3400 2530 aeterna
3441 2478 3740 2536 secaritas:
3769 2473 3816 2532 in

2147 2573 2156 2578 ·
2232 2565 2545 2621 civitatibus
2576 2565 2602 2624 J
2613 2567 2740 2634 uda,
2762 2567 2814 2622 iu
2840 2567 3038 2638 quibus
3061 2577 3144 2624 est
3165 2567 3366 2626 Christi
3389 2585 3518 2626 vera
3540 2570 3814 2628 confessio.

2231 2661 2298 2716 Et
2325 2661 2380 2714 in
2415 2662 2730 2718 civitatibus
2763 2665 3068 2730 montanis,
3117 2665 3186 2720 de
3231 2665 3430 2736 quibus
3478 2681 3582 2728 una
3611 2674 3730 2732 est,
3757 2664 3818 2722 de

2231 2771 2334 2826 qua
2363 2757 2561 2810 dicitur
2595 2773 2607 2808 :
2638 2773 2738 2810 non
2773 2765 2939 2826 potest
2965 2758 3144 2822 ciuitas
3171 2757 3418 2816 abscondi
3451 2759 3502 2816 in
3537 2769 3704 2814 monte
3737 2775 3816 2828 po-

2227 2849 2330 2902 sita
2361 2846 2582 2918 (Matth.
2619 2847 2695 2919 v).
2731 2849 2796 2904 Et
2828 2850 2880 2902 in
2916 2849 3229 2916 civitatibus
3254 2851 3677 2922 campestribus,
3711 2865 3816 2922 qua:

2229 2937 2496 2996 llebraice
2523 2941 2873 3011 appellantur
2893 2957 3172 3008 seruem;-
3199 2951 3256 2998 ut
3275 2942 3344 3000 de
3367 2944 3652 3014 profundis
3671 2953 3816 3016 atque

2227 3031 2505 3102 depressis
2553 3049 2649 3104 per
2695 3049 3013 3104 camporum
3073 3035 3444 3106 atqualitatem
3505 3037 3574 3102 ad
3623 3049 3814 3100 summa

515 3140 701 3196 iterum
731 3139 970 3194 sumendi
1009 3137 1160 3194 illant
1191 3137 1368 3210 (Joan.
1421 3157 1476 3205 κ,
1525 3138 1638 3212 18).
1674 3139 1770 3196 Sin
1819 3151 2002 3196 autem
2051 3157 2118 3194 ex

2227 3127 2563 3196 gradiamur.
2597 3127 2664 3182 Et
2709 3127 3022 3182 civitatibus
3067 3143 3189 3197 quae
3235 3129 3302 3182 ad
3352 3139 3598 3190 austrum
3659 3138 3810 3194 sunt;

517 3247 752 3302 persona
781 3233 878 3290 Dei
906 3231 1083 3288 Patris
1115 3233 1438 3302 accipimus,
1468 3231 1770 3288 secundum
1801 3231 1932 3288 illud
1963 3232 2122 3290 intel-

513 3325 794 3400 ligendum
846 3335 932 3382 cst
964 3342 976 3378 :
1031 3325 1351 3388 Neomenias
1378 3334 1574 3386 vestras
1599 3334 1646 3378 et
1676 3325 1912 3392 sabbata,
1945 3333 1992 3380 et
2017 3326 2123 3378 dies

513 3419 670 3490 festos
708 3419 816 3476 odit
847 3419 1020 3472 anima
1047 3434 1180 3472 mea.

583 3512 766 3586 (Vers.
797 3511 868 3576 41
899 3512 1094 3582 seqq.)
1138 3511 1276 3578 Quia
1313 3513 1421 3566 ha'c
1471 3512 1596 3574 dicit
1638 3511 1938 3574 Dominus:
1983 3512 2120 3566 sicut

511 3603 709 3658 adduxi
738 3619 890 3676 super
913 3602 1162 3674 pupulum
1185 3603 1341 3658 istunt
1371 3620 1520 3658 omne
1537 3604 1730 3660 malum
1751 3601 1850 3658 hoc
1872 3603 2073 3676 grande
2095 3619 2115 3660 .'

509 3695 585 3764 sic
614 3695 872 3747 adducam
899 3709 1054 3763 super
1085 3711 1172 3748 eos
1218 3710 1367 3750 omne
1397 3695 1583 3748 bonum
1626 3697 1763 3764 quod
1795 3711 1886 3766 ego
1931 3693 2116 3764 loquor

511 3785 580 3846 ad,
605 3801 714 3840 eos.
737 3781 806 3838 Et
836 3782 1239 3855 possidebuntur
1260 3786 1370 3856 agri
1396 3785 1454 3844 in~
1482 3795 1618 3840 terra
1645 3786 1766 3854 ista,
1799 3785 1863 3842 de
1903 3802 2001 3854 qua
2031 3802 2118 3842 vos

579 3929 606 3956 ει
638 3918 736 3974 liie
765 3918 982 3972 demum
1033 3917 1300 3988 glossema
1347 3917 1492 3985 quod
1522 3917 1590 3974 de
1619 3932 1720 3974 suo
1749 3919 1901 3974 addit
1931 3921 2110 3977 Raba-

507 4007 634 4058 nus,
665 4001 720 4046 et
747 3991 848 4046 sub
879 3989 1194 4060 Hieronymi
1227 3991 1450 4048 nomine
1469 3989 1522 4044 in
1544 3990 1970 4048 Commentariis
2011 3995 2108 4048 ob-

503 4065 744 4118 truditur
767 4105 780 4128 ,
814 4062 1268 4134 describereiion
1301 4062 1442 4134 piget
1477 4079 1490 4115 :
1527 4061 1770 4118 Ezechiel
1799 4081 2001 4134 quoque
2038 4068 2116 4120 ait

506 4136 650 4207 (cap.
681 4149 755 4200 ιιι,
788 4147 931 4207 vers.
969 4131 1057 4202 19)
1093 4149 1104 4186 :
1134 4130 1198 4184 Et
1229 4130 1462 4207 dubo’eis
1492 4149 1580 4207 cu_r
1609 4130 1878 4207 novunrﬁ.
1898 4130 1963 4188 Et
2005 4139 2109 4190 sint

505 4202 634 4259 mihi
661 4207 714 4258 in
747 4205 995 4272 p0pulum
1021 4213 1070 4256 et
1095 4219 1192 4270 ego
1219 4205 1318 4257 sint
1347 4205 1418 4258 eis
1447 4206 1500 4256 iu
1531 4202 1720 4258 Deam.
1759 4206 1956 4272 Quibus
1989 4225 2105 4259 ma-

507 4277 837 4347 nifestissime
865 4275 1236 4347 perducemur,
1283 4283 1334 4328 et
1379 4275 1586 4347 initium
1631 4277 1912 4332 voluntatis
1959 4277 2107 4334 bona

505 4345 651 4402 nobis
683 4345 908 4400 Domino
935 4345 1225 4418 inspirante
1253 4345 1464 4400 concedi
1486 4388 1502 4416 ,
1547 4361 1664 4402 cum
1692 4358 1782 4404 aut
1812 4365 1906 4420 per
1933 4366 1988 4404 se
2016 4361 2108 4406 aut

530 4481 874 4512 IIP———-!-'

2225 3221 2370 3290 quod
2405 3219 2595 3293 Nageb
2625 3219 2770 3275 LXX
2803 3223 3226 3290 transtulerunt,
3262 3221 3348 3276 ubi
3383 3233 3468 3278 est
3497 3223 3812 3288 meridiesel

2223 3313 2384 3382 plena
2435 3313 2528 3369 lux
2577 3313 2844 3368 veritatis.
2894 3315 3030 3368 Cum
3079 3325 3260 3376 autem
3307 3316 3422 3370 ba-c
3466 3316 3646 3370 omnia
3689 3315 3806 3370 facta

2219 3407 2450 3474 fuerint,
2488 3409 2815 3478 implebitur
2862 3408 3006 3480 quod
3057 3409 3327 3482 scriptum
3361 3420 3446 3472 est
3480 3429 3494 3464 :
3527 3409 3808 3472 concertant

2221 3505 2570 3576 captivitatem
2600 3520 2808 3572 eorum,
2841 3506 2915 3560 ait
2953 3504 3205 3562 Dominus
3233 3548 3246 3572 ,
3301 3505 3372 3562 de
3409 3521 3520 3578 quo
3563 3505 3804 3575 scriptum

2222 3608 2307 3654 est
2341 3616 2355 3653 :
2409 3599 2690 3654 ascendens
2721 3599 2774 3664 in
2804 3599 2970 3652 altunt
2997 3599 3254 3670 captiuam
3285 3599 3436 3653 duxit
3479 3600 3806 3672 captivitatem

2226 3691 2405 3766 (Psal.
2440 3707 2619 3758 vau,
2654 3690 2768 3762 l9).
2813 3692 3064 3760 Accepit,
3099 3693 3214 3746 sive
3263 3689 3344 3764 (ut
3383 3679 3678 3764 Apostolus
3719 3687 3800 3762 ait)

2227 3787 2368 3842 dedit
2399 3786 2539 3840 dona
2565 3785 2859 3842 hominibus
2890 3783 3116 3856 (Ep/tes.
3149 3801 3223 3854 tv,
3255 3783 3333 3860 8).

2213 3941 2304 3996 per
2333 3925 2759 3998 exhortationem,
2785 3925 3062 3996 cujuslibet
3097 3927 3320 3982 hominis
3341 3967 3355 3992 ,
3388 3937 3484 3982 aut
3513 3945 3606 3998 per
3645 3941 3800 3982 neces-

2215 3999 2412 4052 sitatam
2461 4014 2552 4071 nos
2582 3998 2650 4050 ad
2673 3997 2868 4071 salutis
2901 3999 3138 4071 attrahit
3181 4001 3312 4052 nium
3358 4009 3406 4054 et
3455 3997 3798 4071 perfectionem

2215 4071 2456 4140 uirtutum
2490 4069 2554 4124 ab
2583 4069 2768 4122 eodem
2791 4069 3032 4140 similiter
3074 4071 3392 4135 condonari;
3433 4069 3664 4140 nostrum
3696 4083 3800 4140 erro

2214 4137 2311 4212 hoc
2358 4156 2521 4212 esse,
2559 4149 2612 4193 ut
2659 4141 2728 4212 ad
2777 4137 3226 4206 exhortationem,
3275 4137 3636 4212 auxiliumque
3679 4139 3796 4208 Dei,

2215 4209 2294 4285 rel
2323 4211 2609 4278 remissius,
2641 4211 2724 4285 rel
2753 4213 3426 4285 enixiusexsequumunet
3457 4209 3560 4285 pro
3595 4211 3688 4266 hoc
3717 4223 3800 4264 nos

2213 4282 2288 4336 vel
2335 4283 2846 4363 remunerationem,
2901 4281 2978 4338 vel
3025 4281 3282 4354 supplicia
3333 4281 3638 4358 dignissima
3691 4297 3800 4354 ρίου

2213 4369 2398 4408 mereri
2409 4393 2422 4408 .

968 4580 1084 4653 ΙΝ
1154 4579 1865 4667 SUBSEQUENT
1879 4578 1998 4654 ES
2071 4581 2615 4654 HOMILIAS
2688 4582 3338 4666 ADMONITIO.

404 4889 410 4894 _
578 4818 676 4878 Diu
710 4817 1048 4886 multumque
1070 4812 1139 4882 de
1165 4809 1357 4870 Latino
1385 4812 1844 4884 subsequentium
1885 4811 1940 4870 iu
1986 4812 2137 4869 Isaia:
2157 4811 2411 4870 Visiones
2461 4812 2819 4874 llomiliarum
2853 4815 3160 4891 Interprete
3204 4819 3598 4892 dubitavimus,
3645 4823 3795 4894 tuerit

499 4931 674 4974 necne
703 4927 926 4982 magnus
961 4911 1354 4980 Hieronymus,
1399 4923 1466 4962 an
1501 4908 1623 4977 ejus
1656 4908 1760 4970 aevi
1777 4907 1916 4962 alius
1969 4907 2258 4978 quispiam.
2311 4909 2372 4964 Et
2405 4923 2528 4968 cum
2562 4911 2728 4974 multa
2759 4913 2976 4982 quidem
3003 4915 3060 4982 in
3083 4926 3368 4990 utramque
3395 4931 3604 4990 partem
3650 4935 3793 4992 argu-

501 5018 685 5066 menta
706 5013 1054 5062 occurrerent
1075 5003 1265 5068 menti,
1295 5001 1520 5058 fortiora
1547 5011 1724 5058 tamen
1748 5001 1878 5060 olim
1901 5000 1952 5055 iu
1982 5001 2310 5058 contrariam
2343 5001 2420 5056 ita
2449 5002 2566 5058 visa
2595 5014 2744 5071 sunt,
2769 5015 2828 5068 ut
2853 5006 2906 5062 in
2937 5006 3120 5078 priore
3148 5021 3332 5074 nostra
3357 5011 3794 5088 Hieronymum...

500 5122 622 5168 rum
650 5103 892 5174 Operum
929 5098 1276 5164 recensione,
1310 5108 1436 5160 ante
1466 5112 1640 5156 annos
1671 5098 1884 5170 triginta
1913 5097 2138 5168 etquod
2165 5101 2434 5166 excurrit,
2467 5099 2695 5156 Verona:
2723 5103 3023 5174 adornata,
3050 5122 3176 5168 eam
3204 5109 3708 5181 ἰιιιει-ριιειςιιίοωιῃ
3735 5109 3790 5170 5.

500 5195 718 5258 Doctori
769 5191 1149 5252 censum-imus
1197 5187 1635 5258 abiudicandam.
1669 5189 1829 5260 Fugit
1853 5204 1984 5248 vero
2010 5200 2137 5244 tunc
2165 5205 2289 5258 nos,
2324 5201 2414 5246 aut
2448 5203 2596 5252 certe
2627 5208 2740 5250 non
2766 5196 2906 5252 tanti
2931 5198 3102 5256 visum
3135 5212 3242 5268 est,
3273 5202 3624 5266 ineluctabile
3644 5219 3792 5277 argu-

499 5302 738 5352 mentqu
772 5287 924 5354 illud,
949 5285 1098 5356 quod
1121 5299 1192 5342 ex
1226 5283 1410 5350 Rufini.
1439 5285 1649 5346 eruitur
1677 5285 2113 5342 luculentissima
2142 5287 2478 5356 testimonio,
2509 5290 2641 5362 ubi(
2669 5290 2759 5345 lib.
2795 5309 2847 5347 st
2879 5294 3147 5367 Apologia:
3173 5313 3304 5362 suae,
3333 5315 3482 5360 ruina.
3513 5301 3582 5356 27
3605 5301 3624 5372 )
3651 5313 3789 5372 qure-

497 5390 618 5450 daiu
655 5393 808 5442 uetat
833 5381 902 5438 de
921 5378 1128 5450 Graecis
1155 5377 1490 5446 Adamantii,
1525 5377 1580 5434 in
1605 5377 1802 5450 quibus
1826 5377 2020 5436 Latine
2059 5381 2340 5446 vertendis
2373 5382 2738 5455 Hieronymus
2768 5399 2955 5444 noster
2983 5389 3150 5456 nimia
3183 5389 3438 5450 libertate
3461 5409 3596 5452 usus
3617 5392 3788 5460 fuerit,

495 5484 675 5556 deque
707 5475 1011 5544 erroribus,
1045 5471 1245 5541 quibus
1273 5471 1368 5540 illa
1387 5470 1694 5535 scatebant.
1731 5487 1830 5530 eos
1858 5471 2160 5538 dumtaxat,
2187 5475 2278 5542 qui
2311 5475 2586 5536 advorsari
2613 5478 2896 5540 catholica:
2921 5480 2994 5538 de
3019 5481 3286 5540 Trioitate
3311 5483 3442 5548 fidei
3460 5487 3786 5554 vnter-eatur.

494 5574 800 5640 sustulerit,
827 5571 932 5626 alia
957 5569 1022 5624 ad
1055 5568 1424 5638 prebatiorem
1447 5581 1674 5630 sensum
1699 5567 2022 5640 quibusdam
2049 5566 2272 5638 additis,
2303 5571 2632 5641 quibusdam
2659 5573 2922 5632 detractis
2964 5579 3256 5634 recoxerit.
3285 5578 3440 5647 Quod
3467 5591 3528 5638 ut
3555 5581 3786 5651 exemplo

497 5671 738 5734 evincat,
781 5669 962 5730 tiu-usu
1011 5665 1236 5730 admittit
1255 5681 1320 5722 ex
1351 5665 1586 5734 istarum
1604 5665 1967 5736 uouebat-unt
2019 5665 2215 5736 prima,
2245 5667 2338 5723 ubi
2366 5679 2647 5740 postquam
2677 5671 2840 5728 vertit
2865 5671 3266 5744 Hieronymus:
3301 5674 3412 5742 Qui
3431 5687 3552 5730 sunt
3577 5677 3670 5732 ista
3692 5677 3784 5730 duo

497 5761 814 5838 egw-“ptum?
841 5759 1246 5824 maritimarum
1277 5757 1432 5820 Jesus
1459 5757 1696 5820 Christus
1725 5759 2022 5829 el-Spiritus
2040 5769 2272 5830 sanctus,
2290 5762 2360 5820 de
2381 5777 2480 5826 suo
2511 5763 2680 5830 addit,
2703 5763 2782 5820 Ne
2806 5773 2952 5835 putes
2977 5765 3243 5826 Trinitatis
3271 5769 3526 5828 dissidere
3541 5781 3782 5844 naturam.
