3972 6332
152 250 252 318 tot
843 246 1284 320 TRANSLATlO
1314 263 1672 322 HOMILIAR.
1716 263 2040 324 URIGENIS
2078 264 2166 322 ιιι.
2193 264 2502 323 vrsmurs
2540 263 2765 323 Istue.
3345 265 3473 326 ros

146 378 192 428 si
216 375 499 431 nominum
539 385 809 431 servatum-
857 378 1060 448 ofﬁcia.
1125 379 1404 436 Ilabentur
1431 389 1612 434 autem
1645 379 1760 435 haec
1787 380 1949 436 verba
1979 383 2108 437 κατὰ
2125 382 2254 447 λέξιν
2285 381 2512 435 bomilia
2537 382 2637 436 ista
2659 381 2832 449 prima
2867 379 3027 448 paulo
3056 389 3178 450 post
3209 382 3470 448 medium.

151 472 246 526 Est
271 473 446 541 igitur
482 473 599 528 haec
628 470 920 528 manifesto
947 472 1046 527 abs
1071 471 1405 543 Hieronymo
1457 473 1650 529 Latino
1676 476 1911 542 reddita,
1948 491 2046 529 nec
2072 491 2234 543 porro
2266 475 2432 529 dubio
2461 476 2702 543 reliquus
2728 487 2851 528 esse
2883 474 3035 527 locus
3090 485 3286 542 potest,
3341 477 3476 544 quin

151 576 298 620 totus
326 567 376 620 is
407 568 548 623 liber
577 566 898 637 singularis,
927 583 1035 636 quo
1063 567 1286 638 reliquae
1314 579 1439 623 octo
1471 570 1840 636 continentur,
1873 569 2051 625 eidem
2081 568 2154 622 sit
2183 570 2240 624 S.
2275 568 2418 622 Patri
2450 567 2829 623 ascribendus.
2860 567 3046 635 Neque
3067 568 3211 622 enim
3235 578 3330 622 aut
3359 570 3474 624 Bu-

153 663 296 716 iintts
357 658 589 713 mentiri
634 668 785 714 tanta
836 662 1190 728 conﬁdentia,
1247 672 1304 716 ιιι
1345 662 1580 717 alienum
1627 663 1791 717 {etum
1846 663 2182 734 Hieronymo
2213 661 2555 728 obtrudi-ret,
2590 670 2681 716 aut
2706 663 2975 732 potuisset
3007 663 3065 716 S.
3090 661 3203 732 ipse
3233 663 3392 718 Pater
3425 664 3481 718 in

150 754 526 823 responsione
546 762 709 808 tanta
739 755 1027 812 calumniae
1054 756 1252 809 tacitus
1279 755 1400 809 odia
1426 771 1792 826 concoquere.
1824 755 1970 810 Nihil
1995 757 2132 811 adeo
2172 757 2428 811 evincunt
2455 756 2654 825 priora,
2689 772 2808 826 qua:
2834 759 3159 826 lugebamus
3183 758 3235 812 in
3259 768 3481 813 contra»

153 848 294 903 rium
336 859 695 917 argumenta,
747 857 803 903 et
849 864 972 903 cum
1036 849 1226 914 primis
1279 850 1555 904 silentium
1589 851 1646 906 S.
1691 849 1868 904 Patris
1907 852 1958 903 in
1987 850 2271 920 Catalogo,
2303 851 2390 904 ubi
2415 851 2855 916 nliasbomilias,
2882 853 2936 905 in
2968 852 3290 918 Jeremiam,
3324 865 3476 922 puta,

155 940 510 996 Ezecliielem
540 950 595 997 et
625 941 824 996 Lucam
885 942 1204 1008 singillatim
1254 953 1520 1006 recenset,
1551 943 1649 996 bas
1683 958 1814 997 vero
1847 944 1896 995 in
1929 941 2125 996 lsaiam
2160 957 2387 1012 prorsus
2419 951 2601 997 tacet:
2630 943 2760 1013 quin
2790 945 2955 998 etiam
2992 951 3132 999 tacet
3155 945 3207 998 in
3237 945 3338 998 hoc
3359 946 3480 1016 ipso

150 1031 573 1090 Commentario
592 1051 713 1100 suo,
747 1045 803 1090 et
836 1034 1055 1092 Prii-fat.
1089 1034 1399 1090 Comment.
1427 1036 1479 1089 in
1528 1036 1742 1096 Isaiam,
1777 1033 1870 1088 ubi
1897 1044 2076 1088 tamen
2111 1035 2230 1088 illas
2254 1034 2433 1106 viginti
2461 1035 2689 1104 quinque
2725 1033 2992 1096 homilias,
3037 1035 3106 1088 de
3132 1035 3329 1104 quibus
3359 1039 3478 1093 ista:

153 1141 327 1178 novem
359 1134 512 1191 sunt,
543 1124 745 1193 laudat,
775 1140 837 1179 ae
864 1125 1149 1180 videbatur
1179 1126 1395 1195 quidem
1423 1133 1644 1193 accepta
1673 1125 1960 1178 occasione
1986 1124 2246 1179 debuisse
2269 1124 2340 1178 de
2366 1124 2550 1180 labore
2573 1125 2676 1180 hoc
2701 1139 2802 1179 suo
2832 1126 3078 1195 legentes
3099 1141 3342 1182 mouere.
3371 1129 3483 1182 llu-

152 1218 238 1288 jus
273 1219 355 1274 rei
383 1235 610 1275 causam
638 1237 744 1274 non
783 1220 949 1275 aliam
1003 1219 1165 1275 facile
1190 1218 1422 1285 dixeris,
1451 1234 1762 1288 quamqua:
1793 1233 1940 1274 nunc
1964 1218 2124 1274 nobis
2153 1220 2204 1272 in
2237 1227 2476 1272 mentem
2509 1219 2680 1274 venit...
2737 1219 3002 1273 Nimirum
3031 1234 3167 1289 opus
3192 1221 3334 1276 istud
3365 1240 3412 1292 ιιι
3435 1232 3488 1280 st

153 1313 438 1368 conditum
464 1314 684 1384 quidem
712 1311 1029 1384 Catslogum
1059 1328 1281 1368 suorum
1305 1313 1569 1381 Operam,
1601 1311 1695 1367 sed
1721 1312 1880 1379 paulo
1904 1322 2086 1368 tamen
2110 1328 2274 1382 quam
2306 1312 2526 1382 Origeni
2555 1313 2820 1368 infensior
2841 1329 2964 1367 esse
2998 1314 3273 1381 tmpisset,
3300 1320 3486 1372 elucu-

157 1409 359 1464 bravit.
388 1409 501 1463 Nec
535 1407 772 1464 fortasse
803 1418 988 1462 tamen
1034 1406 1432 1478 recognoverit,
1483 1408 1627 1477 quod
1661 1409 1874 1463 cautior
1901 1409 1951 1461 in
1982 1407 2102 1464 dies
2128 1408 2302 1464 Iactus
2332 1408 2640 1463 Adamanlii
2687 1413 2887 1482 scripta
2935 1417 3088 1485 parvi
3117 1417 3340 1485 coeperit
3388 1424 3483 1471 aut

157 1503 304 1557 ﬂocci
339 1502 559 1564 facere;
595 1517 789 1560 revera
815 1502 960 1557 enim
993 1510 1096 1557 hoc
1126 1503 1247 1572 ipso
1278 1503 1330 1556 in
1364 1517 1531 1570 opere
1556 1500 2090 1558 Commentariorum
2133 1504 2188 1558 in
2225 1502 2420 1558 isaiam
2447 1504 2545 1558 lib.
2577 1520 2610 1558 v
2638 1505 2784 1560 illum
2817 1508 2912 1571 ait,
2963 1509 3240 1582 Allegorice
3291 1512 3484 1582 caninis

155 1596 384 1667 evagari,
412 1603 463 1650 et
485 1596 843 1662 interpretatis
867 1595 1161 1649 nominibus
1184 1596 1532 1666 singulorum,
1557 1597 1820 1669 ingenium
1847 1615 1997 1652 suum
2022 1609 2191 1668 facere
2213 1598 2462 1653 Ecclesiae
2481 1612 2824 1657 san'amenta.
2859 1602 2975 1657 Non
3020 1617 3136 1659 erat
3164 1606 3348 1676 igitur,
3387 1622 3484 1659 cur

151 1686 236 1742 illa
279 1697 652 1751 memoraret,
702 1697 755 1741 et
795 1689 912 1740 suis
953 1685 1181 1756 legenda
1228 1698 1584 1757 proponeret,
1617 1703 1742 1757 qua:
1782 1689 2104 1760 sibimetipsi
2131 1707 2238 1745 non
2267 1693 2401 1744 satis
2433 1692 2802 1760 probarentur
2833 1710 2938 1749 nou
2975 1698 3081 1762 sui,
3113 1698 3206 1752 sed
3237 1698 3487 1765 Origruis

151 1794 332 1836 causa.
369 1781 628 1834 Accessit
651 1779 798 1849 quod
829 1794 932 1834 una
962 1791 1126 1848 atque
1157 1781 1327 1834 altera
1359 1797 1422 1834 ex
1459 1781 1542 1834 bis
1575 1781 1860 1854 bomiliis(
1893 1795 1944 1836 ιιι
1978 1784 2249 1854 deqniuta
2280 1786 2563 1852 sg-eciatim
2590 1798 2833 1842 notatum
2858 1801 2936 1844 est
2971 1791 2989 1861 )
3019 1792 3071 1846 in
3093 1790 3275 1846 Grrrro
3306 1809 3490 1864 perpe-

151 1888 256 1926 ram
287 1873 442 1925 valde
476 1871 612 1941 fuit;
656 1872 940 1943 ideojuxta
976 1889 1182 1926 sensum
1208 1883 1256 1926 el
1286 1876 1538 1938 ordinem,
1577 1892 1680 1929 non
1727 1878 1883 1930 etiam
1931 1880 2078 1945 iuxta
2104 1878 2256 1932 verba
2279 1879 2548 1933 translata.
2585 1880 2900 1950 Hujnsntodi
2930 1895 3109 1940 autem
3149 1886 3318 1941 fetum
3372 1902 3481 1943 non

155 1980 320 2034 usque
341 1973 400 2020 et
423 1978 605 2034 usque
631 1978 692 2018 se
717 1972 868 2033 patre
890 1964 1111 2034 dignum
1147 1966 1313 2020 fuerit
1348 1967 1665 2023 arbitratus.

151 2111 3407 2142 __—._.._____..—________________________

779 2258 925 2376 S.
999 2256 1719 2382 EUSEBII
1793 2263 2879 2385 HIERONYMI

1262 2473 1838 2548 STRIDONENSIS
1880 2480 2378 2558 PRESBYTERI

1113 2659 2485 2811 TRANSLATIO

538 2891 2126 3065 HOMILIARUM
2255 2900 3088 3063 NOVEM

1275 3183 1397 3267 IN
1453 3184 1995 3271 VISIONES
2053 3186 2384 3270 ISAIJE

897 3395 1659 3508 ORIGENIS
1792 3397 2742 3506 ADAMANTH.

1491 3623 1816 3638 —._

1819 3625 2167 3638 —_

648 3793 927 3866 IIOMILIA
1036 3793 1266 3852 ΡιιιιιΑ.
1797 3797 1846 3854 Α
1879 3794 1980 3849 hoc
2027 3795 2098 3849 sit
2144 3803 2200 3849 ut
2239 3809 2426 3867 regnet
2476 3798 2527 3852 in
2579 3797 2736 3852 nobis
2781 3811 2964 3854 sermo
3028 3799 3146 3870 ejus
3170 3799 3263 3871 qui
3295 3798 3477 3858 dixit:

1873 3883 1989 3960 Ego
2043 3897 2213 3942 autem
2267 3890 2569 3946 constitutus
2636 3908 2753 3948 sum
2809 3907 2902 3950 rex
2941 3892 3010 3958 ab.
3051 3908 3113 3957 eo
3150 3896 3164 3960 (
3198 3892 3345 3952 Ριαι.
3405 3908 3482 3959 ιι,

1875 3976 1991 4048 6),
2044 3989 2100 4035 et
2161 3995 2268 4035 non
2325 3992 2518 4050 regnet
2588 3983 2690 4038 ira.
2750 3983 2846 4037 Est
2895 3984 3114 4054 quidem
3165 3994 3219 4040 et
3277 3984 3487 4054 peccati

1877 4084 1995 4136 rex.
2074 4071 2369 4134 Apostolus
2416 4071 2490 4126 ita
2534 4072 2738 4138 sciens,
2791 4074 2868 4126 ait
2902 4090 2913 4126 :
2947 4073 3070 4127 Non
3125 4091 3246 4145 ergo
3311 4085 3490 4147 regnet

171 3933 233 3990 Et
261 3940 463 4006 [aetum
485 3942 559 3988 cst
583 3930 639 3988 in
663 3951 800 3988 anno
839 3953 942 4003 quo
972 3945 1206 3989 mortuus
1243 3943 1318 3989 est
1343 3934 1500 3989 Ozias
1530 3951 1640 3999 rex,
1669 3933 1770 3987 vidi

201 4025 486 4083 Dominum
510 4027 767 4082 sedentem
796 4044 955 4096 super
975 4028 1162 4081 saliunt
1188 4027 1471 4082 excelsum.
1501 4026 1632 4096 Cap.
1654 4026 1742 4080 Vl.

239 4169 456 4244 ιιοι
494 4165 535 4238 l.
577 4165 842 4242 Quamdiu
873 4165 1028 4221 Osias
1059 4182 1148 4220 rex
1179 4165 1332 4232 vixit,
1361 4181 1466 4219 non
1493 4165 1665 4234 putuit
1694 4165 1772 4218 vi-

166 4258 370 4315 sionem
403 4257 595 4314 videre
627 4260 791 4314 Isaias
823 4258 1112 4330 pr0pbeta.
1145 4258 1270 4312 Erat
1290 4259 1435 4324 enim
1464 4256 1619 4314 Osias
1647 4271 1774 4328 pec-

167 4362 336 4418 cator,
365 4364 421 4409 et
451 4350 654 4420 faciens
683 4354 980 4424 malignum
1005 4363 1130 4408 ante
1155 4363 1506 4423 consttectum
1532 4351 1768 4420 Domini,

168 4455 219 4500 et
237 4462 403 4518 agens
426 4446 692 4501 adversus
724 4448 1054 4512 voluntatem
1081 4446 1277 4504 divinae
1309 4447 1462 4517 legis.
1491 4445 1776 4517 Ingressus

169 4548 246 4592 est
284 4539 553 4612 templum
577 4547 632 4592 et
672 4547 858 4598 sancta
905 4549 1244 4603 sanctorum,
1294 4548 1349 4593 et
1381 4538 1449 4592 ob
1486 4540 1585 4596 hoc
1620 4539 1772 4606 lepra

171 4630 420 4701 perfusus
457 4632 508 4684 in
545 4629 722 4684 fronte
752 4641 854 4696 est,
893 4631 966 4685 ita
996 4641 1053 4684 ut
1078 4639 1229 4685 extra
1263 4629 1540 4684 civitatem
1571 4628 1774 4686 vadens

171 4729 308 4784 inter
339 4727 657 4786 immundos
685 4736 1122 4798 computaretur.
1149 4727 1338 4782 Talem
1370 4727 1536 4798 igitur
1567 4724 1774 4796 princi-

171 4839 289 4894 pem
319 4824 518 4880 anima:
559 4833 774 4892 oportet
803 4824 967 4888 mori,
1017 4834 1074 4878 ut
1121 4821 1389 4882 visionem
1450 4821 1546 4876 Dei
1592 4819 1778 4876 videre

173 4918 467 4985 possimus.
498 4915 684 4987 Neque
731 4919 877 4971 enim
925 4917 1124 4972 frustra
1151 4916 1416 4986 scriptum.
1447 4925 1570 4972 est;
1605 4913 1670 4968 Et
1699 4917 1778 4985 fa-

173 5020 302 5064 ctum
329 5021 402 5065 est
426 5012 477 5062 in
498 5026 632 5074 anno
652 5027 753 5080 quo
785 5019 1016 5070 mortuus
1038 5019 1110 5064 est
1141 5009 1290 5068 θείω
1321 5027 1432 5074 rex,
1459 5009 1560 5072 uidi
1588 5008 1747 5062 Domi
1758 5037 1776 5047 -

174 5099 477 5171 numUsai.
522 5117 597 5164 v1,
653 5100 1060 5182 i).Uuicuique
1117 5111 1364 5164 nostrum
1417 5099 1551 5156 vivit
1599 5100 1774 5167 Osizts,

1875 4172 2142 4230 peccaturo
2166 4162 2218 4220 in
2245 4164 2450 4218 mortali
2474 4173 2634 4218 uestro
2665 4180 2881 4235 corpore
2911 4165 3090 4237 (Rom.
3121 4183 3195 4230 vt,
3222 4165 3336 4237 1‘2).
3380 4167 3477 4222 Mi-

1877 4255 2132 4310 serabilis
2165 4256 2255 4312 ille
2287 4258 2471 4324 homo,
2505 4256 2598 4312 cui
2621 4269 2901 4328 peceatum
2929 4269 3147 4330 regnat,
3177 4261 3266 4329 qui
3305 4259 3394 4330 tali
3420 4276 3481 4316 se

1881 4346 2042 4402 tradit
2065 4348 2201 4418 regi,
2234 4348 2542 4417 despiciens
2573 4365 2796 4418 regnum
2855 4350 2990 4418 Dei,
3024 4360 3077 4407 et
3103 4351 3400 4422 subjiciens
3423 4367 3489 4408 se

1881 4437 2164 4508 voluptati.
2197 4439 2488 4509 Propterea
2519 4442 2812 4512 voluptatis
2832 4455 3066 4512 amator,
3101 4464 3207 4506 non
3234 4455 3314 4501 est
3332 4461 3487 4508 ama;-

1883 4542 1968 4586 tor
1997 4532 2110 4588 Dei.
2137 4533 2203 4587 Et
2233 4534 2528 4602 secundum
2553 4536 2872 4603 Apostolum
2905 4537 2975 4596 de
2998 4539 3322 4609 quibusdam
3347 4540 3484 4596 dici-

1883 4633 1969 4680 tur
2002 4641 2016 4677 :
2052 4624 2264 4698 1102
2290 4625 2532 4684 Amanles
2564 4629 2874 4700 voluptatem
2919 4633 3084 4705 magis
3129 4648 3283 4704 quam
3311 4631 3480 4686 Deum

1884 4716 1930 4788 (ι
1959 4715 2096 4782 Tim.
2134 4721 2236 4788 ιιι).
2289 4720 2358 4774 Et
2394 4719 2614 4792 quidem
2665 4720 2898 4790 idipsum
2943 4741 3049 4790 non
3075 4725 3250 4792 deliis
3273 4727 3478 4796 dictum

1881 4819 1988 4876 est,
2023 4811 2115 4882 qui
2141 4814 2366 4868 omnino
2397 4824 2524 4868 sunt
2558 4815 2823 4884 inﬁdeles,
2854 4819 2954 4882 sed
2969 4819 3036 4882 de
3062 4819 3484 4892 liis,quiintrin-

1885 4918 2046 4961 seeos
2077 4911 2506 4976 commorantur,
2543 4909 2874 4980 voluptatein
2901 4915 3076 4984 magis
3114 4932 3282 4985 quam
3311 4917 3481 4980 Deum

1881 5013 2162 5072 amantes;
2193 5005 2284 5076 qui
2316 5005 2515 5064 habent
2543 5007 2920 5078 ﬁgurationem
2950 5011 3191 5082 piutita,
3225 5013 3480 5086 virtutem

1885 5105 2068 5158 autem
2084 5097 2202 5164 ejus
2221 5105 2502 5166 negantes.
2523 5099 2648 5164 Παίς
2671 5110 2891 5171 propter
2912 5113 3142 5165 mortem
3165 5107 3306 5176 regis
3317 5106 3484 5172 Osim,

174 5193 288 5247 sive
308 5192 548 5258 Pharao,
581 5204 634 5247 et
662 5209 767 5247 non
799 5195 1166 5276 sustinemus,l
1213 5191 1468 5272 Egyptia
1503 5207 1668 5262 opera
1701 5191 1778 5247 fa-
1809 5188 1858 5246 B
1888 5199 2009 5258 post
2032 5188 2182 5259 cujus
2203 5187 2478 5252 interitum
2498 5191 2704 5254 vidisse
2731 5210 2790 5256 se
2810 5193 2883 5258 ait
2905 5195 3481 5267 visionemProplneta.

175 5287 403 5341 cientes.
435 5283 490 5342 Si
525 5297 705 5342 autem
758 5288 1010 5353 moritur,
1061 5297 1188 5341 tunc
1244 5287 1602 5364 suspiramus,
1635 5294 1693 5341 ut
1719 5286 1773 5341 in

179 5375 366 5434 Exodo
390 5379 650 5456 scriptum
681 5389 784 5434 est.
819 5378 883 5446 Si
908 5378 1065 5436 Osias
1088 5380 1242 5448 vivit,
1262 5395 1371 5438 non
1391 5378 1636 5444 videmus
1664 5380 1779 5450 glo-

179 5470 316 5525 riam
373 5469 512 5537 Dei;
573 5472 616 5527 si
702 5483 882 5526 autem
950 5472 1224 5537 moritur,
1301 5482 1429 5526 tunc
1497 5471 1774 5535 videmus,

176 5565 356 5622 statim
412 5575 472 5620 ttt
516 5565 746 5620 moritur
785 5565 973 5631 Osias,
1053 5566 1284 5637 gloriam
1357 5565 1472 5620 Dei.
1544 5564 1779 5617 Tantum

1886 5284 2018 5352 Quzc
2073 5291 2156 5340 est
2195 5289 2374 5346 autem
2422 5280 2599 5338 visio?
2659 5283 2777 5340 Vidi
2816 5285 3094 5356 Dominum
3115 5288 3370 5352 sedentem
3397 5306 3486 5343 su.

1888 5391 1978 5448 per
2032 5373 2274 5438 thronum
2349 5373 2608 5440 eatea/sum
2643 5385 2690 5436 et
2742 5377 3034 5446 eleuatum,
3075 5391 3178 5436 ctc.
3231 5381 3345 5442 Non
3369 5398 3486 5444 "ID-3

1894 5469 1980 5522 uis
2006 5469 2094 5538 qui
2125 5469 2269 5522 videt
2299 5468 2486 5534 Deum,
2518 5468 2664 5522 videt
2702 5484 2822 5522 eum
2848 5471 3129 5526 sedentem
3151 5486 3312 5540 super
3340 5472 3490 5546 lbro-

1895 5578 2020 5618 nutn
2055 5561 2333 5615 excelsum
2361 5573 2413 5616 et
2441 5562 2734 5618 eict’atum.
2786 5562 2910 5618 Scio
2946 5563 3110 5619 alium
3167 5551 3488 5640 prophetam

251 5712 276 5778 ft
304 5703 638 5778 Excepimus
669 5719 753 5778 __cx
794 5700 1204 5778 accuratissima
1236 5697 1578 5778 Genebrardi
1613 5697 1817 5778 edition

1900 5710 2132 5766 quacum
2163 5707 2217 5752 et
2242 5711 2523 5778 nuperam
2565 5711 2596 5752 a
2630 5687 2731 5752 PR
2761 5696 3127 5775 Βειεριιὶοιὴιὶβ
3169 5687 3488 5778 adornatam

179 5767 628 5844 Origenian'orum
660 5774 902 5844 Operum
948 5771 1247 5828 editionem
1279 5772 1332 5826 in
1361 5768 1739 5840 recognitione
1778 5768 1880 5827 hac
1907 5779 2093 5827 nostra
2131 5767 2484 5823 contulimus.
