3972 6320
536 238 650 296 905

1788 232 1846 288 S.
1890 228 2169 289 EUSEBII
2210 227 2590 286 IIIERONYMI

3734 227 3826 283 θοι

539 351 748 407 vidisse
773 349 1080 410 Dominum,
1114 356 1169 403 et
1192 344 1392 402 vidisse
1416 359 1539 402 eum
1569 359 1733 415 super
1757 345 2013 400 thronum
2048 358 2136 398 se-
2163 345 2216 402 Α
2241 351 2488 406 sanctus,
2521 346 2779 404 sanctus;
2808 337 2904 394 sed
2940 337 3234 393 salutarem
3264 336 3520 391 omnibus
3549 334 3829 390 confessio-

542 444 783 506 deutem,
813 440 906 495 sed
938 454 1046 494 non
1075 437 1374 506 excelsum,
1398 453 1572 509 neque
1611 437 1760 493 eleva
1773 445 1907 492 tum.
1965 436 2141 491 Disse-

545 549 672 589 rens
719 533 1052 602 Scripturam
1089 531 1311 598 Daniel,
1352 529 1486 585 dicit
1518 549 1531 584 :
1563 529 1767 585 Throui
1815 530 1972 599 positi
2019 539 2138 582 sunt

543 624 708 698 (Dan.
742 641 834 689 vn,
869 626 948 695 9),
983 634 1170 680 etnon
1199 637 1315 679 erat
1343 625 1594 680 excelsus
1637 625 1727 680 ille
1773 623 2022 678 thronus.
2071 619 2139 674 Et

539 721 765 786 veniam,
787 719 1060 772 utsedeam
1081 718 1149 772 ad
1168 718 1516 789 judicandum
1537 716 1786 789 populum
1811 717 1861 770 in
1885 713 2018 769 valle
2042 713 2140 768 Jo-

536 810 744 883 saphat.
781 812 921 882 Ergo
954 810 1040 866 hic
1069 812 1123 865 in
1157 810 1296 866 valle
1325 810 1486 872 sedit,
1519 821 1573 864 et
1606 810 1658 864 in
1684 809 1825 864 valle
1846 823 1970 863 eum
1991 807 2137 877 judi-

540 910 761 958 caturus
785 912 888 970 est,
918 918 1078 974 quem
1109 911 1192 956 est
1223 903 1705 958 condemnaturus.
1764 899 1922 954 Aliud
1955 909 2134 954 autem

538 1007 624 1054 est
654 997 839 1053 videre
869 1013 990 1052 eum
1034 995 1318 1051 sedentem
1346 1010 1513 1064 super
1543 994 1800 1048 thronum
1857 993 2133 1048 excelsum

533 1099 591 1146 et
621 1089 911 1145 elevatum.
958 1090 1027 1144 Et
1079 1090 1131 1143 in
1161 1087 1370 1142 Micbea
1399 1107 1410 1141 :
1443 1099 1466 1124 υ
1499 1086 1778 1159 Egreditur
1799 1097 1846 1141 et
1875 1085 2136 1140 descendit

535 1183 677 1238 Deus
699 1183 898 1255 (Mich.
928 1200 944 1238 l
973 1182 1015 1255 ).
1065 1184 1128 1238 Et
1155 1191 1216 1237 ut
1243 1182 1428 1238 videat
1482 1181 1797 1246 Sudomam,
1830 1180 2132 1235 descendit.

537 1279 888 1349 Descendens,
911 1279 1006 1344 ait,
1037 1276 1213 1332 videbo
1243 1277 1287 1329 si
1333 1277 1613 1331 secundum
1650 1276 1930 1330 clamorem
1956 1291 2134 1329 eorum

532 1371 813 1425 uenientem
843 1369 910 1423 atl
941 1387 1037 1438 me,
1065 1378 1547 1424 consummaverunt
1573 1370 1726 1438 (Gen.
1759 1367 1932 1426 xvntl.
1967 1367 2134 1438 Igitur

537 1463 684 1518 Deus
714 1463 1003 1531 aliquando
1053 1477 1295 1528 sursum,
1338 1460 1628 1530 aliquando
1683 1460 1938 1516 deorsum
1976 1460 2131 1530 juxta

535 1554 856 1626 dignitatem
891 1554 1108 1610 videtur
1127 1555 1490 1624 negotiorum.
1520 1552 1644 1606 Vidi
1669 1569 1800 1623 ergo
1828 1552 2130 1615 Dominum,

542 1647 751 1720 1103
783 1646 945 1703 Isaias
975 1648 1069 1714 ait,
1103 1647 1360 1700 sedentem
1383 1662 1536 1717 super
1577 1646 1817 1699 thronum
1846 1643 2126 1712 excelsum,

2245 446 2367 486 nem
2391 431 2629 486 clamore
2659 431 3017 500 pronuntiant
3070 441 3116 482 ο.
3145 428 3277 496 Quae
3307 437 3434 484 sunt
3461 427 3566 483 ista
3605 427 3712 482 duo
3741 429 3829 482 Sc-

2244 524 2491 594 raphim?
2540 524 2803 578 Dominus
2854 539 3006 578 meus
3049 522 3208 578 Jesus
3228 533 3281 577 et
3310 522 3550 590 Spiritus
3597 533 3827 577 sanctus.

2241 617 2351 672 Nec
2385 627 2539 686 putes
2583 617 2864 672 Trinitatis
2893 615 3160 672 dissidere
3188 627 3460 682 naturam,
3489 616 3535 668 si
3569 614 3830 668 nominum

2241 718 2525 763 servantur
2565 707 2765 763 ofﬁcia.
2829 706 3142 778 Operiebant
3217 708 3402 778 {aciem
3445 705 3567 760 Dei.
3637 706 3834 779 ιι,οά

2241 799 2536 854 Exordium
2585 803 2732 856 enim
2767 800 2865 857 Dei
2922 802 3162 872 ignOtum
3195 809 3299 856 est.
3325 799 3433 856 Sed
3457 808 3508 854 et
3536 802 3707 871 pedes.
3732 800 3832 856 Νε-

2239 895 2520 949 vissiinum
2552 895 2696 949 enim
2720 896 2863 966 quod
2897 896 2949 950 in
2971 895 3083 948 Deo
3111 905 3296 949 nostro
3326 901 3433 960 est,
3453 908 3562 948 non
3592 908 3831 962 compre-

2240 986 2517 1042 henditur.
2553 989 2682 1043 Sola
2707 988 2851 1043 enim
2885 988 3063 1043 media
3096 987 3372 1043 videntur.
3408 988 3551 1041 Ante
3580 987 3682 1042 ista
3719 1003 3829 1056 qua:

2238 1079 2464 1143 iuerint,
2514 1080 2701 1135 nescio
2726 1097 2738 1133 :
2768 1096 2836 1134 es
2872 1081 2934 1134 iis
2960 1096 3083 1151 qua:
3133 1089 3281 1143 sunt,
3315 1078 3571 1150 intelligo
3597 1076 3624 1115 ά
3657 1078 3827 1132 Deum.

2237 1171 2371 1229 Post
2394 1173 2495 1229 ista
2518 1189 2635 1245 qua:
2663 1172 2843 1228 futura
2862 1183 3010 1242 sunt,
3028 1175 3179 1242 juxta
3203 1171 3347 1242 quod
3376 1172 3553 1226 futura
3579 1179 3720 1238 sunt,
3747 1187 3832 1225 nc-

2238 1266 2370 1326 scio,
2419 1266 2546 1334 Quis
2594 1267 2944 1336 pronuntiavit
2981 1266 3070 1320 ei?
3103 1265 3244 1320 Dixit
3302 1264 3703 1320 Ecclesiastes:
3735 1264 3834 1317 An-

2238 1359 2474 1412 nuntiate
2495 1359 2622 1412 mihi
2648 1360 2827 1429 priora
2857 1367 2904 1411 et
2935 1359 3216 1412 nouissima
3262 1373 3376 1427 qua:
3394 1364 3571 1418 erunt,
3602 1365 3650 1409 et
3672 1355 3832 1408 dicam

2235 1451 2479 1518 quoniam
2525 1451 2616 1506 Dii
2662 1452 2786 1504 estis
2832 1448 3025 1521 (Eccl.
3075 1465 3164 1504 xix
3196 1447 3236 1520 ).
3297 1449 3434 1503 Hinc
3455 1455 3512 1503 et
3536 1447 3696 1502 Isaias
3723 1450 3826 1502 ait-

2238 1545 2429 1601 Priora
2452 1549 2759 1600 annuntiate
2804 1545 2971 1611 nobis,
2994 1554 3043 1599 et
3068 1561 3316 1613 ponemus
3359 1558 3449 1596 cor
3498 1553 3745 1602 nostrum.
3787 1553 3829 1595 et

2236 1641 2480 1705 sciemus,
2506 1647 2551 1692 et
2574 1639 2853 1692 novissima
2873 1654 3049 1692 eorum
3079 1653 3193 1706 qua:
3221 1646 3436 1690 t'entura
3453 1645 3593 1701 sunt,
3618 1637 3829 1689 indicate

534 1752 582 1796 et
608 1741 880 1796 eleuatum.
909 1741 963 1796 Si
983 1741 1142 1796 video
1167 1741 1333 1794 Deum
1359 1740 1409 1793 in
1433 1737 1517 1792 his
1535 1739 1624 1809 qui
1651 1738 1738 1792 hic
1755 1747 1880 1792 sunt
1906 1752 2137 1808 reguau-
2165 1735 2213 1795 B
2241 1731 2405 1784 nobis.
2448 1731 2805 1797 Quwt‘entura
2828 1740 2967 1796 sunt,
2999 1731 3050 1783 in
3081 1731 3312 1801 futurum
3351 1729 3605 1792 nuntiate,
3638 1738 3682 1782 et
3704 1730 3826 1782 dice-

532 1845 663 1901 tem,
691 1851 796 1888 non
823 1850 944 1890 eum
975 1833 1133 1888 video
1161 1847 1324 1903 super
1355 1834 1610 1887 thronum
1633 1831 1908 1887 excelsum
1933 1841 1986 1885 et
2016 1830 2130 1884 ele-

529 1935 732 1983 vatum.
766 1927 822 1982 Si
854 1927 1012 1982 video
1041 1943 1163 1982 cum
1198 1933 1513 1996 regnantem
1564 1924 1877 1981 cwlestibus
1917 1923 2130 1977 virtuti-

528 2021 650 2088 bus,
686 2019 848 2075 video
874 2035 998 2075 eum
1027 2019 1310 2074 sedentem
1352 2033 1517 2087 super
1563 2017 1817 2071 thronum
1850 2017 2129 2071 excelsum

527 2125 581 2168 ct
596 2112 891 2168 elevatum.
913 2110 1055 2179 Quid
1073 2122 1158 2165 est
1179 2110 1322 2180 quod
1340 2107 2131 2164 dicitcmlestibusvirtutibus?

529 2205 758 2274 Turoni,
792 2205 1220 2271 dominationes,
1268 2204 1627 2274 principatus,
1667 2210 1988 2273 potestates,
2023 2201 2132 2255 vir-

530 2307 679 2356 tutes
709 2299 968 2355 cmicstes
998 2307 1145 2353 sunt.
1183 2297 1249 2352 Et
1295 2297 1341 2350 si
1372 2296 1527 2351 video
1550 2311 1697 2361 eum,
1748 2294 2022 2365 quomodo
2051 2293 2132 2348 eis

530 2404 723 2465 regnet
749 2392 806 2448 in
837 2393 1017 2448 Verbo
1043 2411 1056 2447 :
1081 2392 1186 2446 vidi
1219 2391 1497 2446 Dominum
1515 2391 1770 2445 sedentem
1803 2406 1957 2460 super
1985 2387 2129 2443 thro-

528 2503 652 2540 num
672 2486 930 2541 excelsum
958 2496 1008 2540 et
1037 2486 1306 2540 eleuatum.
1333 2484 1400 2539 Et
1432 2485 1585 2548 plena
1612 2493 1723 2538 erat
1752 2484 1936 2537 domus
1958 2483 2130 2555 gloria

526 2584 661 2652 ejus.
713 2580 935 2636 Sursum
960 2595 1160 2651 quoque
1189 2577 1412 2633 elevatus
1440 2588 1513 2631 est
1540 2576 1755 2632 thronus
1781 2581 1913 2650 ejus,
1952 2576 2131 2643 plena-

527 2689 626 2743 que
653 2684 728 2728 est
749 2673 932 2726 domus
953 2672 1122 2746 gloria
1145 2675 1278 2743 ejus.
1302 2669 1420 2725 Non
1449 2670 1707 2733 arbitror,
1725 2671 1848 2739 quia
1873 2669 2027 2737 plena
2045 2679 2128 2724 est

525 2769 722 2822 domus
748 2767 920 2837 gloria
947 2765 1064 2835 ejus
1097 2766 1213 2820 haec
1244 2781 1364 2834 qua:
1391 2765 1443 2818 in
1479 2774 1623 2818 terra
1657 2771 1764 2818 est.
1793 2761 2010 2818 Domini
2056 2767 2130 2819 est

527 2867 756 2926 terra,et
783 2857 1053 2928 plenitudo
1075 2857 1189 2927 ejus
1223 2859 1241 2927 (
1273 2856 1422 2912 Psal.
1473 2873 1600 2913 xstv
1632 2855 1674 2927 ).
1727 2856 2127 2912 Plenitudinem

528 2962 712 3008 autem
754 2951 943 3022 gloria:
992 2951 1086 3006 Dei
1143 2966 1249 3005 non
1283 2951 1529 3006 invenies
1560 2950 1611 3004 in
1644 2949 1922 3020 praesenti,
1956 2950 2049 3004 sed
2082 2950 2127 3003 si

526 3045 652 3117 quis
677 3044 1029 3100 mdiﬁcaverit
1053 3044 1315 3114 templum
1349 3043 1484 3106 Deo,
1521 3043 1792 3099 videbitur
1812 3042 1980 3114 gloria
2009 3043 2126 3108 Dei,

530 3113 652 3196 etsi
683 3148 866 3195 servat
893 3139 994 3195 hoc
1016 3138 1393 3210 quoddicmm
1421 3148 1525 3204 est,
1550 3137 1710 3208 plena
1753 3113 1944 3193 domus
1971 3135 2124 3192 vide-
2152 3113 2197 3177 Ε

527 3239 616 3286 tur
638 3230 806 3302 gloria
825 3229 945 3284 Dei.
965 3227 1160 3284 Nescio
1181 3239 1363 3284 autem
1383 3244 1452 3282 an
1474 3228 1551 3282 sic
1582 3227 1776 3282 domus
1796 3227 1965 3298 gloria
1987 3241 2129 3282 com-

527 3325 761 3397 pleatur.
799 3322 866 3379 Et
889 3325 942 3377 in
974 3322 1217 3378 Levitico
1247 3329 1506 3392 quantum
1535 3321 1602 3376 ad
1627 3335 1868 3391 praesens
1895 3319 2127 3390 pertinet

524 3417 828 3489 negotium,
864 3416 973 3472 Deo
998 3415 1284 3486 largiente,
1310 3415 1508 3484 legitur
1539 3413 1594 3467 in
1618 3412 1857 3468 Collecta
1888 3427 2008 3483 qua:
2031 3426 2126 3467 se-

525 3513 734 3583 quitur,
757 3508 786 3548 ι)
815 3509 939 3580 quia
970 3508 1229 3579 praecepit
1250 3507 1513 3561 Dominus
1536 3505 1783 3576 quaedam
1812 3505 1929 3560 fieri
1959 3513 2020 3558 ut
2044 3504 2127 3558 vi-

524 3603 718 3659 deatur
750 3603 962 3658 Domini
997 3602 1192 3673 gloria.
1227 3600 1335 3654 Nec
1358 3614 1594 3669 unquam
1638 3597 1926 3668 apparebit
1952 3597 2125 3667 gloria

525 3694 644 3758 Dei,
677 3693 726 3748 si
755 3708 863 3748 non
896 3694 1014 3748 haec
1045 3695 1197 3748 liant.
1245 3690 1639 3762 Cognoscimus
1668 3701 1848 3747 autent
1876 3691 1968 3745 illa
2000 3706 2124 3746 cum

524 3786 664 3842 lecta
692 3784 911 3840 fuerint.

597 3877 663 3934 ll.
705 3877 774 3933 Et
801 3877 1084 3948 Seraphim
1108 3876 1313 3932 stabant
1330 3877 1384 3930 in
1408 3875 1626 3930 circuitu
1652 3880 1700 3948 ej
1708 3893 1785 3938 us,
1807 3892 1897 3930 ser
1915 3877 2014 3930 alte
2035 3879 2124 3931 uni

524 3981 572 4027 et
588 3986 680 4026 sea:
697 3971 798 4026 ala:
820 3970 988 4026 alteri.
1014 3970 1132 4025 Duo
1155 3968 1314 4025 video
1335 3967 1644 4039 Seraphim,
1697 3977 1754 4024 ot
1784 3968 2126 4039 unumquod-

521 4080 627 4137 que
648 4080 836 4121 eorum
861 4064 914 4118 in
943 4066 1241 4134 semetipso
1269 4062 1473 4118 habens
1499 4076 1596 4117 sex
1616 4062 1753 4118 alas.
1784 4061 1991 4118 Deinde
2015 4061 2126 4119 dis-

526 4160 726 4230 positio
753 4159 982 4214 alarum.
1022 4159 1087 4214 Et
1138 4157 1350 4212 duabus
1376 4155 1596 4228 quidem
1631 4157 1732 4211 alis
1769 4157 2022 4212 velabaut
2058 4155 2127 4210 la-

516 4254 682 4319 ciem,
716 4267 822 4305 non
852 4250 1145 4320 propriam,
1182 4250 1278 4305 sed
1309 4249 1404 4304 Dei
1441 4267 1455 4304 :
1483 4247 1702 4303 duabus
1724 4247 1845 4302 aliis
1867 4247 2125 4302 velabaut

522 4343 712 4415 pedes,
764 4359 868 4399 non
920 4341 1195 4414 proprios,
1225 4341 1321 4398 sed
1381 4341 1509 4406 Dei;
1543 4340 1754 4396 duabus
1789 4349 1972 4395 autem
2002 4339 2124 4395 aliis

507 4436 804 4491 'volabant.
837 4435 996 4492 Juxta
1045 4435 1186 4507 quod
1231 4433 1494 4505 scriptum
1520 4441 1624 4501 est,
1654 4433 1988 4488 contrarium
2019 4431 2123 4487 sibi

2236 1841 2346 1878 mus
2384 1825 2628 1891 quoniam
2661 1822 2750 1877 Dii
2804 1825 2926 1878 estis
2959 1821 3132 1893 (Isai.
3164 1838 3252 1877 xu
3279 1825 3317 1892 ).
3373 1823 3454 1877 Ex
3508 1839 3617 1893 quo
3647 1821 3689 1877 si
3715 1823 3825 1894 quis

2234 1916 2435 1972 dixerit
2466 1916 2739 1986 praeterita
2759 1957 2774 1981 ,
2797 1926 2853 1970 et
2882 1918 3084 1986 poterit
3113 1916 3409 1971 novissima
3443 1915 3630 1970 dicere
3650 1956 3665 1981 ,
3696 1914 3824 1970 Deus

2234 2022 2338 2066 est.
2363 2010 2494 2078 Quis
2516 2026 2645 2082 ergo
2679 2019 2855 2081 potest
2885 2010 3070 2066 dicere
3095 2023 3292 2080 przeter
3336 2009 3654 2082 Seraphim,
3701 2010 3823 2064 San-

2233 2114 2376 2174 ctus,
2401 2116 2647 2171 sanctus,
2673 2106 2935 2160 sanctus?
2961 2105 3248 2174 Seraphitn
3270 2113 3452 2160 autem
3501 2105 3822 2159 nudaverant

2233 2198 2521 2270 quamdam
2550 2211 2754 2267 partem
2778 2197 2896 2266 Dei,
2920 2206 2977 2252 ut
3001 2197 3075 2252 ita
3099 2197 3669 2264 dicatn,medietatem
3695 2197 3816 2267 ejus,

2233 2303 2288 2350 ct
2315 2294 2624 2350 clamabant
2679 2294 2823 2348 aliud
2878 2294 2948 2348 ad
2999 2293 3142 2348 aliud
3175 2294 3485 2349 assistentia
3521 2294 3652 2360 Deo,
3676 2304 3818 2362 atque

2233 2387 2497 2452 dicentia,
2520 2385 2779 2452 Sanctus,
2813 2397 3057 2453 sanctus,
3101 2394 3340 2442 sanctus.
3372 2387 3532 2442 Stant
3589 2386 3738 2457 igitur
3771 2393 3818 2440 et

2233 2489 2542 2546 moventur,
2593 2489 2740 2534 stant
2785 2495 2908 2535 cum
2940 2479 3086 2546 Deo,
3132 2490 3422 2536 moventur
3444 2480 3817 2536 demmistrau-

2231 2577 2300 2632 tia
2353 2576 2544 2630 Deum.
2599 2573 2845 2645 lntellige
2889 2574 3036 2631 enim
3065 2574 3191 2646 quia
3227 2574 3412 2630 velant
3434 2575 3621 2640 facies,
3648 2577 3814 2630 velant

2233 2671 2424 2738 pedes,
2455 2685 2564 2724 non
2594 2679 2888 2726 moventur
2915 2686 3036 2740 qua:
3080 2670 3254 2726 velata
3276 2678 3428 2736 sunt,
3457 2686 3562 2726 non
3588 2672 3817 2726 velantur

2231 2777 2353 2833 quae
2394 2761 2602 2827 volant,
2645 2770 2697 2815 et
2747 2761 2939 2815 dicunt
2969 2777 2981 2814 :
3016 2761 3274 2828 Sanetus,
3328 2770 3570 2829 sanctus,
3617 2773 3816 2817 sanctus

2235 2855 2496 2909 Dominus
2531 2855 2677 2910 Deus
2705 2855 2954 2923 sabaoth,
2984 2856 3143 2922 plena
3168 2867 3252 2912 est
3278 2857 3457 2913 omnis
3492 2869 3633 2914 terra
3655 2859 3815 2928 gloria

2231 2948 2368 3019 ejus.
2395 2948 2610 3003 Domini
2646 2948 2752 3005 mei
2781 2948 2909 3005 Jesu
2956 2947 3158 3005 Christi
3214 2953 3502 3007 nuntiatur
3546 2952 3807 3016 adventus,

2233 3056 2376 3095 nunc
2406 3041 2589 3110 itaque
2637 3040 2798 3113 plena
2852 3052 2940 3096 est
2983 3042 3164 3098 omnis
3197 3054 3341 3099 terra
3370 3045 3540 3114 gloria
3561 3045 3689 3115 ejus.
3714 3044 3810 3098 Aut

2231 3143 2381 3190 certe
2412 3134 2644 3189 necdum
2691 3136 2851 3205 plena
2883 3144 2988 3205 est,
3010 3135 3104 3192 sed
3139 3136 3378 3192 futurum
3431 3150 3489 3191 ut
3521 3139 3806 3209 impleatur,

2232 3245 2353 3285 cum
2377 3231 2586 3301 expleta
2613 3230 2772 3287 fuerit
2801 3230 3000 3293 oratio,
3032 3247 3136 3300 qua
3169 3243 3376 3303 patrem
3420 3248 3520 3289 nos
3568 3236 3679 3304 ipse
3717 3234 3810 3288 Do-

2233 3323 2412 3379 minus
2432 3325 2593 3391 jussit
2611 3340 2794 3393 orare,
2817 3326 2954 3382 Cum
2978 3328 3290 3397 oraveritis,
3319 3329 3595 3400 inquiens,
3623 3330 3806 3385 dicite:

2237 3415 2393 3470 Pater
2415 3429 2587 3472 noster
2616 3420 2703 3488 qui
2723 3436 2776 3474 es
2806 3420 2858 3473 in
2893 3419 3056 3482 caelis,
3081 3421 3437 3490 sanctiﬁcelur
3455 3439 3639 3478 nomen
3664 3431 3807 3476 tuum.

2233 3509 2482 3564 Adreniat
2512 3527 2729 3584 regnum
2757 3522 2918 3566 tuum.
2952 3511 3074 3568 Fiat
3105 3515 3347 3570 voluntas
3377 3525 3467 3570 tua
3493 3518 3632 3571 sicut
3652 3518 3803 3571 inca-

2231 3601 2282 3656 lo
2307 3611 2355 3656 et
2376 3605 2427 3657 in
2455 3612 2594 3658 terra
2619 3603 2837 3675 (Matth.
2880 3605 2976 3676 vr).
3038 3607 3230 3663 Adhuc
3280 3609 3332 3664 in
3385 3611 3527 3666 coelo
3583 3611 3804 3666 voluntas

2230 3705 2316 3751 est
2331 3696 2529 3762 Patris,
2549 3698 2601 3751 in
2627 3699 2784 3755 terris
2815 3701 3043 3755 necdum
3070 3701 3322 3757 voluntas
3347 3703 3469 3774 ejus
3489 3707 3690 3776 expleta
3712 3715 3799 3768 est,

2231 3799 2290 3845 ut
2318 3791 2434 3860 ipse
2464 3791 2620 3847 Jesus
2644 3793 2798 3863 justa
2835 3796 3300 3864 dispensationem
3331 3799 3516 3855 carnis
3541 3817 3688 3870 quam
3733 3801 3801 3853 in-

2230 3883 2445 3949 duerat,
2467 3887 2579 3938 ait:
2631 3883 2788 3940 Dedit
2847 3887 2974 3942 mihi
3024 3891 3316 3944 universam
3338 3901 3661 3960 potestatem,
3690 3893 3792 3946 utin

2229 3973 2352 4029 caelo
2382 3984 2429 4030 et
2451 3976 2504 4029 in
2526 3978 2702 4050 terra(
2737 3976 2928 4032 Matth.
2964 3983 3188 4049 xxvm).
3215 3981 3486 4054 Numquid
3505 3994 3793 4054 potestatem

2232 4085 2337 4124 non
2370 4069 2530 4125 habet
2564 4072 2616 4126 in
2641 4079 2782 4126 terra
2809 4073 2854 4128 is
2883 4073 2971 4144 qui
2997 4074 3228 4130 habebat
3256 4077 3307 4130 in
3334 4078 3526 4133 caelis?
3548 4090 3597 4134 et
3625 4076 3796 4150 aliquid

2229 4164 2296 4218 de.
2315 4165 2518 4220 mundo
2539 4167 2834 4237 acciperet,
2859 4167 2948 4237 qui
2988 4167 3042 4222 in
3072 4183 3165 4222 Slla
3196 4171 3468 4226 venerat?
3507 4171 3612 4228 Sed
3663 4181 3715 4226 ut
3740 4173 3796 4224 ita

2229 4258 2544 4312 crederetur
2593 4257 2739 4313 Deus
2770 4258 2823 4313 in
2859 4267 3025 4324 terra,
3069 4262 3344 4331 quomodo
3403 4263 3719 4319 credebatur
3755 4262 3795 4314 iu

2227 4350 2387 4416 caelo,
2417 4365 2547 4421 ergo
2569 4350 2778 4420 accepit
2808 4361 3138 4421 potestatem
3163 4352 3327 4410 homo
3354 4353 3624 4420 Christus,
3662 4370 3796 4425 quam

2228 4454 2355 4500 aute
2380 4459 2489 4499 non
2514 4444 2718 4520 habuit,
2745 4452 2798 4500 et
2830 4461 2999 4516 usque
3019 4444 3087 4500 ad
3117 4461 3358 4514 prteseus
3405 4451 3632 4504 necdum
3663 4447 3801 4502 habet

520 4529 754 4586 videtur.
802 4529 858 4584 Si
887 4529 1127 4596 stabant,
1162 4527 1343 4584 volare
1391 4542 1497 4582 non
1522 4537 1812 4599 poterant;
1860 4525 2120 4596 scriptum
2150 4513 2204 4573 ιθ
2231 4538 2281 4590 in
2312 4545 2454 4593 [ej-ra
2477 4513 2717 4591 omniqu
2749 4513 3098 4607 potesjatem,
3119 4513 3182 4594 7|"
3217 4539 3301 4594 his
3321 4543 3526 4613 quippe
3564 4543 3650 4614 qui
3695 4556 3800 4611 pec-

523 4638 654 4680 vero
677 4633 758 4678 est
787 4643 798 4677 :
833 4622 1115 4695 Seraphim
1156 4623 1260 4675 duo
1309 4621 1512 4676 stabant
1551 4622 1603 4674 in
1632 4621 1847 4674 circuitu
1869 4621 2003 4692 ejus,
2032 4636 2123 4674 sea:

520 4716 622 4772 ala:
640 4717 809 4782 uni,et
826 4732 918 4771 sea:
937 4717 1037 4771 ala:
1055 4715 1231 4781 alteri,
1265 4725 1312 4770 et
1333 4713 1536 4768 duabus
1555 4715 1764 4784 quidem
1785 4713 2018 4769 uelabant
2040 4714 2122 4785 fa-

518 4811 670 4869 ciem.
703 4821 751 4865 et
773 4809 974 4865 duabus
995 4808 1239 4864 uelabant
1265 4808 1442 4879 pedes,
1475 4817 1522 4861 et
1553 4807 1760 4884 duabus
1790 4808 2049 4874 rotabant,
2076 4819 2122 4862 et

519 4902 811 4957 clamabant
855 4903 986 4958 alter
1021 4903 1088 4956 ad
1135 4905 1377 4956 alterum.
1411 4899 1612 4956 Verum
1671 4900 1786 4956 haec
1832 4901 2119 4971 Seraphim

521 5010 646 5066 quae
671 5010 819 5051 circa
845 4997 1014 5052 Deum
1045 5006 1194 5062 sunt,
1228 5011 1348 5066 quae
1395 4994 1510 5050 sola
1536 4995 1846 5065 cognitione
1889 4995 2077 5050 dicunt
2107 5014 2120 5050 :

522 5087 772 5157 Sanctus,
794 5098 1025 5156 sanctus,
1047 5097 1288 5156 sanctus;
1314 5097 1534 5159 propter
1563 5087 1666 5144 hoc
1682 5099 1901 5144 servant
1920 5100 2122 5162 myste-

519 5183 599 5238 ria
627 5180 736 5255 [ΑΙ.
764 5181 1106 5253 mysterium]
1129 5180 1433 5250 Trinitatis,
1462 5183 1590 5253 quia
1618 5193 1674 5238 et
1704 5182 1820 5253 ipsa
1851 5195 2123 5238 suntsan-

516 5284 625 5333 cta.
660 5275 756 5330 His
780 5275 926 5330 enim
959 5275 1010 5329 in
1034 5275 1287 5330 omnibus
1335 5290 1456 5345 qua:
1508 5285 1657 5343 sunt,
1701 5278 1940 5332 sanctius
1984 5277 2121 5332 nihil

512 5375 620 5423 est.
647 5367 714 5423 Et
740 5381 846 5423 non
876 5366 1066 5424 leviter
1094 5366 1282 5423 dicunt
1309 5367 1447 5423 alter
1474 5367 1540 5422 ad
1563 5367 1791 5424 alterum
1821 5387 1835 5424 :
1862 5368 2117 5440 Sanctus,

595 5504 626 5534 ⁸
664 5507 838 5563 Antea
900 5515 1019 5562 erat
1061 5506 1327 5578 egredere.
1376 5505 1612 5564 Leviora
1659 5510 1806 5566 taciti
1864 5513 2128 5569 emenda-

520 5591 665 5634 mus.

592 5644 621 5683 δ
660 5649 868 5722 Aberat
900 5659 1061 5706 antea
1089 5649 1232 5722 istud
1259 5653 1401 5722 quia.

596 5725 619 5756 °
663 5718 789 5774 Haec
816 5730 948 5775 sunt
967 5738 1086 5792 qum
1115 5718 1340 5779 Rufinus
1397 5723 1495 5780 lib.
1542 5741 1580 5780 ιι
1619 5723 1674 5781 in
1726 5725 2117 5799 Hieronymum

2224 4641 2372 4698 cant,
2404 4631 2636 4687 necdum
2666 4642 2882 4703 regnat;
2935 4633 3031 4688 sed
3069 4635 3286 4704 quando
3311 4636 3360 4690 ei
3391 4636 3516 4692 data
3545 4647 3625 4693 est
3647 4645 3697 4691 et
3717 4635 3800 4689 lio-

2224 4739 2344 4779 rnm
2402 4733 2682 4794 potestas,
2733 4739 2856 4779 eum
2904 4727 2954 4781 ei
2997 4726 3210 4782 subdita
3235 4728 3435 4784 iuerint
3467 4730 3664 4797 omnia,
3689 4737 3798 4782 tunc

2223 4817 2581 4886 complebitur
2609 4827 2870 4888 potestas,
2897 4827 2955 4874 et
2978 4821 3370 4890 perambulabit
3404 4824 3689 4895 subjiciens
3708 4821 3794 4876 sibi

2222 4910 2400 4963 omnia
2424 4906 2467 4980 (I
2491 4905 2614 4962 Cor.
2641 4911 2755 4979 xv).
2774 4908 3004 4977 Quidam
3023 4919 3204 4966 autem
3231 4913 3462 4968 necdum
3493 4912 3795 4970 voluntsub-

2220 4998 2316 5070 jici
2337 5001 2410 5064 ei,
2445 5001 2656 5073 1105
2685 5016 2872 5056 verum
2903 5003 3081 5058 adhuc
3113 5003 3349 5059 inimicis
3373 5007 3497 5076 ejus
3529 5005 3794 5077 subjiciun-

2225 5101 2334 5147 tur.
2358 5091 2468 5148 Nos
2503 5110 2666 5164 porro
2711 5094 2998 5151 dicamus:
3033 5096 3224 5152 Nonne
3278 5096 3392 5153 Deo
3451 5104 3675 5175 subjecta
3713 5099 3796 5154 erit

2224 5189 2401 5241 anima
2445 5204 2557 5243 mea
2609 5187 2786 5259 (Psal.
2820 5191 2978 5264 Lm)?
3003 5192 3143 5262 apud
3189 5193 3357 5248 Deum
3399 5196 3545 5252 enim
3583 5195 3794 5250 salutare

2225 5295 2427 5334 tneum.

2293 5373 2382 5429 lll.
2415 5373 2484 5429 Et
2509 5375 2708 5431 duabus
2729 5375 2991 5446 volabant,
3013 5386 3063 5433 et
3083 5377 3283 5434 dicebat
3311 5379 3446 5436 alter
3466 5383 3536 5436 ad
3556 5381 3758 5437 alterum
3776 5393 3793 5432 :

2242 5515 2407 5571 verba
2432 5517 2662 5590 recitat,
2699 5527 2972 5590 tamquam
3007 5521 3076 5578 de
3110 5535 3211 5578 suo
3235 5521 3305 5578 ab
3329 5522 3423 5580 illo
3442 5524 3644 5582 addita.
3674 5522 3789 5579 Vide

2236 5589 2466 5657 prmced.
2499 5589 2965 5647 Admonitionem.

2300 5657 2327 5695 ἀ
2372 5660 2532 5717 Deest
2557 5662 2611 5717 in
2649 5661 2932 5720 Benedict.
2963 5664 3093 5722 edit.
3125 5664 3312 5723 Deum.
