3972 6370
140 352 244 412 902$

650 351 1086 409 TRANSLATIO
1129 351 1360 408 IlOlIILl
1381 350 1556 407 \llUM
1601 349 1781 406 URIGI

1886 349 1917 406 Ξ
1960 347 2025 406 IN
2071 345 2382 406 VISIONES
2426 349 2645 410 ΙΞᾹΙΑΞ.
2693 351 2857 410 ΙΙΟΜ.
2902 354 2996 410 11.’

3354 358 3458 414 906

145 467 394 530 Sanctus,
425 474 655 534 sanctus,
678 466 1154 522 sanctusDominus
1171 463 1308 518 Deus
1325 461 1553 519 Sabaoth
1580 466 1759 535 :plena
1784 465 1832 523 A
1863 462 2054 530 Isaias,
2089 478 2192 518 nec
2237 463 2449 535 Moyses
2481 464 2632 520 vidit.
2663 465 2971 522 Posteriora
3003 467 3135 525 vidit
3163 468 3256 542 (ιιι
3283 473 3463 544 scrip-

141 568 218 615 est
249 559 420 613 omnis
453 568 592 614 terra
611 557 782 631 gloria
803 560 940 625 eius.
982 557 1051 612 Et
1078 557 1329 612 eleuatum
1350 566 1423 610 est
1462 555 1752 628 superlimi-

143 671 270 710 nare
292 672 325 709 α
351 672 476 710 uoce
507 671 608 724 qua
628 655 918 721 clamabant
938 670 956 707 :
987 667 1122 709 voce
1151 651 1277 708 Jesu
1309 650 1508 706 Christi
1541 661 1596 706 et
1621 666 1752 706 voce

141 746 382 818 Spiritus
425 745 624 802 sancti.
670 746 727 802 Si
759 747 955 817 aliquis
998 760 1029 801 e
1072 745 1226 799 nobis
1258 744 1614 798 clamantium
1657 759 1753 797 au-

144 842 309 897 dierit
332 856 526 897 vocem
550 841 686 897 .Iesu
711 840 921 897 Christi
945 848 1000 895 et
1024 839 1262 910 Spiritus
1280 837 1478 906 sancti,
1507 837 1756 893 elevatur

144 934 591 1005 superliminare,
637 943 694 988 et
739 934 902 988 altius
946 935 1004 988 fit
1046 948 1209 1003 quam
1241 948 1308 988 eo
1352 940 1594 1003 tempore
1630 946 1752 987 cum

145 1028 426 1083 elevatum
477 1035 584 1092 est,
632 1040 864 1096 cumque
889 1024 1098 1080 dictum
1131 1032 1257 1081 est:
1291 1023 1522 1078 Attotlite
1557 1032 1754 1096 portas,

147 1121 430 1191 principes,
459 1127 675 1186 vestros,
705 1128 752 1173 et
769 1118 1043 1174 elevamini
1081 1127 1242 1188 porta:
1273 1117 1558 1180 a'ternales,
1593 1126 1639 1170 et
1672 1118 1753 1170 iu-

147 1215 324 1269 troibit
340 1229 434 1268 rex
453 1212 634 1286 glorite
652 1213 669 1283 (
686 1210 833 1266 Psal.
856 1227 980 1266 xxiv
995 1209 1036 1282 ).

221 1305 313 1361 IV.
351 1304 418 1360 Et
440 1305 622 1359 domus
652 1304 865 1374 impleta
885 1312 960 1357 est
983 1307 1145 1374 fumo.
1177 1302 1257 1358 Ex
1278 1301 1760 1373 remissioneignis

148 1408 347 1456 cuncta
378 1398 603 1466 impleta
631 1408 713 1452 εει
741 1397 955 1451 domus.
988 1395 1190 1451 Fumus
1214 1405 1399 1449 autem
1425 1409 1596 1463 vapor
1621 1393 1760 1464 ignis

149 1503 258 1552 cst.
301 1494 366 1548 Et
393 1493 504 1548 dia'i
526 1509 544 1546 :
575 1491 620 1545 Ο
660 1493 816 1547 miser
835 1509 948 1564 ego,
991 1491 1236 1561 quoniam
1260 1496 1596 1558 compunctus
1621 1504 1756 1554 sum,

148 1592 274 1662 quia
301 1606 420 1644 cum
447 1590 545 1643 sim
574 1587 752 1654 homo,
790 1596 839 1641 et
883 1586 1151 1640 immunda
1195 1585 1331 1639 labia
1375 1582 1612 1638 habeant.
1642 1581 1760 1637 Non

148 1699 380 1755 possitm
411 1683 614 1738 sentire
662 1695 832 1752 quare
879 1679 1248 1734 hunziliaverit
1279 1679 1520 1750 seipsum
1571 1676 1757 1732 Isaias.

151 1777 360 1834 Verum
383 1775 549 1831 dicit:
580 1773 950 1832 testimonium
979 1772 1126 1827 enim
1160 1771 1252 1826 dat
1295 1772 1602 1842 Scriptura,
1636 1771 1764 1840 quia

1857 564 1968 611 tum
1998 555 2121 628 est)
2156 555 2390 627 Moyses.
2429 556 2810 615 Verumtamen
2835 561 2986 629 ividit
3016 561 3324 628 Dominum,
3355 568 3460 620 etsi

1859 649 2048 704 faciem
2083 649 2203 719 ejus
2233 667 2340 706 non
2369 651 2526 707 vidit.
2557 653 2730 709 Ethic
2755 671 2885 726 ergo
2914 656 3074 725 vidit,
3107 658 3234 713 licet
3263 659 3454 716 faciem

1859 761 1965 798 non
1987 745 2204 800 viderit.
2231 748 2369 803 Male
2393 749 2554 820 igitur
2578 751 3084 808 condemnaverunt
3102 754 3456 824 Prophetam.

1858 833 1927 889 Et
1952 852 2121 907 regem
2145 837 2424 895 Dominum
2458 842 2688 898 Sabaoth
2717 844 2825 900 uidi
2855 845 3014 900 oculis
3035 847 3180 913 meis,
3204 856 3251 901 et
3271 849 3458 904 missus

1859 938 1933 983 est
1962 930 2032 983 ad
2069 948 2149 985 me
2195 950 2326 988 unus
2372 935 2437 988 de
2476 935 2773 1007 Seraphim.
2806 938 2924 994 Non
2955 949 3037 996 est
3068 957 3211 994 nntts
3243 942 3458 997 Domini

1861 1029 1968 1080 mei
2000 1025 2130 1080 .Iesu
2159 1025 2360 1083 ChriSti
2387 1029 2671 1098 adventus,
2704 1048 2812 1102 quo
2838 1032 3124 1089 descendit
3151 1037 3218 1090 ad
3263 1044 3462 1102 terras,

1861 1126 1915 1170 et
1937 1116 2002 1171 ad
2023 1117 2218 1174 Isaiam
2250 1123 2417 1186 venit,
2449 1131 2503 1176 et
2519 1123 2586 1179 ad
2602 1123 2839 1195 Moysem
2857 1128 3031 1194 venit,
3048 1129 3180 1184 etad
3205 1128 3460 1199 populum

1861 1211 2031 1277 venit,
2052 1222 2107 1268 et
2126 1213 2193 1268 ad
2220 1229 2654 1287 unumquemque
2675 1217 3070 1288 Prophetarum
3091 1223 3240 1277 venit
3265 1237 3468 1291 :neqne

1864 1311 1920 1358 tu
1941 1303 2160 1370 timeas,
2194 1307 2407 1362 ctiamsi
2427 1307 2537 1376 jam
2565 1310 2710 1365 etelo
2735 1323 2986 1378 receptus
3007 1323 3112 1378 est,
3158 1316 3357 1370 iterum
3379 1331 3469 1370 ve-

1867 1397 1997 1449 niet.
2015 1395 2147 1461 Quia
2161 1406 2336 1451 autem
2353 1409 2548 1455 etante
2561 1404 2905 1470 praesentiam
2923 1405 3194 1460 carnalem
3217 1406 3283 1460 ad
3300 1407 3472 1461 Immi-

1866 1500 1962 1540 nes
1994 1487 2226 1557 venerit,
2268 1488 2446 1560 ipsum
2461 1493 2648 1563 accipe
2663 1503 2858 1550 testem
2873 1495 3284 1554 denuntiantem
3305 1509 3470 1571 atque

1865 1578 2472 1652 (licentemzlerusalem,
2485 1585 2798 1654 Jerusalem,
2817 1605 2934 1660 qua:
2946 1591 3137 1645 occidis
3157 1592 3471 1666 PrOphetas,

1866 1683 1914 1726 et
1942 1672 2147 1746 lepidas
2165 1692 2250 1730 eos
2265 1681 2356 1747 qui
2370 1679 2518 1733 missi
2531 1689 2650 1734 sunt
2670 1681 2739 1735 ad
2760 1692 2828 1744 te,
2851 1683 3051 1753 quoties
3071 1683 3212 1739 volui
3234 1684 3474 1757 colligere

1866 1769 2004 1837 ﬁlios
2038 1780 2152 1824 tuos
2184 1770 2409 1842 (Matth.
2465 1775 2652 1844 xuii).
2689 1776 2917 1842 Quoties
2947 1778 3115 1832 volui.
3156 1779 3274 1835 Non
3317 1779 3474 1846 dicit,

149 1871 275 1940 ejus
305 1868 634 1923 mundantur
661 1866 806 1923 labia
831 1865 901 1919 ab
930 1878 1040 1919 uno
1063 1880 1128 1919 ex
1161 1863 1471 1934 Seraphim,
1503 1863 1592 1932 qui
1626 1861 1756 1917 mis-
1792 1863 1840 1924 B
1869 1879 1974 1917 non
2005 1865 2111 1919 vidi
2143 1876 2193 1920 te
2221 1867 2326 1922 nisi
2349 1868 2454 1924 isto
2476 1869 2736 1937 adventu,
2765 1871 2859 1926 sed
2881 1872 3036 1937 dicit,
3064 1874 3282 1943 quoties
3310 1874 3478 1929 volui.

150 1980 248 2020 sus
277 1972 360 2018 est
391 1961 457 2018 ad
485 1959 785 2017 auferenda
819 1960 941 2030 ejus
970 1966 1217 2031 peccata.
1263 1957 1418 2014 Unus
1470 1967 1651 2012 autem
1697 1972 1763 2011 ex

152 2055 448 2128 Serapltim
479 2055 741 2111 Dominus
768 2068 924 2108 meus
949 2052 1110 2108 .lesus
1139 2051 1390 2106 Christus
1428 2057 1530 2116 cst,
1575 2050 1666 2119 qui
1699 2049 1763 2103 ad

152 2149 464 2206 auferenda
497 2156 722 2220 peccata
757 2157 944 2202 nostra
978 2161 1007 2200 a
1037 2145 1201 2201 Patre
1241 2145 1436 2200 missus
1465 2152 1568 2208 est,
1601 2152 1656 2198 et
1684 2141 1767 2198 di-

153 2243 230 2298 cit
256 2261 270 2298 :
299 2241 433 2296 Ecce
445 2238 632 2296 abstuli
653 2239 950 2311 iniquitates
975 2249 1110 2303 tuas,
1137 2246 1182 2292 et
1204 2246 1411 2310 peccata
1440 2246 1529 2290 tua
1550 2237 1769 2290 circum-

152 2335 426 2393 muudavi.
459 2335 572 2391 Nec
602 2345 758 2405 putes
785 2341 994 2389 natura:
1020 2333 1437 2397 contumeliam,
1467 2332 1511 2386 si
1542 2330 1712 2385 Filius
1737 2345 1767 2384 a

154 2429 322 2485 Patre
345 2428 599 2483 mittitur.
623 2425 872 2497 Denique
895 2435 952 2480 ut
972 2423 1246 2481 Unitatem
1270 2422 1492 2478 deitatis
1517 2423 1569 2477 in
1593 2420 1774 2478 Trini-

154 2533 272 2581 tate
301 2538 626 2593 cngnoscas,
662 2522 810 2576 solus
840 2521 1098 2576 Christus
1131 2521 1184 2576 in
1241 2518 1501 2591 praesenti
1541 2518 1772 2574 lectione

156 2634 310 2675 nunc
339 2626 566 2689 peccata
597 2616 849 2684 dimittit,
879 2625 935 2671 et
957 2626 1137 2670 tamen
1170 2623 1380 2670 certum
1413 2622 1500 2670 est
1531 2628 1558 2665 a
1587 2611 1775 2667 Trini-

157 2722 271 2769 tate
322 2720 543 2784 peccata
576 2709 801 2766 dimitti.
835 2709 937 2776 Qui
988 2707 1136 2762 enim
1185 2706 1239 2762 in
1291 2721 1405 2761 uno
1453 2702 1773 2770 crediderit,

155 2806 338 2865 credit
384 2807 436 2861 in
484 2803 761 2860 omnibus.
796 2801 1084 2857 Deferatnr
1126 2813 1256 2869 ergo
1297 2797 1429 2853 mihi
1474 2796 1543 2852 de
1583 2795 1776 2849 altario

157 2899 376 2958 ccelesti
409 2897 627 2968 forceps
650 2905 708 2950 nt
732 2901 918 2965 tangat
938 2893 1080 2949 labia
1112 2907 1256 2947 mea.
1294 2889 1537 2959 Forceps
1561 2885 1776 2942 Domini

158 2994 207 3050 si
237 2992 422 3063 tetigit
447 2991 589 3047 labia
622 3005 765 3058 mea,
793 2987 1024 3044 mundat
1048 3001 1132 3042 ea.
1166 2982 1286 3040 Etsi
1317 2981 1661 3039 mandaverit
1690 2995 1776 3047 ea,

161 3094 220 3144 et
244 3083 653 3141 circumciderit
683 3098 713 3136 a
744 3080 916 3148 vitiis,
947 3087 1006 3135 ut
1033 3093 1211 3149 nuper
1236 3076 1506 3139 diximus,
1537 3073 1780 3144 aperiam

161 3180 338 3236 verbo
365 3176 463 3233 Dei
499 3191 562 3232 os
603 3189 806 3241 meum,
844 3187 944 3229 nec
975 3170 1209 3227 ulterius
1238 3183 1426 3226 sermo
1471 3165 1783 3222 immundus

1871 1955 1939 2011 Et
1972 1971 2072 2028 per
2121 1957 2368 2030 singulos
2409 1961 2804 2032 PrOphetarum
2844 1974 3174 2020 convertens
3201 1981 3298 2022 se:
3336 1967 3474 2037 Ego,

1871 2049 2070 2120 inquit,
2104 2065 2254 2106 eram
2279 2051 2554 2118 Christus,
2583 2055 2676 2125 qui
2717 2054 2984 2125 loquebar
3031 2073 3126 2127 per
3156 2057 3476 2129 Prophetas.

1873 2141 2018 2209 Dixi,
2049 2159 2227 2214 neque
2253 2153 2305 2198 tu
2336 2146 2553 2210 timeas,
2585 2155 2640 2202 et
2667 2161 2813 2202 nunc
2842 2147 3078 2204 mittitur
3105 2150 3263 2204 .Iesus
3293 2149 3480 2204 Chris-

1874 2242 1982 2291 tus.
2008 2235 2124 2291 Non
2151 2238 2432 2293 mentitur.
2469 2239 2745 2294 Vobiscum
2775 2259 2888 2295 sum
2912 2240 2931 2314 (
2949 2242 3339 2314 aitDominus)
3370 2260 3480 2297 om.-

1874 2346 1966 2384 nes
2019 2331 2128 2384 dies
2177 2347 2336 2402 usque
2383 2332 2451 2385 ad
2498 2337 2992 2389 consummationem
3028 2335 3207 2390 saeculi
3250 2339 3267 2403 (
3290 2335 3479 2392 Matth.

1875 2425 2099 2496 xxvm).
2134 2424 2253 2480 Non
2283 2427 2567 2482 mentitur.
2600 2427 2704 2484 Ubi
2727 2428 2836 2483 duo
2860 2431 2946 2485 vel
2977 2439 3088 2484 tres
3110 2430 3324 2486 collecti
3356 2440 3484 2485 sunt

1877 2517 1931 2572 in
1965 2518 2185 2573 nomine
2215 2534 2362 2584 meo,
2407 2527 2464 2575 et
2487 2535 2588 2591 ego
2618 2535 2736 2575 sum
2780 2522 2834 2576 in
2886 2522 3064 2578 medio
3093 2537 3304 2578 eorum.
3336 2524 3485 2591 Quo-

1878 2609 2022 2664 niam
2052 2609 2220 2680 igitur
2250 2620 2454 2681 przesto
2483 2621 2587 2677 est,
2620 2621 2675 2668 et
2697 2613 2909 2668 assistit
2939 2613 3100 2670 Iesus
3126 2613 3396 2684 Christus,
3431 2626 3487 2672 et

1879 2711 2107 2769 paratus
2135 2710 2220 2757 est
2248 2713 2303 2757 et
2349 2704 2674 2772 praecinctus
2713 2721 2958 2761 summus
2993 2707 3248 2762 sacerdos
3287 2708 3486 2765 offerre

1881 2791 2028 2847 Patri
2051 2793 2531 2865 interpellationes
2575 2805 2816 2863 nostras,
2847 2811 3141 2870 surgentes
3172 2817 3268 2871 per
3310 2801 3488 2873 ipsum

1882 2886 2150 2941 sacriﬁcia
2182 2887 2328 2942 Patri
2359 2887 2678 2944 oﬁ‘eramus.
2725 2891 2845 2961 Ipse
2877 2892 3021 2947 enim
3056 2893 3377 2964 pr0pitiatio
3408 2905 3493 2952 est

1884 2993 1984 3049 pro
2024 2981 2268 3050 peccatis
2307 2983 2538 3047 nostris,
2583 2983 2669 3037 cui
2711 2992 2795 3038 est
2825 2983 2996 3054 gloria
3027 2994 3082 3041 et
3112 2985 3400 3058 imperium
3435 2989 3490 3044 in

1885 3074 2086 3129 saecula
2117 3074 2460 3130 saeculorum.
2493 3077 2691 3132 Amen.

2357 3168 2642 3225 HOMILIA
2679 3170 3020 3229 SECUNDA.

161 3272 317 3328 exict
342 3285 410 3326 ex
441 3284 538 3325 ore
567 3282 726 3323 meo:
759 3265 887 3337 quia
921 3280 1038 3318 cum
1078 3264 1179 3318 sim
1220 3262 1395 3327 homo,
1443 3269 1490 3314 et
1515 3256 1783 3313 immunda
1807 3255 1854 3318 C
1887 3262 1966 3318 De
1993 3279 2052 3319 eo
2080 3263 2219 3334 quod
2243 3262 2491 3334 scriplttm
2517 3273 2628 3320 est:
2661 3265 2804 3322 Ecce
2847 3269 3000 3339 virgo
3032 3268 3086 3323 in
3124 3276 3283 3325 utero
3314 3275 3498 3327 conci-

164 3363 310 3418 labia
341 3363 578 3427 habeam,
614 3361 668 3415 in
699 3358 868 3413 medio
895 3373 1097 3429 quoque
1124 3354 1306 3428 populi
1327 3352 1610 3424 “immunda
1642 3349 1781 3405 labia

165 3457 406 3511 trabeatis
444 3453 641 3509 habito.
676 3451 960 3522 Seraphitn
989 3448 1136 3520 quod
1177 3447 1404 3502 missum
1455 3443 1578 3510 fuit,
1623 3458 1783 3498 mun-

168 3551 324 3605 duvit
364 3548 507 3603 labia
553 3546 867 3616 Pr0phetae,
917 3557 1029 3598 non
1063 3539 1345 3596 mundavit
1392 3546 1575 3593 autem
1638 3535 1784 3590 labia

171 3639 386 3714 populi.
444 3639 742 3695 Confessus
794 3644 881 3693 est
929 3635 1078 3691 enim
1131 3633 1246 3703 ipse
1309 3629 1591 3686 immunda
1637 3628 1783 3683 labia

173 3753 230 3794 sc
277 3737 505 3803 habere,
548 3742 605 3791 et
633 3735 686 3788 in
727 3732 911 3788 medio
961 3729 1144 3802 populi
1174 3727 1452 3784 immunda
1496 3726 1638 3782 labia
1678 3724 1779 3778 ha-

174 3831 360 3888 bentis
383 3829 652 3885 habitare.
677 3827 787 3884 Sed
816 3826 920 3883 hoc
939 3825 1084 3897 quod
1110 3824 1338 3879 missum
1365 3830 1448 3878 est
1467 3819 1784 3892 Seraphim,

178 3943 288 3982 non
319 3923 803 3995 jndicavitdignos
829 3934 952 3977 esse
987 3919 1057 3975 de
1097 3918 1321 3990 populo,
1371 3925 1431 3972 ιιι
1472 3926 1528 3972 et
1569 3915 1788 3970 illorum

180 4020 332 4075 labia
373 4015 725 4077 emundaret,
751 4023 805 4069 et
831 4013 1040 4069 idcirco
1071 4011 1250 4067 adhuc
1280 4008 1444 4080 impie
1487 4017 1674 4078 agunt,
1707 4007 1791 4062 id-

180 4112 338 4166 circo
367 4108 546 4163 adhuc
583 4107 795 4179 1106
819 4104 1052 4161 Domino
1083 4117 1206 4158 meo
1225 4101 1353 4157 Iesu
1380 4099 1604 4155 Christo
1637 4113 1796 4170 repu-

178 4216 373 4277 gnant,
391 4202 572 4258 adhuc
595 4201 648 4257 ei
674 4198 1012 4255 maledicunt
1035 4195 1333 4252 immundis
1353 4193 1535 4248 labiis.
1563 4193 1678 4263 Ego
1695 4207 1793 4246 au-

186 4310 296 4356 tem
317 4310 538 4367 precor,
553 4303 612 4350 ut
629 4294 857 4350 veniens
871 4290 1185 4361 Seraphim,
1206 4286 1470 4345 emundet
1496 4285 1636 4341 labia
1651 4300 1792 4340 mea.

261 4391 328 4447 V.
351 4389 420 4444 Et
443 4404 612 4460 regem
645 4386 921 4442 Dominum
941 4381 1173 4439 Sabaoth
1202 4379 1305 4436 vidi
1333 4379 1496 4434 oculis
1520 4378 1665 4431 meis.
1687 4377 1800 4432 Cur

186 4500 296 4539 non
317 4482 567 4538 dicamus
579 4480 632 4534 in
650 4478 907 4549 praesenti
926 4475 1269 4532 traditionem
1283 4470 1574 4544 quamdam
1587 4470 1611 4524 .I
1622 4469 1802 4525 udaeo-

186 4594 312 4633 rum
348 4572 702 4630 verisimilem
726 4571 968 4642 quidem,
1001 4583 1103 4624 nec
1134 4576 1312 4623 tamen
1341 4578 1549 4627 veram,
1580 4570 1634 4618 et
1655 4561 1804 4616 solu-

2310 3357 2441 3425 piet,
2472 3367 2578 3412 etc.
2607 3355 2740 3428 Cap.
2776 3359 2888 3415 VII.

1963 3451 2172 3524 1107
2202 3451 2242 3506 Ι.
2291 3450 2562 3518 Quantum
2594 3452 2660 3508 ad
2691 3453 2895 3509 dictum
2924 3457 3141 3524 attinet,
3183 3459 3491 3514 verecunde

1887 3541 2016 3600 fecit
2065 3542 2269 3610 Acltaz,
2321 3559 2443 3619 cum
2495 3545 2548 3599 ei
2594 3544 2787 3601 fuisset
2828 3549 3176 3618 imperatum,
3236 3559 3296 3605 ut
3345 3560 3497 3621 pete-

1889 3646 1974 3692 ret
2029 3638 2243 3708 signum
2303 3638 2357 3692 in
2421 3637 2749 3707 profundum
2811 3649 2903 3694 aut
2964 3641 3018 3696 in
3079 3641 3382 3711 excelsum,
3439 3650 3495 3699 et

1888 3730 2155 3786 rationem
2175 3729 2526 3786 reddiditcnr
2562 3740 2751 3802 petere
2776 3732 3021 3789 noluerit
3045 3735 3062 3803 (
3083 3733 3215 3789 lsai.
3244 3736 3374 3811 vn).
3409 3741 3496 3793 Ait

1891 3824 2092 3894 quippe
2111 3841 2123 3876 :
2145 3823 2266 3878 Non
2279 3833 2472 3896 petam,
2491 3832 2539 3878 et
2553 3842 2656 3879 non
2670 3825 2874 3880 tentabo
2893 3826 3187 3883 Dominum.
3205 3828 3302 3884 Est
3319 3840 3498 3887 tamen

1894 3930 2062 3986 super
2084 3916 2188 3972 hoc
2216 3918 2388 3973 verbo
2413 3917 2687 3988 culpatus,
2719 3929 2774 3973 et
2800 3919 3003 3975 dicitur
3030 3921 3097 3976 ad
3125 3939 3249 3977 cum
3280 3926 3503 3982 :Audite

1895 4025 2054 4074 nunc,
2087 4009 2272 4063 domus
2293 4007 2499 4063 David:
2523 4007 2794 4076 Numquid
2815 4011 3072 4065 modicum
3097 4014 3237 4066 nobis
3257 4026 3504 4082 praestare

1897 4109 2152 4156 certamen
2181 4101 2499 4168 hominibus,
2526 4110 2573 4155 et
2601 4102 2858 4172 quomodo
2883 4101 3106 4157 Domino
3124 4110 3377 4174 praestatis
3393 4125 3503 4162 cer-

1899 4194 2106 4248 tamen?
2129 4192 2332 4248 Deinde
2357 4192 2560 4248 dicitur
2590 4193 2708 4248 hate
2738 4194 3092 4264 repromissio
3119 4216 3131 4252 :
3168 4195 3296 4252 Ideo
3321 4197 3504 4254 Domi-

1901 4301 1998 4340 nus
2024 4286 2132 4357 ipse
2157 4285 2294 4340 dabit
2322 4285 2463 4340 vobis
2485 4286 2710 4360 signum.
2747 4284 2882 4341 Ecce
2905 4290 3047 4360 virgo
3078 4289 3135 4344 in
3163 4299 3308 4345 utero
3329 4294 3502 4346 conci-

1905 4379 2027 4446 piet,
2062 4389 2112 4434 et
2136 4379 2302 4448 pariet
2318 4380 2508 4449 ﬁlium,
2525 4389 2572 4434 et
2593 4379 2793 4434 vocabis
2821 4396 3007 4435 nomen
3033 4385 3150 4454 ejus
3171 4382 3503 4442 Emmanuel.

1906 4471 2032 4526 Hinc
2055 4479 2416 4540 exponuntur,
2440 4481 2494 4527 et
2516 4471 2582 4526 de
2606 4472 2831 4541 reliquis
2852 4473 3177 4543 videbimus,
3197 4477 3506 4545 indigentes

1906 4573 1962 4620 et
1993 4564 2047 4619 in
2098 4563 2209 4618 illis
2255 4564 2428 4633 gratia
2461 4562 2555 4618 Dei
2597 4571 2654 4618 ut
2706 4564 3143 4621 manifestentur.
3176 4569 3408 4625 Jubetur
3451 4582 3507 4628 ut

189 4673 401 4726 tionem
456 4665 573 4736 ejus
615 4679 783 4736 quare
835 4677 943 4719 non
993 4657 1375 4716 inveniamus?
1426 4656 1592 4712 Aiunt
1636 4653 1791 4719 ideo,
1820 4646 1875 4707 D
1902 4663 2051 4727 petat
2093 4655 2329 4726 signum,
2377 4669 2484 4710 non
2514 4653 2857 4725 simpliciter,
2887 4656 2982 4712 sed
3027 4659 3130 4715 sibi
3162 4659 3284 4730 ipsi.
3314 4663 3506 4719 Sermo

191 4765 393 4822 Isaiam
419 4776 541 4817 esse
575 4770 596 4796 δ
619 4769 826 4815 sectum
848 4773 876 4812 a
899 4756 1123 4829 populo,
1148 4753 1304 4826 quasi
1337 4753 1510 4824 legem
1537 4747 1800 4821 prmvari—

191 4863 438 4921 cantem,
465 4864 517 4909 et
545 4862 702 4908 extra
723 4852 1039 4919 Scripturas
1062 4846 1497 4902 annuntiantem.
1515 4842 1798 4912 Scriptura

195 4951 345 5006 cnim
374 4946 510 5002 dicit
536 4965 548 4999 :
577 4941 1146 5014 Nemovidebitfaciem
1165 4955 1350 5006 meam,
1371 4947 1417 4993 et
1437 4937 1569 4992 vivet
1590 4935 1609 5008 (
1627 4934 1798 4989 Exod.

197 5057 371 5098 χχχιιι
388 5038 430 5111 ).
457 5039 559 5094 Isle
582 5053 714 5092 vero
733 5037 843 5090 ait:
876 5033 998 5088 Vidi
1019 5032 1296 5087 Dominum
1316 5028 1566 5086 Sabaoth.
1588 5028 1804 5100 Moyses

198 5134 427 5209 (aiunt)
462 5147 569 5187 non
601 5131 755 5193 vidit,
789 5137 844 5184 et
871 5138 925 5183 tu
957 5127 1159 5182 vidisti.
1194 5127 1265 5181 Et
1293 5131 1517 5196 prOpter
1543 5123 1647 5178 hoc
1675 5136 1799 5177 eum

199 5234 522 5292 secuerunt,
546 5236 602 5280 et
623 5223 1126 5279 condemnaverunt
1154 5233 1277 5276 eum
1309 5226 1368 5273 ut
1407 5216 1651 5286 impium.
1685 5213 1800 5269 Non

201 5322 356 5377 enim
405 5317 649 5374 sciebant
688 5316 811 5385 quia
859 5314 1068 5369 duabus
1096 5311 1195 5367 alis
1243 5309 1563 5366 velaverunt
1611 5305 1806 5362 faciem

205 5415 304 5470 Dei
334 5412 643 5484 Seraphim.
684 5408 803 5464 Vidi
830 5406 1132 5474 Dominum,
1166 5405 1260 5462 sed
1293 5404 1482 5461 faciem
1527 5418 1636 5460 non
1668 5401 1808 5458 vidit

289 5609 313 5636 ⁸
347 5600 615 5668 Perquam
643 5597 927 5668 eleganter
956 5595 1177 5650 Hieron.
1210 5588 1415 5668 in_lsai.
1438 5604 1598 5660 cap.t
1621 5605 1639 5668 ξ
1660 5589 1817 5668 Aiunt

212 5671 427 5728 Hebrtci
451 5660 512 5725 ob
539 5672 671 5724 duas
696 5660 879 5722 εᾶιιδαε
907 5668 1225 5738 interfectum
1248 5661 1469 5738 Isaiam,
1501 5660 1639 5733 quod
1668 5660 1816 5738 prin-

209 5746 356 5815 cipes
381 5742 724 5815 Sodomorum
740 5749 793 5815 et
815 5730 1064 5815 populum
1084 5735 1388 5815 Gomorrhaz
1411 5730 1818 5815 eos'appellave-

210 5803 285 5869 ri't
312 5831 329 5878 ;
363 5822 414 5866 et
436 5817 574 5884 quod
601 5803 824 5867 Domino
839 5803 1037 5866 dicente
1063 5809 1131 5865 ad
1159 5807 1390 5884 oysem
1409 5821 1428 5860 :
1467 5803 1820 5884 I‘jonpoteris

212 5874 411 5942 videre
433 5874 625 5941 faciem
650 5898 848 5947 meam,
874 5885 968 5937 iste
986 5897 1145 5938 ausus
1171 5874 1458 5943 sitdicere;
1483 5874 1814 5934 Vidi’Domi-

529 5974 1062 6039 PATROL.XX1V.

1900 4747 2106 4818 quippe
2132 4746 2204 4800 ait
2231 4763 2246 4802 :
2273 4745 2403 4801 Pete
2425 4746 2516 4800 tibi
2538 4747 2745 4819 signum
2763 4745 3037 4803 aDomino
3057 4749 3168 4806 Deo
3188 4762 3275 4807 tuo
3304 4755 3359 4809 in
3388 4773 3512 4828 pro-

1905 4840 2125 4913 fundum
2149 4847 2236 4893 aut
2264 4839 2320 4894 in
2348 4836 2624 4894 excelsum.
2654 4839 3000 4911 Pr0positum
3033 4852 3116 4897 est
3156 4845 3366 4916 signutn
3402 4849 3509 4904 Do-

1904 4933 2083 4988 minus
2127 4947 2279 4987 meus
2305 4931 2466 4987 Iesus
2513 4929 2781 4987 Christus.
2816 4933 2928 4988 Hoc
2975 4935 3122 4990 enim
3153 4946 3238 4992 est
3287 4940 3503 5012 signum

1907 5027 2051 5098 quod
2095 5027 2318 5096 jubetur
2350 5035 2412 5080 ut
2450 5025 2553 5080 sibi
2586 5026 2826 5097 postulet
2871 5029 2924 5082 in
2952 5028 3287 5097 profundum
3319 5047 3411 5090 aut
3456 5037 3510 5092 in

1911 5119 2213 5176 excelsum.
2245 5119 2304 5174 In
2330 5118 2651 5189 profundum
2675 5119 2912 5189 quidem,
2943 5121 3067 5192 quia
3089 5125 3179 5194 qui
3202 5125 3512 5195 descendit,

1913 5219 2031 5285 ipse
2069 5221 2174 5269 est.
2220 5211 2276 5267 In
2307 5212 2586 5267 excelsum
2621 5227 2773 5280 vero,
2803 5213 2926 5283 quia
2956 5215 3047 5284 qui
3078 5219 3324 5274 ascendit
3353 5234 3516 5291 super

1912 5320 2107 5363 omnes
2130 5305 2324 5372 caelos,
2346 5305 2463 5376 ipse
2495 5313 2599 5361 est.
2629 5304 2756 5360 Mihi
2788 5316 2972 5362 autem
3007 5308 3109 5364 hoc
3137 5310 3346 5379 signum
3388 5329 3507 5381 pro-

1914 5399 2149 5472 positum
2181 5397 2444 5454 Dominus
2469 5411 2624 5454 meus
2643 5396 2801 5453 Jesus
2827 5396 3074 5454 Christus
3102 5399 3155 5454 in
3183 5401 3510 5470 profundum

1926 5601 2052 5642 num
2066 5584 2351 5662 sedentem
2373 5597 2538 5655 super
2561 5583 2814 5662 thronum
2837 5583 3115 5662 excelsum
3132 5595 3190 5662 et
3206 5586 3473 5662 elevatum
3501 5610 3519 5662 ;

1924 5676 2027 5732 non
2060 5657 2441 5732 considerantes
2461 5655 2596 5732 quod
2624 5655 2810 5732 faciem
2853 5665 2902 5709 et
2917 5656 3097 5732 pedes
3120 5655 3218 5732 Dei
3252 5659 3354 5714 sive
3377 5655 3520 5732 suos,

1924 5728 2362 5804 quiainHebrteo
2389 5727 2625 5804 ainbi_gue
2659 5727 2866 5804 legitur,
2906 5727 3184 5804 Seraphim
3210 5732 3452 5804 texerint,
3475 5727 3523 5793 et.

1924 5798 2095 5856 media
2125 5810 2323 5856 tantum
2365 5805 2478 5873 ejus
2508 5798 2676 5854 Isaias
2699 5798 2886 5853 vidisse
2910 5814 2965 5853 se
2991 5799 3199 5857 scribat.

3154 5968 3232 6031 29
