3972 6312
509 285 612 346 907

1761 281 1822 340 S.
1865 281 2136 342 EUSEBII
2179 283 2556 342 HIERONYMI

3709 288 3810 343 908

507 415 559 460 et
588 405 640 460 in
667 403 961 466 excelsum,
995 399 1131 456 nihil
1163 397 1408 470 prodest,
1442 398 1488 454 si
1530 412 1640 454 non
1671 397 1806 452 mihi
1859 399 1951 452 tiat
1997 413 2114 470 my-
2140 401 2190 458 A
2219 399 2772 472 Salvatore,quipost
2787 399 3172 471 generationes
3189 400 3386 456 multas
3403 401 3576 468 venit,
3597 402 3810 456 audire;

507 500 734 552 stet-ium
776 495 842 550 de
871 493 1144 564 profundo
1173 501 1230 548 et
1258 493 1476 550 excelso
1505 491 1642 562 ejus.
1675 490 1810 548 Cum
1832 491 1976 546 enim
2008 506 2110 561 ego

503 603 767 658 recepero
800 587 1120 658 mysterium
1154 585 1224 642 de
1246 586 1462 644 Christo
1488 585 1620 646 Jcsu
1645 585 1714 640 de
1759 583 2026 656 profundo
2056 594 2112 642 et

503 681 742 749 excelso,
773 691 900 734 tunc
927 680 1186 748 accipiam
1212 680 1425 751 signum
1448 677 1754 734 secundum
1779 685 2106 748 praeceptum

501 776 738 838 Domini.
774 785 826 830 ct
851 775 1062 830 dicetur
1095 774 1226 830 mibi
1258 777 1410 844 quasi
1444 772 1664 828 babenti
1700 774 1754 826 in
1787 772 2110 840 memetipso

499 867 834 941 profundum
863 881 917 924 et
942 869 1226 924 excelsum
1261 887 1272 922 :
1309 867 1490 940 Neque
1511 867 1708 922 dixeris
1731 867 1784 922 in
1824 866 1978 920 corde
1996 875 2106 930 tuo,

504 963 633 1030 Quis
663 962 896 1016 ascendit
939 962 994 1015 in
1026 959 1250 1016 caelum?
1293 960 1408 1016 Hoc
1448 971 1520 1016 est
1549 961 1812 1020 Christum
1839 959 2106 1020 deducere.

498 1057 602 1110 Aut
632 1056 745 1124 quis
772 1055 1036 1109 descendit
1063 1056 1116 1110 in
1150 1056 1433 1127 abyssum?
1470 1055 1568 1110 hoc
1595 1065 1668 1110 est
1691 1098 1706 1122 ,
1739 1053 1998 1108 Christum
2047 1069 2110 1108 ea;

497 1154 712 1204 mortuis
733 1148 976 1202 reducere
998 1147 1108 1220 [AL
1132 1147 1408 1218 recedere].
1441 1146 1606 1202 Juxta
1630 1155 1702 1200 est
1725 1147 1930 1202 turbam
1955 1155 2108 1200 tuum

499 1247 799 1300 vehemens
829 1243 880 1296 in
915 1259 1003 1298 ore
1034 1252 1142 1308 tuo,
1166 1253 1212 1298 ct
1237 1243 1286 1296 in
1311 1243 1464 1296 corde
1495 1255 1580 1296 tuo
1613 1241 1797 1313 (Rom.
1841 1240 1926 1311 ι).
1959 1241 2106 1296 Prte-

495 1336 696 1406 cipitur
727 1349 858 1406 ergo
891 1335 1048 1390 nobis
1077 1336 1362 1400 omnibus,
1405 1343 1466 1390 ut
1504 1342 1755 1404 petamus
1801 1333 1956 1388 nobis
2007 1333 2110 1388 hoc

494 1427 736 1498 signum,
759 1437 816 1480 ut
839 1425 996 1482 nobis
1029 1425 1164 1482 utile
1195 1427 1286 1482 lial.
1315 1429 1534 1498 signum
1565 1425 1708 1498 quod
1733 1426 1824 1480 dat
1849 1425 2110 1482 Dominus

495 1521 640 1578 Deus
665 1525 722 1578 in
764 1521 1094 1592 profundum
1145 1531 1200 1578 et
1228 1523 1282 1580 in
1329 1523 1629 1578 excelsum.
1679 1521 1736 1576 Si
1779 1521 1900 1590 quis
1925 1529 2108 1578 autem

489 1628 576 1678 est
613 1619 702 1686 qui
727 1617 884 1682 sciat,
908 1625 963 1672 et
990 1616 1304 1672 rationabili
1323 1616 1786 1686 contemplatione
1816 1626 2112 1686 Cognoscat

495 1709 602 1766 hoc
630 1709 774 1779 quod
805 1709 1008 1764 dielum
1045 1719 1150 1778 est,
1185 1710 1236 1762 in
1273 1708 1598 1778 prohtndum
1629 1708 1766 1770 etin
1809 1709 2108 1772 excelsum,

2225 491 2440 548 Vocabis
2459 510 2642 550 nomen
2663 497 2778 566 ejus
2808 492 3146 548 Emmanuel:
3174 501 3334 564 atque
3363 494 3438 548 ita
3469 510 3566 563 pro
3591 509 3658 550 eo
3677 497 3814 562 quod

2211 599 2296 644 est
2339 589 2563 654 vocabis,
2609 589 2897 658 scripsisse
2925 588 3228 642 vocabitur?
3281 589 3498 660 1109
3539 587 3648 644 Sed
3697 589 3816 646 vide

2209 683 2334 752 quia
2363 700 2470 737 non
2503 682 2686 738 Achaz
2713 682 2912 738 dicitur
2939 701 2950 736 :
2993 681 3064 737 Et
3093 682 3296 737 vocabis
3325 699 3510 736 nomen
3545 685 3664 746 eius
3697 682 3816 738 Em-

2211 776 2438 840 manuel,
2473 775 2568 830 sed
2621 775 2808 830 domui
2861 774 3032 830 David
3080 775 3202 830 vide
3249 775 3538 830 manifeste
3569 775 3813 832 dieium:

2213 869 2400 924 Audite
2429 886 2584 934 nunc,
2617 870 2800 924 domus
2835 867 3000 923 David
3021 885 3040 924 :
3069 867 3336 937 Numquid
3378 871 3644 924 modicum
3683 873 3814 924 vobis

2213 973 2286 1014 est
2314 973 2564 1030 praetore
2594 969 2852 1017 certamen
2883 961 3200 1030 hominibus,
3225 971 3280 1018 et.
3309 964 3568 1032 quomodo
3599 961 3812 1018 Domino

2214 1055 2472 1124 praestatis
2503 1059 2803 1110 certamen?
2830 1055 2958 1112 Ideo
2979 1057 3124 1108 dabit
3159 1054 3419 1110 Dominus
3443 1057 3558 1125 ipse
3587 1057 3720 1110 vobis
3745 1060 3810 1110 si-

2211 1165 2391 1220 gnum.
2423 1147 2556 1202 Ecce
2583 1150 2721 1218 rirgo
2763 1149 2814 1202 in
2863 1159 3008 1203 utero
3049 1150 3322 1219 concipiet,
3354 1160 3404 1204 et
3429 1152 3600 1219 pariet
3623 1149 3802 1220 filium,

2212 1249 2260 1294 et
2283 1239 2488 1294 vocabis
2518 1257 2702 1295 nomen
2727 1245 2838 1314 ejus
2881 1240 3209 1296 Emmanuel.
3253 1241 3362 1297 Sed
3389 1243 3614 1310 quando
3635 1243 3808 1314 itaque

2213 1351 2318 1392 non
2352 1335 2714 1405 intelligimus
2755 1334 2858 1390 hoc
2889 1337 3032 1406 quod
3077 1336 3280 1390 dictum
3309 1344 3422 1400 est,
3473 1337 3610 1392 nihil
3645 1353 3708 1392 ex
3753 1353 3814 1392 eo

2214 1430 2392 1482 minus
2439 1427 2722 1492 iaciamus,
2757 1444 2934 1498 neque
2981 1428 3048 1482 ad
3081 1427 3328 1484 faciliora
3375 1444 3690 1494 curramus,
3721 1429 3812 1484 sed

2211 1529 2596 1588 exspectemus
2637 1517 2814 1576 donec
2858 1520 3034 1590 gratia
3071 1519 3164 1575 Dei
3215 1519 3480 1588 subjiciat
3525 1521 3684 1577 nobis
3723 1538 3814 1592 per

2213 1609 2668 1668 illuminatiouem
2684 1611 2931 1666 scientia:
2947 1610 2974 1648 1’
2992 1611 3452 1668 illuminationem
3465 1613 3810 1682 qtiazstionis:

2214 1712 2306 1758 aut
2337 1713 2490 1760 certe
2521 1719 2740 1762 rursum
2767 1705 2940 1773 gratia
2967 1704 3064 1760 Dei
3087 1721 3183 1773 per
3207 1720 3368 1776 quem
3399 1706 3518 1760 vult
3547 1705 3814 1762 illuminet

491 1819 602 1859 non
626 1803 954 1872 disjunctit'e
980 1819 1100 1858 esse
1123 1803 1349 1870 dietum,
1375 1804 1646 1872 signiﬁcat
1668 1803 1812 1860 enim
1840 1803 1942 1858 hoc
1959 1802 2106 1874 quod
2137 1789 2190 1856 Β
2213 1811 2332 1861 n05,
2371 1805 2428 1852 ut
2457 1812 2562 1852 non
2591 1797 2730 1852 ultra
2758 1811 3090 1868 quieramns,
3115 1797 3209 1854 sed
3231 1799 3466 1866 quaestio
3495 1811 3680 1854 nostra
3707 1801 3810 1854 sol-

487 1905 776 1964 utrumque
805 1896 998 1964 possit.
1035 1894 1156 1950 Pete
1187 1895 1280 1948 tibi
1311 1897 1530 1968 1108
1563 1896 1770 1969 signum
1817 1913 1850 1950 a
1879 1894 2102 1950 Domino

487 1986 540 2039 in
570 1985 890 2058 profundam
913 1997 960 2040 et
983 1987 1034 2040 in
1063 1985 1340 2040 excelsum.
1370 1987 1434 2040 Et
1458 1989 1510 2042 in
1535 1985 1900 2056 promissione
1919 1995 2104 2048 autem

489 2077 634 2134 dixit
665 2079 961 2148 Apostolus
987 2097 1000 2134 ε
1040 2078 1108 2134 Ut
1138 2095 1506 2150 cognoscamus
1531 2080 1654 2148 quid
1683 2081 1746 2134 sit
1765 2079 2100 2150 profundum,

487 2179 534 2222 et
558 2171 840 2236 excelsum,
863 2179 910 2226 et
946 2171 1240 2240 longitudo,
1271 2179 1320 2226 et
1351 2171 1572 2234 latitudo
1595 2171 1615 2242 (
1642 2170 1837 2240 Epltes.
1877 2171 1990 2242 tu).
2035 2169 2102 2225 Ει

484 2262 616 2316 dixit
649 2262 844 2330 Actias,
872 2279 976 2318 non
1012 2273 1201 2332 petam.
1239 2261 1556 2318 Incredulus
1587 2260 1707 2320 fuit.
1745 2262 1890 2328 Dixit
1913 2261 2056 2318 enim
2086 2280 2097 2316 τ

483 2355 615 2411 Pete
659 2355 752 2409 tibi
781 2355 904 2424 ipsi.
935 2355 1174 2424 Populus
1208 2367 1390 2410 autem
1425 2371 1601 2428 usque
1625 2353 1796 2412 hodie
1831 2371 1937 2410 neu
1969 2356 2106 2425 petit

488 2447 723 2520 signum,
773 2458 1064 2518 propterea
1097 2463 1202 2502 non
1235 2446 1402 2504 habet.
1433 2448 1608 2514 illum,
1659 2455 1712 2502 el
1746 2449 1954 2516 prmhct
1997 2449 2102 2504 Do-

485 2541 636 2595 mino
685 2551 970 2596 certamen
1004 2542 1242 2611 populus
1291 2541 1382 2612 qui
1431 2557 1538 2598 non
1587 2541 1778 2609 recipit
1811 2540 2102 2594 Dominum

489 2649 674 2690 meum
691 2634 874 2690 Jesum
893 2633 1195 2690 Christum.
1224 2633 1434 2688 Deinde
1459 2635 1566 2690 alia
1588 2635 1832 2702 sequitur
1850 2635 2100 2703 qumstio.

485 2728 596 2786 lslo
610 2729 754 2786 cnim
770 2728 986 2786 dicente
1010 2745 1022 2780 :
1045 2725 1164 2781 Non
1181 2737 1374 2798 petam.
1394 2744 1552 2798 neque
1574 2729 1776 2784 tentabo
1799 2726 2100 2797 Dominum,

484 2831 540 2876 et
586 2823 892 2876 :estimante
944 2821 1304 2882 tentationem
1334 2835 1480 2880 esse,
1529 2820 1574 2878 si
1611 2831 1824 2888 peteret
1864 2822 2102 2892 signum,

488 2913 566 2968 ait
592 2931 604 2966 :
640 2912 827 2966 Audite
850 2928 1005 2978 nunc,
1041 2912 1222 2966 domus
1251 2911 1440 2966 David.
1471 2911 1738 2984 Numquid
1761 2913 1900 2968 vobis
1923 2915 2104 2970 modi.—

489 3017 696 3060 cumest
717 3017 962 3078 praestare
985 3013 1242 3060 certamen
1275 3003 1590 3068 hominibus,
1617 3015 1664 3064 et
1700 3007 1962 3074 quonwdo
2001 3006 2104 3064 Do-

489 3101 626 3154 mino
667 3101 924 3164 prwstatis
956 3109 1212 3154 certamen
1238 3101 1262 3154 ?
1308 3115 1418 3160 non.
1447 3110 1676 3170 praestat
1706 3109 1885 3155 autem
1920 3109 2100 3156 certa-

489 3209 610 3247 men
639 3191 885 3254 DOmino,
913 3207 1089 3262 neque
1111 3190 1426 3248 hominibus
1443 3208 1568 3248 eum
1587 3193 1824 3254 arbitror
1839 3205 2106 3264 prarstaro

492 3295 796 3350 certamen,
831 3285 921 3354 qni
955 3287 1091 3355 petit
1117 3285 1328 3356 signum
1365 3289 1418 3340 in
1449 3286 1781 3356 profundum
1807 3297 1897 3342 aut
1927 3289 1976 3341 in
2009 3305 2102 3344 ex-

488 3381 718 3436 celsum.
756 3377 1052 3436 Certamen
1091 3379 1290 3450 quippe
1332 3379 1432 3440 Dei
1473 3389 1578 3446 est,
1626 3381 1904 3450 quonion
1932 3382 2108 3448 salvet

489 3474 797 3529 hominem.
835 3473 948 3528 Non
985 3483 1208 3552 pra-stat
1243 3474 1410 3544 igitur
1438 3485 1716 3532 certamen
1750 3475 1983 3532 Domino
2015 3479 2106 3546 qui

491 3567 734 3638 confugit
763 3566 830 3622 ad
867 3567 1131 3624 salutem.
1166 3567 1266 3636 Qui
1303 3584 1435 3624 vero
1477 3568 1708 3626 Domino
1747 3579 2016 3634 certante,
2049 3577 2112 3624 ut

489 3660 666 3714 salvet
699 3659 1004 3723 hominem,
1037 3659 1168 3728 fugit
1203 3676 1234 3716 τι
1279 3660 1481 3728 salute,
1525 3671 1574 3718 et
1617 3663 1804 3730 procul
1837 3662 2046 3718 recedit
2075 3681 2104 3716 ιι

492 3751 748 3817 Domino,
783 3759 1008 3822 praestat
1037 3751 1275 3822 Domino
1307 3760 1608 3810 certamen.
1655 3753 1782 3810 Ideo
1813 3755 1954 3816 dabit
1989 3754 2104 3810 Do-

492 3843 661 3896 minus
691 3843 802 3912 ipse
825 3841 966 3896 vobis
995 3845 1218 3913 signum.
1251 3842 1380 3904 Ecce
1412 3845 1556 3916 virgo
1593 3847 1644 3898 in
1675 3855 1821 3904 utero
1851 3850 2106 3918 concipiet

491 3935 603 4008 [AL
639 3934 912 4008 accipiet],
942 3945 990 3990 et
1028 3936 1194 4007 pariet
1225 3935 1413 4006 ﬁlium,
1447 3947 1494 3990 et
1539 3938 1740 3998 vocabis
1775 3955 1958 4000 nomen
1993 3943 2108 4012 ejus

491 4026 803 4084 Emmanuel
827 4027 1051 4100 (Matth.
1077 4044 1118 4096 ι,
1151 4029 1278 4098 15).
1309 4029 1522 4090 Ycritas
1549 4032 1946 4100 exemplarium
1977 4033 2106 4090 Pro-

491 4125 672 4192 phetw.
697 4123 858 4192 hujus
877 4122 1030 4188 dicit,
1047 4131 1084 4200 ,³
1101 4123 1328 4200 rocabis.
1356 4123 1411 4177 ln
1440 4123 1691 4186 liatthmo
1714 4137 1878 4195 porro
1901 4125 2114 4186 scimus,

491 4217 727 4274 lcctitari
755 4233 766 4270 :
908 4200 1428 4295 'eocabit‘ur'iwrnen
1462 4221 1573 4292 ejus
1607 4217 1936 4274 Emmanuel.
1984 4219 2104 4274 Non

491 4327 786 4381 possumus
809 4310 1014 4390 dicere,
1039 4311 1172 4386 quia
1200 4321 1450 4382 oporteat
1485 4312 1663 4374 minus
1688 4312 1898 4384 aliquid
1925 4313 2108 4372 facere

490 4405 560 4460 de
581 4405 877 4474 Propheta.
908 4404 1198 4472 Quomodo
1229 4420 1364 4466 vero
1389 4403 1750 4476 Evangelium
1777 4407 1920 4464 banc
1945 4409 2107 4464 habet

491 4499 860 4568 scripturam?
909 4496 1102 4554 Utrum
1149 4497 1216 4556 ab
1267 4498 1450 4567 aliquo
1481 4512 1589 4554 non
1644 4498 2011 4570 intelligente,
2046 4508 2102 4554 et
2132 4538 2178 4596 υ

487 4593 555 4646 ad
586 4591 830 4646 faciliora
873 4597 1160 4654 currente,
1211 4587 1494 4658 quomoth
1537 4597 1592 4648 et
1644 4590 1693 4642 in
1742 4589 1865 4654 aliis
1913 4589 2102 4650 multis

491 4683 691 4738 factum
727 4691 847 4738 est:
877 4697 946 4742 an
979 4680 1060 4738 sic
1085 4695 1120 4746 ιι
1147 4681 1442 4752 principio,
1471 4691 1528 4742 ut
1556 4681 1706 4746 dicat
1735 4682 1966 4746 liorsitan
1997 4683 2098 4738 uli-

491 4775 615 4844 quis
665 4772 870 4842 editum
914 4785 1034 4828 esse
1075 4770 1460 4842 Evangelium,
1509 4771 1600 4841 qui
1651 4773 1768 4826 \ult
1812 4772 2100 4832 deliberet.

491 4867 762 4936 Propheta
797 4865 1016 4938 quidem
1059 4865 1352 4920 manifeste
1387 4865 1572 4932 habet,
1607 4877 1654 4922 et
1677 4867 1876 4926 vocabis
1915 4885 2100 4924 nomen

492 4961 602 5028 ejus
639 4958 964 5018 Emmanuel.
999 4957 1132 5012 Novi
1156 4960 1444 5029 quemdam
1481 4960 1532 5012 in
1551 4961 1776 5016 exordio
1803 4961 2100 5032 scriptura-

493 5067 612 5107 rum
649 5050 932 5120 Evangelii
966 5050 1266 5120 lcgentem:
1302 5051 1368 5114 Et
1393 5052 1590 5106 vocabis
1623 5071 1808 5116 nomen
1836 5058 1946 5127 ejus
1973 5053 2099 5108 Em-

493 5141 720 5206 manuel,
773 5143 980 5198 dixisse
1029 5141 1168 5212 intra
1201 5142 1439 5212 seipsum
1471 5162 1484 5198 :
1528 5145 1670 5214 Quid
1719 5155 1806 5204 est
1833 5148 2102 5212 vol-abis?

491 5237 624 5304 Quis
647 5233 899 5290 vocabit?
930 5231 1130 5290 Achaz.
1184 5234 1252 5306 Et
1281 5237 1558 5308 quomodo
1600 5239 1780 5308 potuit
1821 5239 2002 5306 Acbaz
2033 5241 2100 5296 de

564 5459 584 5482 ι·
601 5447 874 5501 Adnotant
893 5445 1236 5500 Benedic-lini
1253 5446 1781 5512 ()rigeniseditores,
1800 5449 2037 5505 ll-latlhmi
2055 5467 2089 5512 l,

493 5519 578 5582 15,
616 5519 718 5584 legi
753 5521 804 5580 in
838 5517 1048 5590 Grgrcis
1091 5517 1504 5590 exurimuribus
1551 5520 1628 5576 ιρι
1677 5523 1974 5589 γαλέσουσι,
2010 5523 2094 5580 vel

491 5589 800 5662 nalis-500:,
848 5589 932 5644 vel
975 5591 1212 5662 κάλεσετε
1241 5633 1254 5652 ,
1308 5605 1572 5662 nusquam
1607 5607 1736 5652 vero
1766 5593 2090 5654 κληθήσεται.

493 5658 1026 5732 llincsusuicautur,
1064 5659 1165 5730 bloc
1193 5662 1312 5732 loco
1342 5660 1730 5732 Hieronymum
1767 5665 2097 5732 interpreta-

492 5737 616 5800 tum
637 5729 804 5782 fuisse
833 5729 1099 5800 vchbtns,
1127 5731 1274 5800 quod.
1304 5746 1490 5800 postea
1515 5729 1929 5800 ainauueusiuni
1954 5735 2096 5794 oscie

487 5799 655 5852 lautia
689 5797 953 5853 mutatum
983 5797 1230 5855 fuerit'itt
1259 5797 1540 5868 vocabitur,
1568 5811 1627 5857 ut
1649 5799 1878 5874 Vulgata
1903 5803 2094 5859 Latina

2133 3148 2180 3212 C

2209 1898 2386 1950 vatur.
2423 1889 2480 1944 Si
2511 1898 2698 1946 autem
2729 1897 2936 1946 temere
2966 1891 3034 1946 ad
3065 1907 3170 1946 non
3196 1890 3482 1947 intellecta
3511 1893 3810 1962 prorumpi-

2209 1997 2352 2046 mus,
2401 1996 2500 2036 nos
2545 1982 2692 2050 lpSUS
2723 1983 3092 2038 causabimur.
3145 1983 3276 2050 Qua:
3323 1992 3410 2038 est
3458 1999 3592 2052 ergo
3629 1984 3810 2040 domus

2211 2073 2376 2128 David
2402 2074 2425 2126 't
2451 2073 2510 2130 Si
2543 2074 2708 2130 David
2741 2075 2992 2130 Christus
3019 2085 3124 2140 est,
3163 2087 3220 2130 ut
3263 2075 3587 2146 frequenter
3617 2078 3800 2147 proba-

2207 2166 2280 2231 vi,
2309 2166 2504 2228 domus
2537 2166 2580 2220 D
2601 2167 2712 2222 avid
2742 2183 2840 2222 nos
2868 2183 3056 2224 smnus
3091 2168 3342 2224 Ecclesia
3363 2169 3464 2224 Dei
3492 2188 3506 2224 :
3541 2179 3598 2225 et
3619 2171 3806 2228 dicitur

2209 2259 2368 2314 nobis
2391 2259 2482 2330 qui
2525 2259 2766 2316 Ecclesia
2795 2275 3006 2328 sumus,
3043 2271 3101 2316 ut
3129 2278 3234 2316 non
3267 2273 3598 2332 praestemus
3641 2277 3802 2320 certa-

2210 2369 2332 2412 men
2380 2355 2498 2408 Deo.
2541 2369 2704 2422 sopra
2755 2353 2982 2420 dictum,
3041 2355 3134 2410 sed
3160 2365 3286 2412 ante
3331 2356 3564 2412 Domino
3608 2355 3802 2426 signqu

2209 2445 2578 2516 suscipiamus
2623 2445 2774 2502 illud.
2811 2447 2996 2515 Nobis,
3033 2463 3140 2504 non
3183 2448 3368 2503 domui
3403 2449 3570 2504 David
3601 2451 3696 2504 ista
3724 2449 3800 2504 di-

2207 2550 2418 2596 cuntur.
2457 2538 2516 2592 Et
2553 2537 2936 2609 prophetatur,
2969 2541 3094 2610 quia
3125 2540 3170 2596 si
3219 2541 3342 2610 quis
3371 2553 3458 2596 eat
3491 2541 3678 2598 domus
3707 2542 3800 2598 Da-

2207 2631 2318 2698 vid,
2347 2631 2566 2690 vocabit
2587 2646 2792 2694 nomen
2813 2631 2932 2702 ejus
2961 2633 3305 2692 Emmanuel.
3331 2633 3388 2688 lu
3417 2634 3648 2690 adventu
3669 2638 3798 2690 enim

2207 2721 2407 2786 Christi
2464 2723 2579 2784 sola
2615 2723 2860 2780 Ecclesia
2903 2735 3088 2782 nostra
3127 2726 3194 2782 de
3222 2723 3444 2784 Christo
3493 2727 3624 2781 dicit
3655 2745 3664 2779 :
3695 2725 3800 2780 No-

2209 2815 2402 2872 biscum
2445 2815 2604 2870 Deus.
2655 2816 2768 2882 llis,
2803 2826 2860 2878 ut
2904 2816 3056 2874 dedit
3103 2819 3276 2888 gratia
3330 2819 3450 2885 Dei,
3483 2819 3794 2888 explanatis,

2209 2907 2316 2962 alia
2343 2907 2454 2976 jam
2485 2923 2794 2976 quwramus
2821 2909 3131 2979 aenigmata.

2283 3000 2344 3056 ll.
2381 2999 2642 3072 Buzyrum
2667 3011 2718 3056 et
2743 3004 2839 3057 ιιιιί
2861 3003 3220 3068 manducabit.
3247 3005 3538 3074 Quomodo
3567 3005 3796 3064 Christus

2212 3093 2570 3163 prophetatur
2617 3096 2878 3166 butyrum.
2919 3105 2975 3150 et
3017 3096 3126 3152 mel
3163 3099 3548 3160 comesturus?
3596 3099 3648 3154 Si
3700 3099 3794 3154 hoc

2211 3186 2376 3246 fuerit
2400 3188 2742 3256 expositum,
2781 3189 3018 3254 Domino.
3041 3189 3314 3248 tribuente
3335 3234 3350 3258 ,
3381 3207 3572 3246 rursus
3599 3207 3658 3246 ea
3685 3207 3794 3260 quia

2210 3291 2534 3351 sequuntur,
2577 3283 2740 3344 aliam
2784 3283 2942 3346 nobis
2985 3283 3244 3354 ingerent
3285 3287 3663 3356 qumstionem.
3688 3285 3792 3342 Uti~

2211 3389 2446 3444 namque
2473 3391 2666 3434 omnes
2691 3378 3000 3432 iaceremus
3039 3376 3170 3436 illud
3202 3379 3346 3448 quod
3381 3379 3644 3450 scriptum
3670 3391 3740 3434 est
3775 3397 3782 3430 :

2211 3465 2538 3520 Scrutamini
2584 3465 2923 3536 εει-ἔρωτας]
2952 3467 3117 3522 Plura
3161 3485 3226 3524 ex
3259 3471 3638 3539 corporalibus
3673 3470 3788 3526 cibis

2209 3560 2490 3614 nominata
2521 3569 2652 3614 sunt
2696 3560 2743 3613 in
2776 3559 3076 3626 Srripturis
3109 3575 3212 3629 pro
3262 3562 3408 3618 escis
3451 3561 3782 3633 spiritalibus.

2214 3652 2377 3716 Quasi
2425 3653 2576 3706 modo
2615 3656 2724 3706 nati
2754 3651 2964 3722 parvuli
3003 3653 3315 3710 rationabile
3355 3665 3400 3714 et
3431 3656 3541 3710 sine
3583 3657 3693 3710 dolo
3717 3654 3786 3716 lix

2210 3745 2497 3798 desiderate
2534 3745 2572 3818 (Ι
2607 3743 2722 3800 Pet.
2759 3760 2794 3799 ll
2817 3788 2830 3812 ,
2863 3743 2942 3816 2).
2978 3745 3126 3816 Ergo
3149 3754 3234 3800 est
3269 3746 3388 3802 sine
3423 3745 3596 3804 dubio
3619 3748 3692 3802 lae
3715 3762 3784 3800 ra-

2210 3840 2504 3904 tionabile,
2536 3848 2590 3896 et
2636 3847 2852 3910 oportet
2884 3837 3041 3894 nobis
3070 3839 3386 3910 istiusmodi
3427 3841 3510 3902 lac
3548 3855 3784 3912 quatere.

2211 3931 2446 3986 Rursum
2483 3931 2534 3986 in
2578 3931 2890 3988 Proverbiis
2917 3931 2984 3986 de
3014 3933 3178 3990 melle
3201 3934 3470 4004 scriptum
3505 3952 3518 3988 :
3551 3934 3784 3992 Matinae-

2211 4028 2356 4080 uiens
2397 4027 2606 4080 comede
2644 4027 2781 4096 quod
2829 4027 3044 4096 stt/ﬁcit,
3103 4043 3166 4082 ne
3210 4032 3350 4100 forte
3387 4031 3572 4100 plenus
3611 4044 3784 4084 eramus

2213 4120 2399 4194 (Prov.
2447 4137 2572 4187 xxv,
2631 4119 2738 4190 16).
2777 4121 2914 4176 Num
2965 4122 3176 4178 iuravit
3220 4123 3456 4192 Spiritus
3499 4135 3706 4184 sanctus
3729 4123 3784 4178 de

2211 4213 2374 4268 melle
2409 4214 2518 4274 isto,
2553 4213 2696 4281 quod
2749 4221 2936 4270 notum
2965 4222 3083 4278 est,
3119 4229 3188 4269 ne
3233 4214 3376 4276 forte
3405 4217 3524 4285 plus
3566 4215 3784 4274 comeda-

2211 4308 2371 4362 mns?
2412 4307 2516 4362 Sed
2548 4307 2798 4368 sentiens
2823 4309 3016 4378 utique.
3044 4309 3286 4378 Spiritus
3311 4321 3538 4370 sanctus
3562 4310 3664 4370 mel
3687 4309 3782 4379 spi-

2211 4402 2370 4458 ritale
2389 4445 2402 4468 ,
2436 4401 2514 4462 ait
2549 4419 2562 4456 :
2601 4400 2705 4456 Mel
2747 4402 3006 4460 inveniens
3036 4404 3246 4458 comede
3271 4403 3412 4474 quod
3441 4405 3635 4474 sufﬁcit.
3665 4400 3780 4470 Quid

2211 4505 2394 4554 autem
2421 4495 2662 4556 sentiens
2691 4495 2924 4565 Spiritus
2965 4509 3186 4554 sanctus
3221 4499 3484 4568 praecepit.
3528 4499 3698 4564 nobis,
3733 4503 3782 4552 ut

2210 4588 2254 4642 si
2287 4587 2656 4646 inveniremus
2701 4589 2840 4654 mel,
2877 4589 3172 4650 invenibile
3219 4598 3306 4646 est.
3337 4593 3604 4662 siquidem
3653 4589 3777 4652 mel,

2211 4681 2558 4740 tomedamns
2601 4681 2748 4752 Quod
2792 4681 3029 4740 sullicit?
3068 4681 3248 4750 Vade,
3282 4685 3390 4750 ait,
3426 4685 3496 4738 ad
3541 4701 3716 4753 apem,
3743 4689 3780 4736 et

2211 4773 2348 4828 disce
2377 4773 2632 4842 quomodo
2656 4773 2920 4845 aperatria:
2942 4781 3016 4828 est
3041 4773 3225 4842 (Prov.
3251 4774 3348 4846 Vt).
3377 4775 3442 4830 Et
3462 4776 3780 4832 inveniuntur

2210 4865 2498 4936 Propheta:
2545 4881 2676 4934 apes
2723 4881 2864 4924 esse.
2924 4867 3158 4938 Fingunt
3214 4869 3484 4936 siquidem
3525 4884 3698 4934 ceras,
3735 4877 3779 4922 ct

2207 4961 2374 5018 mella
2395 4959 2724 5028 coniiciunt,
2760 4961 2974 5032 1110
2997 4971 3052 5018 et
3080 4965 3124 5016 si
3157 4961 3398 5018 audienti
3430 4963 3557 5016 mihi
3587 4958 3780 5031 expedit

2203 5056 2410 5122 dicere,
2427 5054 2528 5108 lavi
2545 5069 2734 5110 eorum
2751 5055 3042 5123 scripturae
3053 5063 3202 5118 sunt,
3217 5069 3352 5124 quas
3365 5055 3704 5126 reliquerunt.
3719 5051 3778 5108 Et

2205 5150 2393 5204 volens
2407 5149 2528 5202 veni
2551 5147 2617 5204 ad
2641 5147 2978 5216 Scripturas,
3007 5157 3064 5202 et
3088 5148 3268 5206 inveni
3295 5149 3423 5206 mel.
3453 5148 3556 5206 Sed
3578 5143 3780 5204 comede

2205 5241 2310 5298 mel
2351 5241 2412 5294 Et
2431 5240 2484 5295 in
2502 5239 2814 5296 Proverbiis
2833 5255 3024 5296 rursus
3037 5239 3237 5296 dicitur
3255 5238 3460 5298 :Bonus
3481 5251 3552 5298 est
3567 5241 3688 5294 enim
3699 5241 3770 5308 fa-

2199 5451 2381 5512 liabet.
2420 5451 2568 5506 Isaiae
2600 5469 2689 5516 vn,
2723 5452 2808 5507 14.
2833 5454 3099 5508 Caeterum
3120 5453 3272 5520 juxta
3299 5455 3496 5523 linguze
3526 5450 3768 5523 llelu'aica:

2197 5523 2536 5596 illiotistuum
2567 5527 2858 5588 καλέσανσι,
2909 5526 3026 5580 sive
3053 5527 3284 5587 καλέσεις
3319 5520 3548 5596 legatur,
3577 5520 3768 5595 perinde

2197 5603 2278 5650 est
2304 5611 2372 5652 ac
2396 5595 2444 5648 si
2477 5597 2743 5665 legeret-nl:
2765 5597 3085 5657 κληθήσεται.

2271 5665 2296 5704 ι’
2333 5665 2494 5740 [idem
2551 5667 2824 5728 Βιθιιθίῆοι.
2873 5669 3302 5740 explanationem
3341 5670 3432 5726 hic
3467 5670 3640 5740 legunt
3687 5677 3766 5734 pro

2195 5735 2256 5792 ill
2261 5737 2648 5798 wuinatiouem.
