3972 6372
3202 331 3245 339 μ-

159 362 254 434 909
605 357 1045 418 TRANSLATIO
1084 348 1517 414 liOMlLlARUM
1558 345 1886 412 ORIGENIS
1927 353 1991 409 IN
2042 348 2352 412 VISIUNES
2393 353 2620 412 lSAl/E.
2664 353 2833 412 HOM.
2875 352 2964 411 Ill.
3332 358 3440 420 910

162 499 278 547 rus,
303 487 361 534 ut
381 476 716 533 t'udulcetttur
743 473 920 544 fauces
945 478 1051 527 tum
1078 469 1265 544 (Prov.
1296 484 1453 537 xxtv,
1491 468 1605 538 i3).
1636 466 1740 522 Pu-
1775 474 1823 530 Α
1848 470 2233 539 repromittunt
2266 478 2327 525 ut
2368 486 2525 527 suum
2561 486 2753 542 panem
2800 471 3152 538 manducent,
3186 481 3241 529 et
3271 478 3443 533 vesti-

166 586 328 639 tasne,
354 573 455 628 hoc
477 568 613 626 dicit
657 567 901 639 Spiritus
928 575 1148 621 sanctus
1170 608 1183 631 ,
1215 563 1440 619 comede
1461 561 1571 616 mel
1599 559 1739 630 quod
1848 562 2046 619 mentis
2086 564 2201 619 suis
2234 563 2573 636 operiantur.
2605 564 2721 619 Non
2756 580 2982 621 necesse
3016 564 3215 621 habent
3247 583 3441 637 panem

164 671 214 727 in
239 683 333 725 usu
358 676 476 733 est,
506 664 712 720 bonum
740 661 886 717 enim
915 660 1034 715 est?
1063 660 1173 729 Ego
1197 673 1307 715 non.
1332 658 1509 715 audeo
1536 655 1741 723 dicere,
1845 657 1965 723 ejus
1987 698 2001 722 ,
2032 656 2126 710 sed
2158 671 2360 712 nomen
2392 656 2511 727 ejus
2542 657 2633 726 qui
2666 657 3019 729 opprobrium
3049 673 3236 713 earum
3272 662 3444 730 possit

165 760 281 833 quia
302 759 367 815 de
393 756 558 814 melle
583 767 852 823 corporeo
875 752 1009 806 mihi
1034 750 1312 820 praecipiat
1334 749 1569 819 Spiritus
1590 761 1748 802 sauc-
1847 748 2082 804 auferre.
2112 749 2226 805 Non
2255 750 2499 821 indigent
2523 750 2860 806 vestimentis
2897 749 3133 807 hominis
3159 767 3320 822 quem
3355 768 3445 809 as-

168 862 271 918 tus,
302 849 523 909 comedo
554 847 686 903 mel.
720 846 860 902 Ecce
883 859 991 900 non
1014 844 1212 911 habeo,
1242 850 1335 896 aut
1361 850 1511 897 certe
1540 849 1749 895 natura:
1849 849 2091 896 sumunt.
2136 841 2357 897 Meliora
2405 842 2607 898 habent
2647 843 3009 910 vestimenta,
3065 860 3223 914 quam
3266 856 3449 916 potest

169 942 463 1016 huiusmodi
494 957 616 996 sum
636 983 651 1007 ,
680 949 740 994 ut
770 938 839 994 de
861 936 1024 992 melle
1047 934 1337 991 comedere
1363 948 1470 989 non
1503 932 1705 1004 possint
1734 949 1748 987 :
1852 932 1934 988 eis
1965 933 2127 990 homo
2175 944 2456 1004 praestare.
2508 934 2792 991 Lantiores
2824 935 3027 992 habent
3054 937 3239 1005 cibos,
3286 953 3448 1009 quam

172 1054 266 1110 qua
295 1035 505 1092 ratione
533 1033 671 1089 mihi
702 1030 866 1098 dicit,
899 1028 1133 1085 comede
1165 1028 1312 1095 mel,
1342 1035 1398 1083 et
1428 1025 1536 1081 noli
1564 1040 1749 1083 come—
1853 1027 2099 1085 conditio
2154 1038 2332 1099 potest
2381 1029 2611 1085 humana
2667 1030 2876 1103 largiri.
2935 1027 3109 1102 Cujus
3155 1046 3289 1105 ergo
3343 1032 3457 1089 sint

172 1130 291 1187 dere
342 1142 568 1192 carnes,
617 1125 715 1181 sed
770 1122 1019 1187 comede,
1048 1122 1153 1188 lili,
1207 1121 1357 1188 mel;
1410 1122 1611 1175 bonum
1671 1128 1756 1176 est
1856 1130 2068 1193 septem
2112 1122 2412 1189 mulieres,
2461 1130 2521 1195 et
2561 1123 2706 1193 quod
2749 1122 2821 1179 sit
2844 1124 3199 1193 upprobrium
3232 1141 3452 1190 earum,

171 1224 326 1281 enim.
372 1221 433 1279 Si
469 1220 660 1276 videas
709 1233 841 1289 apes
890 1215 1229 1285 Prophetas,
1284 1226 1339 1270 et
1375 1229 1514 1284 opus
1564 1228 1753 1268 eorum
1857 1211 2078 1284 dignum
2109 1223 2195 1269 est
2224 1213 2599 1271 considerare.
2636 1214 2856 1285 Septem
2889 1215 3147 1274 mulieres
3180 1233 3285 1272 una
3308 1230 3456 1285 sunt,

172 1314 323 1373 mella
352 1312 641 1378 veliavos,
678 1321 805 1366 tunc
836 1310 1045 1366 videbis
1074 1307 1349 1378 quomodo
1380 1323 1477 1376 pro
1498 1306 1759 1376 dignitate
1860 1305 2096 1377 Spiritus
2138 1311 2280 1363 enim
2316 1308 2413 1365 Dei
2459 1317 2606 1364 sunt.
2638 1308 2701 1364 Et
2752 1310 2851 1365 ista
2895 1326 3021 1377 una,
3052 1321 3267 1382 septem
3312 1323 3459 1370 sunt.

171 1411 336 1469 sancti
364 1409 602 1479 Spiritus
632 1405 938 1477 intelligas,
973 1401 1201 1459 comede
1230 1402 1374 1468 mel,
1400 1400 1507 1468 ﬁli;
1556 1401 1756 1456 bonum
1864 1400 2105 1470 Spiritus
2131 1400 2276 1456 enim
2309 1400 2408 1457 Dei
2438 1411 2523 1456 est
2561 1401 2791 1472 spiritus
2821 1402 3104 1473 sapientiae
3143 1412 3198 1459 et
3222 1405 3469 1462 intellec-

173 1511 252 1561 est
277 1503 441 1559 enim.
470 1500 533 1558 Si
553 1498 674 1570 quis
700 1497 993 1553 meditatur
1014 1495 1233 1565 eloquia
1262 1493 1476 1560 divina,
1501 1501 1555 1548 et
1587 1490 1763 1546 nutri-
1866 1503 1975 1560 tus,
2008 1493 2233 1564 Spiritus
2279 1495 2492 1549 consilii
2529 1503 2582 1549 et
2611 1495 2851 1559 virtutis,
2880 1495 3104 1566 spiritus
3143 1497 3389 1553 scientias
3421 1509 3476 1555 et

176 1605 258 1652 tttr
285 1593 631 1651 sermonibus
676 1590 1079 1660 Scriptutarum
1104 1631 1118 1656 ,
1149 1588 1419 1658 compleat
1445 1585 1761 1641 mandatum
1868 1586 2117 1655 pietatis,
2160 1586 2383 1656 spiritus
2423 1586 2637 1642 timoris
2685 1587 2903 1644 Domini
2932 1586 3089 1658 (lani.
3124 1587 3231 1661 xt).
3257 1590 3365 1646 Ista
3389 1604 3475 1647 sn—

175 1687 405 1745 diviuttm
430 1686 665 1757 jubens,
694 1682 918 1739 comede
948 1681 1088 1749 mel,
1138 1679 1214 1735 illi
1247 1696 1261 1733 :
1298 1690 1354 1735 et
1385 1678 1589 1735 faciens
1618 1678 1765 1747 quod
1868 1681 2073 1754 pientia
2123 1681 2327 1752 patitur
2368 1682 2728 1752 Opprobrinm
2760 1699 2786 1734 a
2839 1683 3025 1739 multis
3061 1683 3347 1753 sapientiis
3395 1685 3477 1741 in-

174 1779 370 1851 iussum
400 1787 510 1846 est,
562 1777 768 1847 potitus
809 1789 1097 1837 sermone,
1134 1774 1224 1844 qui
1256 1774 1523 1843 sequitur,
1556 1771 1765 1827 Bonum
1870 1775 2218 1847 surgentibus
2247 1775 2301 1830 in
2333 1789 2415 1831 se.
2451 1775 2558 1832 iste
2583 1792 2748 1832 verus
2775 1776 3094 1833 intellectus
3124 1778 3357 1834 sustinet
3383 1795 3481 1851 op-

180 1880 258 1930 est
282 1871 443 1928 enim.
472 1868 610 1939 Quia
644 1868 849 1925 bonum
874 1877 960 1923 est
980 1865 1085 1922 hoc
1115 1864 1253 1929 mel,
1281 1864 1423 1935 qttod
1448 1862 1502 1918 in
1526 1863 1771 1933 Scriptu-
1799 1861 1845 1927 Β
1878 1869 2155 1938 probrium
2179 1868 2248 1923 ab
2277 1869 2653 1926 intellectibus
2686 1870 2855 1927 falsis.
2890 1870 3035 1927 Istud
3067 1887 3322 1943 magnum
3346 1887 3481 1929 con-

180 1966 249 2022 tis
277 1965 569 2021 invenitne.
601 1961 757 2030 Quod
800 1971 981 2016 autem
1021 1959 1225 2015 dicitur
1251 1977 1261 2012 :
1294 1958 1445 2014 Vade
1474 1957 1541 2012 ad
1579 1972 1765 2027 apem,
1875 1962 2054 2015 silium
2086 1962 2458 2033 opprobratur
2480 1979 2508 2016 a
2535 1962 2721 2019 multis
2751 1963 2997 2019 consiliis
3029 1980 3136 2018 non
3166 1944 3349 2021 bonis.
3377 1965 3481 2020 Ista

180 2056 470 2114 isthlsmodi
493 2065 601 2112 est,
630 2056 725 2111 Est
752 2055 996 2122 qna-dam
1023 2053 1110 2120 (ut
1135 2052 1209 2106 ita
1237 2050 1434 2119 dicam)
1462 2050 1585 2120 apis
1609 2065 1775 2118 super-
1876 2054 2048 2110 virtus
2079 2054 2425 2111 maledicitur
2456 2071 2484 2109 a
2516 2055 2749 2127 quadam
2770 2098 2787 2123 ,
2817 2073 2940 2129 quae
2966 2072 3091 2113 cum
3125 2075 3232 2114 non
3264 2058 3335 2115 sit
3366 2061 3483 2115 vir-

181 2167 302 2221 apes
334 2169 345 2205 :
390 2161 445 2207 et
482 2148 765 2222 quomodo
812 2148 956 2202 inter
998 2160 1134 2216 apes
1162 2159 1259 2199 rex
1293 2142 1513 2214 quidam
1561 2154 1645 2197 est
1682 2142 1775 2210 qui
1879 2156 1995 2216 tus,
2026 2147 2358 2219 repromittit
2389 2164 2448 2205 se
2476 2165 2600 2206 esse
2627 2150 2912 2206 virtutem.
2950 2152 3055 2207 Ista
3084 2153 3314 2209 scientia
3347 2155 3486 2224 pali-

181 2248 481 2305 n0tninatttr
510 2260 636 2302 esse
666 2259 760 2299 rex
787 2262 800 2296 ;
833 2242 915 2296 sic
944 2240 1198 2311 ptinccps
1218 2254 1379 2308 apum
1409 2238 1669 2291 Dominus
1695 2244 1779 2291 est
1880 2249 1969 2296 tur
1996 2241 2357 2310 opprobrium
2385 2258 2415 2297 a
2447 2243 2680 2315 quadam
2714 2244 2830 2300 falsi
2859 2244 3102 2300 nominis
3132 2246 3362 2302 scientia
3391 2262 3489 2302 no-

179 2340 331 2397 Jesus
354 2338 632 2403 Christus,
660 2336 733 2392 ad
760 2350 925 2407 quem
956 2334 1124 2389 mittit
1151 2347 1239 2387 me
1270 2332 1504 2402 Spinilus
1532 2337 1773 2393 saucius.
1883 2351 2005 2390 men
2050 2351 2208 2390 suum
2241 2337 2599 2406 subripiente.
2634 2336 2740 2392 lsm
2784 2339 2960 2406 pietas
3012 2340 3383 2408 exprobratur
3424 2341 3492 2394 ab

182 2442 237 2489 ut
264 2432 544 2489 comedam
579 2429 724 2496 mel,
760 2430 963 2485 bonum
991 2436 1079 2483 est
1105 2426 1279 2490 enim,
1313 2434 1368 2479 et
1398 2422 1553 2477 favus
1582 2422 1698 2491 eius
1724 2430 1785 2475 ιιι
1882 2441 1967 2493 ea,
2004 2442 2126 2497 qua:
2153 2444 2275 2483 cum
2309 2444 2368 2483 se
2391 2429 2533 2484 dicat
2562 2445 2687 2486 esse
2715 2432 2994 2500 pietatem,
3029 2431 3280 2502 impietas
3302 2442 3409 2498 εει,
3439 2441 3495 2489 et.

182 2525 515 2582 indnlcentar
551 2522 737 2579 fauces
765 2536 924 2577 meae.
963 2518 1033 2574 Et.
1058 2518 1198 2574 torte
1239 2515 1555 2573 subtiliores
1584 2514 1789 2569 litterae
1885 2519 2085 2590 impios
2106 2519 2355 2577 instruit.
2382 2520 2490 2577 Iste
2518 2521 2683 2578 timor
2707 2525 2911 2593 patitur
2940 2523 3295 2596 opprobrium
3325 2524 3396 2580 ab
3427 2540 3496 2579 eo

183 2617 281 2674 lavi
306 2628 493 2686 erunt,
539 2616 646 2674 mel
679 2629 809 2670 vero
833 2622 915 2669 est
957 2611 1047 2681 qui
1082 2610 1136 2665 in
1186 2610 1271 2664 his
1318 2620 1402 2663 est
1444 2608 1781 2664 intellectus.
1887 2614 1977 2682 qui
2011 2619 2232 2682 putatur
2260 2627 2381 2669 esse
2415 2615 2598 2669 timor.
2633 2616 2790 2671 Multi
2820 2616 2964 2671 enim
2993 2617 3322 2687 pollicentur
3351 2617 3496 2673 divi.

184 2710 287 2769 Iste
316 2727 480 2783 porro
509 2709 607 2782 qui
636 2717 725 2766 est
769 2717 931 2763 natus
976 2724 1045 2761 ex
1066 2706 1279 2776 virgine
1309 2703 1653 2768 Emmanuel,
1687 2702 1788 2757 bu-
1889 2720 2017 2760 num
2047 2717 2250 2762 metum
2274 2748 2289 2773 ,
2320 2707 2415 2761 sed
2459 2723 2570 2764 non
2598 2723 2723 2764 cum
2757 2709 2989 2765 scientia
3038 2721 3308 2769 metuunt.
3353 2712 3502 2780 Quo-

185 2814 355 2879 tyrum
400 2816 458 2863 et
496 2806 609 2865 mel
647 2804 939 2859 manducet
963 2842 977 2867 ,
1030 2810 1083 2855 et
1130 2799 1331 2870 quaerit
1357 2797 1425 2852 ab
1457 2809 1791 2867 unoquoque
1891 2798 2055 2855 modo
2086 2815 2218 2871 ergo
2241 2798 2363 2855 istm
2389 2810 2602 2871 septem
2631 2801 2912 2872 patiuntur
2940 2803 3295 2875 opprobrium
3325 2847 3340 2872 ,
3370 2820 3501 2859 eon-

184 2909 426 2957 nostrttm
473 2900 735 2970 butyrum
788 2895 1140 2950 ιιιίιηάιιοωθ·
1181 2889 1470 2959 Ωιιοηιοάο
1498 2905 1529 2945 ει
1558 2887 1793 2958 Singulis
1891 2893 2218 2949 sideremus.
2254 2892 2389 2949 Vide
2420 2894 2744 2965 sapientiam
2797 2896 2983 2952 saeculi
3033 2897 3225 2968 hujus,
3260 2898 3386 2954 vide
3414 2914 3503 2953 sa—

185 3001 421 3051 nostrum
472 2993 732 3063 butyrum
778 2989 976 3059 quaerit
1021 2994 1078 3041 et
1108 2983 1238 3050 mel,
1286 2999 1470 3038 sermo
1518 2980 1788 3037 edocebit.
1893 2986 2157 3057 pientiam
2205 2987 2511 3058 principum
2546 2990 2733 3045 mundi
2765 2989 2962 3061 hujus,
2994 2992 3270 3069 quomodo
3300 3009 3498 3063 cxpro~

186 3087 356 3156 Opera
405 3097 599 3143 nostra
644 3082 847 3150 dulcia,
879 3094 1166 3139 sermones
1196 3076 1368 3134 nostri
1398 3074 1709 3132 suavissimi
1738 3086 1798 3129 et
1895 3077 2054 3134 brant
2076 3079 2400 3149 sapientiam
2415 3078 2617 3143 Christi
2636 3080 2772 3156 mei,
2798 3090 2851 3136 et
2871 3084 3146 3152 quomodo
3169 3085 3507 3154 exprobrant

191 3185 348 3240 utiles
370 3229 384 3252 ,
418 3182 583 3240 mella
634 3187 761 3236 sunt
795 3193 916 3249 qua:
956 3175 1246 3231 mandueat
1276 3170 1636 3236 Emmanuel,
1673 3184 1794 3239 qua:
1822 3234 1863 3252 η
1897 3172 2221 3241 sapientiam
2262 3171 2530 3227 Judaismi
2560 3173 2712 3238 veri,
2750 3174 2902 3243 juxta
2932 3191 3092 3245 quem
3127 3192 3226 3231 nos
3271 3177 3506 3233 circum-

186 3234 478 3332 manducat
503 3274 611 3329 iste
639 3271 733 3343 qui
768 3234 927 3326 natus
951 3279 1029 3324 est
1057 3268 1127 3327 de
1160 3265 1403 3337 Virgine.
1433 3263 1491 3320 Si
1519 3278 1651 3318 vero
1676 3276 1793 3317 ser-
1820 3234 1865 3295 C
1898 3263 2131 3321 cidimur
2157 3262 2515 3333 spiritaliter,
2552 3264 2639 3318 isti
2665 3279 2796 3319 vero
2836 3234 3227 3333 praecidantur.
3254 3267 3508 3339 Intellige

189 3381 379 3424 mones
403 3365 583 3423 nostri
612 3360 977 3419 amaritudine
1008 3359 1155 3430 pleni
1184 3367 1350 3425 sunt,
1384 3356 1462 3411 ira
1491 3399 1505 3423 ,
1536 3352 1797 3409 animosi-
1900 3356 2084 3427 itaque
2108 3355 2382 3427 quomodo
2413 3356 2682 3426 Sapientia
2716 3357 2898 3412 sa:culi
2922 3357 3079 3428 hujus
3111 3369 3162 3414 et
3195 3360 3504 3431 principum

190 3466 331 3529 tate,
384 3457 674 3522 moleStia,
735 3453 1069 3525 turpiloquio
1094 3492 1109 3520 ,
1166 3448 1317 3506 vitiis
1338 3489 1351 3513 ,
1408 3446 1789 3512 contentione,
1902 3448 2089 3505 mundi
2116 3447 2294 3517 istius,
2322 3448 2656 3504 maledicunt
2687 3450 2969 3520 sapientim
3002 3467 3015 3503 :
3050 3462 3104 3505 et
3133 3452 3203 3505 ob
3227 3453 3327 3508 hoc
3361 3470 3509 3522 qna:-

194 3556 341 3611 dedit-
361 3556 417 3610 iu
446 3572 506 3611 os
540 3567 717 3608 meum
741 3548 838 3622 fel,
871 3556 927 3603 et
955 3563 1069 3603 nun
1112 3543 1351 3601 comedit
1377 3543 1445 3597 ab
1477 3541 1565 3596 his
1589 3552 1798 3596 sermo—
1900 3546 2041 3600 ritur
2070 3546 2232 3598 homo
2256 3543 2348 3612 qui
2378 3558 2500 3598 cum
2532 3543 2652 3597 istis
2681 3553 2886 3613 septem
2924 3544 3263 3614 spiritalibus
3295 3549 3507 3621 1112

195 3648 348 3705 nibus
391 3649 669 3706 Salvator.
703 3641 971 3700 Comedet
1005 3649 1186 3695 autem
1211 3636 1467 3694 Salvator
1493 3633 1562 3689 de
1587 3646 1800 3688 sermo-
1902 3636 2057 3691 velut
2084 3635 2402 3689 mulieribus
2431 3634 2538 3702 sit,
2573 3644 2632 3689 ut
2662 3634 2876 3691 auferat
2904 3651 3091 3692 earum
3124 3637 3504 3707 opprobrium.

200 3744 356 3801 nibus
381 3744 471 3816 qui
504 3750 638 3798 sunt
673 3737 814 3809 apud
869 3736 1155 3801 homines,
1188 3733 1237 3790 si
1270 3730 1475 3788 fuerint
1518 3740 1806 3784 sermones
1904 3726 2135 3796 Pmprie
2181 3741 2323 3781 unus
2354 3733 2442 3781 est
2480 3725 2644 3781 ltomo
2693 3729 2783 3796 qui
2818 3726 3033 3783 auferat
3069 3743 3256 3784 earum
3309 3746 3516 3802 oppro-

201 3853 388 3895 eorum
418 3838 552 3893 mel.
579 3832 967 3906 Approbemus
993 3831 1097 3885 hoc
1120 3827 1189 3883 de
1225 3823 1545 3896 Scripturis.
1570 3823 1707 3879 Ecca
1725 3832 1804 3875 s'o
1906 3821 2107 3877 brium.
2142 3820 2273 3887 Quis
2320 3828 2406 3875 est
2448 3818 2553 3875 iste
2584 3820 2785 3876 homo?
2826 3820 2985 3878 Jesus
3024 3823 3115 3893 qui
3158 3824 3327 3880 exivit
3361 3824 3517 3896 juxta

202 3941 268 3997 ad
308 3943 533 4006 Mum,
578 3948 631 3993 ει
658 3935 826 4007 pulso.
864 3933 925 3989 Si
968 3931 1082 4000 quis
1106 3929 1367 4000 aperuerit
1412 3922 1541 3979 mihi
1580 3923 1801 3987 ostium,
1909 3927 2127 3969 carnem
2160 3912 2226 3967 de
2260 3910 2440 3967 radice
2467 3911 2624 3969 Jesse
2661 3911 2834 3969 factus
2868 3928 2932 3969 ex
2960 3914 3171 3971 semine
3219 3916 3388 3972 David
3429 3933 3517 3973 se—

204 4034 466 4106 ingrediar
491 4031 565 4086 ad
599 4006 744 4092 cuiu,
776 4036 824 4082 et
853 4023 1061 4080 romabo
1089 4038 1204 4076 cum
1232 4018 1325 4074 illo
1347 4060 1361 4085 ,
1390 4027 1438 4072 et
1468 4017 1556 4071 ille
1585 4029 1802 4069 mecum.
1909 4006 2145 4063 cundum
2168 4020 2409 4068 carnem,
2447 4006 2862 4073 praedestinatus
2894 4006 3063 4061 Filius
3095 4007 3189 4063 Dei
3220 4007 3272 4062 itt
3306 4010 3509 4065 virtute

206 4095 389 4200 (Aupoc.
423 4129 484 4182 in
510 4167 526 4195 ,
568 4121 685 4196 ΞΟ).
715 4121 887 4192 Igitur
927 4119 1045 4187 ipse
1085 4113 1375 4185 pollicetur
1403 4124 1463 4165 se
1491 4123 1557 4163 ev
1605 4104 1811 4160 nostris
1909 4098 2065 4200 juxta
2094 4098 2359 4200 spiritum
2381 4098 2788 4200 jus-tilicalio'nis
2818 4098 2998 4172 (Rom.
3028 4099 3089 4173 ι).
3136 4101 3281 4157 Exiit
3315 4104 3512 4174 quippe

206 4190 550 4279 asumma,“
599 4190 883 4273 nobiscum
917 4228 1039 4269 esse
1065 4252 1079 4277 ,
1107 4217 1317 4265 certum
1345 4214 1428 4262 est
1458 4213 1636 4259 autem
1684 4200 1811 4272 quia
1914 4191 1943 4231 ι’
1971 4192 2120 4263 virga
2154 4190 2220 4247 de
2246 4190 2431 4247 radice
2460 4190 2634 4247 Jesse.
2665 4191 2827 4262 Virga
2865 4210 2971 4247 non
2996 4203 3077 4247 est
3109 4195 3510 4266 primogenitus

205 4326 261 4374 et
286 4331 388 4374 nos
409 4331 535 4373 eum
560 4313 654 4368 illo
673 4323 956 4367 ctenamus
980 4350 993 4373 ,
1028 4306 1073 4359 si
1104 4315 1385 4359 emnemus
1420 4298 1591 4353 illum.
1620 4293 1815 4350 Come-
1918 4284 2097 4340 omnis
2127 4294 2424 4352 creaturaz,
2461 4284 2610 4353 virga
2639 4301 2745 4338 non
2777 4294 2864 4340 est
2889 4285 2981 4355 qui
3014 4286 3065 4341 in
3101 4288 3369 4359 principio
3398 4305 3491 4344 era

210 4410 342 4466 dens
372 4410 579 4480 quippe
600 4405 669 4460 de
700 4401 904 4457 nostris
931 4399 1094 4455 bonis
1126 4391 1491 4458 sermonibus,
1534 4386 1812 4460 operibus,
1918 4377 2062 4480 allth
2089 4378 2257 4433 Dem“
2287 4377 2429 4432 Deus
2458 4377 2721 4444 Verbum;
2746 4379 3022 4480 59d__Vi"83
3042 4381 3111 4435 de
3134 4382 3320 4439 radice
3340 4383 3521 4453 18559.

216 4514 269 4560 et
296 4472 582 4560 iménéc'm
608 4542 624 4569 ’
665 4496 898 4569 "masc"
932 4508 1029 4549 nos
1060 4492 1173 4546 suis
1205 4499 1230 4527 ιι
1262 4487 1402 4545 escis
1445 4482 1776 4556 spiritalibus
1801 4521 1814 4544 ,
1921 4473 2008 4530 cui
2034 4473 2187 4569 juxta
2222 4487 2443 4527 carnem
2478 4481 2639 4527 natus
2665 4483 2784 4539 est;
2828 4472 2969 4528 Exiit
2999 4475 3132 4528 enim
3162 4476 3308 4550 ιιι-θα
3337 4478 3401 4532 de
3439 4495 3525 4532 ra-

217 4607 273 4655 e‘
300 4598 528 4659 mvinis’
560 4562 621 4650 δι’
642 4562 978 4649 ωθίίοτηηιε.
1014 4587 1303 4657 Propterea
1334 4581 1458 4652 quia
1490 4579 1703 4633 beatum
1735 4581 1821 4629 est,
1848 4625 1899 4659 Π
1924 4565 2038 4619 dice
2064 4562 2229 4629 Jesse,
2254 4573 2299 4618 et
2320 4564 2418 4659 [ius
2521 4564 2697 4620 radice
2721 4565 2833 4659 ejus
2860 4566 3113 4620 ascendit.
3133 4565 3266 4633 Quis
3289 4578 3374 4624 est
3402 4571 3525 4637 llos,

217 4655 896 4763 suscipereSalvatorem,
939 4655 1143 4753 apertis
1176 4678 1329 4733 ostiis
1361 4671 1677 4746 principalis
1703 4683 1823 4725 coro
1853 4655 1898 4689 ⁵⁷
1926 4665 1982 4713 ει
2010 4672 2131 4726 (illa?
2157 4655 2462 4763 eiiﬁadi“.
2480 4655 2660 4711 Ambo
2686 4655 2830 4711 enim
2856 4657 2911 4711 ῖη
2939 4673 3103 4711 υ¹¹ι¹¹¹¹
3128 4657 3362 4728 “ipsum
3393 4661 3528 4718 80b-

218 4746 535 4850 ἇὶέ”1“ιέ)ὲῐι,ί,
568 4746 941 4854 praeparemle
968 4746 1016 4830 ἐξ
1048 4771 1210 4827 mena
1231 4813 1244 4834 ’
1277 4778 1332 4824 ει
1364 4780 1580 4822 omnem
1612 4775 1827 4818 coenam
1925 4750 2132 4820 jaceat.
2185 4746 2499 4803 Dill‘erentia
2548 4758 2756 4854 autem.
2773 4758 2859 4804 est
2903 4751 3271 4816 negotiorum.
3319 4752 3453 4808 Nam
3485 4755 3531 4810 si

221 4878 341 4950 ejus
369 4896 382 4931 :
409 4885 471 4932 ut
491 4844 613 4945 ipse
634 4844 736 4927 nos
754 4870 916 4925 ducat
947 4864 1013 4921 ad
1041 4876 1289 4931 magnam
1318 4873 1529 4916 cumam
1568 4853 1749 4910 Patris
1775 4852 1828 4906 in
1934 4853 2194 4950 peccator
2231 4859 2314 4911 es,
2349 4859 2455 4950 IIl-0n
2483 4854 2568 4950 est
2598 4845 2694 4900 tibi
2725 4844 2850 4950 ιιυε,
2886 4861 3060 4916 neque
3086 4847 3297 4904 videbis
3317 4847 3536 4915 ﬂorem,

221 4937 393 5044 regno
422 4937 715 5032 caelorum,
750 4978 872 5034 qua:
892 4968 976 5016 est
1005 4962 1060 5013 in
1082 4955 1303 5011 Christo
1321 4952 1470 5014 Jesu,
1494 4950 1581 5006 cui
1612 4955 1696 5004 est
1721 4947 1836 5018 glu—
1939 4940 2028 5011 qui
2058 4949 2141 4995 est
2179 4954 2246 4995 ex
2278 4937 2463 5044 radice
2500 4938 2677 4996 Jesse.
2703 4939 2900 4997 Veniet
2925 4940 3071 4997 enim
3102 4952 3157 5000 et
3186 4944 3255 5000 ad
3285 4952 3337 5001 te
3361 4946 3540 5017 virga,

224 5032 315 5125 ria
336 5073 394 5122 et
415 5060 707 5134 imperium
732 5032 785 5112 in
810 5054 1007 5112 smcula
1028 5050 1374 5107 saeculorum.
1402 5046 1596 5099 Amen.
1943 5034 2280 5134 quomodo-c
2325 5032 2632 5134 Discipulus
2674 5033 2844 5106 virgae
2883 5044 2937 5091 et
2984 5034 3137 5092 ﬂoris
3170 5039 3432 5111 loquitur.
3466 5041 3546 5096 De

1053 5184 1293 5207 "mm,"
1943 5127 2091 5198 virga
2123 5124 2338 5196 quidem
2383 5125 2519 5181 dicit
2548 5144 2560 5179 :
2592 5125 2730 5195 Quid
2759 5129 2914 5182 vultis
2936 5170 2951 5196 ,
2991 5129 3047 5184 in
3084 5131 3229 5203 uirga
3254 5134 3451 5188 veniam
3478 5135 3549 5189 ad

744 5188 1034 5257 Hom-UA
1053 5184 1328 5244 TERTIA‘
1940 5184 2059 5275 vos;
2077 5184 2154 5275 De
2182 5219 2317 5273 linre
2345 5235 2477 5275 vero
2500 5237 2511 5274 :
2537 5184 2691 5275 Αιῖἱη
2714 5184 2970 5279 chariton?
2993 5221 3094 5279 Dei

584 5312 661 5367 De
685 5319 881 5379 septem
904 5304 1222 5362 mulieribus.
1252 5302 1390 5372 Cap:
1419 5298 1510 5354 ΧΙο
1950 5314 2282 5369 suetudinis?
2313 5313 2460 5368 Exiit
2487 5329 2621 5386 ergo
2641 5315 2709 5371 de
2742 5317 2929 5373 radice
2967 5317 3123 5375 Iesse
3152 5319 3301 5388 \irga
3342 5323 3560 5390 sapiens

315 5430 532 5503 1111
556 5426 597 5481 l.
633 5425 850 5495 Septem
874 5420 1134 5475 mulieres
1166 5418 1444 5486 patiuntur
1464 5410 1844 5484 opprobrium,
1957 5409 2046 5463 tim
2074 5409 2120 5463 ei
2149 5407 2242 5477 qui
2268 5407 2558 5478 suppliciis
2586 5409 2864 5479 plectitur,
2887 5410 3036 5481 virga
3061 5413 3111 5467 ei
3141 5415 3230 5483 qui
3255 5413 3457 5486 indiget
3483 5417 3565 5470 in-

240 5531 298 5577 et
330 5502 691 5576 circumeunt
733 5524 1045 5585 quaerentes
1074 5526 1198 5566 eum
1246 5507 1511 5576 recipere,
1555 5505 1644 5574 qui
1678 5503 1855 5573 possit
1960 5502 2306 5573 crepatioue,
2338 5503 2489 5573 virga
2527 5503 2575 5556 ei
2615 5504 2707 5575 qui
2741 5520 2968 5560 necesse
3000 5506 3161 5561 habet
3203 5516 3262 5561 ιιι
3286 5518 3567 5579 arguatur.

240 5615 474 5671 auferre
516 5610 867 5683 opprobrium
920 5620 1125 5663 earum.
1163 5604 1295 5674 Ipsa:
1326 5610 1534 5670 septem
1600 5597 1859 5655 mulieres
1966 5595 2097 5654 Flos
2144 5612 2275 5652 vero
2306 5595 2358 5651 ci
2400 5597 2491 5667 qui
2525 5598 2636 5667 jam
2680 5597 2926 5653 eruditus
2964 5609 3046 5653 est
3071 5641 3085 5665 ,
3124 5608 3180 5656 et
3212 5617 3323 5657 non
3370 5603 3580 5676 indiget

323 5760 347 5787 τι
381 5747 521 5831 Male
550 5750 665 5831 ejus
697 5754 853 5799 antea
884 5741 1168 5831 legebatur
1200 5738 1481 5831 prtLescis‘.‘
1523 5814 1537 5831 .
1632 5802 1727 5831 AT
1974 5741 2088 5815 ῑαξ,
2143 5732 2232 5786 ubi
2291 5747 2388 5802 ιδνο
2439 5733 2647 5790 νοουιίε
2705 5750 2809 5788 ηοη
2861 5745 2971 5799 08!.
3027 5752 3193 5792 unum
3254 5754 3371 5798 erat
3424 5751 3582 5799 antea

324 5823 349 5859 ῐυ
384 5803 717 5875 Sull‘ecitnus
750 5803 967 5871 notnen'
986 5812 1147 5883 Virgo
1174 5803 1243 5864 ex
1280 5806 1562 5862 Benedict.
1597 5803 1864 5883 editione,
1975 5804 2135 5883 enim.

251 5872 493 5966 quacum
520 5872 579 5946 et
612 5902 739 5943 mox
792 5885 1051 5955 legimus,
1083 5872 1251 5954 "Virga
1292 5894 1396 5932 non
1434 5886 1509 5933 est
1550 5876 1862 5947 primogeui-
2052 5885 2071 5909 ε’
2110 5872 2282 5929 Antea
2311 5885 2429 5930 erat
2458 5876 2739 5947 Apostolus
2770 5892 2869 5947 pro
2898 5876 3226 5952 Discipulus.
