3972 6316
482 285 543 341 91
565 287 581 338 l
1755 285 1814 341 S.
1857 283 2131 343 EUSEBII
2171 282 2552 342 IIIEBONYMI
3674 282 3763 340 9H

481 403 619 458 dura
657 402 1035 463 correctione,
1075 399 1156 455 vel
1185 407 1337 456 certe
1367 415 1475 455 non
1508 399 1717 472 indiget
1748 402 1961 472 poenis,
1991 400 2089 458 scd
2115 416 2171 476 Α
2195 400 2535 471 prehendent
2559 407 2772 471 seplem
2805 413 2970 455 unum
2999 399 3300 457 hominem.
3330 399 3397 455 Et
3423 399 3530 454 hoc
3549 413 3612 454 ex
3639 399 3768 468 prio-

485 497 685 552 valcnti
709 496 818 561 jam
843 493 1040 548 ﬂorere
1065 493 1332 561 incipere,
1358 502 1411 550 et
1439 494 1506 549 ad
1532 493 1831 565 perfectum
1851 494 2086 550 fructum

484 588 656 643 exire.
685 585 925 641 Primum
952 587 1097 642 enim
1129 586 1230 642 llos
1250 586 1576 654 ostenditur,
1611 587 1812 643 deinde
1841 598 1961 657 post
1987 586 2087 642 llo-

485 694 602 734 rem
633 682 774 749 virga
806 679 885 743 fit,
917 689 970 734 et
991 679 1059 733 ad
1085 678 1319 734 fructum
1343 679 1475 734 exit.
1505 679 1804 752 Exiitvirga
1821 679 1886 734 de
1913 681 2088 734 radice

483 772 655 840 Jesse,
688 782 736 826 et
762 774 861 843 ﬂos
891 772 954 827 de
971 773 1144 827 radice
1166 777 1282 846 ejus
1302 773 1565 840 ascendet,
1597 783 1643 826 et
1666 774 1982 845 requiescent
2001 790 2092 828 su-

489 884 581 936 per
608 883 727 922 eum
753 876 946 932 septem
977 865 1240 934 mulieres,
1269 867 1486 938 spiritus
1510 865 1746 932 Domini,
1766 867 1978 938 spiritus
2003 883 2090 922 sa-

488 961 694 1032 pientia:
707 969 754 1014 et
771 957 1060 1013 intellectus
1079 960 1357 1028 requiescet
1370 975 1523 1031 super
1547 975 1682 1013 eum.
1699 958 1932 1028 Spiritus
1942 957 2086 1013 enim

486 1053 770 1120 sapientiae
801 1067 909 1106 non
942 1051 1212 1121 requievit
1233 1051 1286 1105 in
1326 1052 1531 1123 Moyse,
1555 1051 1778 1121 spiritus
1806 1050 2090 1120 sapientia:

487 1160 594 1200 non
611 1144 880 1215 requievit
899 1144 953 1198 in
974 1143 1104 1199 Jesu
1124 1143 1294 1209 Nave,
1316 1143 1542 1213 Spiritus
1559 1143 1844 1214 sapientia:
1875 1159 1980 1198 non
2004 1158 2092 1199 re-

488 1236 696 1310 quievit
719 1236 774 1290 in
797 1235 1025 1306 singulis
1042 1235 1464 1305 Prophetarum,
1485 1234 1540 1289 in
1564 1235 1723 1302 Isaia,
1746 1234 1799 1289 in
1828 1233 2090 1290 Jeremia.

561 1331 626 1386 ll.
671 1329 780 1385 Nec
817 1343 946 1384 vero
976 1329 1129 1399 quasi
1174 1327 1640 1398 blasphemantem
1684 1341 1769 1381 me
1798 1325 2049 1396 lapidetis
2074 1367 2089 1394 ,

492 1424 622 1480 dum
656 1425 819 1479 velim
851 1422 1159 1492 gloriﬁcare
1178 1422 1472 1478 Dominum
1495 1437 1676 1477 meum
1696 1421 1884 1478 Jesum
1907 1420 2097 1476 Chris-

493 1531 605 1574 tum
643 1537 652 1570 :
687 1516 783 1572 sed
828 1517 1163 1571 sustinentes
1208 1513 1555 1570 considerate
1595 1513 1739 1584 quod
1770 1514 1993 1579 dicitur,
2039 1521 2096 1568 et

493 1612 746 1670 videbitis
788 1612 912 1682 quia
956 1611 1008 1664 in
1059 1609 1209 1665 nullo
1238 1624 1428 1665 eorum
1470 1609 1799 1679 requieverit
1844 1608 2090 1678 spiritus,

497 1705 711 1779 1113
732 1720 839 1758 non
865 1701 1010 1774 quod
1030 1702 1097 1756 ad
1121 1701 1326 1756 nullum
1353 1716 1542 1756 eorum
1573 1699 1804 1766 venerit,
1827 1699 1922 1756 sed
1949 1698 2093 1770 quod

2200 495 2348 551 ribus
2378 495 2598 566 pendet,
2649 501 2707 550 et
2734 502 2949 564 oportet
2979 494 3155 564 primo
3201 506 3538 564 cognoscere
3575 491 3771 562 quando

2193 589 2457 660 recipiant
2502 585 2714 660 1115
2751 597 2962 657 septem
2997 587 3253 642 mulieres
3280 601 3447 642 unum
3489 585 3768 641 hominem.

2192 682 2328 737 Cum
2361 681 2527 737 fortes
2553 679 2854 736 Jerusalem
2902 679 3170 735 humiliati
3199 677 3426 746 iuerint,
3468 691 3593 733 cum
3635 675 3771 732 luxe-

2193 779 2304 834 rint
2333 779 2505 835 thecce
2533 793 2722 834 eorum
2744 787 3065 834 ornamenta
3095 776 3328 834 ﬁliarum
3357 777 3652 842 Sion,cum
3681 776 3766 830 de-

2193 871 2379 926 relicta
2408 871 2566 926 fuerit
2608 871 2698 925 illa
2725 870 2862 937 sola,
2895 885 3021 926 cum
3066 870 3200 927 elisa
3247 868 3414 924 inerit
3452 867 3522 922 ad
3565 879 3770 936 terram,

2195 971 2317 1018 tunc
2342 961 2728 1035 apprehendent
2754 971 2946 1034 septem
2970 963 3207 1017 mulieres
3233 977 3397 1015 unum
3421 959 3678 1015 hominem
3701 960 3774 1014 di-

2196 1065 2365 1110 centes
2398 1053 2637 1111 :Panem
2663 1065 2898 1110 nostrum
2916 1054 3364 1122 manducabintus,
3402 1064 3452 1109 et
3485 1055 3777 1109 vestimentis

2198 1152 2385 1206 nostris
2414 1151 2703 1221 aperiemur
2728 1168 2741 1204 :
2775 1159 3126 1204 verumtamen
3156 1165 3343 1204 nomen
3365 1158 3513 1203 tuum
3533 1149 3776 1202 invocetur

2197 1261 2348 1317 super
2369 1260 2479 1299 nos.
2505 1243 2658 1300 Tunc
2684 1243 3093 1315 apprehendent
3118 1253 3173 1298 et
3213 1257 3345 1298 vere
3379 1242 3642 1298 tenebunt
3669 1255 3779 1310 sep-

2202 1348 2308 1393 tem
2336 1337 2593 1393 mulieres
2623 1336 2900 1393 hominem
2942 1351 3134 1402 unum,
3165 1337 3354 1392 Jesum
3379 1333 3659 1390 Christum
3693 1334 3786 1388 Do-

2201 1431 2406 1484 minum
2439 1440 2683 1485 nostrum
2711 1429 2865 1499 juxta
2895 1429 3040 1500 quod
3067 1426 3391 1499 intelligitur
3415 1431 3603 1495 homo,
3633 1428 3775 1496 juxta

2200 1521 2342 1592 quod
2370 1530 2528 1577 natus
2562 1530 2669 1589 est,
2700 1521 2860 1591 juxta
2898 1519 3044 1592 quod
3084 1534 3285 1592 corpus
3323 1519 3640 1590 assumpsit.
3686 1518 3785 1590 Ap-

2203 1615 2542 1688 prebcndent
2570 1625 2778 1686 septem
2809 1614 3066 1670 mulieres
3092 1613 3369 1670 hominem
3396 1628 3587 1678 unttm,
3613 1612 3785 1668 dicen-

2204 1722 2284 1768 tes
2317 1712 2550 1767 :Panem
2574 1719 2819 1765 nostrum
2850 1709 3316 1765 manducabimus.
3344 1707 3498 1763 Multi
3518 1707 3785 1763 ambulant

493 1802 548 1855 in
596 1799 747 1854 nullo
777 1795 1127 1867 requieverit.
1160 1794 1324 1850 Venit
1373 1808 1537 1862 super
1569 1793 1807 1865 Moysem
1833 1835 1849 1860 ,
1891 1801 1948 1849 et
1988 1808 2095 1848 non

2206 1805 2476 1871 homines,
2511 1815 2566 1860 et
2595 1803 2805 1859 nullum
2833 1801 3258 1873 apprehendunt
3297 1800 3586 1864 mulieres,
3621 1799 3783 1856 nullus

493 1892 726 1952 credidit
752 1893 968 1963 Moyses
992 1897 1116 1960 post
1141 1888 1394 1959 spiritum
1424 1888 1707 1959 sapientia.-
1728 1888 1820 1960 qui
1851 1886 2000 1944 venit
2028 1885 2097 1942 ad

493 2005 641 2045 eum.
673 1986 862 2041 Audite
892 1985 1049 2050 enim,
1081 1983 1190 2047 ait,
1214 1990 1582 2036 contumaces:
1616 1979 1886 2051 Numquid
1917 1996 1980 2035 ex
2010 1996 2098 2050 pe-

494 2093 574 2137 tra
597 2084 699 2136 ista
728 2081 942 2135 educam
973 2078 1116 2133 vobis
1144 2075 1556 2150 aquam?Venit
1585 2091 1751 2146 super
1771 2089 1963 2130 omnes
1983 2075 2100 2144 jus-

496 2191 607 2247 tos,
636 2177 787 2232 venit
814 2184 870 2230 et
898 2189 1061 2244 super
1100 2171 1290 2226 Isaiam
1313 2212 1328 2239 ,
1373 2170 1467 2226 sed
1505 2169 1634 2240 quid
1664 2169 1774 2223 ait?
1819 2167 2098 2222 lmmunda

498 2271 634 2325 labia
656 2268 844 2323 habeo:
869 2277 916 2320 et
939 2268 990 2320 in
1012 2265 1179 2320 medio
1195 2263 1376 2335 populi
1395 2263 1664 2318 immunda
1681 2261 1821 2316 labia
1838 2262 2096 2329 habentis,

493 2384 586 2442 ego
615 2366 790 2421 habito
812 2362 949 2436 (Isa.
969 2360 1046 2432 v1)
1075 2379 1088 2414 :
1115 2360 1277 2415 Venit
1303 2358 1528 2429 spiritus
1572 2356 1853 2428 sapientiae
1887 2364 2008 2426 post
2037 2356 2101 2411 il-

493 2460 602 2516 lam
632 2458 895 2529 forcipem
933 2466 990 2512 et
1016 2456 1220 2526 ignem,
1254 2453 1403 2508 venit
1429 2450 1497 2506 ad
1530 2449 1808 2506 immunda
1837 2449 1981 2504 labia
2013 2448 2104 2503 ba-

495 2557 740 2621 bentem,
775 2552 871 2609 sed
906 2567 1013 2608 non
1037 2551 1326 2621 requievit.
1363 2547 1614 2603 Ministro
1634 2547 1854 2619 quidem
1881 2561 1948 2601 eo
1969 2560 2101 2600 usus

494 2658 601 2715 est,
625 2664 733 2704 non
762 2655 942 2702 autem
967 2645 1254 2714 requievit.
1277 2643 1594 2698 Tribulntur
1614 2640 1681 2695 ad
1707 2655 2102 2710 quemcumque

494 2741 709 2797 venerit
735 2737 1038 2794 hominem.
1061 2736 1258 2792 Peccat
1288 2735 1434 2789 enim
1467 2732 1646 2788 omnis
1676 2732 1863 2800 homo,
1898 2747 1998 2789 nec
2018 2743 2102 2788 est

486 2832 670 2901 justus
697 2844 863 2898 super
883 2837 1084 2883 terram
1102 2825 1194 2897 qui
1228 2825 1391 2881 faciat
1414 2825 1638 2890 bonum,
1672 2833 1726 2880 et
1752 2839 1858 2880 non
1890 2835 2099 2896 peccet.

497 2924 667 2978 Nemo
707 2919 930 2976 mundus
961 2936 994 2972 a
1039 2917 1277 2973 sordibus
1300 2961 1314 2986 ,
1370 2933 1532 2989 neque
1571 2919 1615 2971 si
1649 2934 1753 2972 una
1783 2918 1866 2972 die
1900 2918 1967 2972 sit
2002 2918 2104 2972 vita

493 3018 639 3087 ejus,
671 3013 928 3068 numerati
955 3022 1128 3066 autem
1153 3014 1352 3066 menses
1373 3015 1485 3084 ejus
1517 3009 1640 3083 (Job
1663 3009 1777 3083 xv).
1813 3009 1978 3082 Igitur
2005 3024 2100 3065 su-

498 3127 595 3181 per
641 3109 849 3164 nullum
894 3106 1210 3178 requiescit.
1258 3105 1560 3160 Possumus
1607 3103 1760 3160 etde
1807 3101 2102 3173 Evangelio

2201 1900 2280 1955 eis
2308 1899 2486 1970 placet
2514 1895 2698 1952 homo.
2730 1894 2849 1950 Non
2881 1895 3025 1952 enim
3071 1904 3293 1964 propter
3336 1892 3578 1962 inopiam
3627 1890 3784 1948 homi-

2202 2008 2331 2048 num
2355 2006 2526 2046 unum
2549 1989 2826 2045 hominem
2851 1985 3264 2058 apprehendunt
3289 2002 3303 2050 ;
3329 1999 3436 2040 non
3472 1991 3684 2055 propter
3706 1997 3785 2039 ra-

2201 2085 2417 2141 ritatem
2451 2083 2689 2138 hominis
2736 2081 2951 2152 qualem
2997 2079 3309 2146 voluerunt,
3356 2077 3525 2134 talem
3570 2076 3783 2148 quaesie-

2201 2185 2329 2232 runt
2361 2193 2374 2229 :
2409 2190 2575 2229 unum
2602 2173 2777 2230 solum
2832 2183 3163 2243 repererunt
3197 2170 3476 2226 hominem
3504 2185 3659 2242 quem
3697 2185 3785 2240 ap-

2203 2269 2629 2344 prehendet'unt,
2661 2276 2720 2322 ut
2747 2266 2931 2322 dicant
2959 2265 3009 2321 ei
3044 2282 3057 2319 :
3085 2264 3284 2319 Panem
3326 2273 3560 2318 nostrum
3583 2263 3784 2316 manda-

2202 2366 2449 2428 cabimus,
2487 2372 2533 2417 et
2560 2361 2867 2418 vestimentis
2892 2363 3080 2415 nostris
3105 2360 3419 2428 aperiemur.
3465 2358 3560 2414 Est
3581 2357 3781 2429 quidam

2200 2460 2353 2515 cibus
2383 2456 2691 2528 sapientiae,
2723 2465 2811 2512 est
2836 2455 3057 2526 quidam
3081 2454 3240 2510 cibus
3271 2452 3525 2509 similiter
3555 2452 3786 2509 intellec-

2203 2563 2310 2620 tus,
2337 2563 2386 2608 et
2427 2551 2762 2622 reliquorum
2809 2549 3123 2621 spirituum.
3169 2547 3304 2616 Quis
3348 2556 3436 2602 est
3466 2545 3570 2602 iste
3595 2545 3732 2601 cibus
3763 2545 3786 2598 ?

2201 2645 2318 2702 Non
2351 2647 2518 2702 timeo
2547 2645 2760 2712 dicere,
2795 2643 2954 2700 cibus
2983 2644 3125 2699 alius
3155 2652 3240 2698 est
3267 2651 3423 2698 extra
3456 2643 3590 2697 istos
3625 2659 3635 2695 :
3661 2642 3788 2696 forte

2202 2749 2262 2795 ut
2293 2755 2448 2796 meus
2477 2747 2561 2794 est
2587 2739 2745 2794 cibus
2768 2751 2952 2794 sermo
2980 2735 3100 2803 Dei,
3144 2735 3237 2806 qui
3267 2735 3344 2790 ait
3377 2753 3390 2789 :
3423 2734 3538 2808 Ego
3573 2749 3682 2789 sum
3704 2749 3790 2803 pa-

2203 2833 2282 2886 nis
2305 2831 2496 2898 vivens,
2523 2831 2611 2900 qui
2636 2829 2700 2884 de
2726 2829 2851 2885 caelo
2892 2828 3154 2894 descendi,
3197 2836 3246 2882 et
3291 2827 3450 2881 vitam
3493 2828 3560 2882 do
3609 2825 3788 2880 mundo

2203 2921 2383 2996 (Joon.
2419 2925 2492 2994 vt)
2528 2941 2538 2976 :
2573 2920 2655 2978 sic
2682 2922 2965 2991 sapientia;
3005 2920 3165 2976 cibus
3190 2921 3311 2990 ipse
3356 2919 3541 2975 Pater.
3573 2919 3789 2989 Propter

2202 3017 2306 3074 hoc
2334 3027 2420 3075 est
2453 3035 2467 3073 :
2500 3016 2646 3072 Meus
2677 3016 2821 3071 cibus
2847 3026 2942 3081 est,
2977 3027 3033 3071 ut
3079 3016 3272 3086 faciam
3301 3013 3620 3069 voluntatem
3655 3016 3782 3085 ejus,

2201 3111 2290 3182 qui
2317 3127 2395 3164 me
2427 3110 2586 3177 misit,
2613 3119 2668 3162 ut
2708 3124 3061 3163 consummem
3107 3124 3240 3180 opus
3289 3109 3403 3179 ejus
3457 3104 3636 3179 (Joan.
3690 3102 3784 3174 tv).

495 3204 728 3273 probare
749 3243 763 3269 ,
792 3199 918 3272 quia
957 3200 1107 3256 venit
1139 3197 1365 3270 spiritus
1409 3211 1574 3268 super
1619 3196 1852 3264 multos,
1894 3208 1950 3252 et
1990 3211 2097 3250 non
2125 3207 2171 3270 ο
2203 3203 2311 3260 Nec
2345 3202 2640 3274 putandum
2673 3212 2758 3258 est
2786 3201 2972 3274 aliquo
3000 3202 3246 3274 indigere
3272 3202 3608 3272 sapientiam
3637 3208 3687 3256 et
3714 3200 3789 3253 in-

495 3298 698 3353 mansit
732 3295 786 3351 in
814 3295 914 3351 eis.
949 3294 1092 3349 Ante
1124 3293 1401 3364 paululum
1436 3293 1632 3346 lectum
1663 3298 1749 3346 est
1779 3305 1795 3344 :
1833 3288 1954 3343 Non
1985 3305 2103 3360 per-

493 3392 717 3449 manebit
727 3391 942 3464 spiritus
957 3405 1101 3443 meus
1115 3389 1169 3441 in
1189 3385 1482 3442 hominibus
1502 3385 1615 3438 istis
1632 3384 1685 3438 in
1700 3392 1968 3438 wternum.
1985 3379 2099 3437 Non

497 3489 605 3552 nit,
642 3501 750 3541 non
772 3483 904 3547 erit,
939 3481 1033 3537 sed
1059 3494 1172 3537 non
1190 3476 1551 3550 permanebit.
1584 3475 1760 3532 Unum
1787 3475 1916 3530 vidit
1938 3474 2102 3530 Joan-

497 3595 595 3635 nes
625 3579 803 3634 solum
823 3617 840 3642 ,
881 3576 934 3630 in
964 3588 1074 3645 quo
1100 3571 1432 3643 permansit,
1466 3578 1521 3624 et
1550 3569 1764 3639 signum
1809 3567 1911 3623 hoc
1940 3576 2063 3622 erat
2088 3584 2101 3622 :

500 3675 674 3741 uper
702 3685 852 3740 quem
881 3667 1071 3721 videris
1096 3665 1339 3733 spiritum
1369 3662 1782 3724 descendentem,
1813 3670 1858 3712 et
1893 3677 2101 3715 manen-

496 3776 599 3818 tem
615 3765 669 3817 in
690 3777 772 3827 eo,
795 3762 890 3814 iste
911 3766 984 3813 est
1011 3755 1061 3808 F
1064 3757 1185 3810 ilius
1209 3756 1327 3809 Dei.
1348 3753 1670 3809 Ministravit
1687 3753 1905 3823 quidem
1933 3752 2103 3808 verbo

499 3855 598 3913 Dei
623 3855 823 3925 spiritu
853 3847 1226 3907 descendente
1253 3864 1265 3900 :
1296 3855 1422 3917 post
1442 3844 1716 3900 modicum
1746 3853 1953 3916 peccat,
1980 3854 2104 3915 post

498 3949 774 4007 modicum
797 3947 1034 4002 otiosum
1067 3941 1292 3998 verbum
1317 3939 1561 4012 loquitur
1590 3957 1604 3994 :
1636 3937 1822 3995 nescio
1851 3948 2031 3996 autem
2058 3940 2101 3995 si

494 4059 548 4101 et
581 4045 699 4101 sine
730 4050 959 4114 peccato
998 4047 1240 4094 maneat.
1269 4036 1531 4103 Putasne,
1567 4044 1837 4106 praesente
1863 4034 2059 4104 spiritu
2086 4074 2100 4100 ,

502 4153 730 4210 peccare
747 4133 1094 4192 conceditur?
1116 4131 1292 4203 Super
1314 4128 1523 4185 nullum
1538 4142 1670 4199 ergo
1693 4127 1964 4198 requievit
1991 4127 2104 4196 spi-

498 4238 636 4288 ritus
670 4230 764 4285 Dei
810 4226 1112 4283 secundum
1139 4224 1283 4296 quod
1313 4222 1578 4292 scriptum
1622 4232 1706 4279 est
1735 4238 1750 4277 :
1785 4220 1929 4276 Exiit
1961 4222 2103 4294 virga

497 4326 561 4378 de
607 4322 780 4376 radice
822 4320 1001 4385 Iesse,
1045 4328 1092 4374 et
1123 4319 1218 4387 ﬂos
1269 4317 1332 4370 de
1376 4316 1555 4370 radice
1585 4317 1698 4387 ejus
1733 4313 2010 4381 ascendit,
2055 4324 2102 4368 et

498 4414 770 4487 requiescit
797 4427 953 4479 super
983 4427 1099 4466 eum
1129 4410 1349 4482 spiritus
1378 4407 1511 4474 Dei,
1554 4409 1770 4478 spiritus
1801 4407 2099 4481 sapientice,

496 4511 714 4580 spiritus
735 4505 1048 4573 intellectus,
1069 4505 1284 4577 spiritus
1309 4502 1515 4583 consilii
1542 4511 1589 4557 et
1620 4502 1841 4556 virtutis.
1875 4500 2103 4572 Propter

2208 3296 2505 3364 tellectum,
2553 3305 2900 3368 caeterosque
2929 3296 3175 3368 spiritus,
3228 3294 3356 3365 quia
3405 3294 3571 3349 alium
3622 3292 3784 3350 cibum

2205 3388 2459 3453 habeant,
2492 3403 2614 3445 cum
2647 3391 2815 3446 totius
2861 3388 3290 3459 diapensationis
3339 3402 3485 3442 unus
3526 3387 3600 3441 sit
3645 3386 3784 3440 cibus

2207 3491 2396 3537 natura
2427 3481 2546 3537 Dei.
2594 3480 2796 3536 Panem
2820 3490 3056 3537 nostrum
3085 3479 3536 3545 manducabimus,
3570 3488 3618 3532 et
3653 3477 3788 3532 vesti-

2206 3574 2389 3628 mentis
2411 3574 2601 3629 nostris
2623 3575 2933 3645 operiemar.
2962 3573 3056 3629 Est
3085 3572 3306 3643 quidam
3337 3581 3567 3627 ornatus
3586 3569 3781 3639 sapien-

2207 3666 2294 3721 tias
2320 3681 2428 3737 quo
2478 3667 2788 3722 decoratur.
2838 3666 3041 3722 Ornata
3091 3673 3175 3720 est
3201 3679 3462 3721 sermone
3508 3661 3774 3734 sapientia.

2204 3757 2434 3829 singula:
2456 3758 2648 3813 harum
2676 3758 2965 3814 mulierum
2991 3757 3191 3813 habent
3205 3765 3555 3813 ornamenta.
3587 3752 3777 3808 Verum—

2207 3860 2377 3905 tamen
2405 3867 2592 3906 nomen
2620 3861 2766 3906 tuum
2793 3852 3056 3907 invocetur
3097 3867 3250 3922 super
3277 3866 3396 3918 nos,
3425 3853 3579 3921 aufer
3608 3862 3780 3921 cppro-

2205 3943 2375 3997 brium
2417 3950 2670 3998 nostrum.
2719 3943 2874 4012 Quod
2914 3953 2999 3999 est
3039 3957 3238 4000 nomen
3272 3940 3597 4013 sapientiae?
3625 3939 3778 3996 Jesns.

2203 4036 2342 4106 Quid
2369 4046 2476 4102 est,
2511 4035 2785 4092 Invocetttr
2813 4053 2996 4092 nomen
3019 4045 3166 4090 tuum
3195 4051 3351 4107 super
3373 4052 3469 4090 nos
3491 4035 3517 4089 ?
3545 4034 3655 4105 Ego
3679 4046 3780 4087 sum

2205 4129 2492 4199 sapientia,
2535 4127 2660 4184 volo
2692 4137 2785 4184 tuo
2827 4127 3047 4184 nomine
3073 4130 3279 4192 vocari,
3311 4134 3372 4180 ut
3401 4141 3508 4197 ego
3537 4124 3779 4197 sapientis

2203 4221 2354 4277 dicar
2382 4221 2565 4288 Jcsns,
2599 4229 2658 4276 ut
2697 4221 3009 4278 intellectus
3053 4230 3109 4275 ct
3139 4219 3430 4275 consilium
3462 4231 3707 4291 magnum
3738 4226 3785 4271 et

2204 4312 2484 4380 fortitudo,
2503 4324 2558 4369 et
2571 4313 2798 4369 scientia
2809 4354 2824 4379 ,
2839 4322 2896 4369 et
2911 4312 3080 4383 pietas
3093 4320 3149 4368 et
3160 4311 3322 4367 timor
3336 4310 3434 4367 Dei
3460 4311 3782 4366 nominentur

2204 4409 2387 4474 Jesns,
2407 4407 2662 4464 ntomnia
2687 4408 2738 4464 in
2767 4407 3018 4463 omnibus
3040 4421 3237 4462 nomen
3268 4413 3419 4460 tuum
3440 4403 3556 4458 flat.
3598 4402 3782 4458 Nomen

2207 4509 2360 4556 tuum
2399 4500 2682 4556 invocetur
2711 4515 2874 4571 super
2900 4513 3021 4566 nos,
3060 4497 3213 4554 aufer
3239 4496 3594 4569 opprobrium
3622 4504 3647 4532 λ
3677 4507 3783 4548 nos—

496 4605 599 4659 hoc
629 4601 810 4673 magni
833 4599 1047 4656 consilii
1077 4609 1164 4654 εει
1185 4595 1415 4668 angelus
1443 4613 1455 4649 :
1482 4605 1704 4665 propter
1727 4593 1831 4650 hoc
1856 4594 2104 4661 invaluit,
2131 4601 2187 4662 1)
2214 4604 2377 4650 trum.
2402 4594 2608 4650 Revera
2636 4591 3226 4664 abstulitopprobrium
3247 4589 3429 4646 Jesus.
3461 4589 3665 4646 idcirco
3681 4601 3783 4641 sur-

493 4710 548 4755 ct
592 4696 938 4754 invalescens
973 4691 1260 4758 ascendit,
1303 4699 1357 4746 et
1389 4689 1662 4744 mirantur
1701 4703 1827 4745 eum
1871 4689 2101 4743 virtutes

498 4791 920 4856 ascendentem,
972 4797 1028 4846 et
1079 4787 1270 4843 dicunt
1299 4786 1368 4841 de
1401 4801 1465 4840 eo
1507 4803 1518 4839 :
1562 4784 1664 4840 Iste
1707 4793 1792 4839 est.
1841 4783 2102 4838 Dominus

497 4887 654 4942 fortis
675 4895 730 4941 et
753 4895 948 4955 potens
978 4884 1029 4937 in
1065 4881 1278 4953 prazlio.
1313 4879 1506 4934 Adhuc
1534 4893 1666 4950 ergo
1697 4877 1874 4933 dicam
1906 4877 1958 4932 in
1991 4891 2103 4932 caa-

497 4982 656 5036 lestia
707 4979 1133 5040 ascendentem,
1185 4975 1274 5033 vel
1317 4974 1385 5030 ad
1434 4971 1805 5029 fortitudinem
1833 4970 1998 5042 ejus:
2034 4969 2100 5024 Et

497 5074 740 5144 requievit
766 5087 922 5140 super
978 5086 1095 5123 eum
1139 5068 1358 5138 spiritus
1412 5065 1618 5121 consilii
1658 5075 1708 5119 et
1755 5063 2096 5135 fortitudinis.

498 5163 782 5220 Fortitudo
815 5176 940 5217 mea
967 5201 981 5226 ,
1014 5170 1062 5214 et
1098 5160 1217 5214 laus
1246 5173 1368 5215 mea
1398 5158 1700 5224 Dominus,
1733 5165 1787 5212 ct
1812 5155 1987 5210 factus
2017 5165 2103 5210 est

501 5257 636 5314 mihi
666 5257 720 5312 in
751 5253 1006 5311 salutem.
1035 5251 1328 5322 Requievit
1364 5265 1496 5321 ergo
1536 5265 1700 5320 super
1727 5264 1852 5304 eum
1878 5247 2102 5318 spiritus

498 5351 630 5418 Dei,
663 5349 892 5420 spiritus
930 5346 1216 5420 sapientiae
1250 5353 1306 5401 et
1330 5343 1640 5400 intellectus
1661 5384 1677 5407 ,
1718 5341 1942 5412 Spiritus
1966 5356 2100 5396 con-

498 5444 606 5498 silii
628 5453 684 5500 et
712 5441 1079 5508 fortitudinis,
1114 5437 1341 5510 spiritus
1372 5435 1658 5507 sapientiae
1681 5443 1738 5490 et
1763 5433 2012 5505 pietatis,
2045 5440 2102 5487 ct

501 5535 746 5606 implevit
762 5549 889 5590 eum
911 5533 1139 5604 spiritus
1164 5529 1376 5587 timoris
1401 5527 1639 5584 Domini.

569 5628 658 5684 lll.
688 5628 943 5685 Mulieres
974 5627 1136 5698 igitur
1164 5633 1473 5697 quaerentes
1490 5636 1652 5694 quem
1676 5629 1980 5688 assumant,
1999 5632 2095 5689 ap-

565 5836 586 5862 “
631 5824 747 5883 Non
771 5822 980 5879 addunt
1015 5823 1295 5880 Benedict.
1332 5829 1586 5877 nostrum.

2201 4697 2392 4760 gentes
2435 4701 2654 4742 oremus
2692 4687 2883 4752 Deum,
2915 4685 3006 4756 qui
3037 4685 3180 4739 hunc
3211 4683 3360 4738 misit
3400 4682 3692 4744 hominem,
3730 4683 3781 4730 ut

2203 4789 2408 4851 septem
2425 4777 2714 4833 mulierum
2743 4776 3034 4848 Spiritusin
3065 4790 3131 4831 eo
3157 4773 3546 4846 requiesceret,
3570 4781 3630 4828 ut
3651 4767 3784 4826 nobis

2202 4874 2305 4930 iste
2350 4874 2513 4928 homo
2544 4869 3196 4928 tribuatcommunionem
3239 4868 3431 4922 harum
3476 4867 3782 4922 mulierum:

2204 4975 2260 5021 nt
2301 4975 2640 5021 assutnentes
2665 4980 2758 5021 eas
2791 4965 2981 5019 fiamus
3010 4963 3317 5033 sapientes.
3357 4960 3714 5031 intelligente;
3735 4954 3784 5008 in

2203 5061 2315 5117 Deo
2353 5071 2408 5118 et
2457 5059 2801 5125 hominibus,
2854 5058 3144 5114 virtutibus
3189 5055 3525 5112 adornantes
3564 5054 3780 5109 animam

2203 5165 2448 5210 nostram
2479 5154 2533 5209 in
2555 5153 2774 5208 Christo
2803 5151 2957 5220 Jesu,
2989 5151 3073 5205 cui
3101 5159 3188 5206 est
3233 5147 3407 5219 gloria
3428 5159 3484 5204 et
3514 5144 3777 5218 imperium

2201 5245 2255 5301 in
2287 5244 2486 5302 smcula
2514 5243 2859 5301 saeculorum.
2940 5242 3137 5298 Amen.

2687 5333 2974 5391 IIOMILIA
3012 5331 3322 5402 QUARTA.

2440 5429 2521 5484 De
2547 5428 2738 5484 visione
2762 5427 2863 5482 Dei
2892 5436 2939 5482 et
2977 5425 3277 5498 Seraphim.
3309 5421 3443 5495 Cap.
3471 5421 3560 5478 Vl.

2283 5522 2494 5597 1115
2540 5521 2582 5577 l.
2649 5519 2989 5592 lmpossibile
3035 5527 3120 5575 est
3164 5517 3414 5574 invenire
3468 5511 3775 5587 principium

2205 5617 2324 5675 Dei.
2343 5614 2678 5686 Principium
2707 5621 2859 5670 ortus
2892 5612 2988 5668 Dei
3039 5625 3302 5682 nusquam
3353 5604 3774 5680 comprehendis.
