  <div class='ocr_page' id='page_1' title='image "/cluster/home/n/w/nwhite01/storage/ocr_20150623/24/uva.x000826571/464.png"; bbox 0 0 3972 6358; ppageno 0'>
   <div class='ocr_carea' id='block_1_1' title="bbox 194 348 300 406">
    <p class='ocr_par' dir='ltr' id='par_1_1' title="bbox 194 348 300 406">
     <span class='ocr_line' id='line_1_1' title="bbox 194 348 300 406; baseline -0.009 0"><span class='ocrx_word' id='word_1_1' title='bbox 194 348 300 406; x_wconf 77' lang='grc'><strong>915</strong></span> 
     </span>
    </p>
   </div>
   <div class='ocr_carea' id='block_1_2' title="bbox 589 347 3011 414">
    <p class='ocr_par' dir='ltr' id='par_1_2' title="bbox 589 347 3011 414">
     <span class='ocr_line' id='line_1_2' title="bbox 589 347 3011 414; baseline 0.003 -9"><span class='ocrx_word' id='word_1_2' title='bbox 589 356 596 363; x_wconf 87' lang='grc'><strong>”</strong></span> <span class='ocrx_word' id='word_1_3' title='bbox 659 347 1100 407; x_wconf 79' lang='lat' dir='ltr'><strong>TRANSLATIO</strong></span> <span class='ocrx_word' id='word_1_4' title='bbox 1139 349 1572 409; x_wconf 81' lang='lat' dir='ltr'><strong>HOMILIARUM</strong></span> <span class='ocrx_word' id='word_1_5' title='bbox 1611 350 1935 409; x_wconf 73' lang='lat' dir='ltr'><strong>ORIGENIS</strong></span> <span class='ocrx_word' id='word_1_6' title='bbox 1976 352 2043 408; x_wconf 86' lang='lat' dir='ltr'><strong>IN</strong></span> <span class='ocrx_word' id='word_1_7' title='bbox 2085 351 2398 412; x_wconf 84' lang='lat' dir='ltr'><strong>VISIONES</strong></span> <span class='ocrx_word' id='word_1_8' title='bbox 2435 353 2664 413; x_wconf 67' lang='lat' dir='ltr'><strong>ISAIE.</strong></span> <span class='ocrx_word' id='word_1_9' title='bbox 2708 354 2877 412; x_wconf 84' lang='lat' dir='ltr'><strong>HOM.</strong></span> <span class='ocrx_word' id='word_1_10' title='bbox 2919 357 3011 414; x_wconf 83' lang='lat' dir='ltr'><strong>IV.</strong></span> 
     </span>
    </p>
   </div>
   <div class='ocr_carea' id='block_1_3' title="bbox 3393 362 3498 422">
    <p class='ocr_par' dir='ltr' id='par_1_3' title="bbox 3393 362 3498 422">
     <span class='ocr_line' id='line_1_3' title="bbox 3393 362 3498 422; baseline 0.048 -6"><span class='ocrx_word' id='word_1_11' title='bbox 3393 362 3498 422; x_wconf 77' lang='grc'><strong>914</strong></span> 
     </span>
    </p>
   </div>
   <div class='ocr_carea' id='block_1_4' title="bbox 197 463 3497 546">
    <p class='ocr_par' dir='ltr' id='par_1_4' title="bbox 197 463 3497 546">
     <span class='ocr_line' id='line_1_4' title="bbox 197 463 3497 546; baseline 0.005 -25"><span class='ocrx_word' id='word_1_12' title='bbox 197 463 314 522; x_wconf 84' lang='grc' dir='ltr'>Νοη</span> <span class='ocrx_word' id='word_1_13' title='bbox 345 464 468 521; x_wconf 89' lang='lat' dir='ltr'><strong>dico</strong></span> <span class='ocrx_word' id='word_1_14' title='bbox 525 475 613 532; x_wconf 91' lang='lat' dir='ltr'><strong>tu,</strong></span> <span class='ocrx_word' id='word_1_15' title='bbox 661 464 756 522; x_wconf 90' lang='lat' dir='ltr'><strong>sed</strong></span> <span class='ocrx_word' id='word_1_16' title='bbox 804 481 981 537; x_wconf 86' lang='lat' dir='ltr'><strong>neque</strong></span> <span class='ocrx_word' id='word_1_17' title='bbox 1007 466 1226 538; x_wconf 82' lang='lat' dir='ltr'><strong>aliquis,</strong></span> <span class='ocrx_word' id='word_1_18' title='bbox 1251 483 1429 539; x_wconf 90' lang='lat' dir='ltr'><strong>neque</strong></span> <span class='ocrx_word' id='word_1_19' title='bbox 1457 467 1603 523; x_wconf 86' lang='lat' dir='ltr'><strong>aliud</strong></span> <span class='ocrx_word' id='word_1_20' title='bbox 1644 467 1801 539; x_wconf 88' lang='lat' dir='ltr'><strong>quid-</strong></span> <span class='ocrx_word' id='word_1_21' title='bbox 1826 470 1883 532; x_wconf 77' lang='grc' dir='ltr'><strong>Α</strong></span> <span class='ocrx_word' id='word_1_22' title='bbox 1904 467 2098 524; x_wconf 89' lang='lat' dir='ltr'><strong>domus</strong></span> <span class='ocrx_word' id='word_1_23' title='bbox 2127 478 2243 524; x_wconf 90' lang='lat' dir='ltr'><strong>erat</strong></span> <span class='ocrx_word' id='word_1_24' title='bbox 2270 469 2468 540; x_wconf 78' lang='lat' dir='ltr'><strong>gloria,</strong></span> <span class='ocrx_word' id='word_1_25' title='bbox 2517 486 2661 526; x_wconf 90' lang='lat' dir='ltr'><strong>nunc</strong></span> <span class='ocrx_word' id='word_1_26' title='bbox 2682 485 2811 527; x_wconf 90' lang='lat' dir='ltr'><strong>vero</strong></span> <span class='ocrx_word' id='word_1_27' title='bbox 2847 470 2932 527; x_wconf 92' lang='lat' dir='ltr'><strong>his</strong></span> <span class='ocrx_word' id='word_1_28' title='bbox 2974 473 3065 544; x_wconf 89' lang='lat' dir='ltr'><strong>qui</strong></span> <span class='ocrx_word' id='word_1_29' title='bbox 3099 488 3265 546; x_wconf 85' lang='lat' dir='ltr'><strong>super</strong></span> <span class='ocrx_word' id='word_1_30' title='bbox 3295 486 3497 536; x_wconf 89' lang='lat' dir='ltr'><strong>terram</strong></span> 
     </span>
    </p>
   </div>
   <div class='ocr_carea' id='block_1_5' title="bbox 195 560 1798 632">
    <p class='ocr_par' dir='ltr' id='par_1_5' title="bbox 195 560 1798 632">
     <span class='ocr_line' id='line_1_5' title="bbox 195 560 1798 632; baseline 0.001 -19"><span class='ocrx_word' id='word_1_31' title='bbox 195 574 356 631; x_wconf 89' lang='lat' dir='ltr'><strong>quam</strong></span> <span class='ocrx_word' id='word_1_32' title='bbox 387 574 578 616; x_wconf 91' lang='lat' dir='ltr'><strong>eorum</strong></span> <span class='ocrx_word' id='word_1_33' title='bbox 611 577 728 630; x_wconf 77' lang='lat' dir='ltr'><strong>qua:</strong></span> <span class='ocrx_word' id='word_1_34' title='bbox 761 561 1084 617; x_wconf 89' lang='lat' dir='ltr'><strong>subsistunt.</strong></span> <span class='ocrx_word' id='word_1_35' title='bbox 1126 560 1287 617; x_wconf 90' lang='lat' dir='ltr'><strong>Solus</strong></span> <span class='ocrx_word' id='word_1_36' title='bbox 1311 560 1562 618; x_wconf 76' lang='lat' dir='ltr'><strong>Salvator</strong></span> <span class='ocrx_word' id='word_1_37' title='bbox 1590 569 1647 617; x_wconf 88' lang='lat' dir='ltr'><strong>et</strong></span> <span class='ocrx_word' id='word_1_38' title='bbox 1671 560 1798 632; x_wconf 91' lang='lat' dir='ltr'><strong>Spi-</strong></span> 
     </span>
    </p>
   </div>
   <div class='ocr_carea' id='block_1_6' title="bbox 197 652 1794 724">
    <p class='ocr_par' dir='ltr' id='par_1_6' title="bbox 197 652 1794 724">
     <span class='ocr_line' id='line_1_6' title="bbox 197 652 1794 724; baseline 0.001 -16"><span class='ocrx_word' id='word_1_39' title='bbox 197 653 338 708; x_wconf 89' lang='lat' dir='ltr'><strong>ritus</strong></span> <span class='ocrx_word' id='word_1_40' title='bbox 370 664 616 717; x_wconf 89' lang='lat' dir='ltr'><strong>sanctus,</strong></span> <span class='ocrx_word' id='word_1_41' title='bbox 648 654 741 724; x_wconf 92' lang='lat' dir='ltr'><strong>qui</strong></span> <span class='ocrx_word' id='word_1_42' title='bbox 781 668 1000 724; x_wconf 81' lang='lat' dir='ltr'><strong>semper</strong></span> <span class='ocrx_word' id='word_1_43' title='bbox 1042 655 1412 710; x_wconf 88' lang='lat' dir='ltr'><strong>fueruntcum</strong></span> <span class='ocrx_word' id='word_1_44' title='bbox 1445 653 1579 720; x_wconf 92' lang='lat' dir='ltr'><strong>Deo,</strong></span> <span class='ocrx_word' id='word_1_45' title='bbox 1607 652 1794 709; x_wconf 91' lang='lat' dir='ltr'><strong>vident</strong></span> 
     </span>
    </p>
   </div>
   <div class='ocr_carea' id='block_1_7' title="bbox 197 744 1796 818">
    <p class='ocr_par' dir='ltr' id='par_1_7' title="bbox 197 744 1796 818">
     <span class='ocr_line' id='line_1_7' title="bbox 197 744 1796 818; baseline 0 -16"><span class='ocrx_word' id='word_1_46' title='bbox 197 745 392 802; x_wconf 89' lang='lat' dir='ltr'><strong>faciem</strong></span> <span class='ocrx_word' id='word_1_47' title='bbox 421 746 538 818; x_wconf 86' lang='lat' dir='ltr'><strong>ejus</strong></span> <span class='ocrx_word' id='word_1_48' title='bbox 566 764 578 801; x_wconf 93' lang='lat'><strong>:</strong></span> <span class='ocrx_word' id='word_1_49' title='bbox 607 756 661 803; x_wconf 90' lang='lat' dir='ltr'><strong>et</strong></span> <span class='ocrx_word' id='word_1_50' title='bbox 683 745 820 802; x_wconf 90' lang='lat' dir='ltr'><strong>forte</strong></span> <span class='ocrx_word' id='word_1_51' title='bbox 843 746 1032 817; x_wconf 81' lang='lat' dir='ltr'><strong>Angeli</strong></span> <span class='ocrx_word' id='word_1_52' title='bbox 1057 748 1148 818; x_wconf 88' lang='lat' dir='ltr'><strong>qui</strong></span> <span class='ocrx_word' id='word_1_53' title='bbox 1169 747 1570 818; x_wconf 88' lang='lat' dir='ltr'><strong>videntjugiler</strong></span> <span class='ocrx_word' id='word_1_54' title='bbox 1601 744 1796 802; x_wconf 79' lang='lat' dir='ltr'><strong>faciem</strong></span> 
     </span>
    </p>
   </div>
   <div class='ocr_carea' id='block_1_8' title="bbox 199 837 1801 909">
    <p class='ocr_par' dir='ltr' id='par_1_8' title="bbox 199 837 1801 909">
     <span class='ocr_line' id='line_1_8' title="bbox 199 837 1801 909; baseline -0.001 -14"><span class='ocrx_word' id='word_1_55' title='bbox 199 838 379 895; x_wconf 90' lang='lat' dir='ltr'><strong>Patris</strong></span> <span class='ocrx_word' id='word_1_56' title='bbox 405 837 500 909; x_wconf 88' lang='lat' dir='ltr'><strong>qui</strong></span> <span class='ocrx_word' id='word_1_57' title='bbox 533 847 619 894; x_wconf 88' lang='lat' dir='ltr'><strong>est</strong></span> <span class='ocrx_word' id='word_1_58' title='bbox 655 837 708 894; x_wconf 89' lang='lat' dir='ltr'><strong>in</strong></span> <span class='ocrx_word' id='word_1_59' title='bbox 739 838 916 906; x_wconf 75' lang='lat' dir='ltr'><strong>caelis,</strong></span> <span class='ocrx_word' id='word_1_60' title='bbox 948 838 1134 894; x_wconf 90' lang='lat' dir='ltr'><strong>vident</strong></span> <span class='ocrx_word' id='word_1_61' title='bbox 1161 850 1218 895; x_wconf 88' lang='lat' dir='ltr'><strong>et</strong></span> <span class='ocrx_word' id='word_1_62' title='bbox 1243 838 1513 909; x_wconf 86' lang='lat' dir='ltr'><strong>principia</strong></span> <span class='ocrx_word' id='word_1_63' title='bbox 1552 839 1801 909; x_wconf 89' lang='lat' dir='ltr'><strong>negotio-</strong></span> 
     </span>
    </p>
   </div>
   <div class='ocr_carea' id='block_1_9' title="bbox 199 930 1802 1003">
    <p class='ocr_par' dir='ltr' id='par_1_9' title="bbox 199 930 1802 1003">
     <span class='ocr_line' id='line_1_9' title="bbox 199 930 1802 1003; baseline -0.003 -12"><span class='ocrx_word' id='word_1_64' title='bbox 199 949 344 991; x_wconf 91' lang='lat' dir='ltr'><strong>rum.</strong></span> <span class='ocrx_word' id='word_1_65' title='bbox 373 933 466 989; x_wconf 88' lang='lat' dir='ltr'><strong>Sic</strong></span> <span class='ocrx_word' id='word_1_66' title='bbox 487 942 668 989; x_wconf 87' lang='lat' dir='ltr'><strong>autem</strong></span> <span class='ocrx_word' id='word_1_67' title='bbox 693 942 747 990; x_wconf 91' lang='lat' dir='ltr'><strong>et</strong></span> <span class='ocrx_word' id='word_1_68' title='bbox 785 933 953 1003; x_wconf 86' lang='lat' dir='ltr'><strong>pedes</strong></span> <span class='ocrx_word' id='word_1_69' title='bbox 996 933 1338 988; x_wconf 89' lang='lat' dir='ltr'><strong>abscondunt</strong></span> <span class='ocrx_word' id='word_1_70' title='bbox 1382 942 1509 988; x_wconf 86' lang='lat' dir='ltr'><strong>ante</strong></span> <span class='ocrx_word' id='word_1_71' title='bbox 1552 930 1802 986; x_wconf 82' lang='lat' dir='ltr'><strong>homines</strong></span> 
     </span>
    </p>
   </div>
   <div class='ocr_carea' id='block_1_10' title="bbox 198 1024 1803 1098">
    <p class='ocr_par' dir='ltr' id='par_1_10' title="bbox 198 1024 1803 1098">
     <span class='ocr_line' id='line_1_10' title="bbox 198 1024 1803 1098; baseline -0.002 -15"><span class='ocrx_word' id='word_1_72' title='bbox 198 1025 511 1098; x_wconf 89' lang='lat' dir='ltr'><strong>Seraphim.</strong></span> <span class='ocrx_word' id='word_1_73' title='bbox 545 1024 854 1082; x_wconf 82' lang='lat' dir='ltr'><strong>Novissima</strong></span> <span class='ocrx_word' id='word_1_74' title='bbox 877 1026 1023 1082; x_wconf 91' lang='lat' dir='ltr'><strong>enim</strong></span> <span class='ocrx_word' id='word_1_75' title='bbox 1045 1035 1105 1080; x_wconf 88' lang='lat' dir='ltr'><strong>ut</strong></span> <span class='ocrx_word' id='word_1_76' title='bbox 1129 1035 1275 1092; x_wconf 86' lang='lat' dir='ltr'><strong>sunt,</strong></span> <span class='ocrx_word' id='word_1_77' title='bbox 1311 1041 1417 1082; x_wconf 91' lang='lat' dir='ltr'><strong>non</strong></span> <span class='ocrx_word' id='word_1_78' title='bbox 1437 1026 1618 1081; x_wconf 88' lang='lat' dir='ltr'><strong>valent</strong></span> <span class='ocrx_word' id='word_1_79' title='bbox 1643 1039 1803 1081; x_wconf 88' lang='lat' dir='ltr'><strong>enar-</strong></span> 
     </span>
    </p>
   </div>
   <div class='ocr_carea' id='block_1_11' title="bbox 199 1117 1802 1189">
    <p class='ocr_par' dir='ltr' id='par_1_11' title="bbox 199 1117 1802 1189">
     <span class='ocr_line' id='line_1_11' title="bbox 199 1117 1802 1189; baseline -0.001 -16"><span class='ocrx_word' id='word_1_80' title='bbox 199 1119 330 1174; x_wconf 86' lang='lat' dir='ltr'><strong>rari.</strong></span> <span class='ocrx_word' id='word_1_81' title='bbox 366 1119 500 1186; x_wconf 84' lang='lat' dir='ltr'><strong>Quis</strong></span> <span class='ocrx_word' id='word_1_82' title='bbox 549 1118 896 1173; x_wconf 87' lang='lat' dir='ltr'><strong>annuntiabit</strong></span> <span class='ocrx_word' id='word_1_83' title='bbox 935 1117 1003 1173; x_wconf 89' lang='lat' dir='ltr'><strong>de</strong></span> <span class='ocrx_word' id='word_1_84' title='bbox 1032 1118 1384 1173; x_wconf 85' lang='lat' dir='ltr'><strong>novissimis?</strong></span> <span class='ocrx_word' id='word_1_85' title='bbox 1409 1119 1490 1174; x_wconf 85' lang='lat' dir='ltr'><strong>ait</strong></span> <span class='ocrx_word' id='word_1_86' title='bbox 1519 1117 1802 1189; x_wconf 84' lang='lat' dir='ltr'><strong>Scriptura</strong></span> 
     </span>
    </p>
   </div>
   <div class='ocr_carea' id='block_1_12' title="bbox 201 1209 1804 1284">
    <p class='ocr_par' dir='ltr' id='par_1_12' title="bbox 201 1209 1804 1284">
     <span class='ocr_line' id='line_1_12' title="bbox 201 1209 1804 1284; baseline 0.002 -20"><span class='ocrx_word' id='word_1_87' title='bbox 201 1209 361 1284; x_wconf 84' lang='lat' dir='ltr'><strong>(Isai.</strong></span> <span class='ocrx_word' id='word_1_88' title='bbox 384 1211 519 1284; x_wconf 83' lang='lat' dir='ltr'><strong>xu).</strong></span> <span class='ocrx_word' id='word_1_89' title='bbox 551 1211 684 1282; x_wconf 71' lang='lat' dir='ltr'><strong>Qua:</strong></span> <span class='ocrx_word' id='word_1_90' title='bbox 704 1213 951 1270; x_wconf 87' lang='lat' dir='ltr'><strong>videmus</strong></span> <span class='ocrx_word' id='word_1_91' title='bbox 981 1213 1066 1283; x_wconf 91' lang='lat' dir='ltr'><strong>(ut</strong></span> <span class='ocrx_word' id='word_1_92' title='bbox 1091 1223 1269 1269; x_wconf 88' lang='lat' dir='ltr'><strong>tamen</strong></span> <span class='ocrx_word' id='word_1_93' title='bbox 1291 1213 1648 1281; x_wconf 88' lang='lat' dir='ltr'><strong>concedatur,</strong></span> <span class='ocrx_word' id='word_1_94' title='bbox 1677 1213 1804 1284; x_wconf 89' lang='lat' dir='ltr'><strong>quia</strong></span> 
     </span>
    </p>
   </div>
   <div class='ocr_carea' id='block_1_13' title="bbox 199 1305 1808 1379">
    <p class='ocr_par' dir='ltr' id='par_1_13' title="bbox 199 1305 1808 1379">
     <span class='ocr_line' id='line_1_13' title="bbox 199 1305 1808 1379; baseline 0.001 -18"><span class='ocrx_word' id='word_1_95' title='bbox 199 1306 384 1377; x_wconf 87' lang='lat' dir='ltr'><strong>aliqua</strong></span> <span class='ocrx_word' id='word_1_96' title='bbox 405 1305 675 1379; x_wconf 86' lang='lat' dir='ltr'><strong>videmus)</strong></span> <span class='ocrx_word' id='word_1_97' title='bbox 702 1307 879 1362; x_wconf 91' lang='lat' dir='ltr'><strong>media</strong></span> <span class='ocrx_word' id='word_1_98' title='bbox 907 1317 1034 1362; x_wconf 89' lang='lat' dir='ltr'><strong>sunt</strong></span> <span class='ocrx_word' id='word_1_99' title='bbox 1067 1324 1079 1361; x_wconf 94' lang='lat'><strong>:</strong></span> <span class='ocrx_word' id='word_1_100' title='bbox 1110 1323 1230 1378; x_wconf 71' lang='lat' dir='ltr'><strong>quae</strong></span> <span class='ocrx_word' id='word_1_101' title='bbox 1263 1317 1388 1363; x_wconf 87' lang='lat' dir='ltr'><strong>ante</strong></span> <span class='ocrx_word' id='word_1_102' title='bbox 1417 1307 1676 1363; x_wconf 89' lang='lat' dir='ltr'><strong>mundum</strong></span> <span class='ocrx_word' id='word_1_103' title='bbox 1699 1309 1808 1365; x_wconf 87' lang='lat' dir='ltr'><strong>fue-</strong></span> 
     </span>
    </p>
   </div>
   <div class='ocr_carea' id='block_1_14' title="bbox 203 1400 1808 1474">
    <p class='ocr_par' dir='ltr' id='par_1_14' title="bbox 203 1400 1808 1474">
     <span class='ocr_line' id='line_1_14' title="bbox 203 1400 1808 1474; baseline 0.002 -19"><span class='ocrx_word' id='word_1_104' title='bbox 203 1401 339 1469; x_wconf 86' lang='lat' dir='ltr'><strong>rint,</strong></span> <span class='ocrx_word' id='word_1_105' title='bbox 367 1401 704 1472; x_wconf 78' lang='lat' dir='ltr'><strong>ignoramus.</strong></span> <span class='ocrx_word' id='word_1_106' title='bbox 737 1400 983 1457; x_wconf 86' lang='lat' dir='ltr'><strong>Fuerunt</strong></span> <span class='ocrx_word' id='word_1_107' title='bbox 1013 1416 1178 1474; x_wconf 84' lang='lat' dir='ltr'><strong>porro</strong></span> <span class='ocrx_word' id='word_1_108' title='bbox 1205 1402 1451 1473; x_wconf 61' lang='lat' dir='ltr'><strong>quaedam</strong></span> <span class='ocrx_word' id='word_1_109' title='bbox 1483 1411 1608 1458; x_wconf 89' lang='lat' dir='ltr'><strong>ante</strong></span> <span class='ocrx_word' id='word_1_110' title='bbox 1651 1418 1808 1458; x_wconf 86' lang='lat' dir='ltr'><strong>mun-</strong></span> 
     </span>
    </p>
   </div>
   <div class='ocr_carea' id='block_1_15' title="bbox 201 1493 1806 1565">
    <p class='ocr_par' dir='ltr' id='par_1_15' title="bbox 201 1493 1806 1565">
     <span class='ocr_line' id='line_1_15' title="bbox 201 1493 1806 1565; baseline 0.002 -16"><span class='ocrx_word' id='word_1_111' title='bbox 201 1493 357 1549; x_wconf 91' lang='lat' dir='ltr'><strong>dum.</strong></span> <span class='ocrx_word' id='word_1_112' title='bbox 392 1493 523 1563; x_wconf 61' lang='lat' dir='ltr'><strong>Quae</strong></span> <span class='ocrx_word' id='word_1_113' title='bbox 555 1505 679 1565; x_wconf 87' lang='lat' dir='ltr'><strong>post</strong></span> <span class='ocrx_word' id='word_1_114' title='bbox 724 1495 982 1550; x_wconf 89' lang='lat' dir='ltr'><strong>mundum</strong></span> <span class='ocrx_word' id='word_1_115' title='bbox 1031 1506 1284 1552; x_wconf 88' lang='lat' dir='ltr'><strong>secutura</strong></span> <span class='ocrx_word' id='word_1_116' title='bbox 1333 1495 1462 1563; x_wconf 90' lang='lat' dir='ltr'><strong>sint,</strong></span> <span class='ocrx_word' id='word_1_117' title='bbox 1494 1495 1562 1552; x_wconf 92' lang='lat' dir='ltr'><strong>ad</strong></span> <span class='ocrx_word' id='word_1_118' title='bbox 1594 1507 1806 1553; x_wconf 89' lang='lat' dir='ltr'><strong>certum</strong></span> 
     </span>
    </p>
   </div>
   <div class='ocr_carea' id='block_1_16' title="bbox 200 1589 1806 1662">
    <p class='ocr_par' dir='ltr' id='par_1_16' title="bbox 200 1589 1806 1662">
     <span class='ocr_line' id='line_1_16' title="bbox 200 1589 1806 1662; baseline -0.002 -15"><span class='ocrx_word' id='word_1_119' title='bbox 200 1605 314 1647; x_wconf 91' lang='lat' dir='ltr'><strong>non</strong></span> <span class='ocrx_word' id='word_1_120' title='bbox 341 1589 822 1660; x_wconf 89' lang='lat' dir='ltr'><strong>apprehendimus.</strong></span> <span class='ocrx_word' id='word_1_121' title='bbox 850 1590 1026 1646; x_wconf 84' lang='lat' dir='ltr'><strong>Erunt</strong></span> <span class='ocrx_word' id='word_1_122' title='bbox 1045 1599 1228 1646; x_wconf 88' lang='lat' dir='ltr'><strong>autem</strong></span> <span class='ocrx_word' id='word_1_123' title='bbox 1252 1590 1357 1645; x_wconf 91' lang='lat' dir='ltr'><strong>alia</strong></span> <span class='ocrx_word' id='word_1_124' title='bbox 1379 1599 1500 1662; x_wconf 89' lang='lat' dir='ltr'><strong>post</strong></span> <span class='ocrx_word' id='word_1_125' title='bbox 1521 1589 1806 1646; x_wconf 91' lang='lat' dir='ltr'><strong>mundum.</strong></span> 
     </span>
    </p>
   </div>
   <div class='ocr_carea' id='block_1_17' title="bbox 203 1680 1808 1757">
    <p class='ocr_par' dir='ltr' id='par_1_17' title="bbox 203 1680 1808 1757">
     <span class='ocr_line' id='line_1_17' title="bbox 203 1680 1808 1757; baseline 0.001 -20"><span class='ocrx_word' id='word_1_126' title='bbox 203 1683 279 1738; x_wconf 87' lang='lat' dir='ltr'><strong>Ea</strong></span> <span class='ocrx_word' id='word_1_127' title='bbox 316 1681 482 1753; x_wconf 78' lang='lat' dir='ltr'><strong>igitur</strong></span> <span class='ocrx_word' id='word_1_128' title='bbox 510 1697 629 1754; x_wconf 63' lang='lat' dir='ltr'><strong>qua:</strong></span> <span class='ocrx_word' id='word_1_129' title='bbox 659 1681 862 1754; x_wconf 88' lang='lat' dir='ltr'><strong>scripta</strong></span> <span class='ocrx_word' id='word_1_130' title='bbox 907 1690 1034 1738; x_wconf 88' lang='lat' dir='ltr'><strong>sunt</strong></span> <span class='ocrx_word' id='word_1_131' title='bbox 1067 1701 1080 1737; x_wconf 91' lang='lat'><strong>:</strong></span> <span class='ocrx_word' id='word_1_132' title='bbox 1123 1680 1191 1736; x_wconf 83' lang='lat' dir='ltr'><strong>In</strong></span> <span class='ocrx_word' id='word_1_133' title='bbox 1222 1684 1481 1757; x_wconf 83' lang='lat' dir='ltr'><strong>principio</strong></span> <span class='ocrx_word' id='word_1_134' title='bbox 1515 1685 1634 1756; x_wconf 81' lang='lat' dir='ltr'><strong>fecit</strong></span> <span class='ocrx_word' id='word_1_135' title='bbox 1667 1682 1808 1738; x_wconf 86' lang='lat' dir='ltr'><strong>Deus</strong></span> 
     </span>
    </p>
   </div>
   <div class='ocr_carea' id='block_1_18' title="bbox 201 1775 1812 1848">
    <p class='ocr_par' dir='ltr' id='par_1_18' title="bbox 201 1775 1812 1848">
     <span class='ocr_line' id='line_1_18' title="bbox 201 1775 1812 1848; baseline -0.001 -15"><span class='ocrx_word' id='word_1_136' title='bbox 201 1778 393 1833; x_wconf 75' lang='lat' dir='ltr'><strong>emtum</strong></span> <span class='ocrx_word' id='word_1_137' title='bbox 413 1785 460 1832; x_wconf 87' lang='lat' dir='ltr'><strong>et</strong></span> <span class='ocrx_word' id='word_1_138' title='bbox 488 1785 697 1841; x_wconf 86' lang='lat' dir='ltr'><strong>terram,</strong></span> <span class='ocrx_word' id='word_1_139' title='bbox 740 1786 878 1830; x_wconf 84' lang='lat' dir='ltr'><strong>terra</strong></span> <span class='ocrx_word' id='word_1_140' title='bbox 917 1785 1089 1831; x_wconf 86' lang='lat' dir='ltr'><strong>autent</strong></span> <span class='ocrx_word' id='word_1_141' title='bbox 1109 1785 1217 1830; x_wconf 85' lang='lat' dir='ltr'><strong>erat</strong></span> <span class='ocrx_word' id='word_1_142' title='bbox 1242 1775 1515 1831; x_wconf 83' lang='lat' dir='ltr'><strong>invisibilis</strong></span> <span class='ocrx_word' id='word_1_143' title='bbox 1544 1777 1812 1848; x_wconf 87' lang='lat' dir='ltr'><strong>incompo-</strong></span> 
     </span>
    </p>
   </div>
   <div class='ocr_carea' id='block_1_19' title="bbox 1900 560 3494 641">
    <p class='ocr_par' dir='ltr' id='par_1_19' title="bbox 1900 560 3494 641">
     <span class='ocr_line' id='line_1_19' title="bbox 1900 560 3494 641; baseline 0.008 -26"><span class='ocrx_word' id='word_1_144' title='bbox 1900 572 2047 631; x_wconf 89' lang='lat' dir='ltr'><strong>sunt,</strong></span> <span class='ocrx_word' id='word_1_145' title='bbox 2079 576 2108 614; x_wconf 91' lang='lat' dir='ltr'><strong>a</strong></span> <span class='ocrx_word' id='word_1_146' title='bbox 2140 560 2425 632; x_wconf 89' lang='lat' dir='ltr'><strong>Seraphim</strong></span> <span class='ocrx_word' id='word_1_147' title='bbox 2471 563 2846 634; x_wconf 90' lang='lat' dir='ltr'><strong>prophetatur,</strong></span> <span class='ocrx_word' id='word_1_148' title='bbox 2879 567 3002 636; x_wconf 89' lang='lat' dir='ltr'><strong>quia</strong></span> <span class='ocrx_word' id='word_1_149' title='bbox 3032 565 3269 623; x_wconf 87' lang='lat' dir='ltr'><strong>futurum</strong></span> <span class='ocrx_word' id='word_1_150' title='bbox 3302 571 3398 641; x_wconf 89' lang='lat' dir='ltr'><strong>sit,</strong></span> <span class='ocrx_word' id='word_1_151' title='bbox 3435 582 3494 627; x_wconf 89' lang='lat' dir='ltr'><strong>ut</strong></span> 
     </span>
    </p>
   </div>
   <div class='ocr_carea' id='block_1_20' title="bbox 1901 656 3490 732">
    <p class='ocr_par' dir='ltr' id='par_1_20' title="bbox 1901 656 3490 732">
     <span class='ocr_line' id='line_1_20' title="bbox 1901 656 3490 732; baseline 0.006 -22"><span class='ocrx_word' id='word_1_152' title='bbox 1901 656 2212 711; x_wconf 86' lang='lat' dir='ltr'><strong>universam</strong></span> <span class='ocrx_word' id='word_1_153' title='bbox 2249 665 2446 712; x_wconf 91' lang='lat' dir='ltr'><strong>terram</strong></span> <span class='ocrx_word' id='word_1_154' title='bbox 2475 657 2647 728; x_wconf 82' lang='lat' dir='ltr'><strong>gloria</strong></span> <span class='ocrx_word' id='word_1_155' title='bbox 2692 657 2788 714; x_wconf 88' lang='lat' dir='ltr'><strong>Dei</strong></span> <span class='ocrx_word' id='word_1_156' title='bbox 2819 660 2926 716; x_wconf 89' lang='lat' dir='ltr'><strong>mei</strong></span> <span class='ocrx_word' id='word_1_157' title='bbox 2956 660 3211 716; x_wconf 88' lang='lat' dir='ltr'><strong>Christus</strong></span> <span class='ocrx_word' id='word_1_158' title='bbox 3244 664 3490 732; x_wconf 82' lang='lat' dir='ltr'><strong>impleat.</strong></span> 
     </span>
    </p>
   </div>
   <div class='ocr_carea' id='block_1_21' title="bbox 1903 747 3494 825">
    <p class='ocr_par' dir='ltr' id='par_1_21' title="bbox 1903 747 3494 825">
     <span class='ocr_line' id='line_1_21' title="bbox 1903 747 3494 825; baseline 0.007 -23"><span class='ocrx_word' id='word_1_159' title='bbox 1903 747 1958 802; x_wconf 89' lang='lat' dir='ltr'><strong>In</strong></span> <span class='ocrx_word' id='word_1_160' title='bbox 1994 749 2244 803; x_wconf 88' lang='lat' dir='ltr'><strong>omnibus</strong></span> <span class='ocrx_word' id='word_1_161' title='bbox 2263 749 2462 820; x_wconf 87' lang='lat' dir='ltr'><strong>quippe</strong></span> <span class='ocrx_word' id='word_1_162' title='bbox 2489 750 2579 820; x_wconf 91' lang='lat' dir='ltr'><strong>qui</strong></span> <span class='ocrx_word' id='word_1_163' title='bbox 2611 753 3029 808; x_wconf 89' lang='lat' dir='ltr'><strong>conversatione</strong></span> <span class='ocrx_word' id='word_1_164' title='bbox 3055 767 3153 809; x_wconf 87' lang='lat' dir='ltr'><strong>sua</strong></span> <span class='ocrx_word' id='word_1_165' title='bbox 3183 754 3494 825; x_wconf 77' lang='lat' dir='ltr'><strong>glorificent</strong></span> 
     </span>
    </p>
   </div>
   <div class='ocr_carea' id='block_1_22' title="bbox 1906 840 3497 920">
    <p class='ocr_par' dir='ltr' id='par_1_22' title="bbox 1906 840 3497 920">
     <span class='ocr_line' id='line_1_22' title="bbox 1906 840 3497 920; baseline 0.005 -25"><span class='ocrx_word' id='word_1_166' title='bbox 1906 840 2098 910; x_wconf 84' lang='lat' dir='ltr'><strong>Deum,</strong></span> <span class='ocrx_word' id='word_1_167' title='bbox 2130 843 2302 912; x_wconf 88' lang='lat' dir='ltr'><strong>gloria</strong></span> <span class='ocrx_word' id='word_1_168' title='bbox 2333 843 2426 899; x_wconf 86' lang='lat' dir='ltr'><strong>Dei</strong></span> <span class='ocrx_word' id='word_1_169' title='bbox 2455 854 2559 913; x_wconf 90' lang='lat' dir='ltr'><strong>est,</strong></span> <span class='ocrx_word' id='word_1_170' title='bbox 2583 852 2748 915; x_wconf 89' lang='lat' dir='ltr'><strong>atque</strong></span> <span class='ocrx_word' id='word_1_171' title='bbox 2772 847 2842 901; x_wconf 89' lang='lat' dir='ltr'><strong>ita</strong></span> <span class='ocrx_word' id='word_1_172' title='bbox 2873 846 3126 902; x_wconf 89' lang='lat' dir='ltr'><strong>universa</strong></span> <span class='ocrx_word' id='word_1_173' title='bbox 3160 854 3303 905; x_wconf 83' lang='lat' dir='ltr'><strong>terra</strong></span> <span class='ocrx_word' id='word_1_174' title='bbox 3336 849 3497 920; x_wconf 89' lang='lat' dir='ltr'><strong>plena</strong></span> 
     </span>
    </p>
   </div>
   <div class='ocr_carea' id='block_1_23' title="bbox 1905 933 3499 1011">
    <p class='ocr_par' dir='ltr' id='par_1_23' title="bbox 1905 933 3499 1011">
     <span class='ocr_line' id='line_1_23' title="bbox 1905 933 3499 1011; baseline 0.005 -23"><span class='ocrx_word' id='word_1_175' title='bbox 1905 943 1985 988; x_wconf 87' lang='lat' dir='ltr'><strong>est</strong></span> <span class='ocrx_word' id='word_1_176' title='bbox 2012 933 2185 1004; x_wconf 84' lang='lat' dir='ltr'><strong>gloria</strong></span> <span class='ocrx_word' id='word_1_177' title='bbox 2208 934 2327 990; x_wconf 88' lang='lat' dir='ltr'><strong>Dei.</strong></span> <span class='ocrx_word' id='word_1_178' title='bbox 2357 936 2502 990; x_wconf 84' lang='lat' dir='ltr'><strong>Olim</strong></span> <span class='ocrx_word' id='word_1_179' title='bbox 2529 951 2637 991; x_wconf 92' lang='lat' dir='ltr'><strong>non</strong></span> <span class='ocrx_word' id='word_1_180' title='bbox 2670 937 2848 993; x_wconf 92' lang='lat' dir='ltr'><strong>omnis</strong></span> <span class='ocrx_word' id='word_1_181' title='bbox 2871 950 3016 994; x_wconf 89' lang='lat' dir='ltr'><strong>terra</strong></span> <span class='ocrx_word' id='word_1_182' title='bbox 3047 939 3209 1010; x_wconf 88' lang='lat' dir='ltr'><strong>plena</strong></span> <span class='ocrx_word' id='word_1_183' title='bbox 3232 950 3351 997; x_wconf 89' lang='lat' dir='ltr'><strong>erat</strong></span> <span class='ocrx_word' id='word_1_184' title='bbox 3379 941 3499 1011; x_wconf 88' lang='lat' dir='ltr'><strong>glo-</strong></span> 
     </span>
    </p>
   </div>
   <div class='ocr_carea' id='block_1_24' title="bbox 1905 1027 3498 1104">
    <p class='ocr_par' dir='ltr' id='par_1_24' title="bbox 1905 1027 3498 1104">
     <span class='ocr_line' id='line_1_24' title="bbox 1905 1027 3498 1104; baseline 0.006 -22"><span class='ocrx_word' id='word_1_185' title='bbox 1905 1027 1984 1082; x_wconf 89' lang='lat' dir='ltr'><strong>ria</strong></span> <span class='ocrx_word' id='word_1_186' title='bbox 2017 1028 2130 1095; x_wconf 90' lang='lat' dir='ltr'><strong>Dei,</strong></span> <span class='ocrx_word' id='word_1_187' title='bbox 2154 1028 2251 1083; x_wconf 89' lang='lat' dir='ltr'><strong>sed</strong></span> <span class='ocrx_word' id='word_1_188' title='bbox 2279 1043 2418 1084; x_wconf 87' lang='lat' dir='ltr'><strong>unus</strong></span> <span class='ocrx_word' id='word_1_189' title='bbox 2443 1031 2669 1102; x_wconf 86' lang='lat' dir='ltr'><strong>angulus</strong></span> <span class='ocrx_word' id='word_1_190' title='bbox 2698 1040 2880 1099; x_wconf 85' lang='lat' dir='ltr'><strong>terrae,</strong></span> <span class='ocrx_word' id='word_1_191' title='bbox 2923 1033 3142 1104; x_wconf 87' lang='lat' dir='ltr'><strong>quando</strong></span> <span class='ocrx_word' id='word_1_192' title='bbox 3171 1033 3454 1091; x_wconf 86' lang='lat' dir='ltr'><strong>dicebatur</strong></span> <span class='ocrx_word' id='word_1_193' title='bbox 3486 1055 3498 1091; x_wconf 93' lang='lat'><strong>:</strong></span> 
     </span>
    </p>
   </div>
   <div class='ocr_carea' id='block_1_25' title="bbox 1908 1121 3500 1202">
    <p class='ocr_par' dir='ltr' id='par_1_25' title="bbox 1908 1121 3500 1202">
     <span class='ocr_line' id='line_1_25' title="bbox 1908 1121 3500 1202; baseline 0.005 -26"><span class='ocrx_word' id='word_1_194' title='bbox 1908 1121 2081 1179; x_wconf 85' lang='lat' dir='ltr'><strong>Notus</strong></span> <span class='ocrx_word' id='word_1_195' title='bbox 2105 1125 2157 1179; x_wconf 89' lang='lat' dir='ltr'><strong>in</strong></span> <span class='ocrx_word' id='word_1_196' title='bbox 2181 1121 2370 1179; x_wconf 71' lang='lat' dir='ltr'><strong>Iudaea</strong></span> <span class='ocrx_word' id='word_1_197' title='bbox 2403 1123 2568 1193; x_wconf 90' lang='lat' dir='ltr'><strong>Deus,</strong></span> <span class='ocrx_word' id='word_1_198' title='bbox 2609 1126 2664 1179; x_wconf 85' lang='lat' dir='ltr'><strong>in</strong></span> <span class='ocrx_word' id='word_1_199' title='bbox 2695 1124 2862 1182; x_wconf 88' lang='lat' dir='ltr'><strong>Israel</strong></span> <span class='ocrx_word' id='word_1_200' title='bbox 2885 1144 3127 1199; x_wconf 89' lang='lat' dir='ltr'><strong>magnum</strong></span> <span class='ocrx_word' id='word_1_201' title='bbox 3151 1145 3334 1184; x_wconf 81' lang='lat' dir='ltr'><strong>nomen</strong></span> <span class='ocrx_word' id='word_1_202' title='bbox 3363 1133 3500 1202; x_wconf 86' lang='lat' dir='ltr'><strong>ejus.</strong></span> 
     </span>
    </p>
   </div>
   <div class='ocr_carea' id='block_1_26' title="bbox 1907 1217 3504 1290">
    <p class='ocr_par' dir='ltr' id='par_1_26' title="bbox 1907 1217 3504 1290">
     <span class='ocr_line' id='line_1_26' title="bbox 1907 1217 3504 1290; baseline 0.003 -16"><span class='ocrx_word' id='word_1_203' title='bbox 1907 1217 2088 1274; x_wconf 86' lang='lat' dir='ltr'><strong>Gloria</strong></span> <span class='ocrx_word' id='word_1_204' title='bbox 2113 1218 2248 1285; x_wconf 90' lang='lat' dir='ltr'><strong>Deo,</strong></span> <span class='ocrx_word' id='word_1_205' title='bbox 2277 1219 2369 1290; x_wconf 92' lang='lat' dir='ltr'><strong>qui</strong></span> <span class='ocrx_word' id='word_1_206' title='bbox 2398 1220 2545 1275; x_wconf 91' lang='lat' dir='ltr'><strong>misit</strong></span> <span class='ocrx_word' id='word_1_207' title='bbox 2585 1219 2778 1274; x_wconf 87' lang='lat' dir='ltr'><strong>Filium</strong></span> <span class='ocrx_word' id='word_1_208' title='bbox 2821 1235 3001 1288; x_wconf 92' lang='lat' dir='ltr'><strong>suum,</strong></span> <span class='ocrx_word' id='word_1_209' title='bbox 3047 1232 3106 1276; x_wconf 90' lang='lat' dir='ltr'><strong>ut</strong></span> <span class='ocrx_word' id='word_1_210' title='bbox 3144 1223 3322 1278; x_wconf 90' lang='lat' dir='ltr'><strong>omnis</strong></span> <span class='ocrx_word' id='word_1_211' title='bbox 3359 1231 3504 1278; x_wconf 89' lang='lat' dir='ltr'><strong>terra</strong></span> 
     </span>
    </p>
   </div>
   <div class='ocr_carea' id='block_1_27' title="bbox 1907 1310 3501 1384">
    <p class='ocr_par' dir='ltr' id='par_1_27' title="bbox 1907 1310 3501 1384">
     <span class='ocr_line' id='line_1_27' title="bbox 1907 1310 3501 1384; baseline 0.001 -18"><span class='ocrx_word' id='word_1_212' title='bbox 1907 1312 2066 1383; x_wconf 86' lang='lat' dir='ltr'><strong>plena</strong></span> <span class='ocrx_word' id='word_1_213' title='bbox 2100 1312 2257 1369; x_wconf 82' lang='lat' dir='ltr'><strong>fieret</strong></span> <span class='ocrx_word' id='word_1_214' title='bbox 2279 1312 2450 1384; x_wconf 88' lang='lat' dir='ltr'><strong>gloria</strong></span> <span class='ocrx_word' id='word_1_215' title='bbox 2476 1325 2593 1367; x_wconf 89' lang='lat' dir='ltr'><strong>sua.</strong></span> <span class='ocrx_word' id='word_1_216' title='bbox 2613 1310 2719 1369; x_wconf 90' lang='lat' dir='ltr'><strong>Sed</strong></span> <span class='ocrx_word' id='word_1_217' title='bbox 2746 1311 2876 1383; x_wconf 91' lang='lat' dir='ltr'><strong>quid</strong></span> <span class='ocrx_word' id='word_1_218' title='bbox 2905 1312 2999 1367; x_wconf 92' lang='lat' dir='ltr'><strong>tibi</strong></span> <span class='ocrx_word' id='word_1_219' title='bbox 3018 1313 3259 1383; x_wconf 86' lang='lat' dir='ltr'><strong>prodest,</strong></span> <span class='ocrx_word' id='word_1_220' title='bbox 3286 1314 3332 1368; x_wconf 90' lang='lat' dir='ltr'><strong>si</strong></span> <span class='ocrx_word' id='word_1_221' title='bbox 3356 1323 3501 1369; x_wconf 89' lang='lat' dir='ltr'><strong>terra</strong></span> 
     </span>
    </p>
   </div>
   <div class='ocr_carea' id='block_1_28' title="bbox 1909 1406 3508 1478">
    <p class='ocr_par' dir='ltr' id='par_1_28' title="bbox 1909 1406 3508 1478">
     <span class='ocr_line' id='line_1_28' title="bbox 1909 1406 3508 1478; baseline -0.001 -15"><span class='ocrx_word' id='word_1_222' title='bbox 1909 1406 2066 1478; x_wconf 85' lang='lat' dir='ltr'><strong>plena</strong></span> <span class='ocrx_word' id='word_1_223' title='bbox 2108 1409 2178 1462; x_wconf 87' lang='lat' dir='ltr'><strong>sit</strong></span> <span class='ocrx_word' id='word_1_224' title='bbox 2209 1415 2430 1478; x_wconf 88' lang='lat' dir='ltr'><strong>propter</strong></span> <span class='ocrx_word' id='word_1_225' title='bbox 2459 1407 2721 1463; x_wconf 89' lang='lat' dir='ltr'><strong>ecclesias</strong></span> <span class='ocrx_word' id='word_1_226' title='bbox 2764 1407 3070 1472; x_wconf 86' lang='lat' dir='ltr'><strong>beatorum,</strong></span> <span class='ocrx_word' id='word_1_227' title='bbox 3118 1408 3209 1476; x_wconf 87' lang='lat' dir='ltr'><strong>qui</strong></span> <span class='ocrx_word' id='word_1_228' title='bbox 3257 1407 3508 1462; x_wconf 85' lang='lat' dir='ltr'><strong>ubicum-</strong></span> 
     </span>
    </p>
   </div>
   <div class='ocr_carea' id='block_1_29' title="bbox 1908 1498 3508 1572">
    <p class='ocr_par' dir='ltr' id='par_1_29' title="bbox 1908 1498 3508 1572">
     <span class='ocr_line' id='line_1_29' title="bbox 1908 1498 3508 1572; baseline -0.003 -15"><span class='ocrx_word' id='word_1_229' title='bbox 1908 1516 2014 1572; x_wconf 88' lang='lat' dir='ltr'><strong>que</strong></span> <span class='ocrx_word' id='word_1_230' title='bbox 2039 1511 2185 1568; x_wconf 91' lang='lat' dir='ltr'><strong>sunt,</strong></span> <span class='ocrx_word' id='word_1_231' title='bbox 2214 1500 2385 1572; x_wconf 87' lang='lat' dir='ltr'><strong>gloria</strong></span> <span class='ocrx_word' id='word_1_232' title='bbox 2415 1501 2534 1569; x_wconf 85' lang='lat' dir='ltr'><strong>Dei,</strong></span> <span class='ocrx_word' id='word_1_233' title='bbox 2568 1511 2624 1555; x_wconf 93' lang='lat' dir='ltr'><strong>tu</strong></span> <span class='ocrx_word' id='word_1_234' title='bbox 2652 1510 2833 1556; x_wconf 90' lang='lat' dir='ltr'><strong>autem</strong></span> <span class='ocrx_word' id='word_1_235' title='bbox 2859 1514 2965 1556; x_wconf 90' lang='lat' dir='ltr'><strong>non</strong></span> <span class='ocrx_word' id='word_1_236' title='bbox 2997 1501 3074 1554; x_wconf 88' lang='lat' dir='ltr'><strong>sis</strong></span> <span class='ocrx_word' id='word_1_237' title='bbox 3095 1498 3369 1569; x_wconf 87' lang='lat' dir='ltr'><strong>particeps</strong></span> <span class='ocrx_word' id='word_1_238' title='bbox 3390 1499 3508 1569; x_wconf 88' lang='lat' dir='ltr'><strong>glo-</strong></span> 
     </span>
    </p>
   </div>
   <div class='ocr_carea' id='block_1_30' title="bbox 1909 1590 3512 1664">
    <p class='ocr_par' dir='ltr' id='par_1_30' title="bbox 1909 1590 3512 1664">
     <span class='ocr_line' id='line_1_30' title="bbox 1909 1590 3512 1664; baseline -0.002 -16"><span class='ocrx_word' id='word_1_239' title='bbox 1909 1594 2002 1649; x_wconf 70' lang='lat' dir='ltr'><strong>rite</strong></span> <span class='ocrx_word' id='word_1_240' title='bbox 2027 1592 2375 1663; x_wconf 86' lang='lat' dir='ltr'><strong>plenitudinis</strong></span> <span class='ocrx_word' id='word_1_241' title='bbox 2396 1593 2492 1650; x_wconf 90' lang='lat' dir='ltr'><strong>Dei</strong></span> <span class='ocrx_word' id='word_1_242' title='bbox 2509 1594 2533 1649; x_wconf 65' lang='grc' dir='ltr'><em>ἲ</em></span> <span class='ocrx_word' id='word_1_243' title='bbox 2551 1593 2617 1649; x_wconf 86' lang='grc' dir='ltr'><strong>Εῑ</strong></span> <span class='ocrx_word' id='word_1_244' title='bbox 2645 1602 2699 1649; x_wconf 83' lang='grc' dir='ltr'><strong>ιιι</strong></span> <span class='ocrx_word' id='word_1_245' title='bbox 2726 1608 2855 1664; x_wconf 91' lang='lat' dir='ltr'><strong>ergo</strong></span> <span class='ocrx_word' id='word_1_246' title='bbox 2881 1592 3086 1658; x_wconf 89' lang='lat' dir='ltr'><strong>labora,</strong></span> <span class='ocrx_word' id='word_1_247' title='bbox 3121 1599 3176 1648; x_wconf 93' lang='lat' dir='ltr'><strong>et</strong></span> <span class='ocrx_word' id='word_1_248' title='bbox 3202 1590 3256 1646; x_wconf 91' lang='lat' dir='ltr'><strong>in</strong></span> <span class='ocrx_word' id='word_1_249' title='bbox 3298 1592 3512 1647; x_wconf 87' lang='lat' dir='ltr'><strong>cunctis</strong></span> 
     </span>
    </p>
   </div>
   <div class='ocr_carea' id='block_1_31' title="bbox 1911 1682 3511 1758">
    <p class='ocr_par' dir='ltr' id='par_1_31' title="bbox 1911 1682 3511 1758">
     <span class='ocr_line' id='line_1_31' title="bbox 1911 1682 3511 1758; baseline -0.004 -15"><span class='ocrx_word' id='word_1_250' title='bbox 1911 1687 2119 1743; x_wconf 89' lang='lat' dir='ltr'><strong>enitere</strong></span> <span class='ocrx_word' id='word_1_251' title='bbox 2147 1695 2207 1742; x_wconf 90' lang='lat' dir='ltr'><strong>ut</strong></span> <span class='ocrx_word' id='word_1_252' title='bbox 2249 1689 2325 1742; x_wconf 86' lang='lat' dir='ltr'><strong>sis</strong></span> <span class='ocrx_word' id='word_1_253' title='bbox 2355 1687 2582 1758; x_wconf 88' lang='lat' dir='ltr'><strong>gloriam</strong></span> <span class='ocrx_word' id='word_1_254' title='bbox 2613 1687 2708 1742; x_wconf 90' lang='lat' dir='ltr'><strong>Dei</strong></span> <span class='ocrx_word' id='word_1_255' title='bbox 2749 1699 3024 1756; x_wconf 68' lang='lat' dir='ltr'><strong>qumreus,</strong></span> <span class='ocrx_word' id='word_1_256' title='bbox 3069 1692 3127 1738; x_wconf 91' lang='lat' dir='ltr'><strong>ut</strong></span> <span class='ocrx_word' id='word_1_257' title='bbox 3159 1682 3426 1738; x_wconf 89' lang='lat' dir='ltr'><strong>inhabitet</strong></span> <span class='ocrx_word' id='word_1_258' title='bbox 3453 1694 3511 1739; x_wconf 92' lang='lat' dir='ltr'><strong>et</strong></span> 
     </span>
    </p>
   </div>
   <div class='ocr_carea' id='block_1_32' title="bbox 1915 1776 3512 1844">
    <p class='ocr_par' dir='ltr' id='par_1_32' title="bbox 1915 1776 3512 1844">
     <span class='ocr_line' id='line_1_32' title="bbox 1915 1776 3512 1844; baseline -0.005 -7"><span class='ocrx_word' id='word_1_259' title='bbox 1915 1779 2152 1836; x_wconf 83' lang='lat' dir='ltr'><strong>inveniat</strong></span> <span class='ocrx_word' id='word_1_260' title='bbox 2182 1779 2360 1834; x_wconf 91' lang='lat' dir='ltr'><strong>locum</strong></span> <span class='ocrx_word' id='word_1_261' title='bbox 2388 1779 2442 1834; x_wconf 92' lang='lat' dir='ltr'><strong>in</strong></span> <span class='ocrx_word' id='word_1_262' title='bbox 2481 1787 2556 1844; x_wconf 92' lang='lat' dir='ltr'><strong>te,</strong></span> <span class='ocrx_word' id='word_1_263' title='bbox 2584 1789 2639 1834; x_wconf 93' lang='lat' dir='ltr'><strong>et</strong></span> <span class='ocrx_word' id='word_1_264' title='bbox 2674 1778 2772 1833; x_wconf 85' lang='lat' dir='ltr'><strong>fias</strong></span> <span class='ocrx_word' id='word_1_265' title='bbox 2797 1778 2962 1833; x_wconf 87' lang='lat' dir='ltr'><strong>etiam</strong></span> <span class='ocrx_word' id='word_1_266' title='bbox 2993 1784 3052 1831; x_wconf 91' lang='lat' dir='ltr'><strong>tu</strong></span> <span class='ocrx_word' id='word_1_267' title='bbox 3079 1791 3203 1832; x_wconf 91' lang='lat' dir='ltr'><strong>cum</strong></span> <span class='ocrx_word' id='word_1_268' title='bbox 3231 1776 3378 1832; x_wconf 88' lang='lat' dir='ltr'><strong>omni</strong></span> <span class='ocrx_word' id='word_1_269' title='bbox 3403 1784 3512 1830; x_wconf 91' lang='lat' dir='ltr'><strong>ter-</strong></span> 
     </span>
    </p>
   </div>
   <div class='ocr_carea' id='block_1_33' title="bbox 201 1869 3512 1944">
    <p class='ocr_par' dir='ltr' id='par_1_33' title="bbox 201 1869 3512 1944">
     <span class='ocr_line' id='line_1_33' title="bbox 201 1869 3512 1944; baseline -0.001 -17"><span class='ocrx_word' id='word_1_270' title='bbox 201 1873 327 1939; x_wconf 83' lang='lat' dir='ltr'><strong>sila,</strong></span> <span class='ocrx_word' id='word_1_271' title='bbox 363 1881 409 1924; x_wconf 87' lang='lat' dir='ltr'><strong>et</strong></span> <span class='ocrx_word' id='word_1_272' title='bbox 445 1870 664 1926; x_wconf 76' lang='lat' dir='ltr'><strong>tenebra:</strong></span> <span class='ocrx_word' id='word_1_273' title='bbox 700 1880 846 1925; x_wconf 85' lang='lat' dir='ltr'><strong>erant</strong></span> <span class='ocrx_word' id='word_1_274' title='bbox 884 1886 1040 1943; x_wconf 81' lang='lat' dir='ltr'><strong>super</strong></span> <span class='ocrx_word' id='word_1_275' title='bbox 1076 1870 1342 1942; x_wconf 76' lang='lat' dir='ltr'><strong>abyssum,</strong></span> <span class='ocrx_word' id='word_1_276' title='bbox 1377 1880 1423 1925; x_wconf 86' lang='lat' dir='ltr'><strong>et</strong></span> <span class='ocrx_word' id='word_1_277' title='bbox 1446 1871 1662 1942; x_wconf 78' lang='lat' dir='ltr'><strong>spiritus</strong></span> <span class='ocrx_word' id='word_1_278' title='bbox 1703 1870 1800 1926; x_wconf 84' lang='lat' dir='ltr'><strong>Dei</strong></span> <span class='ocrx_word' id='word_1_279' title='bbox 1833 1873 1879 1933; x_wconf 88' lang='grc' dir='ltr'><strong>Β</strong></span> <span class='ocrx_word' id='word_1_280' title='bbox 1907 1887 1986 1942; x_wconf 91' lang='lat' dir='ltr'><strong>ra,</strong></span> <span class='ocrx_word' id='word_1_281' title='bbox 2012 1873 2065 1928; x_wconf 93' lang='lat' dir='ltr'><strong>in</strong></span> <span class='ocrx_word' id='word_1_282' title='bbox 2089 1887 2192 1944; x_wconf 89' lang='lat' dir='ltr'><strong>qua</strong></span> <span class='ocrx_word' id='word_1_283' title='bbox 2219 1881 2304 1928; x_wconf 90' lang='lat' dir='ltr'><strong>est</strong></span> <span class='ocrx_word' id='word_1_284' title='bbox 2332 1872 2503 1943; x_wconf 90' lang='lat' dir='ltr'><strong>gloria</strong></span> <span class='ocrx_word' id='word_1_285' title='bbox 2539 1871 2654 1937; x_wconf 90' lang='lat' dir='ltr'><strong>Dei,</strong></span> <span class='ocrx_word' id='word_1_286' title='bbox 2691 1870 2870 1940; x_wconf 90' lang='lat' dir='ltr'><strong>plena,</strong></span> <span class='ocrx_word' id='word_1_287' title='bbox 2903 1870 3078 1940; x_wconf 88' lang='lat' dir='ltr'><strong>gloria</strong></span> <span class='ocrx_word' id='word_1_288' title='bbox 3102 1869 3241 1940; x_wconf 85' lang='lat' dir='ltr'><strong>ejus.</strong></span> <span class='ocrx_word' id='word_1_289' title='bbox 3269 1869 3512 1937; x_wconf 80' lang='lat' dir='ltr'><strong>Quomo-</strong></span> 
     </span>
    </p>
   </div>
   <div class='ocr_carea' id='block_1_34' title="bbox 201 1961 1805 2037">
    <p class='ocr_par' dir='ltr' id='par_1_34' title="bbox 201 1961 1805 2037">
     <span class='ocr_line' id='line_1_34' title="bbox 201 1961 1805 2037; baseline -0.002 -19"><span class='ocrx_word' id='word_1_290' title='bbox 201 1965 474 2035; x_wconf 79' lang='lat' dir='ltr'><strong>{erebatur</strong></span> <span class='ocrx_word' id='word_1_291' title='bbox 522 1980 674 2037; x_wconf 83' lang='lat' dir='ltr'><strong>super</strong></span> <span class='ocrx_word' id='word_1_292' title='bbox 720 1980 924 2037; x_wconf 79' lang='lat' dir='ltr'><strong>aquas,</strong></span> <span class='ocrx_word' id='word_1_293' title='bbox 982 1964 1467 2034; x_wconf 86' lang='lat' dir='ltr'><strong>apprehenduntur</strong></span> <span class='ocrx_word' id='word_1_294' title='bbox 1518 1961 1672 2030; x_wconf 86' lang='lat' dir='ltr'><strong>(Gen.</strong></span> <span class='ocrx_word' id='word_1_295' title='bbox 1739 1962 1805 2034; x_wconf 85' lang='grc' dir='ltr'><strong>ι).</strong></span> 
     </span>
    </p>
   </div>
   <div class='ocr_carea' id='block_1_35' title="bbox 200 2057 1808 2130">
    <p class='ocr_par' dir='ltr' id='par_1_35' title="bbox 200 2057 1808 2130">
     <span class='ocr_line' id='line_1_35' title="bbox 200 2057 1808 2130; baseline -0.002 -15"><span class='ocrx_word' id='word_1_296' title='bbox 200 2059 420 2116; x_wconf 65' lang='lat' dir='ltr'><strong>Mundae</strong></span> <span class='ocrx_word' id='word_1_297' title='bbox 447 2067 602 2114; x_wconf 90' lang='lat' dir='ltr'><strong>erant</strong></span> <span class='ocrx_word' id='word_1_298' title='bbox 623 2074 777 2130; x_wconf 81' lang='lat' dir='ltr'><strong>aqua:</strong></span> <span class='ocrx_word' id='word_1_299' title='bbox 807 2059 945 2124; x_wconf 78' lang='lat' dir='ltr'><strong>istze,</strong></span> <span class='ocrx_word' id='word_1_300' title='bbox 973 2058 1027 2113; x_wconf 93' lang='lat' dir='ltr'><strong>in</strong></span> <span class='ocrx_word' id='word_1_301' title='bbox 1054 2058 1252 2130; x_wconf 85' lang='lat' dir='ltr'><strong>quibus</strong></span> <span class='ocrx_word' id='word_1_302' title='bbox 1274 2057 1565 2114; x_wconf 88' lang='lat' dir='ltr'><strong>incubabat</strong></span> <span class='ocrx_word' id='word_1_303' title='bbox 1583 2057 1808 2128; x_wconf 89' lang='lat' dir='ltr'><strong>spiritus</strong></span> 
     </span>
    </p>
   </div>
   <div class='ocr_carea' id='block_1_36' title="bbox 203 2150 1810 2222">
    <p class='ocr_par' dir='ltr' id='par_1_36' title="bbox 203 2150 1810 2222">
     <span class='ocr_line' id='line_1_36' title="bbox 203 2150 1810 2222; baseline -0.002 -15"><span class='ocrx_word' id='word_1_304' title='bbox 203 2151 328 2208; x_wconf 89' lang='lat' dir='ltr'><strong>Dei.</strong></span> <span class='ocrx_word' id='word_1_305' title='bbox 359 2151 466 2208; x_wconf 83' lang='lat' dir='ltr'><strong>Sed</strong></span> <span class='ocrx_word' id='word_1_306' title='bbox 495 2160 548 2207; x_wconf 90' lang='lat' dir='ltr'><strong>et</strong></span> <span class='ocrx_word' id='word_1_307' title='bbox 571 2151 812 2208; x_wconf 63' lang='lat' dir='ltr'><strong>tenebrae</strong></span> <span class='ocrx_word' id='word_1_308' title='bbox 841 2165 964 2222; x_wconf 68' lang='lat' dir='ltr'><strong>qua:</strong></span> <span class='ocrx_word' id='word_1_309' title='bbox 984 2165 1150 2221; x_wconf 85' lang='lat' dir='ltr'><strong>super</strong></span> <span class='ocrx_word' id='word_1_310' title='bbox 1179 2150 1442 2221; x_wconf 85' lang='lat' dir='ltr'><strong>abyssum</strong></span> <span class='ocrx_word' id='word_1_311' title='bbox 1485 2159 1664 2214; x_wconf 89' lang='lat' dir='ltr'><strong>erant,</strong></span> <span class='ocrx_word' id='word_1_312' title='bbox 1699 2163 1810 2205; x_wconf 91' lang='lat' dir='ltr'><strong>non</strong></span> 
     </span>
    </p>
   </div>
   <div class='ocr_carea' id='block_1_37' title="bbox 200 2240 1810 2314">
    <p class='ocr_par' dir='ltr' id='par_1_37' title="bbox 200 2240 1810 2314">
     <span class='ocr_line' id='line_1_37' title="bbox 200 2240 1810 2314; baseline -0.002 -15"><span class='ocrx_word' id='word_1_313' title='bbox 200 2254 334 2300; x_wconf 87' lang='lat' dir='ltr'><strong>sunt</strong></span> <span class='ocrx_word' id='word_1_314' title='bbox 365 2243 642 2314; x_wconf 71' lang='lat' dir='ltr'><strong>ingenitae.</strong></span> <span class='ocrx_word' id='word_1_315' title='bbox 693 2240 996 2313; x_wconf 88' lang='lat' dir='ltr'><strong>Utrumque</strong></span> <span class='ocrx_word' id='word_1_316' title='bbox 1036 2241 1181 2298; x_wconf 90' lang='lat' dir='ltr'><strong>enim</strong></span> <span class='ocrx_word' id='word_1_317' title='bbox 1232 2257 1300 2298; x_wconf 88' lang='lat' dir='ltr'><strong>ex</strong></span> <span class='ocrx_word' id='word_1_318' title='bbox 1345 2240 1516 2296; x_wconf 84' lang='lat' dir='ltr'><strong>nihilo</strong></span> <span class='ocrx_word' id='word_1_319' title='bbox 1563 2251 1810 2297; x_wconf 87' lang='lat' dir='ltr'><strong>creatum</strong></span> 
     </span>
    </p>
   </div>
   <div class='ocr_carea' id='block_1_38' title="bbox 200 2331 1811 2405">
    <p class='ocr_par' dir='ltr' id='par_1_38' title="bbox 200 2331 1811 2405">
     <span class='ocr_line' id='line_1_38' title="bbox 200 2331 1811 2405; baseline -0.002 -13"><span class='ocrx_word' id='word_1_320' title='bbox 200 2348 309 2392; x_wconf 84' lang='lat' dir='ltr'><strong>est.</strong></span> <span class='ocrx_word' id='word_1_321' title='bbox 369 2335 510 2392; x_wconf 75' lang='lat' dir='ltr'><strong>Audi</strong></span> <span class='ocrx_word' id='word_1_322' title='bbox 563 2336 615 2390; x_wconf 93' lang='lat' dir='ltr'><strong>in</strong></span> <span class='ocrx_word' id='word_1_323' title='bbox 647 2334 785 2390; x_wconf 82' lang='lat' dir='ltr'><strong>Isaia</strong></span> <span class='ocrx_word' id='word_1_324' title='bbox 832 2334 1106 2391; x_wconf 90' lang='lat' dir='ltr'><strong>dicentem</strong></span> <span class='ocrx_word' id='word_1_325' title='bbox 1145 2333 1472 2389; x_wconf 89' lang='lat' dir='ltr'><strong>Dominum:</strong></span> <span class='ocrx_word' id='word_1_326' title='bbox 1520 2331 1639 2405; x_wconf 87' lang='lat' dir='ltr'><strong>Ego</strong></span> <span class='ocrx_word' id='word_1_327' title='bbox 1669 2332 1811 2388; x_wconf 87' lang='lat' dir='ltr'><strong>Deus</strong></span> 
     </span>
    </p>
   </div>
   <div class='ocr_carea' id='block_1_39' title="bbox 200 2425 1809 2501">
    <p class='ocr_par' dir='ltr' id='par_1_39' title="bbox 200 2425 1809 2501">
     <span class='ocr_line' id='line_1_39' title="bbox 200 2425 1809 2501; baseline -0.001 -17"><span class='ocrx_word' id='word_1_328' title='bbox 200 2430 293 2501; x_wconf 85' lang='lat' dir='ltr'><strong>qui</strong></span> <span class='ocrx_word' id='word_1_329' title='bbox 320 2429 583 2485; x_wconf 78' lang='lat' dir='ltr'><strong>construxi</strong></span> <span class='ocrx_word' id='word_1_330' title='bbox 613 2428 802 2497; x_wconf 80' lang='lat' dir='ltr'><strong>lucem,</strong></span> <span class='ocrx_word' id='word_1_331' title='bbox 838 2438 886 2482; x_wconf 85' lang='lat' dir='ltr'><strong>et</strong></span> <span class='ocrx_word' id='word_1_332' title='bbox 912 2426 1011 2497; x_wconf 76' lang='lat' dir='ltr'><strong>{eri</strong></span> <span class='ocrx_word' id='word_1_333' title='bbox 1030 2427 1265 2482; x_wconf 85' lang='lat' dir='ltr'><strong>tenebras</strong></span> <span class='ocrx_word' id='word_1_334' title='bbox 1296 2427 1454 2496; x_wconf 88' lang='lat' dir='ltr'><strong>(lsai.</strong></span> <span class='ocrx_word' id='word_1_335' title='bbox 1491 2425 1640 2499; x_wconf 69' lang='lat' dir='ltr'><strong>xcv).</strong></span> <span class='ocrx_word' id='word_1_336' title='bbox 1669 2426 1809 2483; x_wconf 85' lang='lat' dir='ltr'><strong>Audi</strong></span> 
     </span>
    </p>
   </div>
   <div class='ocr_carea' id='block_1_40' title="bbox 197 2521 1814 2594">
    <p class='ocr_par' dir='ltr' id='par_1_40' title="bbox 197 2521 1814 2594">
     <span class='ocr_line' id='line_1_40' title="bbox 197 2521 1814 2594; baseline -0.003 -14"><span class='ocrx_word' id='word_1_337' title='bbox 197 2524 531 2594; x_wconf 79' lang='lat' dir='ltr'><strong>sapientiam</strong></span> <span class='ocrx_word' id='word_1_338' title='bbox 556 2525 608 2578; x_wconf 90' lang='lat' dir='ltr'><strong>in</strong></span> <span class='ocrx_word' id='word_1_339' title='bbox 643 2522 952 2579; x_wconf 85' lang='lat' dir='ltr'><strong>Proverbiis</strong></span> <span class='ocrx_word' id='word_1_340' title='bbox 987 2521 1381 2592; x_wconf 71' lang='lat' dir='ltr'><strong>praedicantem</strong></span> <span class='ocrx_word' id='word_1_341' title='bbox 1416 2539 1427 2576; x_wconf 94' lang='lat'>:</span> <span class='ocrx_word' id='word_1_342' title='bbox 1460 2522 1591 2576; x_wconf 84' lang='lat' dir='ltr'><strong>Ante</strong></span> <span class='ocrx_word' id='word_1_343' title='bbox 1635 2536 1814 2575; x_wconf 87' lang='lat' dir='ltr'><strong>omnes</strong></span> 
     </span>
    </p>
   </div>
   <div class='ocr_carea' id='block_1_41' title="bbox 199 2612 1803 2692">
    <p class='ocr_par' dir='ltr' id='par_1_41' title="bbox 199 2612 1803 2692">
     <span class='ocr_line' id='line_1_41' title="bbox 199 2612 1803 2692; baseline -0.006 -17"><span class='ocrx_word' id='word_1_344' title='bbox 199 2621 420 2692; x_wconf 80' lang='lat' dir='ltr'><strong>abyssos</strong></span> <span class='ocrx_word' id='word_1_345' title='bbox 445 2628 568 2674; x_wconf 84' lang='lat' dir='ltr'><strong>nata</strong></span> <span class='ocrx_word' id='word_1_346' title='bbox 593 2635 706 2674; x_wconf 90' lang='lat' dir='ltr'><strong>sum</strong></span> <span class='ocrx_word' id='word_1_347' title='bbox 734 2615 919 2690; x_wconf 84' lang='lat' dir='ltr'><strong>(Prov.</strong></span> <span class='ocrx_word' id='word_1_348' title='bbox 945 2616 1082 2688; x_wconf 76' lang='lat' dir='ltr'><strong>vui).</strong></span> <span class='ocrx_word' id='word_1_349' title='bbox 1117 2613 1232 2670; x_wconf 86' lang='lat' dir='ltr'><strong>Non</strong></span> <span class='ocrx_word' id='word_1_350' title='bbox 1270 2625 1428 2671; x_wconf 87' lang='lat' dir='ltr'><strong>erant</strong></span> <span class='ocrx_word' id='word_1_351' title='bbox 1457 2616 1558 2670; x_wconf 90' lang='lat' dir='ltr'><strong>ista</strong></span> <span class='ocrx_word' id='word_1_352' title='bbox 1590 2612 1803 2685; x_wconf 86' lang='lat' dir='ltr'><strong>ingeni-</strong></span> 
     </span>
    </p>
   </div>
   <div class='ocr_carea' id='block_1_42' title="bbox 204 2705 1813 2782">
    <p class='ocr_par' dir='ltr' id='par_1_42' title="bbox 204 2705 1813 2782">
     <span class='ocr_line' id='line_1_42' title="bbox 204 2705 1813 2782; baseline -0.004 -14"><span class='ocrx_word' id='word_1_353' title='bbox 204 2723 280 2778; x_wconf 87' lang='lat' dir='ltr'><strong>ta,</strong></span> <span class='ocrx_word' id='word_1_354' title='bbox 311 2711 411 2768; x_wconf 89' lang='lat' dir='ltr'><strong>sed</strong></span> <span class='ocrx_word' id='word_1_355' title='bbox 438 2711 677 2782; x_wconf 89' lang='lat' dir='ltr'><strong>quando,</strong></span> <span class='ocrx_word' id='word_1_356' title='bbox 699 2710 786 2765; x_wconf 90' lang='lat' dir='ltr'><strong>vel</strong></span> <span class='ocrx_word' id='word_1_357' title='bbox 816 2708 1091 2781; x_wconf 90' lang='lat' dir='ltr'><strong>quomodo</strong></span> <span class='ocrx_word' id='word_1_358' title='bbox 1133 2717 1258 2763; x_wconf 91' lang='lat' dir='ltr'><strong>sunt</strong></span> <span class='ocrx_word' id='word_1_359' title='bbox 1288 2715 1436 2773; x_wconf 92' lang='lat' dir='ltr'><strong>nata,</strong></span> <span class='ocrx_word' id='word_1_360' title='bbox 1468 2707 1678 2764; x_wconf 84' lang='lat' dir='ltr'><strong>nescio.</strong></span> <span class='ocrx_word' id='word_1_361' title='bbox 1712 2705 1813 2762; x_wconf 83' lang='lat' dir='ltr'><strong>Ve-</strong></span> 
     </span>
    </p>
   </div>
   <div class='ocr_carea' id='block_1_43' title="bbox 203 2799 1813 2873">
    <p class='ocr_par' dir='ltr' id='par_1_43' title="bbox 203 2799 1813 2873">
     <span class='ocr_line' id='line_1_43' title="bbox 203 2799 1813 2873; baseline -0.006 -11"><span class='ocrx_word' id='word_1_362' title='bbox 203 2808 390 2863; x_wconf 91' lang='lat' dir='ltr'><strong>lantur</strong></span> <span class='ocrx_word' id='word_1_363' title='bbox 421 2804 565 2860; x_wconf 93' lang='lat' dir='ltr'><strong>enim</strong></span> <span class='ocrx_word' id='word_1_364' title='bbox 615 2819 645 2858; x_wconf 92' lang='lat' dir='ltr'><strong>a</strong></span> <span class='ocrx_word' id='word_1_365' title='bbox 675 2801 960 2873; x_wconf 89' lang='lat' dir='ltr'><strong>Seraphim</strong></span> <span class='ocrx_word' id='word_1_366' title='bbox 1003 2802 1182 2872; x_wconf 91' lang='lat' dir='ltr'><strong>priora</strong></span> <span class='ocrx_word' id='word_1_367' title='bbox 1214 2815 1439 2871; x_wconf 90' lang='lat' dir='ltr'><strong>operum</strong></span> <span class='ocrx_word' id='word_1_368' title='bbox 1474 2799 1593 2865; x_wconf 90' lang='lat' dir='ltr'><strong>Dei,</strong></span> <span class='ocrx_word' id='word_1_369' title='bbox 1625 2799 1678 2854; x_wconf 94' lang='lat' dir='ltr'><strong>id</strong></span> <span class='ocrx_word' id='word_1_370' title='bbox 1709 2807 1813 2866; x_wconf 91' lang='lat' dir='ltr'><strong>est,</strong></span> 
     </span>
    </p>
   </div>
   <div class='ocr_carea' id='block_1_44' title="bbox 203 2894 1817 2966">
    <p class='ocr_par' dir='ltr' id='par_1_44' title="bbox 203 2894 1817 2966">
     <span class='ocr_line' id='line_1_44' title="bbox 203 2894 1817 2966; baseline -0.006 -10"><span class='ocrx_word' id='word_1_371' title='bbox 203 2900 377 2957; x_wconf 88' lang='lat' dir='ltr'><strong>facies</strong></span> <span class='ocrx_word' id='word_1_372' title='bbox 404 2899 542 2954; x_wconf 88' lang='lat' dir='ltr'><strong>Dei:</strong></span> <span class='ocrx_word' id='word_1_373' title='bbox 588 2897 843 2953; x_wconf 80' lang='lat' dir='ltr'><strong>similiter</strong></span> <span class='ocrx_word' id='word_1_374' title='bbox 868 2908 1047 2952; x_wconf 90' lang='lat' dir='ltr'><strong>autem</strong></span> <span class='ocrx_word' id='word_1_375' title='bbox 1098 2905 1153 2950; x_wconf 93' lang='lat' dir='ltr'><strong>et</strong></span> <span class='ocrx_word' id='word_1_376' title='bbox 1183 2894 1374 2966; x_wconf 88' lang='lat' dir='ltr'><strong>pedes.</strong></span> <span class='ocrx_word' id='word_1_377' title='bbox 1410 2894 1482 2949; x_wconf 89' lang='lat' dir='ltr'><strong>Ea</strong></span> <span class='ocrx_word' id='word_1_378' title='bbox 1513 2909 1636 2966; x_wconf 67' lang='lat' dir='ltr'><strong>qua:</strong></span> <span class='ocrx_word' id='word_1_379' title='bbox 1689 2902 1817 2964; x_wconf 91' lang='lat' dir='ltr'><strong>post</strong></span> 
     </span>
    </p>
   </div>
   <div class='ocr_carea' id='block_1_45' title="bbox 204 2985 1820 3051">
    <p class='ocr_par' dir='ltr' id='par_1_45' title="bbox 204 2985 1820 3051">
     <span class='ocr_line' id='line_1_45' title="bbox 204 2985 1820 3051; baseline -0.008 0"><span class='ocrx_word' id='word_1_380' title='bbox 204 3003 520 3051; x_wconf 83' lang='lat' dir='ltr'><strong>extremum</strong></span> <span class='ocrx_word' id='word_1_381' title='bbox 551 2993 812 3048; x_wconf 65' lang='lat' dir='ltr'><strong>swculum</strong></span> <span class='ocrx_word' id='word_1_382' title='bbox 847 2990 1023 3045; x_wconf 80' lang='lat' dir='ltr'><strong>futura</strong></span> <span class='ocrx_word' id='word_1_383' title='bbox 1074 2996 1203 3044; x_wconf 92' lang='lat' dir='ltr'><strong>sunt</strong></span> <span class='ocrx_word' id='word_1_384' title='bbox 1249 2989 1303 3043; x_wconf 91' lang='lat' dir='ltr'><strong>in</strong></span> <span class='ocrx_word' id='word_1_385' title='bbox 1347 2988 1542 3043; x_wconf 68' lang='lat' dir='ltr'><strong>saecula</strong></span> <span class='ocrx_word' id='word_1_386' title='bbox 1590 2985 1820 3043; x_wconf 81' lang='lat' dir='ltr'><strong>saeculo-</strong></span> 
     </span>
    </p>
   </div>
   <div class='ocr_carea' id='block_1_46' title="bbox 204 3080 1821 3160">
    <p class='ocr_par' dir='ltr' id='par_1_46' title="bbox 204 3080 1821 3160">
     <span class='ocr_line' id='line_1_46' title="bbox 204 3080 1821 3160; baseline -0.006 -15"><span class='ocrx_word' id='word_1_387' title='bbox 204 3105 356 3155; x_wconf 85' lang='lat' dir='ltr'><strong>rum,</strong></span> <span class='ocrx_word' id='word_1_388' title='bbox 387 3088 510 3158; x_wconf 87' lang='lat' dir='ltr'><strong>quis</strong></span> <span class='ocrx_word' id='word_1_389' title='bbox 538 3096 720 3160; x_wconf 89' lang='lat' dir='ltr'><strong>potest</strong></span> <span class='ocrx_word' id='word_1_390' title='bbox 747 3085 1061 3157; x_wconf 78' lang='lat' dir='ltr'><strong>exponere?</strong></span> <span class='ocrx_word' id='word_1_391' title='bbox 1110 3084 1468 3141; x_wconf 88' lang='lat' dir='ltr'><strong>Garrulorum</strong></span> <span class='ocrx_word' id='word_1_392' title='bbox 1514 3091 1600 3137; x_wconf 89' lang='lat' dir='ltr'><strong>est</strong></span> <span class='ocrx_word' id='word_1_393' title='bbox 1642 3080 1821 3136; x_wconf 90' lang='lat' dir='ltr'><strong>homi-</strong></span> 
     </span>
    </p>
   </div>
   <div class='ocr_carea' id='block_1_47' title="bbox 206 3171 1816 3248">
    <p class='ocr_par' dir='ltr' id='par_1_47' title="bbox 206 3171 1816 3248">
     <span class='ocr_line' id='line_1_47' title="bbox 206 3171 1816 3248; baseline -0.007 -11"><span class='ocrx_word' id='word_1_394' title='bbox 206 3197 342 3238; x_wconf 89' lang='lat' dir='ltr'><strong>num</strong></span> <span class='ocrx_word' id='word_1_395' title='bbox 397 3179 592 3236; x_wconf 91' lang='lat' dir='ltr'><strong>horum</strong></span> <span class='ocrx_word' id='word_1_396' title='bbox 644 3178 891 3235; x_wconf 92' lang='lat' dir='ltr'><strong>notitiam</strong></span> <span class='ocrx_word' id='word_1_397' title='bbox 942 3176 1208 3248; x_wconf 90' lang='lat' dir='ltr'><strong>polliceri,</strong></span> <span class='ocrx_word' id='word_1_398' title='bbox 1272 3173 1634 3230; x_wconf 85' lang='lat' dir='ltr'><strong>nescientium</strong></span> <span class='ocrx_word' id='word_1_399' title='bbox 1688 3171 1816 3243; x_wconf 88' lang='lat' dir='ltr'><strong>quia</strong></span> 
     </span>
    </p>
   </div>
   <div class='ocr_carea' id='block_1_48' title="bbox 1912 1962 3503 2038">
    <p class='ocr_par' dir='ltr' id='par_1_48' title="bbox 1912 1962 3503 2038">
     <span class='ocr_line' id='line_1_48' title="bbox 1912 1962 3503 2038; baseline -0.003 -16"><span class='ocrx_word' id='word_1_400' title='bbox 1912 1967 1983 2022; x_wconf 93' lang='lat' dir='ltr'><strong>do</strong></span> <span class='ocrx_word' id='word_1_401' title='bbox 2007 1966 2068 2022; x_wconf 86' lang='lat' dir='ltr'><strong>lit</strong></span> <span class='ocrx_word' id='word_1_402' title='bbox 2096 1981 2192 2038; x_wconf 92' lang='lat' dir='ltr'><strong>per</strong></span> <span class='ocrx_word' id='word_1_403' title='bbox 2214 1967 2460 2037; x_wconf 89' lang='lat' dir='ltr'><strong>singulos</strong></span> <span class='ocrx_word' id='word_1_404' title='bbox 2487 1975 2732 2020; x_wconf 86' lang='lat' dir='ltr'><strong>nostrum</strong></span> <span class='ocrx_word' id='word_1_405' title='bbox 2767 1963 3052 2034; x_wconf 89' lang='lat' dir='ltr'><strong>plenitudo</strong></span> <span class='ocrx_word' id='word_1_406' title='bbox 3070 1963 3261 2035; x_wconf 61' lang='lat' dir='ltr'><strong>gloriae</strong></span> <span class='ocrx_word' id='word_1_407' title='bbox 3283 1963 3416 2018; x_wconf 83' lang='lat' dir='ltr'><strong>Dei?</strong></span> <span class='ocrx_word' id='word_1_408' title='bbox 3445 1962 3503 2019; x_wconf 91' lang='lat' dir='ltr'><strong>Si</strong></span> 
     </span>
    </p>
   </div>
   <div class='ocr_carea' id='block_1_49' title="bbox 1911 2054 3511 2130">
    <p class='ocr_par' dir='ltr' id='par_1_49' title="bbox 1911 2054 3511 2130">
     <span class='ocr_line' id='line_1_49' title="bbox 1911 2054 3511 2130; baseline -0.004 -16"><span class='ocrx_word' id='word_1_409' title='bbox 1911 2075 2034 2130; x_wconf 72' lang='lat' dir='ltr'><strong>quae.</strong></span> <span class='ocrx_word' id='word_1_410' title='bbox 2057 2059 2219 2125; x_wconf 85' lang='lat' dir='ltr'><strong>facio,</strong></span> <span class='ocrx_word' id='word_1_411' title='bbox 2252 2073 2372 2128; x_wconf 74' lang='lat' dir='ltr'><strong>quzn</strong></span> <span class='ocrx_word' id='word_1_412' title='bbox 2403 2057 2618 2128; x_wconf 89' lang='lat' dir='ltr'><strong>loquor,</strong></span> <span class='ocrx_word' id='word_1_413' title='bbox 2655 2057 2707 2112; x_wconf 93' lang='lat' dir='ltr'><strong>in</strong></span> <span class='ocrx_word' id='word_1_414' title='bbox 2736 2056 2960 2128; x_wconf 88' lang='lat' dir='ltr'><strong>gloriam</strong></span> <span class='ocrx_word' id='word_1_415' title='bbox 2987 2054 3085 2110; x_wconf 92' lang='lat' dir='ltr'><strong>Dei</strong></span> <span class='ocrx_word' id='word_1_416' title='bbox 3131 2054 3284 2122; x_wconf 85' lang='lat' dir='ltr'><strong>fiant,</strong></span> <span class='ocrx_word' id='word_1_417' title='bbox 3314 2054 3511 2124; x_wconf 89' lang='lat' dir='ltr'><strong>plenus</strong></span> 
     </span>
    </p>
   </div>
   <div class='ocr_carea' id='block_1_50' title="bbox 1915 2148 3512 2223">
    <p class='ocr_par' dir='ltr' id='par_1_50' title="bbox 1915 2148 3512 2223">
     <span class='ocr_line' id='line_1_50' title="bbox 1915 2148 3512 2223; baseline -0.003 -16"><span class='ocrx_word' id='word_1_418' title='bbox 1915 2166 2098 2207; x_wconf 86' lang='lat' dir='ltr'><strong>sermo</strong></span> <span class='ocrx_word' id='word_1_419' title='bbox 2133 2151 2344 2223; x_wconf 81' lang='lat'><strong>1117</strong></span> <span class='ocrx_word' id='word_1_420' title='bbox 2375 2165 2528 2206; x_wconf 87' lang='lat' dir='ltr'><strong>meus</strong></span> <span class='ocrx_word' id='word_1_421' title='bbox 2555 2158 2612 2204; x_wconf 92' lang='lat' dir='ltr'><strong>et</strong></span> <span class='ocrx_word' id='word_1_422' title='bbox 2653 2159 2807 2204; x_wconf 90' lang='lat' dir='ltr'><strong>actus</strong></span> <span class='ocrx_word' id='word_1_423' title='bbox 2839 2148 2898 2204; x_wconf 86' lang='lat' dir='ltr'><strong>fit</strong></span> <span class='ocrx_word' id='word_1_424' title='bbox 2943 2148 3116 2220; x_wconf 89' lang='lat' dir='ltr'><strong>gloria</strong></span> <span class='ocrx_word' id='word_1_425' title='bbox 3164 2149 3285 2204; x_wconf 89' lang='lat' dir='ltr'><strong>Dei.</strong></span> <span class='ocrx_word' id='word_1_426' title='bbox 3338 2148 3395 2205; x_wconf 90' lang='lat' dir='ltr'><strong>Si</strong></span> <span class='ocrx_word' id='word_1_427' title='bbox 3457 2157 3512 2203; x_wconf 88' lang='lat' dir='ltr'><strong>et</strong></span> 
     </span>
    </p>
   </div>
   <div class='ocr_carea' id='block_1_51' title="bbox 1914 2241 3505 2315">
    <p class='ocr_par' dir='ltr' id='par_1_51' title="bbox 1914 2241 3505 2315">
     <span class='ocr_line' id='line_1_51' title="bbox 1914 2241 3505 2315; baseline -0.004 -16"><span class='ocrx_word' id='word_1_428' title='bbox 1914 2257 2227 2315; x_wconf 82' lang='lat' dir='ltr'><strong>processus,</strong></span> <span class='ocrx_word' id='word_1_429' title='bbox 2263 2256 2319 2299; x_wconf 90' lang='lat' dir='ltr'><strong>et</strong></span> <span class='ocrx_word' id='word_1_430' title='bbox 2350 2243 2628 2314; x_wconf 86' lang='lat' dir='ltr'><strong>ingressus</strong></span> <span class='ocrx_word' id='word_1_431' title='bbox 2659 2256 2812 2298; x_wconf 88' lang='lat' dir='ltr'><strong>meus</strong></span> <span class='ocrx_word' id='word_1_432' title='bbox 2843 2243 2894 2296; x_wconf 93' lang='lat' dir='ltr'><strong>in</strong></span> <span class='ocrx_word' id='word_1_433' title='bbox 2925 2241 3159 2312; x_wconf 89' lang='lat' dir='ltr'><strong>gloriam</strong></span> <span class='ocrx_word' id='word_1_434' title='bbox 3186 2241 3279 2296; x_wconf 89' lang='lat' dir='ltr'><strong>Dei</strong></span> <span class='ocrx_word' id='word_1_435' title='bbox 3318 2249 3426 2303; x_wconf 85' lang='lat' dir='ltr'><strong>est,</strong></span> <span class='ocrx_word' id='word_1_436' title='bbox 3461 2242 3505 2294; x_wconf 88' lang='lat' dir='ltr'><strong>si</strong></span> 
     </span>
    </p>
   </div>
   <div class='ocr_carea' id='block_1_52' title="bbox 1914 2333 3511 2406">
    <p class='ocr_par' dir='ltr' id='par_1_52' title="bbox 1914 2333 3511 2406">
     <span class='ocr_line' id='line_1_52' title="bbox 1914 2333 3511 2406; baseline -0.005 -14"><span class='ocrx_word' id='word_1_437' title='bbox 1914 2337 2091 2402; x_wconf 90' lang='lat' dir='ltr'><strong>cibus,</strong></span> <span class='ocrx_word' id='word_1_438' title='bbox 2123 2336 2167 2390; x_wconf 89' lang='lat' dir='ltr'><strong>si</strong></span> <span class='ocrx_word' id='word_1_439' title='bbox 2198 2343 2356 2406; x_wconf 89' lang='lat' dir='ltr'><strong>potus</strong></span> <span class='ocrx_word' id='word_1_440' title='bbox 2386 2349 2558 2402; x_wconf 88' lang='lat' dir='ltr'><strong>meus,</strong></span> <span class='ocrx_word' id='word_1_441' title='bbox 2594 2336 2638 2389; x_wconf 91' lang='lat' dir='ltr'><strong>si</strong></span> <span class='ocrx_word' id='word_1_442' title='bbox 2671 2335 2854 2390; x_wconf 91' lang='lat' dir='ltr'><strong>omnia</strong></span> <span class='ocrx_word' id='word_1_443' title='bbox 2887 2349 3008 2403; x_wconf 84' lang='lat' dir='ltr'><strong>quae</strong></span> <span class='ocrx_word' id='word_1_444' title='bbox 3037 2333 3174 2389; x_wconf 87' lang='lat' dir='ltr'><strong>facio</strong></span> <span class='ocrx_word' id='word_1_445' title='bbox 3201 2333 3254 2388; x_wconf 92' lang='lat' dir='ltr'><strong>in</strong></span> <span class='ocrx_word' id='word_1_446' title='bbox 3284 2333 3511 2404; x_wconf 85' lang='lat' dir='ltr'><strong>gloriam</strong></span> 
     </span>
    </p>
   </div>
   <div class='ocr_carea' id='block_1_53' title="bbox 1919 2427 3510 2502">
    <p class='ocr_par' dir='ltr' id='par_1_53' title="bbox 1919 2427 3510 2502">
     <span class='ocr_line' id='line_1_53' title="bbox 1919 2427 3510 2502; baseline -0.003 -16"><span class='ocrx_word' id='word_1_447' title='bbox 1919 2432 2012 2487; x_wconf 89' lang='lat' dir='ltr'><strong>Dei</strong></span> <span class='ocrx_word' id='word_1_448' title='bbox 2067 2433 2217 2497; x_wconf 89' lang='lat' dir='ltr'><strong>liant,</strong></span> <span class='ocrx_word' id='word_1_449' title='bbox 2251 2440 2307 2487; x_wconf 90' lang='lat' dir='ltr'><strong>et</strong></span> <span class='ocrx_word' id='word_1_450' title='bbox 2335 2445 2436 2502; x_wconf 88' lang='lat' dir='ltr'><strong>ego</strong></span> <span class='ocrx_word' id='word_1_451' title='bbox 2469 2429 2742 2500; x_wconf 88' lang='lat' dir='ltr'><strong>particeps</strong></span> <span class='ocrx_word' id='word_1_452' title='bbox 2782 2445 2902 2484; x_wconf 91' lang='lat' dir='ltr'><strong>sum</strong></span> <span class='ocrx_word' id='word_1_453' title='bbox 2934 2429 3092 2485; x_wconf 90' lang='lat' dir='ltr'><strong>istius</strong></span> <span class='ocrx_word' id='word_1_454' title='bbox 3121 2428 3251 2485; x_wconf 91' lang='lat' dir='ltr'><strong>dicti</strong></span> <span class='ocrx_word' id='word_1_455' title='bbox 3299 2447 3311 2482; x_wconf 91' lang='lat'><strong>:</strong></span> <span class='ocrx_word' id='word_1_456' title='bbox 3348 2427 3510 2483; x_wconf 81' lang='lat' dir='ltr'><strong>Plena</strong></span> 
     </span>
    </p>
   </div>
   <div class='ocr_carea' id='block_1_54' title="bbox 1917 2521 3500 2596">
    <p class='ocr_par' dir='ltr' id='par_1_54' title="bbox 1917 2521 3500 2596">
     <span class='ocr_line' id='line_1_54' title="bbox 1917 2521 3500 2596; baseline -0.001 -18"><span class='ocrx_word' id='word_1_457' title='bbox 1917 2531 1990 2578; x_wconf 88' lang='lat' dir='ltr'><strong>est</strong></span> <span class='ocrx_word' id='word_1_458' title='bbox 2020 2533 2156 2577; x_wconf 84' lang='lat' dir='ltr'><strong>terra</strong></span> <span class='ocrx_word' id='word_1_459' title='bbox 2184 2523 2352 2594; x_wconf 84' lang='lat' dir='ltr'><strong>gloria</strong></span> <span class='ocrx_word' id='word_1_460' title='bbox 2385 2526 2520 2596; x_wconf 87' lang='lat' dir='ltr'><strong>ejus.</strong></span> <span class='ocrx_word' id='word_1_461' title='bbox 2550 2523 2684 2578; x_wconf 88' lang='lat' dir='ltr'><strong>Cum</strong></span> <span class='ocrx_word' id='word_1_462' title='bbox 2732 2538 2863 2593; x_wconf 90' lang='lat' dir='ltr'><strong>ergo</strong></span> <span class='ocrx_word' id='word_1_463' title='bbox 2913 2523 3093 2578; x_wconf 90' lang='lat' dir='ltr'><strong>omnia</strong></span> <span class='ocrx_word' id='word_1_464' title='bbox 3144 2522 3246 2577; x_wconf 89' lang='lat' dir='ltr'><strong>ista</strong></span> <span class='ocrx_word' id='word_1_465' title='bbox 3294 2521 3500 2588; x_wconf 85' lang='lat' dir='ltr'><strong>fecero,</strong></span> 
     </span>
    </p>
   </div>
   <div class='ocr_carea' id='block_1_55' title="bbox 1918 2614 3513 2688">
    <p class='ocr_par' dir='ltr' id='par_1_55' title="bbox 1918 2614 3513 2688">
     <span class='ocr_line' id='line_1_55' title="bbox 1918 2614 3513 2688; baseline -0.004 -14"><span class='ocrx_word' id='word_1_466' title='bbox 1918 2618 2188 2674; x_wconf 88' lang='lat' dir='ltr'><strong>elevatum</strong></span> <span class='ocrx_word' id='word_1_467' title='bbox 2217 2625 2301 2673; x_wconf 92' lang='lat' dir='ltr'><strong>est</strong></span> <span class='ocrx_word' id='word_1_468' title='bbox 2339 2616 2754 2687; x_wconf 89' lang='lat' dir='ltr'><strong>superliminare</strong></span> <span class='ocrx_word' id='word_1_469' title='bbox 2800 2631 2831 2672; x_wconf 90' lang='lat' dir='ltr'><strong>a</strong></span> <span class='ocrx_word' id='word_1_470' title='bbox 2874 2631 3007 2671; x_wconf 89' lang='lat' dir='ltr'><strong>voce</strong></span> <span class='ocrx_word' id='word_1_471' title='bbox 3045 2614 3353 2688; x_wconf 88' lang='lat' dir='ltr'><strong>Seraphim,</strong></span> <span class='ocrx_word' id='word_1_472' title='bbox 3405 2629 3513 2686; x_wconf 89' lang='lat' dir='ltr'><strong>qua</strong></span> 
     </span>
    </p>
   </div>
   <div class='ocr_carea' id='block_1_56' title="bbox 1919 2708 3516 2780">
    <p class='ocr_par' dir='ltr' id='par_1_56' title="bbox 1919 2708 3516 2780">
     <span class='ocr_line' id='line_1_56' title="bbox 1919 2708 3516 2780; baseline -0.001 -16"><span class='ocrx_word' id='word_1_473' title='bbox 1919 2710 2246 2768; x_wconf 89' lang='lat' dir='ltr'><strong>clamabant.</strong></span> <span class='ocrx_word' id='word_1_474' title='bbox 2292 2708 2518 2766; x_wconf 88' lang='lat' dir='ltr'><strong>Beatum</strong></span> <span class='ocrx_word' id='word_1_475' title='bbox 2549 2720 2636 2766; x_wconf 91' lang='lat' dir='ltr'><strong>est</strong></span> <span class='ocrx_word' id='word_1_476' title='bbox 2684 2710 2866 2780; x_wconf 89' lang='lat' dir='ltr'><strong>itaque</strong></span> <span class='ocrx_word' id='word_1_477' title='bbox 2912 2723 3354 2779; x_wconf 91' lang='lat' dir='ltr'><strong>unumquemque</strong></span> <span class='ocrx_word' id='word_1_478' title='bbox 3383 2723 3516 2762; x_wconf 88' lang='lat' dir='ltr'><strong>nos-</strong></span> 
     </span>
    </p>
   </div>
   <div class='ocr_carea' id='block_1_57' title="bbox 1922 2800 3514 2874">
    <p class='ocr_par' dir='ltr' id='par_1_57' title="bbox 1922 2800 3514 2874">
     <span class='ocr_line' id='line_1_57' title="bbox 1922 2800 3514 2874; baseline -0.003 -15"><span class='ocrx_word' id='word_1_479' title='bbox 1922 2813 2064 2859; x_wconf 92' lang='lat' dir='ltr'><strong>trum</strong></span> <span class='ocrx_word' id='word_1_480' title='bbox 2094 2805 2164 2859; x_wconf 90' lang='lat' dir='ltr'><strong>ita</strong></span> <span class='ocrx_word' id='word_1_481' title='bbox 2194 2804 2444 2860; x_wconf 87' lang='lat' dir='ltr'><strong>laborare</strong></span> <span class='ocrx_word' id='word_1_482' title='bbox 2469 2813 2526 2860; x_wconf 93' lang='lat' dir='ltr'><strong>ut</strong></span> <span class='ocrx_word' id='word_1_483' title='bbox 2565 2805 2840 2874; x_wconf 89' lang='lat' dir='ltr'><strong>particeps</strong></span> <span class='ocrx_word' id='word_1_484' title='bbox 2875 2801 2971 2858; x_wconf 82' lang='lat' dir='ltr'><strong>ﬁat</strong></span> <span class='ocrx_word' id='word_1_485' title='bbox 3009 2801 3156 2867; x_wconf 89' lang='lat' dir='ltr'><strong>ostii,</strong></span> <span class='ocrx_word' id='word_1_486' title='bbox 3193 2810 3249 2857; x_wconf 89' lang='lat' dir='ltr'><strong>et</strong></span> <span class='ocrx_word' id='word_1_487' title='bbox 3277 2800 3514 2870; x_wconf 86' lang='lat' dir='ltr'><strong>superli-</strong></span> 
     </span>
    </p>
   </div>
   <div class='ocr_carea' id='block_1_58' title="bbox 1922 2895 3518 2971">
    <p class='ocr_par' dir='ltr' id='par_1_58' title="bbox 1922 2895 3518 2971">
     <span class='ocr_line' id='line_1_58' title="bbox 1922 2895 3518 2971; baseline -0.003 -17"><span class='ocrx_word' id='word_1_488' title='bbox 1922 2899 2149 2954; x_wconf 89' lang='lat' dir='ltr'><strong>minaris</strong></span> <span class='ocrx_word' id='word_1_489' title='bbox 2177 2899 2323 2965; x_wconf 87' lang='lat' dir='ltr'><strong>ostii,</strong></span> <span class='ocrx_word' id='word_1_490' title='bbox 2357 2899 2503 2971; x_wconf 86' lang='lat' dir='ltr'><strong>quod</strong></span> <span class='ocrx_word' id='word_1_491' title='bbox 2545 2900 2701 2969; x_wconf 80' lang='lat' dir='ltr'><strong>juxta</strong></span> <span class='ocrx_word' id='word_1_492' title='bbox 2744 2898 3080 2954; x_wconf 90' lang='lat' dir='ltr'><strong>intellectum</strong></span> <span class='ocrx_word' id='word_1_493' title='bbox 3133 2906 3218 2952; x_wconf 90' lang='lat' dir='ltr'><strong>est</strong></span> <span class='ocrx_word' id='word_1_494' title='bbox 3267 2895 3518 2952; x_wconf 88' lang='lat' dir='ltr'><strong>Christus</strong></span> 
     </span>
    </p>
   </div>
   <div class='ocr_carea' id='block_1_59' title="bbox 1922 2988 3523 3062">
    <p class='ocr_par' dir='ltr' id='par_1_59' title="bbox 1922 2988 3523 3062">
     <span class='ocr_line' id='line_1_59' title="bbox 1922 2988 3523 3062; baseline -0.002 -17"><span class='ocrx_word' id='word_1_495' title='bbox 1922 2990 2086 3045; x_wconf 87' lang='lat' dir='ltr'><strong>Deus.</strong></span> <span class='ocrx_word' id='word_1_496' title='bbox 2112 2989 2298 3062; x_wconf 88' lang='lat' dir='ltr'><strong>Neque</strong></span> <span class='ocrx_word' id='word_1_497' title='bbox 2336 2992 2481 3047; x_wconf 92' lang='lat' dir='ltr'><strong>enim</strong></span> <span class='ocrx_word' id='word_1_498' title='bbox 2527 2991 2789 3047; x_wconf 91' lang='lat' dir='ltr'><strong>indecens</strong></span> <span class='ocrx_word' id='word_1_499' title='bbox 2816 2990 2965 3047; x_wconf 89' lang='lat' dir='ltr'><strong>dictu</strong></span> <span class='ocrx_word' id='word_1_500' title='bbox 3011 3005 3137 3046; x_wconf 89' lang='lat' dir='ltr'><strong>reor</strong></span> <span class='ocrx_word' id='word_1_501' title='bbox 3176 2988 3375 3045; x_wconf 86' lang='lat' dir='ltr'><strong>ostium</strong></span> <span class='ocrx_word' id='word_1_502' title='bbox 3400 3003 3523 3043; x_wconf 85' lang='lat' dir='ltr'><strong>car-</strong></span> 
     </span>
    </p>
   </div>
   <div class='ocr_carea' id='block_1_60' title="bbox 1925 3084 3200 3156">
    <p class='ocr_par' dir='ltr' id='par_1_60' title="bbox 1925 3084 3200 3156">
     <span class='ocr_line' id='line_1_60' title="bbox 1925 3084 3200 3156; baseline -0.001 -17"><span class='ocrx_word' id='word_1_503' title='bbox 1925 3100 2072 3152; x_wconf 92' lang='lat' dir='ltr'><strong>nem,</strong></span> <span class='ocrx_word' id='word_1_504' title='bbox 2103 3095 2156 3141; x_wconf 92' lang='lat' dir='ltr'><strong>et</strong></span> <span class='ocrx_word' id='word_1_505' title='bbox 2184 3084 2595 3155; x_wconf 91' lang='lat' dir='ltr'><strong>superliminare</strong></span> <span class='ocrx_word' id='word_1_506' title='bbox 2618 3085 2842 3141; x_wconf 90' lang='lat' dir='ltr'><strong>verbum</strong></span> <span class='ocrx_word' id='word_1_507' title='bbox 2875 3085 3200 3156; x_wconf 88' lang='lat' dir='ltr'><strong>nuncupari.</strong></span> 
     </span>
    </p>
   </div>
   <div class='ocr_carea' id='block_1_61' title="bbox 1996 3176 3520 3248">
    <p class='ocr_par' dir='ltr' id='par_1_61' title="bbox 1996 3176 3520 3248">
     <span class='ocr_line' id='line_1_61' title="bbox 1996 3176 3520 3248; baseline -0.002 -16"><span class='ocrx_word' id='word_1_508' title='bbox 1996 3178 2085 3234; x_wconf 85' lang='lat' dir='ltr'><strong>Ill.</strong></span> <span class='ocrx_word' id='word_1_509' title='bbox 2131 3176 2405 3233; x_wconf 79' lang='lat' dir='ltr'><strong>Elevatum</strong></span> <span class='ocrx_word' id='word_1_510' title='bbox 2433 3185 2506 3232; x_wconf 84' lang='lat' dir='ltr'><strong>est</strong></span> <span class='ocrx_word' id='word_1_511' title='bbox 2531 3177 2928 3248; x_wconf 87' lang='lat' dir='ltr'><strong>superliminare</strong></span> <span class='ocrx_word' id='word_1_512' title='bbox 2971 3195 3002 3230; x_wconf 91' lang='lat' dir='ltr'><strong>a</strong></span> <span class='ocrx_word' id='word_1_513' title='bbox 3040 3193 3159 3232; x_wconf 83' lang='lat' dir='ltr'><strong>voce</strong></span> <span class='ocrx_word' id='word_1_514' title='bbox 3183 3195 3286 3248; x_wconf 87' lang='lat' dir='ltr'><strong>qua</strong></span> <span class='ocrx_word' id='word_1_515' title='bbox 3319 3177 3520 3231; x_wconf 81' lang='lat' dir='ltr'><strong>elauta-</strong></span> 
     </span>
    </p>
   </div>
   <div class='ocr_carea' id='block_1_62' title="bbox 207 3266 3519 3342">
    <p class='ocr_par' dir='ltr' id='par_1_62' title="bbox 207 3266 3519 3342">
     <span class='ocr_line' id='line_1_62' title="bbox 207 3266 3519 3342; baseline -0.002 -12"><span class='ocrx_word' id='word_1_516' title='bbox 207 3277 382 3330; x_wconf 84' lang='lat' dir='ltr'><strong>ltomo</strong></span> <span class='ocrx_word' id='word_1_517' title='bbox 411 3288 476 3329; x_wconf 86' lang='lat' dir='ltr'><strong>ea</strong></span> <span class='ocrx_word' id='word_1_518' title='bbox 500 3281 705 3327; x_wconf 90' lang='lat' dir='ltr'><strong>tantum</strong></span> <span class='ocrx_word' id='word_1_519' title='bbox 744 3279 924 3342; x_wconf 86' lang='lat' dir='ltr'><strong>potest</strong></span> <span class='ocrx_word' id='word_1_520' title='bbox 948 3283 1147 3340; x_wconf 88' lang='lat' dir='ltr'><strong>capere</strong></span> <span class='ocrx_word' id='word_1_521' title='bbox 1177 3283 1298 3337; x_wconf 76' lang='lat' dir='ltr'><strong>qua:</strong></span> <span class='ocrx_word' id='word_1_522' title='bbox 1350 3266 1528 3322; x_wconf 89' lang='lat' dir='ltr'><strong>media</strong></span> <span class='ocrx_word' id='word_1_523' title='bbox 1577 3272 1727 3332; x_wconf 89' lang='lat' dir='ltr'><strong>sunt,</strong></span> <span class='ocrx_word' id='word_1_524' title='bbox 1761 3273 1817 3320; x_wconf 89' lang='lat' dir='ltr'><strong>et</strong></span> <span class='ocrx_word' id='word_1_525' title='bbox 1843 3267 1888 3330; x_wconf 90' lang='lat' dir='ltr'><strong><em>C</em></strong></span> <span class='ocrx_word' id='word_1_526' title='bbox 1923 3272 2069 3339; x_wconf 86' lang='lat' dir='ltr'><strong>bant,</strong></span> <span class='ocrx_word' id='word_1_527' title='bbox 2103 3278 2152 3325; x_wconf 86' lang='lat' dir='ltr'><strong>et</strong></span> <span class='ocrx_word' id='word_1_528' title='bbox 2179 3271 2362 3325; x_wconf 85' lang='lat' dir='ltr'><strong>domus</strong></span> <span class='ocrx_word' id='word_1_529' title='bbox 2388 3269 2586 3341; x_wconf 87' lang='lat' dir='ltr'><strong>repleta</strong></span> <span class='ocrx_word' id='word_1_530' title='bbox 2626 3277 2702 3325; x_wconf 83' lang='lat' dir='ltr'><strong>est</strong></span> <span class='ocrx_word' id='word_1_531' title='bbox 2742 3270 2905 3340; x_wconf 68' lang='lat' dir='ltr'><strong>furno.</strong></span> <span class='ocrx_word' id='word_1_532' title='bbox 2940 3269 3146 3325; x_wconf 86' lang='lat' dir='ltr'><strong>Fumus</strong></span> <span class='ocrx_word' id='word_1_533' title='bbox 3185 3271 3288 3326; x_wconf 91' lang='lat' dir='ltr'><strong>iste</strong></span> <span class='ocrx_word' id='word_1_534' title='bbox 3314 3270 3519 3325; x_wconf 92' lang='lat' dir='ltr'><strong>donum</strong></span> 
     </span>
    </p>
   </div>
   <div class='ocr_carea' id='block_1_63' title="bbox 208 3359 1819 3441">
    <p class='ocr_par' dir='ltr' id='par_1_63' title="bbox 208 3359 1819 3441">
     <span class='ocr_line' id='line_1_63' title="bbox 208 3359 1819 3441; baseline -0.009 -14"><span class='ocrx_word' id='word_1_535' title='bbox 208 3389 270 3427; x_wconf 91' lang='lat' dir='ltr'><strong>ea</strong></span> <span class='ocrx_word' id='word_1_536' title='bbox 303 3385 430 3441; x_wconf 87' lang='lat' dir='ltr'><strong>quae</strong></span> <span class='ocrx_word' id='word_1_537' title='bbox 460 3377 584 3440; x_wconf 90' lang='lat' dir='ltr'><strong>post</strong></span> <span class='ocrx_word' id='word_1_538' title='bbox 622 3366 881 3424; x_wconf 90' lang='lat' dir='ltr'><strong>mundum</strong></span> <span class='ocrx_word' id='word_1_539' title='bbox 907 3380 1078 3436; x_wconf 89' lang='lat' dir='ltr'><strong>usque</strong></span> <span class='ocrx_word' id='word_1_540' title='bbox 1113 3363 1182 3419; x_wconf 91' lang='lat' dir='ltr'><strong>ad</strong></span> <span class='ocrx_word' id='word_1_541' title='bbox 1211 3361 1737 3418; x_wconf 90' lang='lat' dir='ltr'><strong>consummationem</strong></span> <span class='ocrx_word' id='word_1_542' title='bbox 1764 3359 1819 3413; x_wconf 91' lang='lat' dir='ltr'><strong>in</strong></span> 
     </span>
    </p>
   </div>
   <div class='ocr_carea' id='block_1_64' title="bbox 205 3454 1823 3538">
    <p class='ocr_par' dir='ltr' id='par_1_64' title="bbox 205 3454 1823 3538">
     <span class='ocr_line' id='line_1_64' title="bbox 205 3454 1823 3538; baseline -0.008 -17"><span class='ocrx_word' id='word_1_543' title='bbox 205 3463 422 3538; x_wconf 87' lang='lat' dir='ltr'><strong>judicio</strong></span> <span class='ocrx_word' id='word_1_544' title='bbox 447 3470 574 3518; x_wconf 91' lang='lat' dir='ltr'><strong>sunt</strong></span> <span class='ocrx_word' id='word_1_545' title='bbox 605 3461 807 3528; x_wconf 90' lang='lat' dir='ltr'><strong>futura,</strong></span> <span class='ocrx_word' id='word_1_546' title='bbox 856 3460 926 3515; x_wconf 85' lang='lat' dir='ltr'><strong>de</strong></span> <span class='ocrx_word' id='word_1_547' title='bbox 973 3460 1168 3529; x_wconf 69' lang='lat' dir='ltr'><strong>pinnis,</strong></span> <span class='ocrx_word' id='word_1_548' title='bbox 1219 3457 1289 3512; x_wconf 93' lang='lat' dir='ltr'><strong>de</strong></span> <span class='ocrx_word' id='word_1_549' title='bbox 1330 3456 1708 3513; x_wconf 90' lang='lat' dir='ltr'><strong>retributione.</strong></span> <span class='ocrx_word' id='word_1_550' title='bbox 1755 3454 1823 3508; x_wconf 92' lang='lat' dir='ltr'><strong>Et</strong></span> 
     </span>
    </p>
   </div>
   <div class='ocr_carea' id='block_1_65' title="bbox 214 3548 1825 3626">
    <p class='ocr_par' dir='ltr' id='par_1_65' title="bbox 214 3548 1825 3626">
     <span class='ocr_line' id='line_1_65' title="bbox 214 3548 1825 3626; baseline -0.009 -13"><span class='ocrx_word' id='word_1_551' title='bbox 214 3560 419 3614; x_wconf 90' lang='lat' dir='ltr'><strong>horum</strong></span> <span class='ocrx_word' id='word_1_552' title='bbox 449 3569 666 3626; x_wconf 89' lang='lat' dir='ltr'><strong>quoque</strong></span> <span class='ocrx_word' id='word_1_553' title='bbox 693 3553 860 3609; x_wconf 90' lang='lat' dir='ltr'><strong>multa</strong></span> <span class='ocrx_word' id='word_1_554' title='bbox 889 3553 1155 3607; x_wconf 89' lang='lat' dir='ltr'><strong>absconsa</strong></span> <span class='ocrx_word' id='word_1_555' title='bbox 1186 3558 1313 3604; x_wconf 90' lang='lat' dir='ltr'><strong>sunt</strong></span> <span class='ocrx_word' id='word_1_556' title='bbox 1355 3548 1533 3610; x_wconf 85' lang='lat' dir='ltr'><strong>nobis,</strong></span> <span class='ocrx_word' id='word_1_557' title='bbox 1569 3557 1624 3602; x_wconf 93' lang='lat' dir='ltr'><strong>ut</strong></span> <span class='ocrx_word' id='word_1_558' title='bbox 1659 3559 1825 3618; x_wconf 87' lang='lat' dir='ltr'><strong>prop-</strong></span> 
     </span>
    </p>
   </div>
   <div class='ocr_carea' id='block_1_66' title="bbox 212 3639 1826 3718">
    <p class='ocr_par' dir='ltr' id='par_1_66' title="bbox 212 3639 1826 3718">
     <span class='ocr_line' id='line_1_66' title="bbox 212 3639 1826 3718; baseline -0.011 -11"><span class='ocrx_word' id='word_1_559' title='bbox 212 3665 301 3708; x_wconf 88' lang='lat' dir='ltr'><strong>ter</strong></span> <span class='ocrx_word' id='word_1_560' title='bbox 339 3650 444 3704; x_wconf 91' lang='lat' dir='ltr'><strong>boc</strong></span> <span class='ocrx_word' id='word_1_561' title='bbox 474 3647 690 3718; x_wconf 86' lang='lat' dir='ltr'><strong>quidem</strong></span> <span class='ocrx_word' id='word_1_562' title='bbox 714 3645 976 3716; x_wconf 89' lang='lat' dir='ltr'><strong>scriptum</strong></span> <span class='ocrx_word' id='word_1_563' title='bbox 1023 3644 1136 3698; x_wconf 91' lang='lat' dir='ltr'><strong>sit:</strong></span> <span class='ocrx_word' id='word_1_564' title='bbox 1194 3641 1407 3696; x_wconf 87' lang='lat' dir='ltr'><strong>Duabus</strong></span> <span class='ocrx_word' id='word_1_565' title='bbox 1453 3639 1692 3695; x_wconf 77' lang='lat' dir='ltr'><strong>vetabant</strong></span> <span class='ocrx_word' id='word_1_566' title='bbox 1743 3639 1826 3706; x_wconf 75' lang='lat' dir='ltr'><strong>[a-</strong></span> 
     </span>
    </p>
   </div>
   <div class='ocr_carea' id='block_1_67' title="bbox 214 3730 1821 3802">
    <p class='ocr_par' dir='ltr' id='par_1_67' title="bbox 214 3730 1821 3802">
     <span class='ocr_line' id='line_1_67' title="bbox 214 3730 1821 3802; baseline -0.007 -4"><span class='ocrx_word' id='word_1_567' title='bbox 214 3745 375 3799; x_wconf 84' lang='lat' dir='ltr'><strong>ciem.</strong></span> <span class='ocrx_word' id='word_1_568' title='bbox 401 3739 520 3796; x_wconf 86' lang='lat' dir='ltr'><strong>Non</strong></span> <span class='ocrx_word' id='word_1_569' title='bbox 546 3740 721 3795; x_wconf 87' lang='lat' dir='ltr'><strong>solum</strong></span> <span class='ocrx_word' id='word_1_570' title='bbox 742 3746 924 3793; x_wconf 87' lang='lat' dir='ltr'><strong>autem</strong></span> <span class='ocrx_word' id='word_1_571' title='bbox 937 3735 1214 3801; x_wconf 88' lang='lat' dir='ltr'><strong>velabant,</strong></span> <span class='ocrx_word' id='word_1_572' title='bbox 1241 3733 1336 3788; x_wconf 89' lang='lat' dir='ltr'><strong>sed</strong></span> <span class='ocrx_word' id='word_1_573' title='bbox 1365 3743 1418 3788; x_wconf 90' lang='lat' dir='ltr'><strong>et</strong></span> <span class='ocrx_word' id='word_1_574' title='bbox 1436 3730 1821 3802; x_wconf 84' lang='lat' dir='ltr'><strong>contegebant,</strong></span> 
     </span>
    </p>
   </div>
   <div class='ocr_carea' id='block_1_68' title="bbox 216 3823 1830 3896">
    <p class='ocr_par' dir='ltr' id='par_1_68' title="bbox 216 3823 1830 3896">
     <span class='ocr_line' id='line_1_68' title="bbox 216 3823 1830 3896; baseline -0.011 -2"><span class='ocrx_word' id='word_1_575' title='bbox 216 3839 268 3895; x_wconf 89' lang='lat' dir='ltr'><strong>id</strong></span> <span class='ocrx_word' id='word_1_576' title='bbox 301 3845 392 3893; x_wconf 90' lang='lat' dir='ltr'><strong>est</strong></span> <span class='ocrx_word' id='word_1_577' title='bbox 419 3836 499 3891; x_wconf 89' lang='lat' dir='ltr'><strong>sic</strong></span> <span class='ocrx_word' id='word_1_578' title='bbox 525 3832 798 3896; x_wconf 83' lang='lat' dir='ltr'><strong>velabant,</strong></span> <span class='ocrx_word' id='word_1_579' title='bbox 840 3839 898 3885; x_wconf 91' lang='lat' dir='ltr'><strong>nt</strong></span> <span class='ocrx_word' id='word_1_580' title='bbox 928 3845 1027 3885; x_wconf 85' lang='lat' dir='ltr'><strong>nec</strong></span> <span class='ocrx_word' id='word_1_581' title='bbox 1070 3827 1343 3884; x_wconf 89' lang='lat' dir='ltr'><strong>modicum</strong></span> <span class='ocrx_word' id='word_1_582' title='bbox 1376 3825 1654 3881; x_wconf 90' lang='lat' dir='ltr'><strong>videretur</strong></span> <span class='ocrx_word' id='word_1_583' title='bbox 1681 3823 1830 3894; x_wconf 90' lang='lat' dir='ltr'><strong>prio-</strong></span> 
     </span>
    </p>
   </div>
   <div class='ocr_carea' id='block_1_69' title="bbox 218 3914 1828 3998">
    <p class='ocr_par' dir='ltr' id='par_1_69' title="bbox 218 3914 1828 3998">
     <span class='ocr_line' id='line_1_69' title="bbox 218 3914 1828 3998; baseline -0.012 -10"><span class='ocrx_word' id='word_1_584' title='bbox 218 3946 372 3998; x_wconf 89' lang='lat' dir='ltr'><strong>rum,</strong></span> <span class='ocrx_word' id='word_1_585' title='bbox 405 3927 530 3982; x_wconf 84' lang='lat' dir='ltr'><strong>dico</strong></span> <span class='ocrx_word' id='word_1_586' title='bbox 562 3934 741 3982; x_wconf 90' lang='lat' dir='ltr'><strong>autem</strong></span> <span class='ocrx_word' id='word_1_587' title='bbox 769 3922 926 3979; x_wconf 84' lang='lat' dir='ltr'><strong>faciei</strong></span> <span class='ocrx_word' id='word_1_588' title='bbox 965 3941 975 3975; x_wconf 93' lang='lat'>:</span> <span class='ocrx_word' id='word_1_589' title='bbox 1037 3935 1214 3991; x_wconf 91' lang='lat' dir='ltr'><strong>neque</strong></span> <span class='ocrx_word' id='word_1_590' title='bbox 1270 3917 1547 3990; x_wconf 89' lang='lat' dir='ltr'><strong>paululum</strong></span> <span class='ocrx_word' id='word_1_591' title='bbox 1613 3914 1828 3987; x_wconf 80' lang='lat'><strong>1116</strong></span> 
     </span>
    </p>
   </div>
   <div class='ocr_carea' id='block_1_70' title="bbox 218 4009 1828 4098">
    <p class='ocr_par' dir='ltr' id='par_1_70' title="bbox 218 4009 1828 4098">
     <span class='ocr_line' id='line_1_70' title="bbox 218 4009 1828 4098; baseline -0.012 -18"><span class='ocrx_word' id='word_1_592' title='bbox 218 4024 355 4098; x_wconf 90' lang='lat' dir='ltr'><strong>quid</strong></span> <span class='ocrx_word' id='word_1_593' title='bbox 401 4029 791 4094; x_wconf 88' lang='lat' dir='ltr'><strong>agnosceretur</strong></span> <span class='ocrx_word' id='word_1_594' title='bbox 838 4016 1280 4080; x_wconf 86' lang='lat' dir='ltr'><strong>novissimorum,</strong></span> <span class='ocrx_word' id='word_1_595' title='bbox 1330 4013 1433 4066; x_wconf 90' lang='lat' dir='ltr'><strong>hoc</strong></span> <span class='ocrx_word' id='word_1_596' title='bbox 1479 4020 1582 4076; x_wconf 88' lang='lat' dir='ltr'><strong>est,</strong></span> <span class='ocrx_word' id='word_1_597' title='bbox 1628 4009 1828 4078; x_wconf 88' lang='lat' dir='ltr'><strong>pedum</strong></span> 
     </span>
    </p>
   </div>
   <div class='ocr_carea' id='block_1_71' title="bbox 217 4101 1830 4189">
    <p class='ocr_par' dir='ltr' id='par_1_71' title="bbox 217 4101 1830 4189">
     <span class='ocr_line' id='line_1_71' title="bbox 217 4101 1830 4189; baseline -0.012 -15"><span class='ocrx_word' id='word_1_598' title='bbox 217 4122 368 4189; x_wconf 88' lang='lat' dir='ltr'><strong>ejus.</strong></span> <span class='ocrx_word' id='word_1_599' title='bbox 418 4114 630 4169; x_wconf 86' lang='lat' dir='ltr'><strong>Duabus</strong></span> <span class='ocrx_word' id='word_1_600' title='bbox 679 4112 937 4166; x_wconf 70' lang='lat' dir='ltr'><strong>volabant.</strong></span> <span class='ocrx_word' id='word_1_601' title='bbox 992 4108 1193 4178; x_wconf 81' lang='lat' dir='ltr'><strong>Aperta</strong></span> <span class='ocrx_word' id='word_1_602' title='bbox 1240 4116 1365 4159; x_wconf 89' lang='lat' dir='ltr'><strong>sunt</strong></span> <span class='ocrx_word' id='word_1_603' title='bbox 1397 4102 1570 4158; x_wconf 89' lang='lat' dir='ltr'><strong>media</strong></span> <span class='ocrx_word' id='word_1_604' title='bbox 1601 4101 1666 4156; x_wconf 90' lang='lat' dir='ltr'><strong>ad</strong></span> <span class='ocrx_word' id='word_1_605' title='bbox 1699 4115 1830 4156; x_wconf 90' lang='lat' dir='ltr'><strong>con-</strong></span> 
     </span>
    </p>
   </div>
   <div class='ocr_carea' id='block_1_72' title="bbox 220 4195 1832 4282">
    <p class='ocr_par' dir='ltr' id='par_1_72' title="bbox 220 4195 1832 4282">
     <span class='ocr_line' id='line_1_72' title="bbox 220 4195 1832 4282; baseline -0.012 -14"><span class='ocrx_word' id='word_1_606' title='bbox 220 4209 621 4282; x_wconf 86' lang='lat' dir='ltr'><strong>templandum.</strong></span> <span class='ocrx_word' id='word_1_607' title='bbox 646 4205 710 4261; x_wconf 76' lang='lat' dir='ltr'><strong>Et</strong></span> <span class='ocrx_word' id='word_1_608' title='bbox 725 4205 1015 4260; x_wconf 84' lang='lat' dir='ltr'><strong>clamabant</strong></span> <span class='ocrx_word' id='word_1_609' title='bbox 1043 4202 1172 4256; x_wconf 83' lang='lat' dir='ltr'><strong>alter</strong></span> <span class='ocrx_word' id='word_1_610' title='bbox 1194 4200 1264 4254; x_wconf 86' lang='lat' dir='ltr'><strong>ad</strong></span> <span class='ocrx_word' id='word_1_611' title='bbox 1291 4201 1527 4254; x_wconf 81' lang='lat' dir='ltr'><strong>alterum.</strong></span> <span class='ocrx_word' id='word_1_612' title='bbox 1554 4195 1672 4250; x_wconf 85' lang='lat' dir='ltr'><strong>Non</strong></span> <span class='ocrx_word' id='word_1_613' title='bbox 1694 4195 1832 4249; x_wconf 87' lang='lat' dir='ltr'><strong>alter</strong></span> 
     </span>
    </p>
   </div>
   <div class='ocr_carea' id='block_1_73' title="bbox 222 4290 1832 4372">
    <p class='ocr_par' dir='ltr' id='par_1_73' title="bbox 222 4290 1832 4372">
     <span class='ocr_line' id='line_1_73' title="bbox 222 4290 1832 4372; baseline -0.012 -11"><span class='ocrx_word' id='word_1_614' title='bbox 222 4306 292 4361; x_wconf 81' lang='lat' dir='ltr'><strong>ad</strong></span> <span class='ocrx_word' id='word_1_615' title='bbox 329 4304 533 4372; x_wconf 89' lang='lat' dir='ltr'><strong>plures,</strong></span> <span class='ocrx_word' id='word_1_616' title='bbox 565 4301 660 4356; x_wconf 88' lang='lat' dir='ltr'><strong>sed</strong></span> <span class='ocrx_word' id='word_1_617' title='bbox 693 4301 829 4355; x_wconf 89' lang='lat' dir='ltr'><strong>alter</strong></span> <span class='ocrx_word' id='word_1_618' title='bbox 859 4298 926 4352; x_wconf 89' lang='lat' dir='ltr'><strong>ad</strong></span> <span class='ocrx_word' id='word_1_619' title='bbox 967 4296 1222 4351; x_wconf 87' lang='lat' dir='ltr'><strong>alterum.</strong></span> <span class='ocrx_word' id='word_1_620' title='bbox 1255 4293 1458 4350; x_wconf 81' lang='lat' dir='ltr'><strong>Audire</strong></span> <span class='ocrx_word' id='word_1_621' title='bbox 1486 4290 1629 4345; x_wconf 89' lang='lat' dir='ltr'><strong>enim</strong></span> <span class='ocrx_word' id='word_1_622' title='bbox 1675 4303 1832 4344; x_wconf 84' lang='lat' dir='ltr'><strong>sanc-</strong></span> 
     </span>
    </p>
   </div>
   <div class='ocr_carea' id='block_1_74' title="bbox 223 4384 1830 4465">
    <p class='ocr_par' dir='ltr' id='par_1_74' title="bbox 223 4384 1830 4465">
     <span class='ocr_line' id='line_1_74' title="bbox 223 4384 1830 4465; baseline -0.011 -9"><span class='ocrx_word' id='word_1_623' title='bbox 223 4399 522 4457; x_wconf 86' lang='lat' dir='ltr'><strong>titudincm</strong></span> <span class='ocrx_word' id='word_1_624' title='bbox 555 4395 650 4452; x_wconf 87' lang='lat' dir='ltr'><strong>Dei</strong></span> <span class='ocrx_word' id='word_1_625' title='bbox 690 4410 813 4465; x_wconf 84' lang='lat' dir='ltr'><strong>quae</strong></span> <span class='ocrx_word' id='word_1_626' title='bbox 865 4391 1216 4446; x_wconf 87' lang='lat' dir='ltr'><strong>annuntiatur</strong></span> <span class='ocrx_word' id='word_1_627' title='bbox 1257 4404 1284 4442; x_wconf 91' lang='lat' dir='ltr'><strong>a</strong></span> <span class='ocrx_word' id='word_1_628' title='bbox 1328 4386 1632 4452; x_wconf 88' lang='lat' dir='ltr'><strong>Salvatore,</strong></span> <span class='ocrx_word' id='word_1_629' title='bbox 1677 4384 1830 4454; x_wconf 80' lang='lat' dir='ltr'><strong>juxta</strong></span> 
     </span>
    </p>
   </div>
   <div class='ocr_carea' id='block_1_75' title="bbox 224 4479 1831 4563">
    <p class='ocr_par' dir='ltr' id='par_1_75' title="bbox 224 4479 1831 4563">
     <span class='ocr_line' id='line_1_75' title="bbox 224 4479 1831 4563; baseline -0.012 -14"><span class='ocrx_word' id='word_1_630' title='bbox 224 4492 551 4563; x_wconf 81' lang='lat' dir='ltr'><strong>dignitatem</strong></span> <span class='ocrx_word' id='word_1_631' title='bbox 585 4488 665 4545; x_wconf 88' lang='lat' dir='ltr'><strong>rei</strong></span> <span class='ocrx_word' id='word_1_632' title='bbox 710 4500 870 4542; x_wconf 91' lang='lat' dir='ltr'><strong>nemo</strong></span> <span class='ocrx_word' id='word_1_633' title='bbox 915 4493 1092 4555; x_wconf 91' lang='lat' dir='ltr'><strong>potest</strong></span> <span class='ocrx_word' id='word_1_634' title='bbox 1140 4482 1245 4538; x_wconf 80' lang='lat' dir='ltr'><strong>nisi</strong></span> <span class='ocrx_word' id='word_1_635' title='bbox 1291 4479 1528 4550; x_wconf 89' lang='lat' dir='ltr'><strong>Spiritus</strong></span> <span class='ocrx_word' id='word_1_636' title='bbox 1574 4485 1831 4533; x_wconf 88' lang='lat' dir='ltr'><strong>sanctus:</strong></span> 
     </span>
    </p>
   </div>
   <div class='ocr_carea' id='block_1_76' title="bbox 226 4569 1836 4656">
    <p class='ocr_par' dir='ltr' id='par_1_76' title="bbox 226 4569 1836 4656">
     <span class='ocr_line' id='line_1_76' title="bbox 226 4569 1836 4656; baseline -0.01 -19"><span class='ocrx_word' id='word_1_637' title='bbox 226 4581 510 4656; x_wconf 81' lang='lat' dir='ltr'><strong>quomodo</strong></span> <span class='ocrx_word' id='word_1_638' title='bbox 541 4595 758 4636; x_wconf 85' lang='lat' dir='ltr'><strong>rursum</strong></span> <span class='ocrx_word' id='word_1_639' title='bbox 801 4577 1107 4632; x_wconf 88' lang='lat' dir='ltr'><strong>inhabitare</strong></span> <span class='ocrx_word' id='word_1_640' title='bbox 1135 4571 1549 4630; x_wconf 79' lang='lat' dir='ltr'><strong>sanctimoniam</strong></span> <span class='ocrx_word' id='word_1_641' title='bbox 1586 4569 1678 4625; x_wconf 91' lang='lat' dir='ltr'><strong>Dei</strong></span> <span class='ocrx_word' id='word_1_642' title='bbox 1711 4583 1836 4638; x_wconf 69' lang='lat' dir='ltr'><strong>qua:</strong></span> 
     </span>
    </p>
   </div>
   <div class='ocr_carea' id='block_1_77' title="bbox 1925 3362 3519 3438">
    <p class='ocr_par' dir='ltr' id='par_1_77' title="bbox 1925 3362 3519 3438">
     <span class='ocr_line' id='line_1_77' title="bbox 1925 3362 3519 3438; baseline -0.002 -17"><span class='ocrx_word' id='word_1_643' title='bbox 1925 3373 2011 3421; x_wconf 91' lang='lat' dir='ltr'><strong>est</strong></span> <span class='ocrx_word' id='word_1_644' title='bbox 2039 3364 2107 3420; x_wconf 92' lang='lat' dir='ltr'><strong>de</strong></span> <span class='ocrx_word' id='word_1_645' title='bbox 2128 3365 2302 3436; x_wconf 88' lang='lat' dir='ltr'><strong>gloria</strong></span> <span class='ocrx_word' id='word_1_646' title='bbox 2329 3365 2424 3420; x_wconf 91' lang='lat' dir='ltr'><strong>Dei</strong></span> <span class='ocrx_word' id='word_1_647' title='bbox 2451 3382 2464 3418; x_wconf 95' lang='lat'><strong>:</strong></span> <span class='ocrx_word' id='word_1_648' title='bbox 2493 3362 2562 3417; x_wconf 85' lang='lat' dir='ltr'><strong>Et</strong></span> <span class='ocrx_word' id='word_1_649' title='bbox 2582 3363 2732 3419; x_wconf 75' lang='lat' dir='ltr'><strong>dixi:</strong></span> <span class='ocrx_word' id='word_1_650' title='bbox 2762 3364 2807 3418; x_wconf 87' lang='lat'><em>0</em></span> <span class='ocrx_word' id='word_1_651' title='bbox 2830 3364 2985 3420; x_wconf 84' lang='lat' dir='ltr'><strong>miser</strong></span> <span class='ocrx_word' id='word_1_652' title='bbox 3004 3382 3098 3438; x_wconf 85' lang='lat' dir='ltr'><strong>ego</strong></span> <span class='ocrx_word' id='word_1_653' title='bbox 3119 3367 3364 3437; x_wconf 83' lang='lat' dir='ltr'><strong>quoniam</strong></span> <span class='ocrx_word' id='word_1_654' title='bbox 3385 3381 3519 3419; x_wconf 80' lang='lat' dir='ltr'><strong>com-</strong></span> 
     </span>
    </p>
   </div>
   <div class='ocr_carea' id='block_1_78' title="bbox 1930 3458 3526 3532">
    <p class='ocr_par' dir='ltr' id='par_1_78' title="bbox 1930 3458 3526 3532">
     <span class='ocr_line' id='line_1_78' title="bbox 1930 3458 3526 3532; baseline -0.002 -17"><span class='ocrx_word' id='word_1_655' title='bbox 1930 3469 2151 3532; x_wconf 83' lang='lat' dir='ltr'><strong>punctus</strong></span> <span class='ocrx_word' id='word_1_656' title='bbox 2179 3478 2314 3514; x_wconf 87' lang='lat' dir='ltr'><strong>sum.</strong></span> <span class='ocrx_word' id='word_1_657' title='bbox 2347 3460 2653 3529; x_wconf 84' lang='lat' dir='ltr'><strong>Antequam</strong></span> <span class='ocrx_word' id='word_1_658' title='bbox 2683 3458 2866 3514; x_wconf 88' lang='lat' dir='ltr'><strong>videas</strong></span> <span class='ocrx_word' id='word_1_659' title='bbox 2893 3459 3186 3526; x_wconf 88' lang='lat' dir='ltr'><strong>visionem,</strong></span> <span class='ocrx_word' id='word_1_660' title='bbox 3217 3475 3325 3514; x_wconf 90' lang='lat' dir='ltr'><strong>non</strong></span> <span class='ocrx_word' id='word_1_661' title='bbox 3349 3461 3526 3514; x_wconf 88' lang='lat' dir='ltr'><strong>conti-</strong></span> 
     </span>
    </p>
   </div>
   <div class='ocr_carea' id='block_1_79' title="bbox 1931 3551 3524 3623">
    <p class='ocr_par' dir='ltr' id='par_1_79' title="bbox 1931 3551 3524 3623">
     <span class='ocr_line' id='line_1_79' title="bbox 1931 3551 3524 3623; baseline -0.003 -12"><span class='ocrx_word' id='word_1_662' title='bbox 1931 3555 2064 3611; x_wconf 91' lang='lat' dir='ltr'><strong>teris</strong></span> <span class='ocrx_word' id='word_1_663' title='bbox 2100 3563 2153 3609; x_wconf 92' lang='lat' dir='ltr'><strong>te</strong></span> <span class='ocrx_word' id='word_1_664' title='bbox 2187 3569 2311 3610; x_wconf 91' lang='lat' dir='ltr'><strong>esse</strong></span> <span class='ocrx_word' id='word_1_665' title='bbox 2338 3554 2624 3618; x_wconf 89' lang='lat' dir='ltr'><strong>miserum,</strong></span> <span class='ocrx_word' id='word_1_666' title='bbox 2656 3568 2690 3607; x_wconf 94' lang='lat' dir='ltr'><strong>o</strong></span> <span class='ocrx_word' id='word_1_667' title='bbox 2730 3552 2870 3608; x_wconf 88' lang='lat' dir='ltr'><strong>Isaia</strong></span> <span class='ocrx_word' id='word_1_668' title='bbox 2903 3553 2926 3608; x_wconf 73' lang='lat' dir='ltr'><strong>i</strong></span> <span class='ocrx_word' id='word_1_669' title='bbox 2955 3552 3071 3608; x_wconf 86' lang='lat' dir='ltr'><strong>Non</strong></span> <span class='ocrx_word' id='word_1_670' title='bbox 3117 3553 3196 3607; x_wconf 90' lang='lat' dir='ltr'><strong>ait</strong></span> <span class='ocrx_word' id='word_1_671' title='bbox 3223 3570 3236 3608; x_wconf 95' lang='lat'>:</span> <span class='ocrx_word' id='word_1_672' title='bbox 3265 3551 3524 3623; x_wconf 90' lang='lat' dir='ltr'><strong>quamdiu</strong></span> 
     </span>
    </p>
   </div>
   <div class='ocr_carea' id='block_1_80' title="bbox 1929 3644 3527 3718">
    <p class='ocr_par' dir='ltr' id='par_1_80' title="bbox 1929 3644 3527 3718">
     <span class='ocr_line' id='line_1_80' title="bbox 1929 3644 3527 3718; baseline -0.002 -16"><span class='ocrx_word' id='word_1_673' title='bbox 1929 3649 2064 3704; x_wconf 84' lang='lat' dir='ltr'><strong>vixit</strong></span> <span class='ocrx_word' id='word_1_674' title='bbox 2085 3647 2268 3713; x_wconf 89' lang='lat' dir='ltr'><strong>Osias,</strong></span> <span class='ocrx_word' id='word_1_675' title='bbox 2298 3662 2472 3718; x_wconf 88' lang='lat' dir='ltr'><strong>neque</strong></span> <span class='ocrx_word' id='word_1_676' title='bbox 2496 3647 2550 3702; x_wconf 93' lang='lat' dir='ltr'><strong>in</strong></span> <span class='ocrx_word' id='word_1_677' title='bbox 2574 3660 2796 3702; x_wconf 65' lang='lat' dir='ltr'><strong>sensum</strong></span> <span class='ocrx_word' id='word_1_678' title='bbox 2826 3661 3006 3702; x_wconf 90' lang='lat' dir='ltr'><strong>meum</strong></span> <span class='ocrx_word' id='word_1_679' title='bbox 3038 3644 3190 3702; x_wconf 90' lang='lat' dir='ltr'><strong>venit</strong></span> <span class='ocrx_word' id='word_1_680' title='bbox 3207 3646 3330 3717; x_wconf 91' lang='lat' dir='ltr'><strong>quia</strong></span> <span class='ocrx_word' id='word_1_681' title='bbox 3360 3645 3527 3700; x_wconf 88' lang='lat' dir='ltr'><strong>miser</strong></span> 
     </span>
    </p>
   </div>
   <div class='ocr_carea' id='block_1_81' title="bbox 1930 3737 3531 3810">
    <p class='ocr_par' dir='ltr' id='par_1_81' title="bbox 1930 3737 3531 3810">
     <span class='ocr_line' id='line_1_81' title="bbox 1930 3737 3531 3810; baseline -0.001 -14"><span class='ocrx_word' id='word_1_682' title='bbox 1930 3755 2132 3796; x_wconf 88' lang='lat' dir='ltr'><strong>essem.</strong></span> <span class='ocrx_word' id='word_1_683' title='bbox 2161 3739 2368 3810; x_wconf 87' lang='lat' dir='ltr'><strong>Incipio</strong></span> <span class='ocrx_word' id='word_1_684' title='bbox 2393 3747 2573 3794; x_wconf 85' lang='lat' dir='ltr'><strong>autem</strong></span> <span class='ocrx_word' id='word_1_685' title='bbox 2605 3753 2771 3794; x_wconf 91' lang='lat' dir='ltr'><strong>nosse</strong></span> <span class='ocrx_word' id='word_1_686' title='bbox 2796 3739 2923 3809; x_wconf 90' lang='lat' dir='ltr'><strong>quia</strong></span> <span class='ocrx_word' id='word_1_687' title='bbox 2947 3739 3120 3794; x_wconf 89' lang='lat' dir='ltr'><strong>miser</strong></span> <span class='ocrx_word' id='word_1_688' title='bbox 3146 3753 3289 3805; x_wconf 89' lang='lat' dir='ltr'><strong>sum,</strong></span> <span class='ocrx_word' id='word_1_689' title='bbox 3312 3737 3531 3809; x_wconf 90' lang='lat' dir='ltr'><strong>quando</strong></span> 
     </span>
    </p>
   </div>
   <div class='ocr_carea' id='block_1_82' title="bbox 1933 3830 3525 3904">
    <p class='ocr_par' dir='ltr' id='par_1_82' title="bbox 1933 3830 3525 3904">
     <span class='ocr_line' id='line_1_82' title="bbox 1933 3830 3525 3904; baseline -0.004 -14"><span class='ocrx_word' id='word_1_690' title='bbox 1933 3835 2092 3891; x_wconf 90' lang='lat' dir='ltr'><strong>video</strong></span> <span class='ocrx_word' id='word_1_691' title='bbox 2121 3835 2414 3900; x_wconf 89' lang='lat' dir='ltr'><strong>visionem,</strong></span> <span class='ocrx_word' id='word_1_692' title='bbox 2447 3833 2722 3889; x_wconf 91' lang='lat' dir='ltr'><strong>moriente</strong></span> <span class='ocrx_word' id='word_1_693' title='bbox 2768 3832 2902 3888; x_wconf 90' lang='lat' dir='ltr'><strong>mihi</strong></span> <span class='ocrx_word' id='word_1_694' title='bbox 2931 3831 3059 3889; x_wconf 87' lang='lat' dir='ltr'><strong>Osia</strong></span> <span class='ocrx_word' id='word_1_695' title='bbox 3109 3846 3238 3904; x_wconf 90' lang='lat' dir='ltr'><strong>rege</strong></span> <span class='ocrx_word' id='word_1_696' title='bbox 3285 3830 3525 3900; x_wconf 90' lang='lat' dir='ltr'><strong>leproso,</strong></span> 
     </span>
    </p>
   </div>
   <div class='ocr_carea' id='block_1_83' title="bbox 1933 3923 3534 3998">
    <p class='ocr_par' dir='ltr' id='par_1_83' title="bbox 1933 3923 3534 3998">
     <span class='ocr_line' id='line_1_83' title="bbox 1933 3923 3534 3998; baseline -0.003 -15"><span class='ocrx_word' id='word_1_697' title='bbox 1933 3937 1989 3984; x_wconf 87' lang='lat' dir='ltr'><strong>et</strong></span> <span class='ocrx_word' id='word_1_698' title='bbox 2009 3928 2130 3982; x_wconf 92' lang='lat' dir='ltr'><strong>dico</strong></span> <span class='ocrx_word' id='word_1_699' title='bbox 2161 3945 2175 3982; x_wconf 91' lang='lat'><strong>:</strong></span> <span class='ocrx_word' id='word_1_700' title='bbox 2212 3926 2258 3981; x_wconf 90' lang='grc'><strong>0</strong></span> <span class='ocrx_word' id='word_1_701' title='bbox 2284 3929 2441 3981; x_wconf 82' lang='lat' dir='ltr'><strong>miser</strong></span> <span class='ocrx_word' id='word_1_702' title='bbox 2464 3943 2558 3998; x_wconf 87' lang='lat' dir='ltr'><strong>ego</strong></span> <span class='ocrx_word' id='word_1_703' title='bbox 2593 3924 2806 3997; x_wconf 86' lang='lat' dir='ltr'><strong>(Paral.</strong></span> <span class='ocrx_word' id='word_1_704' title='bbox 2842 3924 3024 3996; x_wconf 75' lang='lat' dir='ltr'><strong>xxvr)!</strong></span> <span class='ocrx_word' id='word_1_705' title='bbox 3053 3923 3207 3979; x_wconf 87' lang='lat' dir='ltr'><strong>Nunc</strong></span> <span class='ocrx_word' id='word_1_706' title='bbox 3245 3924 3446 3994; x_wconf 91' lang='lat' dir='ltr'><strong>incipio</strong></span> <span class='ocrx_word' id='word_1_707' title='bbox 3476 3933 3534 3979; x_wconf 89' lang='lat' dir='ltr'><strong>et</strong></span> 
     </span>
    </p>
   </div>
   <div class='ocr_carea' id='block_1_84' title="bbox 1936 4016 3531 4092">
    <p class='ocr_par' dir='ltr' id='par_1_84' title="bbox 1936 4016 3531 4092">
     <span class='ocr_line' id='line_1_84' title="bbox 1936 4016 3531 4092; baseline -0.003 -16"><span class='ocrx_word' id='word_1_708' title='bbox 1936 4037 2038 4092; x_wconf 88' lang='lat' dir='ltr'><strong>ego</strong></span> <span class='ocrx_word' id='word_1_709' title='bbox 2085 4020 2338 4076; x_wconf 85' lang='lat' dir='ltr'><strong>confiteri</strong></span> <span class='ocrx_word' id='word_1_710' title='bbox 2378 4020 2633 4086; x_wconf 92' lang='lat' dir='ltr'><strong>Domino,</strong></span> <span class='ocrx_word' id='word_1_711' title='bbox 2676 4027 2732 4073; x_wconf 92' lang='lat' dir='ltr'><strong>et</strong></span> <span class='ocrx_word' id='word_1_712' title='bbox 2773 4019 2960 4072; x_wconf 90' lang='lat' dir='ltr'><strong>dicere</strong></span> <span class='ocrx_word' id='word_1_713' title='bbox 2992 4018 3060 4071; x_wconf 91' lang='lat' dir='ltr'><strong>de</strong></span> <span class='ocrx_word' id='word_1_714' title='bbox 3091 4017 3453 4086; x_wconf 90' lang='lat' dir='ltr'><strong>memetipso:</strong></span> <span class='ocrx_word' id='word_1_715' title='bbox 3486 4016 3531 4072; x_wconf 92' lang='grc' dir='ltr'>Ο</span> 
     </span>
    </p>
   </div>
   <div class='ocr_carea' id='block_1_85' title="bbox 1938 4106 3531 4183">
    <p class='ocr_par' dir='ltr' id='par_1_85' title="bbox 1938 4106 3531 4183">
     <span class='ocr_line' id='line_1_85' title="bbox 1938 4106 3531 4183; baseline -0.004 -14"><span class='ocrx_word' id='word_1_716' title='bbox 1938 4115 2105 4169; x_wconf 91' lang='lat' dir='ltr'><strong>miser</strong></span> <span class='ocrx_word' id='word_1_717' title='bbox 2125 4113 2246 4183; x_wconf 86' lang='lat' dir='ltr'><strong>ego!</strong></span> <span class='ocrx_word' id='word_1_718' title='bbox 2276 4111 2554 4183; x_wconf 89' lang='lat' dir='ltr'><strong>quomodo</strong></span> <span class='ocrx_word' id='word_1_719' title='bbox 2585 4110 2754 4165; x_wconf 87' lang='lat' dir='ltr'><strong>Isaias</strong></span> <span class='ocrx_word' id='word_1_720' title='bbox 2774 4109 2906 4164; x_wconf 89' lang='lat' dir='ltr'><strong>dicit</strong></span> <span class='ocrx_word' id='word_1_721' title='bbox 2933 4127 2945 4162; x_wconf 92' lang='lat'>:</span> <span class='ocrx_word' id='word_1_722' title='bbox 2979 4107 3024 4164; x_wconf 92' lang='grc' dir='ltr'><strong>Ο</strong></span> <span class='ocrx_word' id='word_1_723' title='bbox 3045 4108 3213 4164; x_wconf 89' lang='lat' dir='ltr'><strong>miser</strong></span> <span class='ocrx_word' id='word_1_724' title='bbox 3241 4108 3360 4178; x_wconf 86' lang='lat' dir='ltr'><strong>ego!</strong></span> <span class='ocrx_word' id='word_1_725' title='bbox 3393 4106 3531 4162; x_wconf 85' lang='lat' dir='ltr'><strong>Pro-</strong></span> 
     </span>
    </p>
   </div>
   <div class='ocr_carea' id='block_1_86' title="bbox 1937 4201 3527 4274">
    <p class='ocr_par' dir='ltr' id='par_1_86' title="bbox 1937 4201 3527 4274">
     <span class='ocr_line' id='line_1_86' title="bbox 1937 4201 3527 4274; baseline -0.008 -10"><span class='ocrx_word' id='word_1_726' title='bbox 1937 4210 2084 4264; x_wconf 91' lang='lat' dir='ltr'><strong>xime</strong></span> <span class='ocrx_word' id='word_1_727' title='bbox 2100 4217 2281 4264; x_wconf 92' lang='lat' dir='ltr'><strong>autem</strong></span> <span class='ocrx_word' id='word_1_728' title='bbox 2310 4206 2435 4261; x_wconf 90' lang='lat' dir='ltr'><strong>huic</strong></span> <span class='ocrx_word' id='word_1_729' title='bbox 2456 4213 2512 4261; x_wconf 90' lang='lat' dir='ltr'><strong>et</strong></span> <span class='ocrx_word' id='word_1_730' title='bbox 2530 4203 2823 4274; x_wconf 82' lang='lat' dir='ltr'><strong>Apostolus</strong></span> <span class='ocrx_word' id='word_1_731' title='bbox 2853 4203 2984 4257; x_wconf 88' lang='lat' dir='ltr'><strong>dicit</strong></span> <span class='ocrx_word' id='word_1_732' title='bbox 3009 4219 3023 4256; x_wconf 91' lang='lat'><strong>:</strong></span> <span class='ocrx_word' id='word_1_733' title='bbox 3049 4201 3209 4256; x_wconf 80' lang='lat' dir='ltr'><strong>Miser</strong></span> <span class='ocrx_word' id='word_1_734' title='bbox 3225 4217 3320 4272; x_wconf 91' lang='lat' dir='ltr'><strong>ego</strong></span> <span class='ocrx_word' id='word_1_735' title='bbox 3351 4201 3527 4267; x_wconf 80' lang='lat' dir='ltr'><strong>homo,</strong></span> 
     </span>
    </p>
   </div>
   <div class='ocr_carea' id='block_1_87' title="bbox 1937 4291 3538 4377">
    <p class='ocr_par' dir='ltr' id='par_1_87' title="bbox 1937 4291 3538 4377">
     <span class='ocr_line' id='line_1_87' title="bbox 1937 4291 3538 4377; baseline -0.007 -19"><span class='ocrx_word' id='word_1_736' title='bbox 1937 4303 2052 4377; x_wconf 85' lang='lat' dir='ltr'><strong>quis</strong></span> <span class='ocrx_word' id='word_1_737' title='bbox 2075 4319 2155 4357; x_wconf 87' lang='lat' dir='ltr'><strong>me</strong></span> <span class='ocrx_word' id='word_1_738' title='bbox 2177 4301 2411 4356; x_wconf 80' lang='lat' dir='ltr'><strong>liberabit</strong></span> <span class='ocrx_word' id='word_1_739' title='bbox 2427 4300 2490 4354; x_wconf 82' lang='lat' dir='ltr'><strong>de</strong></span> <span class='ocrx_word' id='word_1_740' title='bbox 2511 4313 2724 4370; x_wconf 87' lang='lat' dir='ltr'><strong>corpore</strong></span> <span class='ocrx_word' id='word_1_741' title='bbox 2747 4298 2925 4351; x_wconf 88' lang='lat' dir='ltr'><strong>mortis</strong></span> <span class='ocrx_word' id='word_1_742' title='bbox 2941 4295 3098 4368; x_wconf 86' lang='lat' dir='ltr'><strong>hujus</strong></span> <span class='ocrx_word' id='word_1_743' title='bbox 3119 4295 3396 4367; x_wconf 84' lang='lat' dir='ltr'><strong>(Rom.vn,</strong></span> <span class='ocrx_word' id='word_1_744' title='bbox 3418 4291 3538 4362; x_wconf 66' lang='lat'><strong>24)?</strong></span> 
     </span>
    </p>
   </div>
   <div class='ocr_carea' id='block_1_88' title="bbox 1941 4387 3534 4466">
    <p class='ocr_par' dir='ltr' id='par_1_88' title="bbox 1941 4387 3534 4466">
     <span class='ocr_line' id='line_1_88' title="bbox 1941 4387 3534 4466; baseline -0.011 -9"><span class='ocrx_word' id='word_1_745' title='bbox 1941 4401 2166 4457; x_wconf 88' lang='lat' dir='ltr'><strong>Beatum</strong></span> <span class='ocrx_word' id='word_1_746' title='bbox 2192 4405 2278 4454; x_wconf 88' lang='lat' dir='ltr'><strong>est</strong></span> <span class='ocrx_word' id='word_1_747' title='bbox 2305 4412 2435 4466; x_wconf 90' lang='lat' dir='ltr'><strong>ergo</strong></span> <span class='ocrx_word' id='word_1_748' title='bbox 2461 4403 2522 4450; x_wconf 89' lang='lat' dir='ltr'><strong>ut</strong></span> <span class='ocrx_word' id='word_1_749' title='bbox 2551 4394 2810 4448; x_wconf 90' lang='lat' dir='ltr'><strong>miserum</strong></span> <span class='ocrx_word' id='word_1_750' title='bbox 2842 4407 2929 4446; x_wconf 91' lang='lat' dir='ltr'><strong>me</strong></span> <span class='ocrx_word' id='word_1_751' title='bbox 2976 4390 3169 4446; x_wconf 87' lang='lat' dir='ltr'><strong>fatear.</strong></span> <span class='ocrx_word' id='word_1_752' title='bbox 3203 4389 3260 4444; x_wconf 90' lang='lat' dir='ltr'><strong>Si</strong></span> <span class='ocrx_word' id='word_1_753' title='bbox 3304 4403 3393 4443; x_wconf 90' lang='lat' dir='ltr'><strong>me</strong></span> <span class='ocrx_word' id='word_1_754' title='bbox 3433 4387 3534 4440; x_wconf 84' lang='lat' dir='ltr'><strong>hu-</strong></span> 
     </span>
    </p>
   </div>
   <div class='ocr_carea' id='block_1_89' title="bbox 1945 4479 3528 4558">
    <p class='ocr_par' dir='ltr' id='par_1_89' title="bbox 1945 4479 3528 4558">
     <span class='ocr_line' id='line_1_89' title="bbox 1945 4479 3528 4558; baseline -0.009 -10"><span class='ocrx_word' id='word_1_755' title='bbox 1945 4493 2250 4556; x_wconf 88' lang='lat' dir='ltr'><strong>miliaveru,</strong></span> <span class='ocrx_word' id='word_1_756' title='bbox 2285 4498 2340 4544; x_wconf 91' lang='lat' dir='ltr'><strong>et</strong></span> <span class='ocrx_word' id='word_1_757' title='bbox 2362 4489 2637 4558; x_wconf 83' lang='lat' dir='ltr'><strong>paenitens</strong></span> <span class='ocrx_word' id='word_1_758' title='bbox 2666 4499 2833 4554; x_wconf 88' lang='lat' dir='ltr'><strong>super</strong></span> <span class='ocrx_word' id='word_1_759' title='bbox 2863 4482 3102 4554; x_wconf 87' lang='lat' dir='ltr'><strong>peccatis</strong></span> <span class='ocrx_word' id='word_1_760' title='bbox 3129 4481 3265 4536; x_wconf 91' lang='lat' dir='ltr'><strong>meis</strong></span> <span class='ocrx_word' id='word_1_761' title='bbox 3295 4479 3528 4546; x_wconf 87' lang='lat' dir='ltr'><strong>llevero,</strong></span> 
     </span>
    </p>
   </div>
   <div class='ocr_carea' id='block_1_90' title="bbox 1943 4571 3535 4647">
    <p class='ocr_par' dir='ltr' id='par_1_90' title="bbox 1943 4571 3535 4647">
     <span class='ocr_line' id='line_1_90' title="bbox 1943 4571 3535 4647; baseline -0.01 -5"><span class='ocrx_word' id='word_1_762' title='bbox 1943 4584 2198 4643; x_wconf 80' lang='lat' dir='ltr'><strong>exaudiet</strong></span> <span class='ocrx_word' id='word_1_763' title='bbox 2227 4598 2316 4638; x_wconf 89' lang='lat' dir='ltr'><strong>me</strong></span> <span class='ocrx_word' id='word_1_764' title='bbox 2347 4582 2508 4647; x_wconf 88' lang='lat' dir='ltr'><strong>Deus,</strong></span> <span class='ocrx_word' id='word_1_765' title='bbox 2544 4590 2600 4634; x_wconf 91' lang='lat' dir='ltr'><strong>et</strong></span> <span class='ocrx_word' id='word_1_766' title='bbox 2628 4579 2776 4634; x_wconf 87' lang='lat' dir='ltr'><strong>dabit</strong></span> <span class='ocrx_word' id='word_1_767' title='bbox 2805 4577 2937 4632; x_wconf 82' lang='lat' dir='ltr'><strong>mihi</strong></span> <span class='ocrx_word' id='word_1_768' title='bbox 2969 4576 3343 4639; x_wconf 89' lang='lat' dir='ltr'><strong>liberatorem,</strong></span> <span class='ocrx_word' id='word_1_769' title='bbox 3378 4581 3434 4628; x_wconf 92' lang='lat' dir='ltr'><strong>et</strong></span> <span class='ocrx_word' id='word_1_770' title='bbox 3451 4571 3535 4627; x_wconf 90' lang='lat' dir='ltr'><strong>di-</strong></span> 
     </span>
    </p>
   </div>
   <div class='ocr_carea' id='block_1_91' title="bbox 226 4659 3541 4747">
    <p class='ocr_par' dir='ltr' id='par_1_91' title="bbox 226 4659 3541 4747">
     <span class='ocr_line' id='line_1_91' title="bbox 226 4659 3541 4747; baseline -0.008 -13"><span class='ocrx_word' id='word_1_771' title='bbox 226 4677 589 4734; x_wconf 84' lang='lat' dir='ltr'><strong>annnntiatnr</strong></span> <span class='ocrx_word' id='word_1_772' title='bbox 613 4690 642 4728; x_wconf 72' lang='grc' dir='ltr'>τι</span> <span class='ocrx_word' id='word_1_773' title='bbox 663 4674 871 4744; x_wconf 90' lang='lat' dir='ltr'><strong>Spiritu</strong></span> <span class='ocrx_word' id='word_1_774' title='bbox 911 4680 1120 4734; x_wconf 90' lang='lat' dir='ltr'><strong>sancto,</strong></span> <span class='ocrx_word' id='word_1_775' title='bbox 1153 4683 1314 4722; x_wconf 91' lang='lat' dir='ltr'><strong>nemo</strong></span> <span class='ocrx_word' id='word_1_776' title='bbox 1345 4675 1525 4737; x_wconf 88' lang='lat' dir='ltr'><strong>potest</strong></span> <span class='ocrx_word' id='word_1_777' title='bbox 1548 4663 1654 4719; x_wconf 88' lang='lat' dir='ltr'><strong>nisi</strong></span> <span class='ocrx_word' id='word_1_778' title='bbox 1685 4662 1836 4716; x_wconf 87' lang='lat' dir='ltr'><strong>solus</strong></span> <span class='ocrx_word' id='word_1_779' title='bbox 1865 4659 1915 4718; x_wconf 90' lang='lat' dir='ltr'><strong>D</strong></span> <span class='ocrx_word' id='word_1_780' title='bbox 1947 4693 2066 4734; x_wconf 61' lang='lat' dir='ltr'><strong>eam</strong></span> <span class='ocrx_word' id='word_1_781' title='bbox 2101 4676 2307 4747; x_wconf 63' lang='lat' dir='ltr'><strong>gratias</strong></span> <span class='ocrx_word' id='word_1_782' title='bbox 2332 4673 2446 4729; x_wconf 73' lang='grc' dir='ltr'><strong>ι)εο</strong></span> <span class='ocrx_word' id='word_1_783' title='bbox 2474 4687 2571 4744; x_wconf 67' lang='grc' dir='ltr'><strong>ρετ</strong></span> <span class='ocrx_word' id='word_1_784' title='bbox 2599 4672 2784 4728; x_wconf 69' lang='grc' dir='ltr'><strong>ιθευηι</strong></span> <span class='ocrx_word' id='word_1_785' title='bbox 2820 4670 3097 4725; x_wconf 57' lang='lat' dir='ltr'><strong>Christum</strong></span> <span class='ocrx_word' id='word_1_786' title='bbox 3128 4666 3418 4722; x_wconf 75' lang='lat' dir='ltr'><strong>Dominum</strong></span> <span class='ocrx_word' id='word_1_787' title='bbox 3451 4680 3541 4720; x_wconf 83' lang='grc' dir='ltr'><strong>ηο.</strong></span> 
     </span>
    </p>
   </div>
   <div class='ocr_carea' id='block_1_92' title="bbox 227 4757 1832 4829">
    <p class='ocr_par' dir='ltr' id='par_1_92' title="bbox 227 4757 1832 4829">
     <span class='ocr_line' id='line_1_92' title="bbox 227 4757 1832 4829; baseline -0.012 0"><span class='ocrx_word' id='word_1_788' title='bbox 227 4774 512 4829; x_wconf 89' lang='lat' dir='ltr'><strong>Salvator.</strong></span> <span class='ocrx_word' id='word_1_789' title='bbox 534 4770 616 4825; x_wconf 90' lang='lat' dir='ltr'><strong>0b</strong></span> <span class='ocrx_word' id='word_1_790' title='bbox 641 4768 691 4823; x_wconf 90' lang='lat' dir='ltr'><strong>id</strong></span> <span class='ocrx_word' id='word_1_791' title='bbox 711 4768 848 4822; x_wconf 82' lang='lat' dir='ltr'><strong>alter</strong></span> <span class='ocrx_word' id='word_1_792' title='bbox 879 4764 945 4820; x_wconf 89' lang='lat' dir='ltr'><strong>ad</strong></span> <span class='ocrx_word' id='word_1_793' title='bbox 976 4764 1208 4818; x_wconf 87' lang='lat' dir='ltr'><strong>alterum</strong></span> <span class='ocrx_word' id='word_1_794' title='bbox 1231 4761 1564 4827; x_wconf 86' lang='lat' dir='ltr'><strong>clamabant,</strong></span> <span class='ocrx_word' id='word_1_795' title='bbox 1599 4766 1654 4812; x_wconf 90' lang='lat' dir='ltr'><strong>et</strong></span> <span class='ocrx_word' id='word_1_796' title='bbox 1678 4757 1832 4811; x_wconf 81' lang='lat' dir='ltr'><strong>dice-</strong></span> 
     </span>
    </p>
   </div>
   <div class='ocr_carea' id='block_1_93' title="bbox 231 4850 1842 4927">
    <p class='ocr_par' dir='ltr' id='par_1_93' title="bbox 231 4850 1842 4927">
     <span class='ocr_line' id='line_1_93' title="bbox 231 4850 1842 4927; baseline -0.012 -5"><span class='ocrx_word' id='word_1_797' title='bbox 231 4871 362 4922; x_wconf 85' lang='lat' dir='ltr'><strong>bant</strong></span> <span class='ocrx_word' id='word_1_798' title='bbox 395 4884 409 4919; x_wconf 91' lang='lat'>:</span> <span class='ocrx_word' id='word_1_799' title='bbox 436 4864 684 4927; x_wconf 82' lang='lat' dir='ltr'><strong>Sanctus,</strong></span> <span class='ocrx_word' id='word_1_800' title='bbox 717 4869 947 4925; x_wconf 86' lang='lat' dir='ltr'><strong>sanctus,</strong></span> <span class='ocrx_word' id='word_1_801' title='bbox 980 4866 1206 4911; x_wconf 85' lang='lat' dir='ltr'><strong>sanctus.</strong></span> <span class='ocrx_word' id='word_1_802' title='bbox 1240 4855 1357 4909; x_wconf 81' lang='lat' dir='ltr'><strong>Non</strong></span> <span class='ocrx_word' id='word_1_803' title='bbox 1390 4853 1471 4908; x_wconf 90' lang='lat' dir='ltr'><strong>eis</strong></span> <span class='ocrx_word' id='word_1_804' title='bbox 1501 4850 1707 4907; x_wconf 79' lang='lat' dir='ltr'><strong>sufﬁcit</strong></span> <span class='ocrx_word' id='word_1_805' title='bbox 1750 4863 1842 4904; x_wconf 81' lang='lat' dir='ltr'><strong>se-</strong></span> 
     </span>
    </p>
   </div>
   <div class='ocr_carea' id='block_1_94' title="bbox 1947 4757 3541 4839">
    <p class='ocr_par' dir='ltr' id='par_1_94' title="bbox 1947 4757 3541 4839">
     <span class='ocr_line' id='line_1_94' title="bbox 1947 4757 3541 4839; baseline -0.009 -14"><span class='ocrx_word' id='word_1_806' title='bbox 1947 4783 2123 4825; x_wconf 89' lang='lat' dir='ltr'><strong>strum</strong></span> <span class='ocrx_word' id='word_1_807' title='bbox 2153 4767 2342 4839; x_wconf 86' lang='lat' dir='ltr'><strong>(lbid.,</strong></span> <span class='ocrx_word' id='word_1_808' title='bbox 2374 4763 2492 4837; x_wconf 72' lang='lat'><strong>25).</strong></span> <span class='ocrx_word' id='word_1_809' title='bbox 2523 4764 2721 4820; x_wconf 85' lang='lat' dir='ltr'><strong>Verum</strong></span> <span class='ocrx_word' id='word_1_810' title='bbox 2768 4778 2832 4818; x_wconf 83' lang='lat' dir='ltr'><strong>ex</strong></span> <span class='ocrx_word' id='word_1_811' title='bbox 2865 4761 3032 4817; x_wconf 89' lang='lat' dir='ltr'><strong>corde</strong></span> <span class='ocrx_word' id='word_1_812' title='bbox 3069 4758 3337 4824; x_wconf 88' lang='lat' dir='ltr'><strong>dicamus,</strong></span> <span class='ocrx_word' id='word_1_813' title='bbox 3373 4757 3541 4812; x_wconf 89' lang='lat' dir='ltr'><strong>miser</strong></span> 
     </span>
    </p>
   </div>
   <div class='ocr_carea' id='block_1_95' title="bbox 1945 4849 3543 4932">
    <p class='ocr_par' dir='ltr' id='par_1_95' title="bbox 1945 4849 3543 4932">
     <span class='ocr_line' id='line_1_95' title="bbox 1945 4849 3543 4932; baseline -0.009 -15"><span class='ocrx_word' id='word_1_814' title='bbox 1945 4878 2048 4932; x_wconf 86' lang='lat' dir='ltr'><strong>ego</strong></span> <span class='ocrx_word' id='word_1_815' title='bbox 2092 4875 2236 4916; x_wconf 89' lang='lat' dir='ltr'><strong>sum.</strong></span> <span class='ocrx_word' id='word_1_816' title='bbox 2269 4857 2655 4928; x_wconf 87' lang='lat' dir='ltr'><strong>Unusquisque</strong></span> <span class='ocrx_word' id='word_1_817' title='bbox 2698 4853 3022 4910; x_wconf 89' lang='lat' dir='ltr'><strong>recordetur</strong></span> <span class='ocrx_word' id='word_1_818' title='bbox 3061 4864 3256 4906; x_wconf 87' lang='lat' dir='ltr'><strong>causas</strong></span> <span class='ocrx_word' id='word_1_819' title='bbox 3293 4849 3543 4904; x_wconf 87' lang='lat' dir='ltr'><strong>miseria-</strong></span> 
     </span>
    </p>
   </div>
   <div class='ocr_carea' id='block_1_96' title="bbox 233 4946 1848 5022">
    <p class='ocr_par' dir='ltr' id='par_1_96' title="bbox 233 4946 1848 5022">
     <span class='ocr_line' id='line_1_96' title="bbox 233 4946 1848 5022; baseline -0.012 -5"><span class='ocrx_word' id='word_1_820' title='bbox 233 4961 344 5017; x_wconf 92' lang='lat' dir='ltr'><strong>mcl</strong></span> <span class='ocrx_word' id='word_1_821' title='bbox 378 4958 620 5014; x_wconf 88' lang='lat' dir='ltr'><strong>clamare</strong></span> <span class='ocrx_word' id='word_1_822' title='bbox 648 4961 899 5017; x_wconf 88' lang='lat' dir='ltr'><strong>sanctus,</strong></span> <span class='ocrx_word' id='word_1_823' title='bbox 929 4965 1108 5022; x_wconf 91' lang='lat' dir='ltr'><strong>neque</strong></span> <span class='ocrx_word' id='word_1_824' title='bbox 1147 4948 1251 5013; x_wconf 90' lang='lat' dir='ltr'><strong>bis,</strong></span> <span class='ocrx_word' id='word_1_825' title='bbox 1284 4946 1381 5003; x_wconf 88' lang='lat' dir='ltr'><strong>sed</strong></span> <span class='ocrx_word' id='word_1_826' title='bbox 1410 4947 1707 5017; x_wconf 80' lang='lat' dir='ltr'><strong>perfectum</strong></span> <span class='ocrx_word' id='word_1_827' title='bbox 1743 4958 1848 4998; x_wconf 87' lang='lat' dir='ltr'><strong>nu-</strong></span> 
     </span>
    </p>
   </div>
   <div class='ocr_carea' id='block_1_97' title="bbox 237 5032 1848 5112">
    <p class='ocr_par' dir='ltr' id='par_1_97' title="bbox 237 5032 1848 5112">
     <span class='ocr_line' id='line_1_97' title="bbox 237 5032 1848 5112; baseline -0.014 -4"><span class='ocrx_word' id='word_1_828' title='bbox 237 5065 456 5108; x_wconf 88' lang='lat' dir='ltr'><strong>merum</strong></span> <span class='ocrx_word' id='word_1_829' title='bbox 483 5047 769 5104; x_wconf 85' lang='lat' dir='ltr'><strong>Trinitatis</strong></span> <span class='ocrx_word' id='word_1_830' title='bbox 796 5049 1082 5097; x_wconf 86' lang='lat' dir='ltr'><strong>assumunt</strong></span> <span class='ocrx_word' id='word_1_831' title='bbox 1113 5038 1268 5112; x_wconf 85' lang='lat' dir='ltr'><strong>(Isai.</strong></span> <span class='ocrx_word' id='word_1_832' title='bbox 1303 5040 1382 5106; x_wconf 77' lang='lat' dir='ltr'><strong>v1)</strong></span> <span class='ocrx_word' id='word_1_833' title='bbox 1405 5079 1418 5102; x_wconf 95' lang='lat'><strong>,</strong></span> <span class='ocrx_word' id='word_1_834' title='bbox 1461 5045 1519 5090; x_wconf 89' lang='lat' dir='ltr'><strong>ut</strong></span> <span class='ocrx_word' id='word_1_835' title='bbox 1547 5032 1848 5090; x_wconf 88' lang='lat' dir='ltr'><strong>multitudi-</strong></span> 
     </span>
    </p>
   </div>
   <div class='ocr_carea' id='block_1_98' title="bbox 237 5130 1848 5202">
    <p class='ocr_par' dir='ltr' id='par_1_98' title="bbox 237 5130 1848 5202">
     <span class='ocr_line' id='line_1_98' title="bbox 237 5130 1848 5202; baseline -0.011 -1"><span class='ocrx_word' id='word_1_836' title='bbox 237 5161 364 5201; x_wconf 87' lang='lat' dir='ltr'><strong>nem</strong></span> <span class='ocrx_word' id='word_1_837' title='bbox 395 5139 701 5198; x_wconf 87' lang='lat' dir='ltr'><strong>sanctitatis</strong></span> <span class='ocrx_word' id='word_1_838' title='bbox 731 5135 1081 5192; x_wconf 87' lang='lat' dir='ltr'><strong>manifestent</strong></span> <span class='ocrx_word' id='word_1_839' title='bbox 1109 5132 1229 5196; x_wconf 88' lang='lat' dir='ltr'><strong>Dei,</strong></span> <span class='ocrx_word' id='word_1_840' title='bbox 1259 5145 1384 5202; x_wconf 65' lang='lat' dir='ltr'><strong>quae</strong></span> <span class='ocrx_word' id='word_1_841' title='bbox 1403 5139 1487 5186; x_wconf 90' lang='lat' dir='ltr'><strong>est</strong></span> <span class='ocrx_word' id='word_1_842' title='bbox 1509 5130 1662 5185; x_wconf 76' lang='lat' dir='ltr'><strong>trinae</strong></span> <span class='ocrx_word' id='word_1_843' title='bbox 1690 5143 1848 5184; x_wconf 88' lang='lat' dir='ltr'><strong>sanc-</strong></span> 
     </span>
    </p>
   </div>
   <div class='ocr_carea' id='block_1_99' title="bbox 236 5222 1851 5304">
    <p class='ocr_par' dir='ltr' id='par_1_99' title="bbox 236 5222 1851 5304">
     <span class='ocr_line' id='line_1_99' title="bbox 236 5222 1851 5304; baseline -0.012 -9"><span class='ocrx_word' id='word_1_844' title='bbox 236 5238 418 5295; x_wconf 85' lang='lat' dir='ltr'><strong>titatis</strong></span> <span class='ocrx_word' id='word_1_845' title='bbox 447 5233 677 5304; x_wconf 88' lang='lat' dir='ltr'><strong>repetita</strong></span> <span class='ocrx_word' id='word_1_846' title='bbox 705 5227 1095 5290; x_wconf 85' lang='lat' dir='ltr'><strong>communitas,</strong></span> <span class='ocrx_word' id='word_1_847' title='bbox 1133 5226 1398 5280; x_wconf 87' lang='lat' dir='ltr'><strong>sanctitas</strong></span> <span class='ocrx_word' id='word_1_848' title='bbox 1428 5224 1628 5288; x_wconf 87' lang='lat' dir='ltr'><strong>Patris,</strong></span> <span class='ocrx_word' id='word_1_849' title='bbox 1649 5222 1851 5276; x_wconf 88' lang='lat' dir='ltr'><strong>sancti-</strong></span> 
     </span>
    </p>
   </div>
   <div class='ocr_carea' id='block_1_100' title="bbox 239 5313 1851 5397">
    <p class='ocr_par' dir='ltr' id='par_1_100' title="bbox 239 5313 1851 5397">
     <span class='ocr_line' id='line_1_100' title="bbox 239 5313 1851 5397; baseline -0.012 -9"><span class='ocrx_word' id='word_1_850' title='bbox 239 5344 330 5388; x_wconf 87' lang='lat' dir='ltr'><strong>tas</strong></span> <span class='ocrx_word' id='word_1_851' title='bbox 359 5326 625 5397; x_wconf 84' lang='lat' dir='ltr'><strong>unigeniti</strong></span> <span class='ocrx_word' id='word_1_852' title='bbox 657 5323 803 5388; x_wconf 82' lang='lat' dir='ltr'><strong>Filii,</strong></span> <span class='ocrx_word' id='word_1_853' title='bbox 825 5331 882 5378; x_wconf 90' lang='lat' dir='ltr'><strong>et</strong></span> <span class='ocrx_word' id='word_1_854' title='bbox 911 5320 1146 5391; x_wconf 89' lang='lat' dir='ltr'><strong>Spiritus</strong></span> <span class='ocrx_word' id='word_1_855' title='bbox 1180 5318 1376 5373; x_wconf 90' lang='lat' dir='ltr'><strong>sancti.</strong></span> <span class='ocrx_word' id='word_1_856' title='bbox 1409 5316 1621 5372; x_wconf 89' lang='lat' dir='ltr'><strong>Etenim</strong></span> <span class='ocrx_word' id='word_1_857' title='bbox 1647 5313 1851 5369; x_wconf 82' lang='lat' dir='ltr'><strong>sancti-</strong></span> 
     </span>
    </p>
   </div>
   <div class='ocr_carea' id='block_1_101' title="bbox 245 5405 1853 5482">
    <p class='ocr_par' dir='ltr' id='par_1_101' title="bbox 245 5405 1853 5482">
     <span class='ocr_line' id='line_1_101' title="bbox 245 5405 1853 5482; baseline -0.012 -2"><span class='ocrx_word' id='word_1_858' title='bbox 245 5425 419 5480; x_wconf 77' lang='lat' dir='ltr'><strong>licans</strong></span> <span class='ocrx_word' id='word_1_859' title='bbox 447 5432 502 5477; x_wconf 90' lang='lat' dir='ltr'><strong>et</strong></span> <span class='ocrx_word' id='word_1_860' title='bbox 532 5417 855 5476; x_wconf 80' lang='lat' dir='ltr'><strong>sanctiﬁcati</strong></span> <span class='ocrx_word' id='word_1_861' title='bbox 907 5430 972 5470; x_wconf 88' lang='lat' dir='ltr'><strong>ex</strong></span> <span class='ocrx_word' id='word_1_862' title='bbox 1025 5430 1132 5467; x_wconf 89' lang='lat' dir='ltr'><strong>uno</strong></span> <span class='ocrx_word' id='word_1_863' title='bbox 1176 5425 1367 5467; x_wconf 92' lang='lat' dir='ltr'><strong>omnes</strong></span> <span class='ocrx_word' id='word_1_864' title='bbox 1425 5408 1585 5482; x_wconf 86' lang='lat' dir='ltr'><strong>(Heb.</strong></span> <span class='ocrx_word' id='word_1_865' title='bbox 1616 5408 1698 5479; x_wconf 90' lang='grc' dir='ltr'>ιι).</span> <span class='ocrx_word' id='word_1_866' title='bbox 1748 5405 1853 5475; x_wconf 82' lang='lat' dir='ltr'><strong>Qui</strong></span> 
     </span>
    </p>
   </div>
   <div class='ocr_carea' id='block_1_102' title="bbox 247 5503 1856 5577">
    <p class='ocr_par' dir='ltr' id='par_1_102' title="bbox 247 5503 1856 5577">
     <span class='ocr_line' id='line_1_102' title="bbox 247 5503 1856 5577; baseline -0.012 -5"><span class='ocrx_word' id='word_1_867' title='bbox 247 5511 830 5572; x_wconf 81' lang='lat' dir='ltr'><strong>sanctilicatSalvator</strong></span> <span class='ocrx_word' id='word_1_868' title='bbox 855 5518 961 5573; x_wconf 91' lang='lat' dir='ltr'><strong>est,</strong></span> <span class='ocrx_word' id='word_1_869' title='bbox 1004 5507 1154 5577; x_wconf 89' lang='lat' dir='ltr'><strong>juxta</strong></span> <span class='ocrx_word' id='word_1_870' title='bbox 1184 5505 1286 5559; x_wconf 88' lang='lat' dir='ltr'><strong>hoc</strong></span> <span class='ocrx_word' id='word_1_871' title='bbox 1307 5503 1452 5573; x_wconf 90' lang='lat' dir='ltr'><strong>quod</strong></span> <span class='ocrx_word' id='word_1_872' title='bbox 1487 5503 1650 5557; x_wconf 88' lang='lat' dir='ltr'><strong>homo</strong></span> <span class='ocrx_word' id='word_1_873' title='bbox 1699 5510 1783 5556; x_wconf 89' lang='lat' dir='ltr'><strong>est</strong></span> <span class='ocrx_word' id='word_1_874' title='bbox 1829 5515 1856 5553; x_wconf 87' lang='lat' dir='ltr'><strong>a</strong></span> 
     </span>
    </p>
   </div>
   <div class='ocr_carea' id='block_1_103' title="bbox 248 5591 1862 5674">
    <p class='ocr_par' dir='ltr' id='par_1_103' title="bbox 248 5591 1862 5674">
     <span class='ocr_line' id='line_1_103' title="bbox 248 5591 1862 5674; baseline -0.015 -6"><span class='ocrx_word' id='word_1_875' title='bbox 248 5613 363 5668; x_wconf 86' lang='lat' dir='ltr'><strong>Deo</strong></span> <span class='ocrx_word' id='word_1_876' title='bbox 388 5609 554 5666; x_wconf 84' lang='lat' dir='ltr'><strong>Patre</strong></span> <span class='ocrx_word' id='word_1_877' title='bbox 571 5603 843 5674; x_wconf 85' lang='lat' dir='ltr'><strong>accipiens</strong></span> <span class='ocrx_word' id='word_1_878' title='bbox 862 5600 1225 5656; x_wconf 86' lang='lat' dir='ltr'><strong>sanctitatem.</strong></span> <span class='ocrx_word' id='word_1_879' title='bbox 1246 5597 1442 5651; x_wconf 91' lang='lat' dir='ltr'><strong>Dicunt</strong></span> <span class='ocrx_word' id='word_1_880' title='bbox 1460 5596 1670 5664; x_wconf 88' lang='lat' dir='ltr'><strong>itaque:</strong></span> <span class='ocrx_word' id='word_1_881' title='bbox 1694 5591 1862 5648; x_wconf 86' lang='lat' dir='ltr'><strong>Sanc-</strong></span> 
     </span>
    </p>
   </div>
   <div class='ocr_carea' id='block_1_104' title="bbox 253 5687 1871 5772">
    <p class='ocr_par' dir='ltr' id='par_1_104' title="bbox 253 5687 1871 5772">
     <span class='ocr_line' id='line_1_104' title="bbox 253 5687 1871 5772; baseline -0.012 -10"><span class='ocrx_word' id='word_1_882' title='bbox 253 5717 362 5772; x_wconf 88' lang='lat' dir='ltr'><strong>tus,</strong></span> <span class='ocrx_word' id='word_1_883' title='bbox 396 5713 626 5768; x_wconf 80' lang='lat' dir='ltr'><strong>sanetus,</strong></span> <span class='ocrx_word' id='word_1_884' title='bbox 641 5706 876 5764; x_wconf 87' lang='lat' dir='ltr'><strong>sanctus,</strong></span> <span class='ocrx_word' id='word_1_885' title='bbox 895 5695 1151 5749; x_wconf 86' lang='lat' dir='ltr'><strong>Dominus</strong></span> <span class='ocrx_word' id='word_1_886' title='bbox 1165 5692 1306 5746; x_wconf 84' lang='lat' dir='ltr'><strong>Deus</strong></span> <span class='ocrx_word' id='word_1_887' title='bbox 1324 5688 1580 5746; x_wconf 80' lang='lat' dir='ltr'><strong>Sabaoth.</strong></span> <span class='ocrx_word' id='word_1_888' title='bbox 1597 5687 1871 5756; x_wconf 86' lang='lat' dir='ltr'><strong>Interpre-</strong></span> 
     </span>
    </p>
   </div>
   <div class='ocr_carea' id='block_1_105' title="bbox 259 5779 1877 5862">
    <p class='ocr_par' dir='ltr' id='par_1_105' title="bbox 259 5779 1877 5862">
     <span class='ocr_line' id='line_1_105' title="bbox 259 5779 1877 5862; baseline -0.014 -8"><span class='ocrx_word' id='word_1_889' title='bbox 259 5807 408 5854; x_wconf 86' lang='lat' dir='ltr'><strong>tatur</strong></span> <span class='ocrx_word' id='word_1_890' title='bbox 420 5791 663 5852; x_wconf 87' lang='lat' dir='ltr'><strong>Sabaoth</strong></span> <span class='ocrx_word' id='word_1_891' title='bbox 688 5787 975 5862; x_wconf 85' lang='lat' dir='ltr'><strong>(utAquila</strong></span> <span class='ocrx_word' id='word_1_892' title='bbox 993 5783 1240 5853; x_wconf 88' lang='lat' dir='ltr'><strong>tradidit)</strong></span> <span class='ocrx_word' id='word_1_893' title='bbox 1261 5781 1522 5838; x_wconf 91' lang='lat' dir='ltr'><strong>Dominus</strong></span> <span class='ocrx_word' id='word_1_894' title='bbox 1535 5779 1877 5862; x_wconf 89' lang='lat' dir='ltr'><strong>militiarum,</strong></span> 
     </span>
    </p>
   </div>
   <div class='ocr_carea' id='block_1_106' title="bbox 348 5860 1880 5949">
    <p class='ocr_par' dir='ltr' id='par_1_106' title="bbox 348 5860 1880 5949">
     <span class='ocr_line' id='line_1_106' title="bbox 348 5860 1880 5949; baseline -0.014 -3"><span class='ocrx_word' id='word_1_895' title='bbox 348 5889 411 5947; x_wconf 89' lang='lat' dir='ltr'><strong>ll.</strong></span> <span class='ocrx_word' id='word_1_896' title='bbox 457 5886 629 5945; x_wconf 84' lang='lat' dir='ltr'><strong>Plena</strong></span> <span class='ocrx_word' id='word_1_897' title='bbox 655 5860 730 5940; x_wconf 77' lang='lat' dir='ltr'><strong>est</strong></span> <span class='ocrx_word' id='word_1_898' title='bbox 762 5874 930 5936; x_wconf 73' lang='lat' dir='ltr'><strong>bmnis</strong></span> <span class='ocrx_word' id='word_1_899' title='bbox 969 5883 1105 5936; x_wconf 77' lang='lat' dir='ltr'><strong>terra</strong></span> <span class='ocrx_word' id='word_1_900' title='bbox 1155 5876 1324 5949; x_wconf 78' lang='lat' dir='ltr'><strong>glbri‘a</strong></span> <span class='ocrx_word' id='word_1_901' title='bbox 1363 5877 1497 5942; x_wconf 84' lang='lat' dir='ltr'><strong>ejus.</strong></span> <span class='ocrx_word' id='word_1_902' title='bbox 1530 5860 1671 5929; x_wconf 68' lang='lat' dir='ltr'><strong>Olim</strong></span> <span class='ocrx_word' id='word_1_903' title='bbox 1722 5872 1880 5942; x_wconf 82' lang='lat' dir='ltr'><strong>plena</strong></span> 
     </span>
    </p>
   </div>
   <div class='ocr_carea' id='block_1_107' title="bbox 1953 4945 3552 5017">
    <p class='ocr_par' dir='ltr' id='par_1_107' title="bbox 1953 4945 3552 5017">
     <span class='ocr_line' id='line_1_107' title="bbox 1953 4945 3552 5017; baseline -0.008 -8"><span class='ocrx_word' id='word_1_904' title='bbox 1953 4972 2072 5010; x_wconf 84' lang='lat' dir='ltr'><strong>l‘llln</strong></span> <span class='ocrx_word' id='word_1_905' title='bbox 2106 4967 2349 5017; x_wconf 87' lang='lat' dir='ltr'><strong>suarum,</strong></span> <span class='ocrx_word' id='word_1_906' title='bbox 2401 4959 2458 5005; x_wconf 90' lang='lat' dir='ltr'><strong>et</strong></span> <span class='ocrx_word' id='word_1_907' title='bbox 2499 4948 2730 5016; x_wconf 86' lang='lat' dir='ltr'><strong>delicta,</strong></span> <span class='ocrx_word' id='word_1_908' title='bbox 2764 4956 2819 5002; x_wconf 94' lang='lat' dir='ltr'><strong>et</strong></span> <span class='ocrx_word' id='word_1_909' title='bbox 2858 4945 3105 5000; x_wconf 89' lang='lat' dir='ltr'><strong>dicamus</strong></span> <span class='ocrx_word' id='word_1_910' title='bbox 3146 4953 3432 5014; x_wconf 89' lang='lat' dir='ltr'><strong>surgentes</strong></span> <span class='ocrx_word' id='word_1_911' title='bbox 3482 4945 3552 4997; x_wconf 86' lang='lat' dir='ltr'><strong>ad</strong></span> 
     </span>
    </p>
   </div>
   <div class='ocr_carea' id='block_1_108' title="bbox 1957 5034 3548 5112">
    <p class='ocr_par' dir='ltr' id='par_1_108' title="bbox 1957 5034 3548 5112">
     <span class='ocr_line' id='line_1_108' title="bbox 1957 5034 3548 5112; baseline -0.009 -9"><span class='ocrx_word' id='word_1_912' title='bbox 1957 5047 2283 5111; x_wconf 88' lang='lat' dir='ltr'><strong>orationem,</strong></span> <span class='ocrx_word' id='word_1_913' title='bbox 2308 5055 2582 5100; x_wconf 88' lang='lat' dir='ltr'><strong>memores</strong></span> <span class='ocrx_word' id='word_1_914' title='bbox 2603 5040 2823 5112; x_wconf 81' lang='lat' dir='ltr'><strong>quidem</strong></span> <span class='ocrx_word' id='word_1_915' title='bbox 2846 5038 3002 5109; x_wconf 89' lang='lat' dir='ltr'><strong>quasi</strong></span> <span class='ocrx_word' id='word_1_916' title='bbox 3025 5035 3374 5102; x_wconf 80' lang='lat' dir='ltr'><strong>confitentes,</strong></span> <span class='ocrx_word' id='word_1_917' title='bbox 3397 5034 3548 5090; x_wconf 90' lang='lat' dir='ltr'><strong>obliti</strong></span> 
     </span>
    </p>
   </div>
   <div class='ocr_carea' id='block_1_109' title="bbox 1959 5126 3555 5209">
    <p class='ocr_par' dir='ltr' id='par_1_109' title="bbox 1959 5126 3555 5209">
     <span class='ocr_line' id='line_1_109' title="bbox 1959 5126 3555 5209; baseline -0.009 -14"><span class='ocrx_word' id='word_1_918' title='bbox 1959 5151 2142 5197; x_wconf 86' lang='lat' dir='ltr'><strong>autem</strong></span> <span class='ocrx_word' id='word_1_919' title='bbox 2165 5139 2317 5209; x_wconf 90' lang='lat' dir='ltr'><strong>quasi</strong></span> <span class='ocrx_word' id='word_1_920' title='bbox 2344 5137 2454 5208; x_wconf 88' lang='lat' dir='ltr'><strong>jam</strong></span> <span class='ocrx_word' id='word_1_921' title='bbox 2489 5153 2595 5191; x_wconf 95' lang='lat' dir='ltr'><strong>non</strong></span> <span class='ocrx_word' id='word_1_922' title='bbox 2642 5135 2922 5200; x_wconf 84' lang='lat' dir='ltr'><strong>facientes,</strong></span> <span class='ocrx_word' id='word_1_923' title='bbox 2958 5141 3012 5187; x_wconf 93' lang='lat' dir='ltr'><strong>et</strong></span> <span class='ocrx_word' id='word_1_924' title='bbox 3059 5129 3307 5186; x_wconf 91' lang='lat' dir='ltr'><strong>dicamus</strong></span> <span class='ocrx_word' id='word_1_925' title='bbox 3342 5145 3356 5183; x_wconf 87' lang='lat'><strong>:</strong></span> <span class='ocrx_word' id='word_1_926' title='bbox 3391 5126 3555 5181; x_wconf 83' lang='lat' dir='ltr'><strong>Miser</strong></span> 
     </span>
    </p>
   </div>
   <div class='ocr_carea' id='block_1_110' title="bbox 1961 5225 3558 5309">
    <p class='ocr_par' dir='ltr' id='par_1_110' title="bbox 1961 5225 3558 5309">
     <span class='ocr_line' id='line_1_110' title="bbox 1961 5225 3558 5309; baseline -0.011 -18"><span class='ocrx_word' id='word_1_927' title='bbox 1961 5253 2077 5309; x_wconf 86' lang='lat' dir='ltr'><strong>ego,</strong></span> <span class='ocrx_word' id='word_1_928' title='bbox 2106 5235 2355 5307; x_wconf 84' lang='lat' dir='ltr'><strong>quoniam</strong></span> <span class='ocrx_word' id='word_1_929' title='bbox 2377 5239 2718 5302; x_wconf 86' lang='lat' dir='ltr'><strong>compunctus</strong></span> <span class='ocrx_word' id='word_1_930' title='bbox 2744 5243 2879 5284; x_wconf 88' lang='lat' dir='ltr'><strong>sum.</strong></span> <span class='ocrx_word' id='word_1_931' title='bbox 2921 5225 3038 5281; x_wconf 79' lang='lat' dir='ltr'><strong>Non</strong></span> <span class='ocrx_word' id='word_1_932' title='bbox 3077 5233 3162 5281; x_wconf 88' lang='lat' dir='ltr'><strong>est</strong></span> <span class='ocrx_word' id='word_1_933' title='bbox 3201 5229 3558 5293; x_wconf 85' lang='lat' dir='ltr'><strong>compunctus</strong></span> 
     </span>
    </p>
   </div>
   <div class='ocr_carea' id='block_1_111' title="bbox 1962 5317 3562 5398">
    <p class='ocr_par' dir='ltr' id='par_1_111' title="bbox 1962 5317 3562 5398">
     <span class='ocr_line' id='line_1_111' title="bbox 1962 5317 3562 5398; baseline -0.01 -14"><span class='ocrx_word' id='word_1_934' title='bbox 1962 5338 2255 5398; x_wconf 89' lang='lat' dir='ltr'><strong>antequam</strong></span> <span class='ocrx_word' id='word_1_935' title='bbox 2289 5324 2499 5381; x_wconf 88' lang='lat' dir='ltr'><strong>videret</strong></span> <span class='ocrx_word' id='word_1_936' title='bbox 2525 5323 2792 5378; x_wconf 80' lang='lat' dir='ltr'><strong>visionem</strong></span> <span class='ocrx_word' id='word_1_937' title='bbox 2812 5363 2827 5387; x_wconf 96' lang='lat'><strong>,</strong></span> <span class='ocrx_word' id='word_1_938' title='bbox 2871 5328 3159 5387; x_wconf 90' lang='lat' dir='ltr'><strong>antequam</strong></span> <span class='ocrx_word' id='word_1_939' title='bbox 3192 5317 3349 5372; x_wconf 85' lang='lat' dir='ltr'><strong>Osias</strong></span> <span class='ocrx_word' id='word_1_940' title='bbox 3377 5327 3562 5368; x_wconf 83' lang='lat' dir='ltr'><strong>more-</strong></span> 
     </span>
    </p>
   </div>
   <div class='ocr_carea' id='block_1_112' title="bbox 1965 5408 3560 5490">
    <p class='ocr_par' dir='ltr' id='par_1_112' title="bbox 1965 5408 3560 5490">
     <span class='ocr_line' id='line_1_112' title="bbox 1965 5408 3560 5490; baseline -0.008 -13"><span class='ocrx_word' id='word_1_941' title='bbox 1965 5433 2116 5478; x_wconf 89' lang='lat' dir='ltr'><strong>retur</strong></span> <span class='ocrx_word' id='word_1_942' title='bbox 2142 5439 2154 5476; x_wconf 90' lang='lat'><strong>:</strong></span> <span class='ocrx_word' id='word_1_943' title='bbox 2185 5436 2310 5476; x_wconf 89' lang='lat' dir='ltr'><strong>cum</strong></span> <span class='ocrx_word' id='word_1_944' title='bbox 2334 5419 2523 5490; x_wconf 91' lang='lat' dir='ltr'><strong>incipit</strong></span> <span class='ocrx_word' id='word_1_945' title='bbox 2556 5414 2932 5489; x_wconf 69' lang='lat' dir='ltr'><strong>ptenitentiam</strong></span> <span class='ocrx_word' id='word_1_946' title='bbox 2963 5427 3146 5485; x_wconf 89' lang='lat' dir='ltr'><strong>agere,</strong></span> <span class='ocrx_word' id='word_1_947' title='bbox 3177 5411 3358 5468; x_wconf 89' lang='lat' dir='ltr'><strong>statim</strong></span> <span class='ocrx_word' id='word_1_948' title='bbox 3382 5408 3516 5464; x_wconf 92' lang='lat' dir='ltr'><strong>dicit</strong></span> <span class='ocrx_word' id='word_1_949' title='bbox 3544 5425 3560 5464; x_wconf 92' lang='lat'><strong>:</strong></span> 
     </span>
    </p>
   </div>
   <div class='ocr_carea' id='block_1_113' title="bbox 1966 5503 3566 5591">
    <p class='ocr_par' dir='ltr' id='par_1_113' title="bbox 1966 5503 3566 5591">
     <span class='ocr_line' id='line_1_113' title="bbox 1966 5503 3566 5591; baseline -0.009 -18"><span class='ocrx_word' id='word_1_950' title='bbox 1966 5521 2214 5591; x_wconf 87' lang='lat' dir='ltr'><strong>quoniam</strong></span> <span class='ocrx_word' id='word_1_951' title='bbox 2240 5522 2578 5588; x_wconf 86' lang='lat' dir='ltr'><strong>compunctus</strong></span> <span class='ocrx_word' id='word_1_952' title='bbox 2599 5528 2733 5568; x_wconf 88' lang='lat' dir='ltr'><strong>sum.</strong></span> <span class='ocrx_word' id='word_1_953' title='bbox 2758 5512 2812 5567; x_wconf 92' lang='lat' dir='ltr'><strong>Si</strong></span> <span class='ocrx_word' id='word_1_954' title='bbox 2835 5509 2956 5579; x_wconf 86' lang='lat' dir='ltr'><strong>quis</strong></span> <span class='ocrx_word' id='word_1_955' title='bbox 2979 5508 3098 5562; x_wconf 89' lang='lat' dir='ltr'><strong>sine</strong></span> <span class='ocrx_word' id='word_1_956' title='bbox 3123 5521 3288 5561; x_wconf 88' lang='lat' dir='ltr'><strong>sensu</strong></span> <span class='ocrx_word' id='word_1_957' title='bbox 3310 5511 3394 5559; x_wconf 88' lang='lat' dir='ltr'><strong>est</strong></span> <span class='ocrx_word' id='word_1_958' title='bbox 3410 5503 3566 5573; x_wconf 88' lang='lat' dir='ltr'><strong>juxta</strong></span> 
     </span>
    </p>
   </div>
   <div class='ocr_carea' id='block_1_114' title="bbox 1974 5597 3578 5672">
    <p class='ocr_par' dir='ltr' id='par_1_114' title="bbox 1974 5597 3578 5672">
     <span class='ocr_line' id='line_1_114' title="bbox 1974 5597 3578 5672; baseline -0.01 -6"><span class='ocrx_word' id='word_1_959' title='bbox 1974 5610 2289 5667; x_wconf 87' lang='lat' dir='ltr'><strong>interiorem</strong></span> <span class='ocrx_word' id='word_1_960' title='bbox 2319 5609 2623 5668; x_wconf 85' lang='lat' dir='ltr'><strong>hominem,</strong></span> <span class='ocrx_word' id='word_1_961' title='bbox 2672 5617 2796 5658; x_wconf 91' lang='lat' dir='ltr'><strong>cum</strong></span> <span class='ocrx_word' id='word_1_962' title='bbox 2837 5607 3094 5672; x_wconf 86' lang='lat' dir='ltr'><strong>peccator</strong></span> <span class='ocrx_word' id='word_1_963' title='bbox 3132 5597 3234 5665; x_wconf 87' lang='lat' dir='ltr'><strong>sit,</strong></span> <span class='ocrx_word' id='word_1_964' title='bbox 3276 5611 3383 5650; x_wconf 89' lang='lat' dir='ltr'><strong>non</strong></span> <span class='ocrx_word' id='word_1_965' title='bbox 3425 5609 3578 5651; x_wconf 81' lang='lat' dir='ltr'><strong>com-</strong></span> 
     </span>
    </p>
   </div>
   <div class='ocr_carea' id='block_1_115' title="bbox 1979 5688 3582 5777">
    <p class='ocr_par' dir='ltr' id='par_1_115' title="bbox 1979 5688 3582 5777">
     <span class='ocr_line' id='line_1_115' title="bbox 1979 5688 3582 5777; baseline -0.011 -17"><span class='ocrx_word' id='word_1_966' title='bbox 1979 5703 2240 5777; x_wconf 81' lang='lat' dir='ltr'><strong>pungitur</strong></span> <span class='ocrx_word' id='word_1_967' title='bbox 2267 5719 2280 5755; x_wconf 89' lang='lat'><strong>:</strong></span> <span class='ocrx_word' id='word_1_968' title='bbox 2314 5701 2412 5755; x_wconf 89' lang='lat' dir='ltr'><strong>sed</strong></span> <span class='ocrx_word' id='word_1_969' title='bbox 2435 5699 2590 5770; x_wconf 89' lang='lat' dir='ltr'><strong>quasi</strong></span> <span class='ocrx_word' id='word_1_970' title='bbox 2623 5699 2675 5752; x_wconf 91' lang='lat' dir='ltr'><strong>in</strong></span> <span class='ocrx_word' id='word_1_971' title='bbox 2698 5694 2976 5750; x_wconf 85' lang='lat' dir='ltr'><strong>exteriora</strong></span> <span class='ocrx_word' id='word_1_972' title='bbox 3000 5692 3244 5748; x_wconf 88' lang='lat' dir='ltr'><strong>membra</strong></span> <span class='ocrx_word' id='word_1_973' title='bbox 3273 5690 3402 5744; x_wconf 86' lang='lat' dir='ltr'><strong>licet</strong></span> <span class='ocrx_word' id='word_1_974' title='bbox 3423 5688 3582 5744; x_wconf 92' lang='lat' dir='ltr'><strong>adbi-</strong></span> 
     </span>
    </p>
   </div>
   <div class='ocr_carea' id='block_1_116' title="bbox 1979 5777 3585 5854">
    <p class='ocr_par' dir='ltr' id='par_1_116' title="bbox 1979 5777 3585 5854">
     <span class='ocr_line' id='line_1_116' title="bbox 1979 5777 3585 5854; baseline -0.011 -4"><span class='ocrx_word' id='word_1_975' title='bbox 1979 5795 2114 5851; x_wconf 88' lang='lat' dir='ltr'><strong>beas</strong></span> <span class='ocrx_word' id='word_1_976' title='bbox 2139 5791 2438 5854; x_wconf 87' lang='lat' dir='ltr'><strong>stimulum,</strong></span> <span class='ocrx_word' id='word_1_977' title='bbox 2472 5802 2578 5842; x_wconf 92' lang='lat' dir='ltr'><strong>non</strong></span> <span class='ocrx_word' id='word_1_978' title='bbox 2611 5785 2778 5842; x_wconf 86' lang='lat' dir='ltr'><strong>sentit</strong></span> <span class='ocrx_word' id='word_1_979' title='bbox 2808 5791 3083 5839; x_wconf 86' lang='lat' dir='ltr'><strong>mortuum</strong></span> <span class='ocrx_word' id='word_1_980' title='bbox 3113 5793 3312 5851; x_wconf 88' lang='lat' dir='ltr'><strong>corpus</strong></span> <span class='ocrx_word' id='word_1_981' title='bbox 3341 5797 3354 5836; x_wconf 92' lang='lat'><strong>:</strong></span> <span class='ocrx_word' id='word_1_982' title='bbox 3386 5777 3585 5848; x_wconf 77' lang='lat' dir='ltr'><strong>eodem</strong></span> 
     </span>
    </p>
   </div>
   <div class='ocr_carea' id='block_1_117' title="bbox 2004 5869 3590 5950">
    <p class='ocr_par' dir='ltr' id='par_1_117' title="bbox 2004 5869 3590 5950">
     <span class='ocr_line' id='line_1_117' title="bbox 2004 5869 3590 5950; baseline -0.014 -7"><span class='ocrx_word' id='word_1_983' title='bbox 2004 5886 2168 5943; x_wconf 77' lang='lat' dir='ltr'><strong>modo</strong></span> <span class='ocrx_word' id='word_1_984' title='bbox 2198 5885 2243 5940; x_wconf 72' lang='lat' dir='ltr'><strong>ei</strong></span> <span class='ocrx_word' id='word_1_985' title='bbox 2273 5882 2532 5939; x_wconf 83' lang='lat' dir='ltr'><strong>adhibeas</strong></span> <span class='ocrx_word' id='word_1_986' title='bbox 2561 5877 2836 5950; x_wconf 83' lang='lat' dir='ltr'><strong>peccaturi</strong></span> <span class='ocrx_word' id='word_1_987' title='bbox 2872 5876 3033 5932; x_wconf 74' lang='lat' dir='ltr'><strong>verba</strong></span> <span class='ocrx_word' id='word_1_988' title='bbox 3058 5873 3236 5934; x_wconf 81' lang='lat' dir='ltr'><strong>divina</strong></span> <span class='ocrx_word' id='word_1_989' title='bbox 3268 5869 3590 5928; x_wconf 75' lang='lat' dir='ltr'><strong>mortiﬁcata</strong></span> 
     </span>
    </p>
   </div>
  </div>
