3972 6332
508 324 617 384 915
1756 321 1820 378 5.
1858 316 2135 378 EUBEBI‘I
2170 308 2557 376 “IERONYMI
3692 319 3794 377 9l6

512 458 609 512 per
638 452 934 513 peccatum,
979 450 1033 497 et
1076 454 1186 495 non
1234 440 1413 511 agenti
1458 438 1833 510 pmniteutiam
1861 477 1878 505 ,
1922 450 2102 508 neque
2130 439 2177 500 Α
2208 438 2409 493 residet
2462 438 2559 493 tibi
2608 439 2726 505 ille,
2772 438 2846 494 de
2900 452 3007 509 quo
3053 439 3257 495 dictum
3291 449 3377 496 est
3406 459 3420 496 :
3453 440 3526 497 ite
3568 455 3596 494 a
3630 455 3715 495 me
3745 440 3794 496 in

513 545 741 589 incestus
772 542 877 602 est,
921 548 1104 603 neque
1132 532 1382 603 paenitet,
1419 548 1595 603 neque
1624 531 2103 588 babettristitiam
2217 528 2430 604 1119
2458 534 2955 602 lgnem‘azteruum,
2995 533 3083 603 qui
3130 538 3468 602 prreparatns
3497 542 3578 612 est
3604 520 3797 587 Zabulo

511 638 825 695 operantem
871 626 1299 691 confessionem,
1332 626 1610 681 tristitiam
1652 641 1773 695 qua:
1804 624 2105 681 secundum

514 718 683 773 Deum
708 728 809 774 est.
845 719 903 774 Si
927 719 1044 791 quis
1058 729 1240 775 autem
1264 719 1380 774 vult
1404 719 1626 785 salvari,
1649 726 1706 774 et
1735 717 1966 773 audierit
1989 733 2109 772 ser-

515 826 705 866 mones
727 813 1007 883 arguentis
1032 828 1125 876 se,
1158 820 1213 867 et
1241 812 1623 883 corripientis,
1653 813 1836 867 statim
1865 812 1999 867 dicit
2024 830 2038 867 :
2064 811 2110 867 0

514 905 683 959 miser
711 907 834 977 ego!
868 906 980 961 Nec
1005 904 1208 961 sullicit
1233 905 1440 971 dicere,
1471 906 1638 961 miser
1662 921 1762 976 ego
1796 919 2112 975 :appnnen-

515 999 641 1053 dum
671 1009 755 1055 est
777 1001 850 1068 ei,
879 1000 1007 1071 quia
1038 1009 1398 1070 compunctus
1424 1014 1574 1054 sum.
1624 998 1840 1055 Utinam
1876 997 2111 1069 amplius

515 1094 981 1164 compungamur!
1008 1092 1225 1161 Quanto
1257 1094 1398 1148 enim
1436 1093 1651 1165 1118
1680 1091 1806 1162 plus
1846 1106 2113 1161 compun-

515 1186 717 1257 gimur,
749 1198 898 1242 tanto
943 1188 1062 1258 plus
1103 1187 1261 1242 nobis
1301 1187 1889 1257 peeczitorumvincnla
1930 1187 2112 1241 laxan-

516 1294 629 1340 tur.
672 1284 904 1355 Propter
934 1283 1037 1339 hoc
1082 1282 1269 1338 Achab
1300 1284 1394 1338 ille
1424 1300 1532 1337 nou
1581 1283 1810 1338 multutn
1859 1282 2113 1339 utilitatis

517 1388 604 1435 est
632 1387 982 1444 consecutus,
1030 1378 1156 1447 quia
1208 1391 1316 1431 non
1360 1376 1594 1432 multum
1643 1388 2003 1446 compunctus
2032 1385 2117 1433 est

521 1471 613 1542 (Ill
654 1470 783 1543 Reg.
826 1470 976 1539 xxr):
1011 1468 1108 1525 sed
1137 1476 1498 1539 compunctus
1540 1468 1769 1539 quidem
1822 1477 1906 1524 est
1945 1469 2114 1524 semel

521 1573 751 1618 tantum.
799 1561 1168 1631 Quamobrem
1221 1561 1425 1617 dictum
1472 1569 1599 1617 est:
1642 1561 1827 1616 Vidisti
1857 1561 2115 1631 quomodo

519 1663 858 1726 compunctus
888 1664 961 1709 est
1000 1654 1199 1710 Achab.
1235 1654 1293 1710 Si
1323 1668 1457 1710 vero
1501 1656 1625 1726 quis
1671 1656 1799 1711 talis
1847 1654 2013 1711 fuerit
2058 1666 2116 1712 ut

521 1765 627 1804 non
660 1759 843 1804 cesset
875 1751 1199 1820 eompungi,
1232 1748 1371 1805 dicit
1401 1749 1662 1805 similiter
1688 1758 1748 1805 ut
1768 1749 2067 1820 Apostolus
2101 1769 2113 1804 :

2210 632 2264 676 et
2295 623 2508 693 angelis
2536 623 2676 692 ejus.
2710 618 2824 678 Non
2853 635 2936 678 est
2966 624 3086 679 talis
3114 624 3256 693 ignis
3295 624 3364 681 de
3393 624 3575 679 altari.
3602 623 3800 681 Omnes

2206 716 2320 787 igni
2351 717 2600 774 tradendi
2626 730 2774 785 sunt,
2806 714 2901 775 sed
2937 730 3042 774 n‘on
3074 736 3266 776 omnes
3295 723 3386 776 uni
3409 720 3541 792 igni,
3574 721 3709 776 alios
3738 720 3799 779 de

2210 809 2367 864 altari
2398 810 2536 877 ignis
2582 820 2890 882 exspectat,
2941 813 3077 868 alios
3130 812 3290 884 igni<,
3337 813 3431 885 qui
3479 826 3802 884 praeparatus

2212 914 2293 958 est
2317 903 2524 959 Zabulo
2556 912 2612 960 et
2639 904 2848 977 angelis
2878 904 3015 976 ejus.
3050 902 3418 978 Tangat’e‘rgo
3442 907 3583 960 labia
3613 908 3801 963 mentis

2216 1007 2270 1052 ct
2302 999 2498 1053 anima:
2548 1009 2748 1054 nostrae
2788 1015 2971 1055 sermo
3003 983 3330 1072 Corripiens,
3368 1012 3423 1056 ut
3455 1010 3509 1056 et
3541 1016 3637 1055 nes
3666 1000 3803 1057 dica-

2217 1106 2337 1147 mus
2372 1109 2385 1146 :
2419 1096 2466 1148 ct
2515 1095 2679 1165 tetigit
2725 1111 2781 1150 os
2822 1110 3012 1150 meum.
3042 1092 3104 1152 Si
3139 1095 3476 1151 mundavero
3506 1111 3568 1150 os
3607 1113 3800 1163 meum,

2220 1196 2275 1241 ιιι
2304 1185 2438 1241 nihil
2470 1186 2741 1252 otiosum,
2795 1187 2929 1243 nihil
2979 1187 3223 1254 fatuum,
3261 1189 3395 1244 nihil
3452 1199 3625 1260 turpe,
3676 1188 3801 1244 nihil

2218 1280 2447 1335 scurrile
2488 1280 2573 1352 (ut
2618 1283 2800 1335 omnia
2857 1282 3024 1337 semel
3060 1274 3388 1355 nominem),
3435 1282 3567 1337 nihil
3597 1297 3801 1351 eorum,

2218 1386 2338 1444 qua:
2371 1373 2657 1430 interdicta
2688 1385 2836 1441 sunt,
2870 1374 3085 1446 loquar,
3113 1383 3242 1430 tunc
3274 1388 3565 1446 possumus
3587 1374 3800 1430 dicere:

2219 1469 2380 1539 tetigit
2412 1486 2466 1523 os
2496 1485 2684 1523 meum.
2733 1468 2902 1524 Porro
2933 1468 3192 1541 quamdiu
3221 1469 3503 1525 immunda
3532 1468 3674 1523 labia
3714 1466 3806 1523 ha-

2218 1561 2345 1625 beo,
2381 1570 2435 1617 et
2470 1560 2684 1634 1120
2729 1562 3036 1618 iinmnndas
3085 1576 3174 1618 res
3205 1570 3338 1634 gero
3388 1564 3609 1635 propter
3649 1561 3801 1619 verba

2221 1656 2456 1724 peccati,
2493 1672 2599 1711 non
2634 1658 2808 1728 tangit
2848 1668 2910 1713 os
2939 1672 3120 1713 meum
3155 1657 3294 1729 ignis
3321 1657 3407 1729 de:
3431 1658 3607 1725 altari,
3637 1671 3805 1728 neque

2218 1747 2457 1802 mittitur
2480 1744 2544 1800 ad
2575 1762 2662 1802 me
2689 1750 2833 1803 unus
2864 1748 2934 1803 de
2972 1746 3288 1817 Scraphim.

523 1843 644 1898 Non
673 1861 787 1898 sum
829 1845 1020 1915 dignus
1066 1846 1241 1898 vorari
1270 1844 1553 1913 Apostolus
1604 1855 1820 1916 propter
1846 1845 1948 1901 hoc
1977 1846 2115 1915 quod
2146 1838 2195 1899 B
2294 1838 2379 1894 Vl.
2425 1837 2492 1891 Et
2518 1839 2653 1893 dixit
2683 1854 2701 1893 :
2737 1838 2871 1893 Ecce
2900 1841 3047 1912 tetigi
3081 1841 3219 1895 labia
3250 1849 3362 1909 tua,
3395 1849 3444 1895 et
3482 1842 3668 1895 abstuli
3711 1841 3803 1895 iui-

518 1948 817 2011 persecutus
844 1954 957 1994 sum
1013 1936 1304 1993 Ecclesium
1327 1937 1424 1994 Dei
1470 1938 1519 2012 (Ι
1558 1938 1690 1994 Tim.
1740 1939 1802 2012 ι).
1839 1940 1905 1994 Et
1940 1957 1953 1994 :
1985 1939 2120 1995 Mihi

522 2034 735 2087 minimo
750 2035 981 2088 omnium
1004 2043 1306 2089 sanctorum
1328 2033 1451 2087 data
1473 2043 1546 2089 est
1568 2036 1669 2089 ista
1690 2037 1860 2106 gratia
1883 2034 2027 2107 (Gal.
2055 2035 2116 2107 ι).

523 2125 591 2180 Et
626 2145 638 2181 :
672 2124 875 2179 Fidebt's
924 2126 1093 2194 Deus,
1125 2127 1249 2198 quia
1270 2126 1425 2180 Iesus
1452 2124 1692 2182 Christus
1729 2127 1863 2181 venit
1901 2128 1954 2180 in
1985 2127 2121 2181 hunc

520 2219 795 2286 mundum,
827 2229 1127 2289 peccatores
1155 2222 1380 2288 salvere,
1411 2236 1633 2293 quorum
1661 2223 1859 2291 primus
1888 2236 1982 2293 ego
2007 2236 2122 2276 sum

472 2308 477 2315 ’
523 2310 567 2384 (ι
599 2311 718 2366 Cor.
754 2310 871 2384 xv).
911 2311 1149 2368 Videsne
1178 2315 1307 2384 quia
1354 2316 1585 2370 multum
1615 2325 1982 2386 compunctus
2013 2323 2119 2384 est,

526 2413 581 2458 et
614 2420 722 2458 non
756 2403 952 2469 semel,
985 2404 1080 2460 sed
1115 2419 1338 2477 semper
1364 2406 1651 2474 scribens,
1685 2416 1740 2462 ct
1786 2409 2039 2477 loquens,
2067 2415 2127 2463 et

523 2511 695 2565 agens
727 2506 1098 2565 compunctus
1128 2498 1252 2553 est?
1283 2499 1564 2569 quomodo
1595 2511 1650 2554 et
1680 2498 1851 2554 Isaias
1882 2501 1939 2555 in
1985 2514 2125 2569 prm-

526 2590 694 2657 senti,
730 2591 824 2659 qui
851 2589 987 2645 dicit
1014 2608 1026 2644 :
1059 2590 1105 2645 0
1137 2592 1296 2646 miser
1318 2608 1412 2662 ego
1436 2598 1572 2659 sum,
1600 2600 1943 2662 compunctus
1984 2606 2119 2660 sum,

523 2687 646 2756 quia
674 2702 791 2740 cum
815 2687 913 2740 sim
945 2686 1119 2752 homo,
1153 2695 1200 2739 et
1234 2687 1505 2740 immunda
1526 2686 1669 2740 tabia
1710 2684 1947 2748 habeam,
1990 2694 2037 2740 et
2066 2687 2119 2741 in

526 2776 696 2830 medio
728 2793 925 2847 quoque
952 2778 1136 2848 pepuli
1166 2776 1438 2830 immunda
1460 2776 1597 2830 labia
1616 2776 1850 2832 habentis
1873 2776 2118 2832 habitem.

527 2872 872 2925 Anuotemus
899 2878 954 2923 et
983 2868 1129 2923 aliud
1169 2868 1470 2939 quiddam,
1518 2870 1644 2938 quia
1694 2877 1925 2940 peccata
1967 2869 2124 2923 Isaia:

528 2977 632 3018 non
690 2962 744 3017 in
802 2961 980 3024 lactis,
1015 2961 1110 3015 sed
1167 2971 1380 3015 tantum
1434 2961 1486 3015 in
1538 2962 1889 3016 sermonibus
1938 2970 2119 3016 erant.

532 3055 762 3125 Propter
792 3054 937 3125 quod
966 3054 1037 3108 ait
1067 3071 1080 3107 :
1117 3053 1253 3120 Quia
1282 3069 1399 3107 cunt
1431 3054 1585 3108 homo
1612 3055 1730 3120 sim,
1761 3064 1806 3108 et
1854 3054 2124 3109 immunda

525 3155 663 3210 labia
691 3154 925 3208 habeam.
970 3152 1104 3208 Erat
1130 3161 1314 3207 autem
1342 3160 1398 3207 et
1442 3152 1676 3222 populus
1722 3150 2009 3205 itumttnda
2046 3151 2126 3204 la-

527 3248 614 3304 bia
646 3248 873 3304 habens.
906 3246 1023 3302 Non
1057 3246 1244 3301 decuit
1270 3261 1397 3301 eum
1444 3258 1706 3299 accusare
1742 3246 2032 3315 populum,
2065 3252 2121 3301 et
2148 3230 2193 3293 Β

525 3344 709 3398 dicere
738 3342 893 3412 plura
925 3348 1147 3409 peccata
1176 3338 1229 3394 in
1250 3352 1321 3394 eo
1347 3352 1497 3406 esse,
1520 3348 1685 3407 quam
1718 3337 2121 3393 immnndorum

527 3436 818 3490 Iahiorttnt.

600 3529 685 3584 ιν.
730 3528 798 3582 Et
842 3545 1015 3600 regem
1059 3527 1341 3582 Dominum
1372 3527 1606 3583 Sabaoth
1649 3527 1754 3582 vidi
1784 3527 1946 3581 oculis
1976 3529 2122 3582 meis.

525 3622 581 3676 Si
614 3622 833 3691 quando
858 3621 928 3676 de
961 3621 1073 3674 Deo
1104 3621 1557 3690 cogitaverimus,
1585 3634 1710 3675 cum
1733 3619 1907 3673 adhuc.
1937 3632 2126 3674 sumus

530 3722 875 3781 peccatores,
909 3720 964 3765 et
996 3726 1096 3766 nos
1130 3711 1405 3779 dicamus,
1453 3727 1576 3781 qum
1621 3727 1769 3766 nunc
1811 3712 1943 3766 dicit
1996 3715 2128 3765 t‘ro-

530 3806 692 3874 pheta
728 3821 739 3856 :
778 3802 843 3855 Et
877 3805 1061 3857 missus
1086 3811 1162 3857 est
1184 3803 1252 3856 de
1281 3818 1361 3856 me
1379 3821 1515 3858 unus
1536 3805 1599 3857 de
1627 3806 1923 3873 Seraphim.
1949 3804 2123 3871 Quam

534 3900 710 3952 bonus
772 3897 949 3951 Deus!
1003 3895 1188 3963 Quia,
1252 3897 1464 3965 inquit,
1538 3896 1705 3950 audio
1764 3897 2122 3952 confitentem

524 3992 743 4054 Isaiam,
778 3988 919 4044 dixit
951 3988 1096 4042 enim
1133 4005 1147 4042 :
1180 3987 1225 4043 0
1272 3988 1442 4044 miser
1480 4003 1620 4060 ego,
1670 3990 1929 4059 quoniam
1956 3989 2124 4044 audio

526 4084 918 4155 pmuiteutem,
965 4083 1041 4137 ait
1093 4081 1296 4152 quippe
1335 4099 1348 4135 :
1398 4080 1752 4151 Compunctus
1800 4094 1914 4136 sunt
1947 4100 1959 4136 :
1996 4082 2123 4153 quia

526 4176 743 4248 propria
773 4176 971 4232 delicta
1006 4176 1390 4246 pronuntiavit
1419 4176 1609 4231 dicens
1643 4194 1655 4229 :
1688 4176 1828 4243 Quia
1860 4192 1984 4231 eum
2019 4179 2120 4232 sim

522 4273 712 4338 homo,
745 4280 799 4324 et
826 4267 1102 4323 immunda
1129 4269 1272 4322 labia
1304 4267 1503 4334 habeo,
1529 4277 1584 4323 et
1614 4268 1668 4322 in
1700 4268 1887 4323 medio
1908 4284 2124 4339 queque

521 4363 708 4433 p0pnli
763 4362 1040 4418 immunda
1072 4361 1212 4416 labia
1256 4361 1509 4417 habentis
1554 4361 1817 4417 habitem.
1863 4363 1931 4418 Et
1977 4378 2118 4433 ego,

522 4456 698 4512 adhuc
731 4456 993 4526 loquente
1037 4470 1124 4521 eo,
1180 4454 1305 4510 dico
1337 4473 1351 4510 :
1386 4456 1528 4511 Ei-ee
1570 4456 1788 4512 adsum.
1822 4454 1891 4510 Et
1932 4457 2121 4512 missus

520 4556 595 4603 est
625 4547 696 4601 ad
723 4563 802 4602 me
830 4562 965 4601 unus
992 4545 1056 4600 de
1076 4545 1379 4617 Seraphim,
1411 4555 1458 4600 et
1496 4548 1548 4600 in
1582 4564 1738 4601 manu
1769 4564 1863 4602 sua
1901 4548 2115 4603 habebat

2223 1932 2443 1999 qnitates
2470 1937 2610 1995 tuas,
2644 1940 2694 1986 et
2722 1939 2931 2002 peccata
2978 1940 3066 1985 tua
3111 1932 3546 2005 circumpurgat-1'.
3577 1930 3802 1988 Mordeat

2226 2035 2327 2076 nos
2352 2035 2539 2076 sermo
2568 2020 2805 2091 divinus,
2838 2024 3033 2078 exurat
3057 2023 3269 2078 animas
3301 2033 3538 2078 nostras.
3574 2023 3801 2078 tricatnus

2220 2117 2513 2173 audientes
2547 2136 2559 2170 :
2593 2116 2786 2172 Nonne
2816 2133 2914 2172 cor
2943 2114 3193 2173 nostrum
3229 2116 3427 2173 ardens
3462 2122 3581 2174 erat
3626 2118 3675 2171 in
3716 2130 3802 2172 no-

2223 2210 2348 2265 bis?
2376 2219 2437 2266 ut
2466 2210 2790 2266 auferantur
2822 2211 3141 2282 iniquitates
3162 2222 3365 2266 nostrzu
3385 2254 3399 2277 ,
3430 2220 3593 2281 atque
3624 2224 3798 2280 pecca-

2226 2317 2301 2375 ta,
2332 2316 2389 2363 et
2418 2306 2611 2363 muadi
2638 2304 2825 2364 ‘eh‘ecti
2869 2311 3072 2363 mundo
3121 2324 3241 2375 ore,
3277 2306 3617 2377 mundoque‘
3634 2304 3795 2370 corde,

2226 2411 2281 2458 ct
2313 2403 2515 2458 munda
2548 2412 2661 2458 tota
2690 2403 3029 2459 conscientia
3049 2446 3062 2469 ,
3092 2404 3295 2475 gratias
3326 2417 3551 2473 agamus
3573 2400 3797 2467 omnipo-

2224 2498 2357 2551 tenti
2382 2496 2493 2552 Deo
2516 2496 2568 2551 in
2595 2494 2817 2553 Christo
2844 2495 3000 2563 Jesu,
3025 2497 3113 2552 cui
3141 2504 3227 2551 est
3248 2494 3422 2567 gleria
3454 2502 3511 2550 et
3534 2492 3795 2565 imperinnt

2226 2590 2279 2644 in
2308 2590 2516 2647 saecula
2548 2590 2901 2647 swculomm.
2937 2591 3132 2647 Amen.

2730 2700 3010 2759 uotum
3053 2702 3339 2772 QUINTA.

2229 2797 2304 2852 De
2334 2816 2412 2867 eo,
2446 2799 2584 2868 quod
2610 2800 2861 2861 scriptum
2909 2808 2983 2852 est
3010 2814 3027 2851 :
3058 2797 3189 2865 Quis
3228 2797 3465 2852 elevatit
3505 2795 3572 2848 ab
3600 2795 3797 2848 Oriente

2294 2892 2595 2961 justitiam,
2627 2900 2675 2946 et
2705 2892 2768 2945 de
2802 2892 2996 2945 visione
3032 2891 3218 2944 iterum
3263 2888 3441 2943 aliter.
3482 2889 3612 2959 Cap.
3650 2886 3733 2940 Vl.

2226 3009 2274 3069 (ιι
2301 3008 2420 3057 Haec
2444 3008 2688 3067 Alloquio
2715 3009 2765 3055 in
2784 3006 2953 3057 Graeco
2980 3020 3114 3069 perp;
3136 3019 3239 3054 ram
3260 3004 3407 3069 valde
3425 3003 3659 3069 fuit,ide_o
3676 3000 3798 3069 juxta

2287 3082 2488 3120 sensum
2513 3063 2824 3127 etordinem,
2853 3084 2945 3117 non
2975 3063 3121 3118 etiam
3143 3071 3284 3129 juxta
3308 3064 3459 3116 verba
3482 3063 3741 3127 translata.)

2304 3148 2517 3227 1119
2544 3150 2586 3208 I.
2629 3150 2719 3210 Ait
2745 3148 3053 3223 Prophetes
3081 3164 3203 3207 esse
3232 3142 3516 3207 Christum
3546 3148 3795 3205 viventem

2221 3248 2515 3320 justitiam,
2551 3258 2604 3302 et
2649 3244 2677 3285 ι)
2728 3247 3052 3316 putabamus
3101 3257 3199 3299 nos
3230 3245 3299 3298 ab
3335 3242 3596 3314 Apostolo
3643 3242 3794 3295 solum

2227 3342 2431 3396 dictum
2465 3354 2610 3406 esse,
2645 3339 2768 3409 quia
2804 3338 3052 3393 Christus
3083 3338 3155 3392 sit
3175 3338 3408 3409 j‘ustitia,
3446 3336 3495 3391 et
3525 3334 3793 3399 sanctiﬁca-

2225 3438 2318 3502 tio,
2351 3444 2396 3488 et
2427 3435 2735 3505 redemptio,
2768 3443 2815 3488 et
2842 3434 3099 3503 sapientia
3132 3433 3172 3503 (I
3202 3432 3321 3488 Cor.
3355 3426 3416 3502 ι).
3453 3430 3613 3485 Forte
3638 3437 3789 3482 autem

2226 3534 2281 3583 et
2312 3524 2606 3597 Apostolus
2646 3530 2948 3582 instructus
2976 3542 3004 3580 a
3039 3522 3324 3595 Prophetis
3346 3565 3361 3588 ,
3410 3525 3561 3579 novit
3608 3522 3788 3576 anima-

2228 3632 2337 3677 lam
2371 3636 2493 3677 esse
2520 3621 2788 3691 justitiam
2821 3630 2875 3677 et
2907 3621 3176 3674 viventem
3205 3637 3219 3674 :
3251 3616 3385 3687 Qum
3416 3626 3501 3672 est
3533 3618 3633 3672 ista
3663 3613 3789 3685 justi-

2228 3714 2339 3769 tia‘t
2379 3714 2699 3785 Uttigenittts
2745 3714 2859 3769 Dei.
2904 3712 3041 3781 Quia
3084 3719 3266 3766 autem
3303 3725 3411 3765 non
3465 3720 3487 3749 ο
3539 3708 3698 3764 solum
3732 3705 3786 3759 ab

2228 3806 2492 3876 Apostolo
2526 3816 2705 3862 ortum
2760 3817 2844 3861 est
2876 3805 3151 3860 Christum
3183 3818 3308 3859 esse
3343 3804 3609 3872 justitiam
3654 3810 3699 3855 et
3723 3797 3788 3852 vi-

2228 3908 2467 3965 Ventent,
2502 3908 2555 3955 et
2585 3899 2970 3955 subsistentem
3014 3897 3322 3968 justitiam;
3358 3896 3455 3952 sed
3489 3895 3711 3951 invenies
3738 3896 3782 3946 et

2227 4007 2255 4045 a
2278 3992 2615 4063 prepheticis
2642 3991 2991 4047 sermonibus
3012 3989 3118 4046 hoc
3141 3990 3300 4044 nobis
3318 3990 3637 4061 mysterium
3662 3983 3785 4041 exhi-

2226 4086 2420 4142 bitum.
2455 4086 2677 4143 Certum
2729 4096 2782 4141 et
2815 4101 2842 4139 a
2874 4084 3150 4155 capitulo,
3207 4083 3259 4138 iu
3301 4094 3408 4154 quo
3468 4096 3610 4137 nunc
3655 4078 3785 4135 lectio

2227 4180 2546 4251 conquievit
2602 4197 2615 4233 :
2669 4178 2798 4246 Quis
2850 4178 3024 4242 enim,
3075 4175 3282 4246 inquit,
3343 4190 3558 4246 surgere
3596 4173 3703 4240 fecit
3735 4169 3784 4223 ab

2229 4271 2444 4327 Oriente
2457 4273 2739 4343 justitiam,
2770 4279 2818 4323 et
2845 4270 3039 4323 vocavit
3067 4283 3182 4323 eam
3207 4262 3275 4321 ad
3307 4266 3463 4333 pedes
3492 4282 3610 4320 suos
3653 4260 3781 4335 (Isai.

2224 4363 2345 4437 vi)?
2384 4364 2612 4421 Vocavit
2656 4362 2949 4433 justitiam.
2997 4356 3339 4415 Manifestum
3385 4369 3470 4414 est
3530 4357 3783 4412 animatam

2224 4470 2343 4515 eam
2377 4474 2521 4525 esse,
2554 4458 2600 4514 si
2630 4457 2875 4512 ambulet
2904 4466 3123 4511 vocata.
3171 4454 3398 4511 Vocavit
3428 4465 3604 4508 autem
3631 4447 3784 4505 Chris-

2224 4550 2336 4608 tum
2372 4554 2550 4618 Pater,
2599 4567 2707 4621 quo
2756 4550 2828 4604 ob
2861 4557 3107 4604 nostram
3150 4547 3385 4602 salutem
3411 4591 3425 4609 .
3472 4547 3538 4599 ad
3581 4557 3671 4599 nos
3700 4541 3783 4595 iter

519 4641 815 4695 carbonem.
867 4637 1046 4693 Carbo
1077 4638 1327 4695 defertur
1376 4640 1444 4693 ad
1498 4640 1857 4712 Prophetam,
1910 4652 1969 4697 ut
2017 4658 2118 4713 per
2146 4611 2197 4673 Β
2223 4650 2448 4711 laceret,
2478 4656 2529 4699 et
2562 4611 2927 4700 descenderet
2957 4642 3025 4698 de
3056 4641 3195 4699 coalo
3227 4639 3292 4694 ad
3326 4655 3448 4696 nos.
3486 4639 3645 4694 Nemo
3664 4635 3781 4692 enim

520 4737 658 4803 ignis
685 4734 962 4788 ustionem
988 4746 1297 4802 purgentur
1326 4732 1472 4788 labia
1503 4734 1646 4803 ejus,
1680 4746 1802 4804 qua:
1821 4735 2118 4806 aliquando

521 4836 912 4896 peccaverant.
946 4822 1082 4889 Quis
1110 4831 1197 4879 est
1229 4825 1335 4879 iste
1365 4839 1508 4881 unus
1537 4825 1609 4880 de
1640 4825 1973 4895 Seraphim?
2010 4828 2117 4883 Do-

518 4920 700 4975 minus
731 4933 883 4972 meus
913 4917 1078 4972 Jesus
1108 4917 1383 4983 Christus,
1418 4918 1525 4973 iste
1548 4917 1705 4988 juxta
1744 4919 2112 4989 dispensatio-

516 5028 642 5069 nem
675 5012 862 5066 carnis
894 5012 1095 5065 missus
1137 5022 1220 5065 est
1252 5010 1463 5068 habens
1500 5012 1555 5067 in
1588 5028 1753 5068 manu
1784 5029 1880 5069 sua
1912 5016 2110 5071 carbo-

513 5119 665 5171 nem;
700 5112 755 5158 et
783 5104 971 5158 dicens
1002 5122 1014 5158 :
1047 5101 1233 5175 Ignem
1261 5106 1375 5160 veni
1409 5107 1609 5161 mittere
1634 5124 1788 5177 super
1814 5118 2030 5164 terram.

584 5200 649 5254 V.
694 5198 763 5253 Et
786 5200 987 5255 utinam
996 5202 1112 5273 jam
1136 5200 1440 5258 ardeatlEt
1462 5203 1650 5259 missus
1677 5214 1752 5259 est
1773 5202 1843 5257 ad
1869 5220 1950 5259 me
1972 5220 2107 5259 unus

510 5292 576 5347 de
608 5290 907 5363 Seraphim,
932 5301 977 5348 et
1001 5294 1055 5347 in
1075 5309 1231 5348 manu
1261 5295 1374 5364 ejus
1401 5294 1616 5349 habebat
1643 5294 1932 5362 carbonem,
1955 5312 2104 5367 quem

507 5396 778 5458 acceperat
802 5388 1008 5459 forcipe
1035 5387 1101 5442 de
1126 5376 1304 5443 altari.
1356 5387 1474 5443 Non
1525 5403 1869 5459 quocumque
1898 5389 2106 5460 simpli-

505 5481 640 5535 citer
672 5489 729 5535 et
754 5481 978 5536 fortuito
1000 5480 1277 5563 Propheta
1308 5482 1435 5554 igne
1463 5491 1743 5554 purgatur,
1777 5483 1875 5538 sed
1901 5483 1993 5555 qui
2021 5493 2105 5538 est

503 5571 569 5627 de
599 5573 753 5629 altari
789 5573 903 5630 Dei.
953 5576 1010 5631 Si
1042 5584 1305 5647 purgatus
1345 5591 1453 5632 non
1500 5575 1668 5633 fueris
1712 5576 1899 5632 altaris
1950 5577 2097 5648 igne,

573 5713 607 5781 ἰγ
641 5702 985 5781 Absuntduo
1025 5708 1113 5764 isti
1158 5718 1379 5777 versus,
1418 5710 1541 5766 ηωε
1589 5710 1849 5767 Allocutio
1874 5756 1889 5781 ,
1946 5716 2088 5780 etc.,

498 5780 672 5844 usque
703 5780 972 5843 transacta,
1004 5790 1038 5833 a
1060 5781 1336 5836 Benedict.
1369 5783 1629 5839 editione.

566 5844 591 5887 ιι
636 5847 803 5902 Antea
853 5863 948 5916 pro
976 5851 1278 5919 putabamus
1322 5870 1435 5918 nos,
1469 5863 1587 5909 erat
1619 5853 1901 5912 dumtaxat
1933 5866 2088 5932 puta-

2221 4738 2469 4794 ascendit
2500 4739 2554 4792 in
2587 4736 2810 4801 coelum,
2848 4734 2955 4791 nisi
2986 4734 3077 4805 qui
3119 4728 3187 4788 de
3216 4730 3361 4787 caelo
3395 4726 3671 4787 descendit
3711 4726 3783 4783 Fi-

2220 4834 2325 4888 lius
2355 4830 2618 4885 hominis.
2650 4826 2880 4885 Vocavit
2909 4838 3034 4882 eum
3065 4826 3133 4882 de
3164 4820 3395 4881 Oriente
3425 4842 3442 4879 :
3473 4840 3579 4878 non
3610 4822 3672 4877 de
3693 4821 3776 4875 isto

2218 4925 2485 4990 sensibili,
2519 4916 2611 4980 sed
2661 4923 2730 4979 de
2776 4923 2990 4978 oriente
3022 4921 3159 4977 lucis
3200 4932 3364 4975 verm.
3400 4914 3630 4986 Propter
3662 4912 3774 4986 quod

2211 5022 2475 5092 scriptum
2507 5027 2593 5074 est
2628 5036 2641 5072 :
2679 5019 2809 5086 Quis
2854 5028 3127 5088 exsurgere
3175 5015 3240 5069 de
3272 5012 3488 5069 Oriente
3518 5010 3775 5084 fecitjn'sti-

2212 5116 2360 5183 tiam,
2391 5112 2441 5169 et
2477 5113 2681 5167 vacavit
2715 5114 2829 5166 eam
2868 5094 2937 5163 'ad
2989 5109 3141 5174 pedes
3182 5108 3346 5162 suos?
3391 5109 3555 5163 Pater
3600 5101 3775 5160 vocntil

2214 5204 2439 5272 Filium,
2473 5206 2642 5261 immo
2672 5198 2730 5259 ui
2765 5218 2894 5258 vere
2925 5203 3191 5264 dicamus,
3237 5201 3382 5257 Deus
3410 5188 3672 5255 hominem
3701 5211 3772 5251 vo-

2214 5299 2357 5354 cavit
2385 5296 2657 5369 justitiam
2688 5295 2754 5351 ad
2779 5293 2945 5366 pedes
2975 5295 3124 5361 suos,
3157 5294 3210 5349 id
3237 5296 3344 5360 est,
3380 5278 3765 5349 incarnationem

2214 5386 2340 5447 Filii
2370 5392 2474 5445 sui.
2507 5388 2635 5444 [deo
2663 5400 2715 5444 et
2746 5387 3038 5444 adoramus
3068 5378 3373 5442 scabellum
3409 5386 3604 5456 pedum
3629 5376 3762 5447 illius,

2204 5480 2357 5556 juxta
2387 5481 2530 5554 quod
2560 5481 2820 5552 sciiplum
2854 5490 2938 5537 est
2971 5499 2983 5534 :
3025 5478 3248 5535 Adomte
3278 5479 3562 5533 scabellnnt
3611 5476 3759 5547 pedum

2205 5581 2340 5650 ejus,
2373 5577 2494 5648 quia
2520 5584 2755 5630 sanctum
2787 5584 2882 5630 est.
2914 5572 3054 5630 Caro
3083 5572 3353 5645 siquidem
3378 5562 3592 5629 Domini
3620 5569 3754 5627 hono-

2200 5730 2455 5838 "mg-Vox
2485 5783 2655 5839 solum
2675 5782 2829 5840 abest
2856 5790 2886 5839 a
2917 5768 3198 5841 Benedict.
3231 5774 3368 5871 edit.
