3972 6316
202 318 323 376 917

698 316 1142 375 TBANSLATIO
1181 298 1619 374 HOMILIARUM
1658 292 1989 373 DiiiCENlS
2024 294 2094 371 1N
2138 292 2459 373 VISIUNES
2496 315 2731 373 lSAleE.
2773 317 2941 373 HOM.
2984 318 3053 374 ν.

3426 315 3533 372 918

207 457 329 495 rem
367 439 602 495 dt-itatis
631 434 878 494 assumit.
921 428 1055 505 Quit
1100 445 1288 491 autem
1333 434 1658 506 principium
1712 436 1824 490 lec-
1856 439 1908 497 Α
1937 408 2214 505 Baptistna
2242 428 2403 488 habeo
2451 428 2733 503 baptizare.
2778 418 2890 489 Cur
2918 434 3021 489 ista
3068 426 3351 491 duximus?
3382 420 3532 490 Prte-

205 532 387 587 tionis
451 531 666 604 1120
693 529 873 585 altiori
924 528 1127 600 indiget
1184 527 1559 598 expositione,
1606 542 1827 582 oremus

205 639 501 680 summum
534 638 739 695 regem,
770 629 830 677 ut
860 637 1065 680 sermo.
1100 622 1191 692 qui
1222 631 1450 676 vocatus
1480 620 1726 685 abierat,
1757 618 1824 674 ad

207 732 317 772 nos
350 719 556 772 iterum
592 726 921 781 revertatur,
946 724 1003 769 ιιι
1025 729 1194 786 pauca
1220 714 1371 785 juxta
1406 713 1824 783 possibilitatem

210 818 473 865 nostram
506 807 896 864 edisseramus.

284 900 355 957 ll.
406 899 479 955 Et
535 902 734 970 factum
782 909 855 954 est
909 900 963 953 iu
1013 913 1173 963 anno,
1204 913 1305 968 quo
1351 906 1584 952 mortuus
1631 904 1707 950 est
1736 910 1829 949 rea:

209 993 378 1049 Osias
412 1010 434 1049 :
468 992 591 1048 Vidi
625 991 901 1046 Dominum
944 990 1203 1046 sedentem
1244 1004 1403 1059 supra
1454 989 1698 1042 thronum
1737 1002 1827 1041 ex-

206 1091 443 1151 celsum,
470 1099 517 1142 et
551 1088 701 1157 plena
728 1096 837 1140 erat
868 1085 1049 1139 domus
1071 1085 1241 1155 gloria
1267 1087 1380 1156 ejus
1405 1099 1424 1149 ;
1468 1093 1517 1138 et
1550 1080 1827 1154 Seraphim

206 1178 436 1236 stabant
457 1181 511 1233 in
539 1180 761 1234 circuitu
788 1182 926 1252 ejus,
952 1194 1043 1232 sea:
1068 1179 1167 1232 ala?
1193 1178 1307 1243 uni,
1334 1188 1382 1231 et
1407 1184 1495 1232 ‘sea:
1525 1178 1623 1231 alte
1650 1176 1820 1231 alteri.

211 1274 278 1329 Et
308 1274 527 1328 duabus
547 1270 756 1344 quidem
785 1271 1019 1326 uelabant
1044 1272 1234 1342 faciem
1261 1273 1392 1342 ejus,
1425 1281 1471 1325 et
1515 1269 1716 1324 duabus
1744 1286 1825 1324 ve-

208 1366 396 1421 labant
431 1367 608 1436 pedes,
652 1376 697 1418 et
727 1364 927 1418 duabus
970 1364 1228 1426 volabant,
1281 1373 1328 1418 et
1358 1363 1651 1417 clamabant
1693 1363 1825 1416 alter

206 1461 278 1513 ad
308 1461 563 1523 alterum,
608 1467 655 1512 et
688 1458 926 1512 dicebant
960 1472 979 1511 :
1012 1455 1237 1513 Sanctus
1258 1498 1273 1523 ,
1319 1467 1557 1521 sanctus,
1613 1466 1824 1509 sanctus

210 1551 481 1607 Dominus
514 1550 655 1606 Deus
684 1550 949 1617 Sabaoth,
975 1552 1128 1620 plena
1182 1562 1260 1606 est
1304 1561 1441 1606 terra
1467 1551 1635 1624 gloria
1662 1552 1774 1622 ejus
1803 1567 1824 1606 :

208 1657 261 1701 et
294 1646 539 1716 reliqua.
594 1644 791 1701 Verum
838 1655 895 1699 ut
949 1655 1004 1700 et
1055 1658 1154 1699 nos
1200 1644 1486 1700 videamus
1518 1644 1821 1710 visionem,

207 1754 385 1811 quant
419 1739 557 1793 vidit
583 1739 773 1805 Isaias,
804 1752 1059 1794 vocemus
1086 1738 1292 1804 Jesunt,
1321 1738 1410 1809 qui
1453 1752 1558 1792 non
1588 1736 1821 1792 videnti-

1933 542 2067 600 paro
2097 540 2151 586 et
2182 545 2269 585 me
2299 539 2351 585 et
2379 528 2665 584 audientes
2704 528 2769 582 ad
2804 529 3011 598 majora
3045 520 3327 601 mySIeria.
3360 520 3417 584 Si
3452 540 3531 583 ta-

1931 637 2054 678 men
2087 623 2290 688 veniat,
2326 621 2371 677 si
2413 620 2709 677 descendat
2736 621 2803 676 ad
2840 637 2936 677 uos
2965 636 3146 678 sermo
3179 620 3270 676 Dei
3301 638 3314 674 :
3347 621 3516 675 timeo

1930 718 2076 771 enim
2109 733 2176 771 ne
2205 732 2293 772 me
2318 714 2512 787 fugiat,
2542 731 2609 770 ne
2638 715 3074 771 benedictionem
3104 722 3323 786 quoque
3348 730 3525 770 meam

1929 804 2271 881 dedignethr.
2304 796 2467 882 Fugit
2492 810 2767 882 quondam
2792 826 2973 865 sermo
3006 811 3261 881 populum
3304 820 3530 880 propter

1931 900 1958 931 ⁸
2011 901 2194 958 Achar
2223 919 2392 958 unum
2436 912 2815 973 peccatorem;
2871 901 3024 974 l‘ugit,
3071 905 3310 973 inquam,
3344 918 3529 958 sermo

1929 995 2190 1066 populum
2225 1005 2451 1065 propter
2486 1012 2651 1050 unum
2687 1006 3031 1067 peccatorem
3085 995 3302 1063 Achar,
3360 994 3530 1049 ﬁlium

1928 1088 2153 1143 Zambri
2178 1086 2274 1143 ﬁlii
2304 1087 2441 1144 Zara
2471 1104 2535 1144 ex
2570 1089 2712 1144 tribu
2738 1088 2898 1154 .Iuda,
2931 1088 3024 1159 qui
3072 1088 3390 1144 iuobediens
3428 1088 3528 1142 luit

1931 1180 2066 1247 Deo,
2098 1189 2154 1235 et
2185 1179 2308 1235 ideo
2336 1179 2832 1235 anathematizatus
2863 1188 2950 1237 est
2993 1180 3131 1254 (Jos.
3167 1198 3233 1236 vn
3256 1224 3271 1247 ,
3311 1179 3429 1252 25).
3465 1180 3533 1235 Et

1929 1273 2056 1341 quia
2087 1288 2234 1327 nunc
2268 1273 2449 1343 populi
2484 1273 2779 1328 multitudo
2808 1271 2836 1311 δ
2876 1284 2963 1328 est
3014 1283 3237 1344 propter
3278 1290 3532 1344 parascc-

1928 1380 2055 1432 ven,
2088 1377 2144 1421 et
2198 1368 2435 1423 maxime
2480 1367 2534 1421 in
2571 1367 2857 1422 Dominica
2914 1366 3036 1435 die,
3096 1383 3215 1438 quze
3263 1368 3532 1439 passionis

1928 1460 2133 1515 Christi
2166 1463 2646 1516 commemoratrix
2678 1469 2762 1515 est
2790 1460 2993 1533 (neque
3023 1460 3169 1516 enim
3201 1461 3532 1515 resurrectio

1926 1546 2143 1607 Domini
2190 1553 2361 1607 semel
2394 1553 2450 1607 iu
2478 1567 2645 1619 anno,
2675 1563 2727 1607 et
2760 1568 2867 1606 non
2900 1567 3119 1622 semper
3151 1561 3273 1622 post
3320 1562 3530 1620 septem

1924 1642 2041 1700 dies
2070 1644 2431 1715 celebratur),
2459 1653 2618 1700 orate
2654 1644 2819 1699 Deum
2851 1643 3309 1714 omnipotentem,
3344 1652 3404 1698 ut
3440 1659 3532 1700 ve-

1928 1739 2043 1792 niat
2071 1737 2137 1793 ad
2172 1751 2273 1790 nos
2322 1750 2508 1791 sermo
2557 1737 2696 1806 ejus.
2732 1736 2959 1792 Etiamsi
2997 1748 3320 1807 peccatores
3375 1730 3530 1801 estis,

209 1831 314 1887 bus
349 1834 589 1903 largitus
619 1839 704 1887 est
733 1831 949 1887 oculos.
983 1829 1167 1886 Potest
1191 1831 1337 1887 enim
1370 1834 1532 1886 etiam
1567 1845 1707 1885 nunc
1731 1844 1821 1884 ve-
1853 1836 1901 1899 Β
1928 1840 2082 1885 orate
2118 1829 2430 1885 Dominum.
2466 1828 2789 1885 Peccatores
2816 1828 3039 1884 exaudit
3081 1824 3249 1884 Deus.
3299 1827 3452 1895 Quod
3483 1830 3530 1883 si

208 1924 336 1979 nire
361 1934 422 1980 et
453 1927 661 1988 lacere,
696 1933 756 1979 ut
803 1938 887 1991 ea,
923 1939 1042 1995 qua:
1094 1924 1147 1979 in
1195 1923 1426 1979 lectione
1483 1933 1824 1978 sacramenta

209 2015 358 2070 dicta
386 2024 541 2083 sunt,
567 2015 775 2086 apertis
798 2016 969 2071 oculis
988 2015 1301 2071 intueamur
1332 2034 1344 2069 :
1374 2016 1823 2084 repromittamus

210 2112 259 2165 ei
293 2109 413 2180 jam
452 2124 553 2166 nos
603 2126 710 2165 non
763 2110 904 2164 ultra
943 2108 1129 2166 facere
1164 2122 1361 2178 corpus
1389 2105 1592 2163 Christi
1624 2121 1823 2177 corpus

210 2202 555 2267 meretricis,
591 2216 691 2257 nec
723 2202 903 2257 facere
934 2217 1098 2271 opera
1122 2202 1284 2272 digna
1318 2201 1487 2255 luctu.
1522 2198 1824 2268 Unusquis—

207 2311 320 2365 que
354 2305 607 2350 nostrum
641 2294 758 2350 ba-c
789 2294 954 2351 corde
1000 2295 1254 2365 loquatur
1284 2292 1349 2347 ad
1384 2288 1576 2356 Deum,
1609 2299 1667 2346 et
1692 2305 1818 2361 pre-

210 2403 432 2455 cemur,
478 2398 536 2443 ut
572 2388 840 2443 adventus
869 2387 987 2458 ejus
1035 2387 1200 2443 etiam
1247 2401 1394 2441 nunc
1425 2386 1536 2439 liat.
1585 2385 1641 2439 Si
1674 2386 1817 2438 cnim

212 2495 321 2536 non
354 2480 649 2537 advenerit
701 2480 884 2544 Jesus,
946 2481 1049 2534 ista
1103 2466 1289 2534 videre
1346 2492 1451 2532 non
1505 2484 1816 2547 posSumtts.

212 2572 428 2628 Precor
458 2580 519 2627 ιιι
541 2572 794 2627 mittatur
822 2572 987 2626 etiam
1018 2571 1083 2625 ad
1113 2586 1198 2625 me
1223 2568 1539 2640 Seraphim,
1563 2576 1639 2633 et,
1665 2582 1819 2624 com-

214 2667 497 2737 prehenso
524 2666 592 2721 de
621 2665 827 2736 forcipe
857 2664 1117 2732 carbOne,
1150 2673 1345 2735 purget
1373 2662 1517 2718 labia
1565 2677 1687 2718 mea
1721 2679 1734 2715 :
1765 2671 1820 2717 et

213 2761 341 2833 quid
375 2762 504 2817 dico
535 2760 678 2815 labia
715 2759 874 2814 mea?
905 2756 1073 2813 Isaias
1104 2764 1327 2812 Sanctus
1382 2766 1529 2823 erat,
1581 2765 1636 2811 et
1692 2755 1819 2811 ideo

215 2863 429 2911 tantum
463 2854 606 2909 labia
640 2855 760 2923 ejus
782 2863 1013 2924 purgata
1041 2862 1192 2918 sunt,
1223 2851 1350 2922 quia
1385 2849 1544 2905 labiis
1578 2859 1812 2918 tantum,

212 2947 264 3003 id
290 2958 398 3015 est,
433 2962 690 3003 sermone
719 2947 1051 3018 deliquerat.
1072 2947 1185 3017 Ego
1215 2961 1346 3000 vero
1381 2960 1485 2999 non
1517 2959 1635 2998 sum
1670 2944 1815 3011 talis,

210 3053 268 3097 ut
301 3044 516 3113 possim
550 3042 758 3107 dicere,
789 3040 935 3113 quod
981 3040 1158 3096 Solum
1206 3039 1485 3095 immunda
1537 3037 1673 3094 labia
1724 3037 1811 3091 hac

212 3134 347 3201 hee;
386 3137 602 3209 1121
633 3135 728 3191 sed
757 3145 943 3190 metuo
964 3136 1035 3190 'ne
1065 3133 1403 3189 immundum
1435 3147 1530 3187 cor
1560 3132 1812 3199 habeam,

1924 1919 2130 1976 timetis
2157 1918 2311 1985 illud,
2342 1918 2483 1990 quod
2510 1918 2564 1973 in
2595 1918 2892 1990 Evangelio
2913 1916 3115 1975 dicitur
3141 1938 3155 1974 :
3187 1918 3389 1975 Scimus
3405 1920 3531 1990 quia

1921 2020 2219 2083 peccatores
2264 2026 2368 2065 non
2402 2011 2648 2065 exaudiat
2696 2009 2837 2066 Deus
2867 2009 3050 2081 (Joan.
3083 2026 3159 2080 ιι,
3194 2011 3307 2080 15),
3362 2012 3531 2066 nolite

1924 2104 2334 2173 pertimescere,
2371 2104 2543 2159 nolite
2593 2104 2845 2158 credere.
2897 2106 3088 2160 Caecus
3127 2113 3245 2161 erat
3284 2102 3377 2175 qui
3426 2104 3530 2160 hoc

1924 2196 2083 2251 dixit.
2117 2195 2288 2266 Magis
2312 2204 2495 2253 autem
2519 2197 2730 2253 credite
2751 2197 2825 2265 ei,
2852 2196 2943 2268 qui
2971 2199 3122 2265 dicit,
3154 2209 3208 2254 et
3237 2215 3345 2253 non
3377 2214 3529 2255 men-

1923 2288 2077 2354 titur,
2112 2299 2159 2344 et
2181 2291 2225 2345 si
2246 2290 2445 2357 fuerint
2475 2299 2688 2361 peccata
2714 2301 2882 2346 vestra
2914 2300 2967 2345 ut
3015 2294 3304 2357 coccinum,
3356 2301 3412 2346 ut
3444 2293 3527 2347 la-

1922 2399 2041 2435 nam
2068 2380 2320 2436 dealbabo
2348 2381 2504 2455 (Isai.
2538 2396 2577 2444 ι.
2611 2382 2726 2452 18).
2756 2385 2819 2439 ΕΙ
2850 2400 2863 2437 :
2902 2376 3113 2457 1122
3144 2384 3207 2441 Si
3234 2386 3518 2455 volueritis,

1922 2483 1969 2526 et
2000 2473 2273 2528 audieritis
2294 2491 2391 2541 me,
2425 2474 2558 2528 bona
2583 2483 2734 2530 terra:
2754 2476 2916 2530 edetis
2948 2474 3139 2545 (Ibid.,
3174 2476 3287 2549 19).
3314 2475 3373 2531 Si
3404 2479 3522 2531 vul-

1923 2566 1992 2622 tis
2016 2567 2098 2623 vel
2131 2580 2276 2622 nunc
2300 2564 2513 2634 audire,
2549 2584 2771 2623 oremus
2802 2569 2854 2623 i‘n
2886 2583 3179 2625 commune
3205 2569 3517 2633 Dominum,

1926 2670 1983 2715 ut
2008 2661 2198 2716 saltem
2226 2676 2391 2728 nunc,
2426 2660 2758 2718 adveniente
2796 2662 2966 2719 verbo
3005 2663 3323 2734 prophetica
3355 2665 3518 2720 verba

1919 2755 2063 2811 dicta
2093 2757 2373 2811 valeamus
2401 2756 2707 2813 advertere.

1993 2846 2078 2902 Ill.
2116 2846 2339 2902 Factum
2378 2858 2472 2914 est,
2499 2848 2694 2918 inquit,
2729 2849 2782 2903 in
2815 2848 2975 2915 anno,
3013 2865 3116 2921 quo
3163 2860 3394 2906 mortuus
3439 2862 3515 2905 est

1923 2938 2076 2994 Osias
2102 2948 2217 3005 rex,
2245 2939 2350 2993 vidi
2379 2937 2665 2995 Dominum
2693 2940 2955 2995 sedentem
2986 2958 3144 3010 super
3166 2940 3408 2997 thronum
3432 2959 3520 2998 ea:-

1918 3030 2135 3084 celsum.
2167 3029 2313 3086 Visio
2342 3030 2576 3101 ascripta
2613 3042 2714 3087 est.
2746 3031 2856 3086 Cur
2889 3033 3036 3104 regis
3064 3038 3279 3105 tempus
3310 3034 3517 3106 signiti-

1918 3121 2134 3177 catum?
2164 3121 2432 3177 lntendite
2454 3121 2672 3192 quando
2702 3123 2897 3179 oborta
2926 3126 2995 3177 sit
3024 3125 3186 3181 visio.
3207 3123 3342 3181 Cum
3375 3141 3519 3183 mor-

210 3227 530 3283 immundos
551 3228 761 3291 oculos,
794 3226 1101 3282 inunundas
1122 3240 1303 3294 aures,
1353 3224 1691 3287 immundum
1725 3237 1809 3278 os.
1841 3228 1885 3291 ρ
1919 3225 2041 3271 tuus
2088 3225 2172 3271 est
2213 3215 2371 3271 Osias
2420 3232 2535 3280 rex.
2582 3216 2718 3272 vidit
2747 3216 2916 3274 Isaias
2951 3219 3236 3275 Dominum
3276 3210 3515 3279 Sabaoth

211 3320 487 3389 Quamdiu
520 3326 571 3375 in
597 3319 850 3375 omnibus
882 3319 1004 3375 istis
1052 3335 1251 3391 pecco,
1301 3329 1446 3373 totus
1501 3314 1813 3371 immundus

211 3430 355 3470 sum.
389 3414 452 3472 Si
493 3415 683 3470 videro
730 3413 1023 3470 mulierem
1056 3413 1121 3467 ad
1152 3411 1671 3482 concupiscendum,
1698 3410 1811 3479 jam

212 3510 526 3564 mmehatus
556 3520 674 3563 sum
698 3523 815 3563 eam
849 3510 900 3562 in
930 3506 1096 3562 corde
1127 3523 1271 3562 meo.
1318 3508 1456 3561 Ecce
1499 3503 1807 3560 immundos

212 3603 406 3658 oculos
438 3601 635 3658 habeo.
667 3601 721 3657 Si
757 3601 825 3657 de
866 3609 1088 3671 pectore
1121 3616 1246 3657 meo
1290 3610 1485 3656 exeant
1523 3597 1807 3669 cogitatio-

211 3706 309 3749 nes
340 3697 618 3766 pessimm,
652 3695 936 3761 adulteria,
964 3695 1373 3759 fornicationes,
1406 3694 1539 3748 falsa
1564 3688 1810 3747 testimo-

211 3789 322 3856 nia,
355 3803 490 3844 ecce
518 3805 614 3845 cor
643 3790 981 3844 immundum
1018 3786 1214 3845 habeo.
1267 3788 1436 3857 Quam
1485 3789 1697 3859 formosi
1722 3802 1812 3859 pe-

212 3881 299 3936 des
347 3883 817 3952 evangelizantium
873 3899 1087 3952 pacem,
1146 3882 1609 3953 euangelizandum
1677 3880 1811 3934 bona

212 3975 367 4045 (Isai.
400 3977 521 4047 LII)!
554 3976 667 4047 Ego
698 3990 826 4030 vero
858 3975 1023 4029 timeo
1064 3991 1131 4029 ne
1162 3989 1391 4029 currens
1436 3974 1502 4027 ad
1532 3975 1670 4027 mala
1704 3974 1807 4027 im-

213 4072 447 4126 mundos
475 4069 641 4141 pedes
674 4070 921 4124 habeam.
957 4067 1207 4123 Extendo
1254 4068 1320 4121 ad
1364 4062 1647 4122 Deminum
1696 4083 1810 4121 ma-

212 4178 313 4218 nus
352 4178 527 4219 meas.
564 4163 632 4218 Et
660 4162 802 4217 forte
829 4171 1086 4216 avertens
1118 4158 1313 4215 faciem
1359 4174 1511 4215 suam
1542 4158 1676 4215 dicit
1710 4178 1720 4211 :
1748 4159 1808 4214 Si

213 4255 551 4310 extenderitis
597 4270 801 4321 manus,
853 4264 1082 4308 auertant
1137 4253 1320 4323 faciem
1375 4268 1540 4305 meum
1591 4268 1623 4305 a
1670 4251 1808 4306 vobis

212 4347 368 4418 (lsai.
402 4362 445 4413 ι,
481 4346 590 4415 l9).
623 4346 757 4413 Quis
788 4362 921 4415 ergo
949 4360 1035 4400 me
1067 4343 1335 4399 mundat?
1371 4343 1504 4412 Quis
1533 4343 1680 4397 lavat
1715 4357 1809 4412 pe-

211 4442 309 4498 des
336 4441 525 4498 meos?
553 4440 707 4506 Jesn,
733 4438 1145 4503 veni,sordidos
1167 4439 1342 4493 habeo
1367 4436 1555 4508 pedes,
1584 4444 1809 4505 propter

212 4549 298 4588 tne
331 4537 429 4590 llas
456 4546 651 4589 servus
683 4551 696 4586 :
729 4534 887 4587 mitte
914 4546 1109 4602 aquam
1140 4539 1286 4584 tuam
1315 4529 1371 4584 in
1402 4527 1606 4601 pelvim
1632 4536 1802 4591 tuam,

1920 3307 2200 3363 sedentem
2231 3322 2397 3378 super
2426 3308 2680 3363 thronum
2713 3310 3013 3365 excelsum.
3046 3311 3101 3367 Si
3142 3314 3262 3383 quis
3303 3328 3369 3368 ex
3411 3329 3511 3367 no-

1919 3400 2051 3454 stris
2078 3400 2248 3467 novit,
2281 3400 2371 3471 qui
2395 3400 2559 3455 fuerit
2587 3399 2769 3468 Osias,
2793 3410 2848 3458 et
2875 3418 2997 3473 qua:
3024 3404 3276 3473 gesserit,
3302 3404 3391 3461 ille
3420 3421 3517 3475 po-

1918 3500 2022 3547 test
2056 3506 2217 3547 nosse
2246 3493 2374 3563 quid
2399 3492 2648 3549 docuerit
2675 3495 2947 3565 Propheta
2975 3508 3071 3564 per
3096 3496 3368 3567 spiritum,
3387 3498 3515 3568 quid

1917 3586 2171 3641 exhibeat
2202 3586 2359 3642 nobis
2387 3601 2572 3642 sermo
2594 3586 2832 3643 divinus.
2850 3576 3052 3643 Vadam
3075 3586 3140 3643 ad
3159 3580 3324 3644 vitam
3347 3572 3511 3658 Osias,

1916 3689 1972 3734 et
1999 3679 2272 3750 requiram
2307 3674 2371 3735 ex
2404 3679 2715 3751 Regnorum
2746 3679 2926 3750 libris,
2959 3691 3014 3736 et
3043 3692 3113 3738 ex
3145 3682 3515 3752 Paralipome—

1917 3790 2025 3829 non
2056 3772 2281 3829 hiStoria
2313 3775 2382 3830 de
2409 3774 2536 3830 Osia
2574 3793 2587 3829 :
2632 3775 2817 3845 ibique
2855 3774 3082 3842 videbo,
3111 3774 3235 3846 quia
3266 3788 3518 3830 necessa-

1914 3866 2055 3921 rium
2085 3868 2176 3933 sit,
2201 3867 2246 3921 si
2271 3869 2511 3920 futurum
2537 3867 2626 3929 sit,
2648 3876 2709 3921 ut
2726 3866 2941 3921 videam
2965 3866 3251 3922 Dominum
3272 3865 3515 3923 Sabaoth

1914 3961 2194 4014 sedentem
2220 3972 2385 4028 super
2406 3961 2661 4013 thronum
2685 3959 2985 4026 excelsum,
3007 3959 3137 4015 inihi
3160 3960 3299 4015 mori
3327 3959 3511 4016 Osiam

1915 4066 2098 4120 regem
2128 4048 2197 4120 (il
2226 4050 2353 4105 Par.
2387 4049 2555 4123 nm).
2586 4050 2693 4106 Iste
2720 4053 2877 4107 Osias
2899 4068 2963 4108 ex
2986 4053 3198 4108 semine
3216 4053 3389 4107 David
3415 4052 3513 4107 de-

1914 4143 2203 4207 scendens,
2236 4151 2293 4199 et
2321 4158 2555 4214 regnans
2587 4145 2637 4198 in
2671 4144 2873 4213 popqu
2899 4144 3072 4213 .luda,
3106 4145 3364 4213 quamdiu
3393 4147 3512 4215 qui-

1912 4237 2036 4293 dem
2064 4236 2195 4292 vixit
2224 4236 2537 4302 Zacharias,
2572 4238 2661 4307 qui
2692 4237 3033 4310 intelligebat
3061 4238 3165 4311 (sic
3196 4238 3339 4295 enim
3376 4241 3513 4295 St't‘i-

1912 4340 2063 4402 ptum
2089 4341 2172 4386 est
2196 4331 2440 4387 secundo
2462 4331 2605 4386 libro
2621 4328 3122 4404 Paralipomenon),
3150 4330 3277 4388 fecit
3301 4343 3506 4389 rectum

1913 4424 1966 4478 in
2001 4433 2300 4494 ccuspectn
2327 4422 2541 4479 Domini
2554 4467 2566 4479 .
2591 4422 2706 4480 Nec
2735 4424 3017 4480 sufficiens
3038 4426 3164 4491 isto,
3191 4425 3315 4481 fecit
3344 4426 3508 4481 Iunti-

1913 4521 2065 4573 naria
2097 4532 2291 4589 tnagna
2322 4517 2576 4582 Domino,
2608 4527 2663 4573 et
2690 4518 2994 4587 composuit
3020 4512 3278 4588 templhm
3304 4517 3426 4584 Dei,
3455 4529 3513 4574 et

212 4630 361 4691 γρηί,
419 4628 538 4683 ιανε
594 4627 762 4699 pedes
820 4622 995 4680 meos,
1048 4624 1112 4678 Et
1141 4624 1257 4679 δίοίο
1289 4623 1640 4678 temerarium
1683 4634 1804 4675 esse
1832 4612 1883 4679 1)
1911 4610 2093 4665 multa:
2126 4610 2347 4665 luerunt
2377 4612 2428 4665 in
2454 4611 2721 4682 religione
2748 4613 2866 4682 ejus
2889 4612 3140 4666 virtutes.
3164 4610 3506 4683 Quandqau-

212 4723 509 4791 quoddieo.
528 4720 635 4777 Sed
660 4722 826 4775 timeo
838 4718 1317 4773 comminatiouem
1332 4716 1562 4771 dicentis
1583 4732 1597 4768 :
1615 4712 1676 4770 Si
1700 4729 1801 4767 non

214 4816 387 4871 lavero
418 4818 572 4886 pedes
598 4825 735 4879 tuos,
766 4831 870 4868 non
897 4808 1101 4866 habebis
1132 4820 1329 4879 partem
1377 4826 1573 4864 mecum
1617 4807 1797 4880 (loan.

214 4909 352 4982 xm).
385 4910 513 4966 Ideo
561 4909 679 4964 lava
711 4906 876 4977 pedes
909 4920 1085 4972 meos,
1121 4913 1177 4957 ut
1206 4903 1435 4982 habeam
1476 4910 1690 4972 partem
1726 4914 1802 4956 te-

214 4980 354 5057 ctun.
389 5002 498 5059 Sed
532 5001 656 5070 quid
688 5001 773 5053 aio
796 4999 914 5054 lava
946 4997 1110 5067 pedes
1139 4994 1337 5052 meos?
1367 4980 1563 5050 Petrus
1588 4995 1689 5047 hoc
1710 5006 1804 5063 po-

218 5100 318 5153 tuit
349 5099 558 5164 dicere,
589 5096 681 5166 qui
724 5108 832 5150 non
865 5092 1052 5149 habuit
1082 5105 1329 5155 necesse,
1373 5086 1477 5144 nisi
1508 5084 1713 5142 tantum
1747 5097 1806 5142 ut

217 5192 386 5258 pedes
429 5191 547 5260 ejus
579 5188 919 5254 lavarentur,
969 5193 1116 5240 totus
1157 5182 1355 5254 quippe
1396 5179 1629 5235 mundus
1668 5187 1804 5235 erat.

219 5282 327 5351 Ego
359 5285 537 5353 potius
564 5294 686 5336 eum
721 5278 891 5334 semel
922 5279 1066 5332 lotus
1096 5290 1214 5331 sum
1239 5271 1384 5348 [Leg.
1422 5270 1569 5345 sint],
1600 5271 1698 5326 illo
1728 5272 1811 5325 itt-

217 5376 373 5446 digeo
403 5375 754 5446 baptismate,
806 5370 874 5426 de
924 5384 1030 5439 quo
1065 5367 1324 5423 Dominus
1355 5366 1427 5421 ait
1461 5361 1612 5435 :Ego
1662 5361 1811 5416 aliud

286 5566 310 5593 η
340 5560 613 5613 Annotaut
647 5554 983 5612 Benedictini
1011 5552 1273 5618 editores,
1305 5556 1588 5620 perperam
1618 5547 1813 5620 editio-

218 5642 313 5682 nes
333 5647 358 5680 ιι
383 5629 740 5686 Genebrardo
753 5638 807 5681 et
824 5626 1053 5692 Erasmq
1071 5617 1376 5692 procuratze
1398 5617 1601 5673 habent
1617 5617 1812 5692 Arhnz;

221 5678 376 5754 "an
390 5678 589 5756 {nant
603 5678 779 5755 satis;
792 5678 1006 5753 natura
1028 5678 1246 5755 Ᾱὶιιαηι,
1265 5693 1468 5755 optimc
1489 5705 1617 5744 vero
1639 5678 1808 5745 cottei

219 5712 468 5823 Flﬁlll'aic.
496 5771 691 5823 Achar.
727 5771 794 5823 de
815 5783 923 5823 nuo
950 5766 1138 5823 Josue.
1164 5780 1258 5823 vu,
1280 5762 1373 5818 25.
1504 5766 1509 5771 ‘

250 5771 468 5825 lehraic.
496 5771 691 5837 Achar,
727 5771 794 5824 de
815 5783 923 5839 quo
950 5766 1138 5839 Josue,
1164 5780 1258 5839 vlt,
1280 5762 1373 5818 25.
1504 5766 1509 5771 ”

290 5839 319 5909 Ρ
357 5842 521 5900 Iidem
552 5831 736 5899 aiunt:
766 5831 944 5915 Ye'rba
969 5835 1189 5916 quidem
1220 5831 1691 5909 interpretationis
1741 5846 1807 5903 ex

1914 4712 2020 4759 tem
2056 4712 2302 4759 mortuus
2348 4712 2431 4759 est
2474 4703 2765 4759 Zacharias
2807 4703 3156 4773 intelligens,
3209 4714 3337 4759 tunc
3384 4704 3507 4759 fecit

1915 4796 2235 4868 malignum.
2268 4797 2401 4865 Quis
2428 4796 2515 4851 hic
2544 4796 2636 4867 qui
2671 4795 2799 4850 fecit.
2847 4795 3177 4866 malignum?
3204 4794 3314 4850 Rex
3363 4805 3505 4865 erat,

1913 4907 2021 4946 non
2053 4889 2333 4947 sacerdos.
2362 4889 2515 4944 Alius
2562 4889 2697 4944 ordo
2739 4890 2949 4959 regius,
2982 4889 3120 4944 alius
3149 4889 3284 4943 ordo
3320 4898 3504 4945 sacer-

1913 4984 2132 5041 dotalis.
2175 4983 2357 5038 Voluit
2396 4983 2605 5054 ingredi
2644 4984 2696 5038 in
2731 4984 2990 5053 templum
3014 5028 3029 5051 ,
3059 4994 3113 5039 et
3143 4986 3319 5040 locem
3349 4998 3510 5057 agere

1913 5077 2241 5142 sacerdotis,
2264 5086 2319 5131 et
2359 5079 2538 5131 tacere
2567 5092 2727 5147 opus,
2758 5075 2903 5148 quod
2935 5091 3045 5131 non
3074 5077 3244 5133 fuerat
3290 5078 3338 5132 ei
3374 5092 3510 5131 con-

1912 5187 2152 5228 cessnm.
2186 5169 2403 5226 Introiit
2430 5169 2777 5240 prmveniens
2802 5170 3150 5240 sacerdotes,
3184 5181 3236 5226 et
3262 5176 3511 5238 assump-

1914 5267 1982 5320 sit
2013 5280 2107 5320 vas
2138 5264 2436 5320 lihaminis.
2467 5256 2754 5335 Ingressus
2778 5272 2960 5319 autem
2985 5273 3035 5318 et
3062 5264 3313 5333 princeps
3334 5275 3513 5315 sacer-

1912 5358 2099 5415 dotum
2120 5403 2134 5426 ,
2160 5358 2248 5429 qui
2273 5354 2522 5427 tempore
2545 5355 2637 5412 illo
2659 5366 2797 5422 erat,
2823 5366 2878 5412 et
2901 5354 3176 5425 octoginta
3197 5351 3511 5408 sacerdotes

1915 5546 2109 5603 Graeco
2132 5552 2388 5614 corrupto
2417 5542 2696 5599 adornatae
2727 5543 2808 5597 sic
2838 5542 3038 5597 habent
3068 5542 3300 5614 :AAt‘res
3322 5550 3509 5610 pustu-

1913 5617 1992 5672 lat
2019 5637 2029 5671 :
2051 5616 2276 5686 Propter
2299 5610 2643 5683 parascerem,
2668 5631 2782 5686 quae
2806 5614 3062 5686 passionis
3085 5610 3276 5686 Christi
3295 5628 3513 5667 comme-

1913 5683 2171 5742 moratriai
2215 5694 2321 5754 est;
2373 5696 2418 5742 et
2464 5683 2688 5743 proxime
2742 5683 3119 5740 in‘Dontinica
3174 5684 3290 5751 die;
3354 5698 3515 5757 neque

1912 5762 2066 5829 enim,
2096 5767 2202 5814 etc.
