3972 6362
452 270 560 326 919

458 490 512 535 ιιι
545 496 606 536 es
634 480 811 547 Osias,
841 488 897 535 et
926 494 1036 536 non
1065 478 1370 537 Sacerdos?
1404 479 1687 537 Violenter
1729 495 2048 551 persevera-

459 574 557 638 vit,
592 587 647 628 et
668 573 817 644 lepra
845 574 1093 630 ascendit
1124 574 1178 629 in
1213 574 1449 631 frontem
1479 575 1619 645 ejus.
1645 574 1929 645 Proiectus
1967 583 2053 632 est

455 673 723 733 mortuus,
753 680 1007 738 egressus
1038 667 1213 723 estde
1247 666 1482 739 templo,
1503 667 1692 724 eduxit
1723 682 1847 724 eum
1871 667 2054 723 Domi-

460 773 581 813 nus.
610 757 777 829 Igitur
805 759 1051 829 leprosus
1088 758 1262 815 l‘actus
1283 770 1367 815 est
1396 771 1616 831 propter
1641 760 2053 832 przevaricatio-

459 864 585 904 nem
615 848 772 920 legis.
801 848 1184 921 Unusquisque
1221 851 1325 906 sub
1361 866 1531 923 regno
1556 861 1634 908 est
1663 852 1777 909 sive
1821 853 2051 923 peccati,

458 943 573 998 sive
592 943 843 1014 iustitiae.
876 945 932 1000 Si
957 956 1240 1017 peccatum
1269 945 1403 1001 mihi
1433 956 1644 1017 regnat,
1669 964 1807 1002 unus
1840 964 1956 1002 sum
1985 947 2055 1003 de

460 1034 682 1105 regibus
703 1034 893 1101 Israel,
918 1036 1010 1107 qui
1039 1036 1302 1107 templum
1334 1036 1611 1093 violenter
1641 1039 1875 1111 ingressi
1903 1049 2051 1095 sunt.

459 1127 513 1181 Si
536 1126 717 1196 iustus
738 1128 1029 1198 sumjuxta
1051 1144 1365 1186 mensuram
1407 1131 1684 1201 profectus
1721 1134 1863 1202 mei,
1896 1144 1950 1190 et
1980 1136 2057 1192 ia-

461 1221 545 1275 cio
574 1230 810 1291 rectum,
843 1232 899 1279 et
928 1238 1220 1293 persevero
1249 1236 1375 1281 ante
1414 1240 1766 1299 conspectum
1806 1230 1898 1286 Dei
1928 1273 1943 1297 ,
1969 1247 2058 1288 re-

456 1325 591 1386 gnat
609 1316 737 1371 mihi
756 1317 985 1386 iustitia.
1003 1318 1269 1386 Quamdiu
1295 1336 1423 1376 vero
1443 1323 1577 1377 vixit
1596 1323 1869 1394 leprosus,
1891 1324 2057 1382 Isaias

462 1409 741 1464 immunda
768 1410 909 1466 labia
953 1411 1161 1467 habuit.
1183 1413 1452 1481 Quamdiu
1481 1415 1615 1470 vixit
1662 1416 1913 1488 iniquus,
1949 1435 2057 1475 non

465 1506 641 1573 potuit
673 1505 841 1559 Isaias
880 1507 1168 1563 Dominum
1211 1509 1449 1565 Sabaoth
1486 1510 1700 1579 videre,
1751 1512 1961 1584 1123
2006 1523 2061 1568 et

464 1598 747 1654 immunda
778 1600 922 1655 labia
952 1601 1160 1669 habuit,
1194 1604 1296 1658 sub
1322 1604 1510 1676 iniquo
1536 1607 1736 1677 quippe
1763 1622 1891 1678 rege
1916 1617 2055 1664 erat.

464 1690 695 1759 Quando
738 1694 883 1749 enim
934 1694 1127 1766 incipit
1170 1696 1361 1752 videre
1411 1696 1676 1753 visionem
1722 1698 1858 1753 Dei?
1901 1701 2059 1753 Anno

1699 274 1757 328 S.
1802 271 2075 331 EUSEBII
2117 272 2500 333 HIERONYMI

451 402 577 443 cum
606 403 709 456 eo;
740 389 876 444 dixit
905 388 973 443 ad
1013 403 1136 444 eum
1168 388 1424 460 princeps
1446 387 1791 445 sacerdotum
1818 405 1834 445 :
1858 388 2051 445 Nonne
2079 390 2127 451 Α

3658 280 3783 335 ε)ὶο

2674 390 2956 450 IIOMILIA
2992 391 3245 451 SEXTA.

2156 527 2234 584 De
2255 545 2314 585 eo
2340 530 2480 602 quod
2508 531 2762 601 scriptum
2784 540 2860 586 est
2888 549 2907 587 :
2933 531 3110 600 Quem
3143 532 3383 602 mittam,
3417 543 3475 591 et
3503 535 3631 606 quis
3668 536 3783 593 ibit

2226 624 2404 693 nobis,
2427 633 2560 697 etc.,
2580 644 2742 699 usque
2762 627 2831 681 ad
2851 644 2969 682 eum
3000 628 3192 695 locum,
3210 630 3265 684 in
3288 646 3390 702 quo
3407 631 3507 699 ait,
3535 630 3603 686 Et
3622 646 3783 687 con-

2228 727 2530 788 vertantur,
2565 730 2618 775 ct
2648 735 2837 778 sanem
2863 735 2978 777 eos.
3007 720 3140 793 Cap.
3171 721 3261 778 Vl.

2234 853 2463 925 1123.
2492 851 2533 907 l.
2558 852 2760 910 Videas
2787 854 2958 911 Isaias
2986 854 3274 911 Dominum
3299 855 3545 913 Sabaoth
3563 856 3784 913 seden-

2160 955 2266 1002 tem
2305 961 2472 1015 super
2502 944 2756 1002 thronum
2789 947 3070 1003 excelsum
3114 958 3169 1004 et
3208 949 3486 1004 elevatum
3512 990 3528 1014 ,
3567 948 3780 1005 videns

2158 1048 2339 1094 autem
2366 1047 2423 1096 et
2441 1039 2715 1108 scraphim
2735 1040 3146 1095 circumstantia
3176 1054 3323 1106 eum,
3347 1052 3402 1097 et
3424 1050 3451 1078 α
3472 1042 3778 1097 remissam

2162 1143 2507 1203 peccatorum
2538 1134 2813 1205 recipiens
2843 1149 2942 1205 per
2970 1150 3095 1190 eum
3123 1134 3324 1205 ignem,
3350 1133 3445 1206 qui
3472 1134 3683 1190 allatus
3705 1133 3781 1189 de

2159 1226 2380 1294 altario,
2411 1226 2546 1281 labia
2580 1226 2697 1297 eius
2727 1235 2978 1281 contactu
3009 1227 3292 1297 purgavit,
3333 1225 3413 1280 ait
3449 1240 3512 1281 se
3540 1224 3778 1281 audisse

2160 1332 2349 1373 vocem
2385 1317 2594 1373 Domini
2619 1333 2726 1373 non
2758 1318 3099 1389 imperantis,
3128 1317 3220 1374 sed
3259 1319 3562 1374 excitantis
3596 1326 3779 1388 atque

2161 1410 2393 1466 dicentis
2421 1426 2437 1465 :
2465 1427 2612 1482 quem
2635 1411 2854 1479 mittam,
2884 1421 2933 1465 et
2954 1412 3067 1482 quis
3093 1411 3185 1465 ibit
3209 1413 3278 1465 ad
3307 1410 3556 1483 papuium
3580 1412 3779 1466 istum?

2165 1502 2370 1558 Deinde
2397 1501 2531 1558 dicit
2560 1518 2621 1559 se
2643 1503 2999 1576 respondisse
3026 1503 3260 1558 Domino
3289 1520 3303 1557 :
3328 1502 3463 1559 Ecce
3488 1520 3603 1558 sum
3622 1520 3729 1576 ego
3757 1521 3778 1560 :

2164 1595 2304 1650 mitte
2324 1612 2424 1650 nte.
2452 1594 2651 1652 Factus
2672 1607 2853 1652 autem
2881 1598 2936 1652 in
2978 1596 3080 1652 hoc
3110 1598 3260 1661 loco,
3298 1605 3356 1653 ct
3394 1606 3639 1653 scrutans
3674 1614 3774 1663 ea,

2162 1705 2285 1760 qua:
2310 1689 2513 1761 scripta
2543 1699 2691 1758 sunt,
2720 1690 2933 1746 invenio
2955 1690 3104 1746 aliud
3131 1689 3328 1746 fecisse
3354 1689 3779 1762 Moysen,aliud

463 1798 572 1854 quo
595 1792 843 1840 mortuus
869 1795 954 1841 est
984 1785 1160 1841 Osias.
1180 1786 1277 1842 llis
1305 1787 1525 1851 similia,
1547 1798 1596 1843 et
1625 1788 1694 1843 de
1716 1788 1898 1846 multis
1929 1790 2065 1846 scri-
2094 1788 2140 1849 B
2168 1782 2383 1838 Isaiam.
2419 1783 2632 1856 Moyses
2678 1784 2823 1840 enim
2862 1785 3070 1840 0100108
3099 1784 3167 1839 ad
3198 1785 3543 1841 eductiunem
3573 1787 3776 1857 populi

460 1878 568 1948 ptis
618 1879 825 1949 p0teris
863 1878 1068 1945 dicere,
1104 1880 1375 1937 tribuente
1406 1881 1534 1936 Deo.
1566 1881 1625 1936 In
1657 1881 1848 1937 Exodo
1878 1882 2065 1937 istius-

468 1970 615 2025 modi
643 1971 903 2041 quiddam
928 1973 1192 2043 scriptum
1222 1982 1307 2027 est
1335 1990 1349 2029 :
1380 1971 1451 2027 Et
1481 1976 1678 2045 factum
1708 1984 1782 2029 est
1812 1983 1928 2047 post
1958 1976 2067 2031 dies

468 2062 688 2134 aliquot,
719 2076 951 2119 mortuus
978 2072 1052 2119 est
1076 2080 1170 2119 rea:
1192 2063 1436 2137 ﬁgypti,
1469 2074 1515 2120 et
1546 2066 1939 2133 suspirarerunt
1969 2066 2070 2135 ﬁlii

470 2152 662 2221 Israel,
698 2165 746 2211 et
765 2156 997 2211 ascendit
1038 2156 1238 2211 clamor
1265 2174 1444 2213 eorum
1470 2158 1539 2212 ad
1566 2156 1736 2214 Deum
1764 2158 1967 2231 (Exod.
2004 2176 2067 2225 tt,

469 2246 584 2320 25).
616 2248 883 2317 Quamdiu
916 2250 1048 2305 vixit
1090 2250 1323 2317 Pharao,
1361 2266 1467 2307 non
1508 2251 1929 2322 suSpiraverunt
1972 2250 2070 2305 lilii

465 2343 659 2411 Israel,
685 2353 741 2400 et
762 2346 813 2400 in
838 2346 993 2416 pejus
1024 2346 1211 2417 positi,
1237 2361 1304 2402 ne
1331 2345 1582 2418 gemendi
1610 2345 1832 2417 quidem
1866 2346 2073 2404 habue-

471 2450 597 2492 runt
630 2437 856 2494 liberam
884 2438 1217 2494 facultatem.
1239 2438 1469 2494 Vivebat
1497 2439 1697 2511 quippe
1716 2453 1836 2505 rex,
1857 2438 1950 2509 qui
1973 2439 2075 2493 im-

472 2532 699 2601 perabat
730 2533 811 2589 eis
833 2543 888 2588 et
915 2534 1120 2590 lateres
1140 2540 1195 2589 et
1213 2534 1397 2605 paleas
1425 2533 1626 2590 facere.
1649 2534 1919 2601 Quamdiu
1941 2535 2075 2589 vixit

477 2624 711 2692 Pharao,
737 2641 845 2680 non
877 2626 1292 2697 suSpiraverunt
1313 2626 1382 2682 ad
1420 2626 1587 2682 Deum
1624 2645 1637 2681 :
1667 2641 1790 2681 cum
1827 2636 2074 2683 mortuus

478 2726 564 2772 est
593 2716 827 2785 Pharao,
855 2728 983 2773 tunc
1013 2719 1303 2774 valuerunt
1330 2718 1544 2773 madida
1575 2717 1795 2774 ﬂetibus
1825 2735 1920 2775 ora
1947 2734 2071 2777 sus-

476 2811 691 2867 tollere.
723 2812 872 2867 Vivit
896 2827 994 2868 rex
1018 2812 1290 2883 malignus
1316 2814 1370 2867 in
1396 2824 1618 2882 pectore
1640 2822 1853 2884 nostro,
1887 2830 2077 2885 quam-

476 2904 570 2959 diu
592 2904 730 2959 vivit
759 2903 970 2960 Pharao
992 2905 1249 2962 Zabulus.
1281 2906 1432 2963 Tunc
1457 2908 1655 2965 lateres
1684 2923 1999 2978 operantur,
2023 2920 2078 2966 et

479 2996 693 3066 paleas,
724 3007 779 3053 et
802 3007 929 3054 tunc
956 2998 1232 3070 lacrymas
1254 3000 1395 3056 intra
1425 2999 1703 3057 silentium
1725 3002 2075 3070 devoramus,

406 3100 418 3109 ·
477 3100 532 3146 et
559 3091 862 3164 iniquitatis
886 3109 1050 3165 opera
1081 3095 1255 3165 prima
1284 3092 1538 3150 facimus.
1571 3097 1703 3151 Cum
1727 3107 1905 3153 autem
1935 3112 2079 3153 mor-

2167 1876 2236 1930 de
2290 1885 2431 1931 terra
2483 1876 2739 1949 Egypti,
2771 1875 3138 1933 aitzProvide
3188 1878 3352 1932 alium
3398 1896 3549 1950 quem
3596 1880 3784 1935 mittas

2170 1966 2370 2038 (Exod.
2420 1985 2494 2036 tv,
2544 1970 2655 2040 15),
2711 1971 2874 2025 etiam
2932 1970 3147 2026 videtur
3196 1972 3576 2028 contradicere
3628 1972 3777 2028 De».

2170 2061 2337 2118 Isaias
2366 2079 2500 2119 vero
2528 2080 2634 2120 non
2663 2065 2874 2121 electus
2899 2107 2915 2132 ,
2948 2067 3043 2122 sed
3074 2066 3302 2123 audiens
3331 2083 3492 2138 quem
3535 2070 3776 2133 mittant,

2169 2167 2222 2213 et
2248 2156 2371 2228 quis
2397 2157 2496 2212 ibit
2521 2174 2535 2211 :
2560 2155 2715 2224 Ecce,
2750 2158 2946 2228 inquit,
2980 2176 3072 2233 ego
3094 2177 3227 2225 sum,
3252 2161 3395 2216 mitte
3425 2178 3526 2216 me.
3545 2161 3780 2232 Dignum

2170 2259 2259 2306 est
2290 2265 2420 2321 ergo
2451 2249 2793 2320 spiritalibus
2823 2250 3086 2322 spiritalia
3118 2266 3471 2322 comparare,
3506 2262 3561 2310 et
3590 2256 3783 2325 requi-

2174 2359 2317 2413 rere,
2345 2346 2467 2413 quis
2494 2360 2525 2399 e
2551 2344 2765 2401 duobus
2807 2345 3005 2403 melius
3054 2345 3245 2403 iecerit
3278 2364 3292 2401 :
3325 2348 3645 2420 Moysesue,
3680 2350 3783 2420 qui

2173 2446 2461 2508 postquam
2487 2437 2695 2493 electus
2724 2447 2831 2504 est,
2866 2438 3140 2494 recusavit
3173 2456 3187 2493 :
3223 2454 3290 2494 an
3326 2438 3534 2508 Isaias,
3577 2441 3666 2511 qui
3714 2457 3785 2496 ne

2176 2529 2386 2586 electus
2406 2529 2624 2600 quidem
2657 2531 2775 2601 ipse
2801 2545 2863 2587 se
2889 2531 3117 2601 obtulit,
3151 2543 3211 2587 ut
3233 2534 3551 2589 mitteretur
3573 2534 3639 2589 ad
3681 2550 3789 2605 po-

2178 2625 2381 2693 pulum.
2410 2624 2611 2681 Nescio
2639 2626 2782 2681 enim
2810 2625 2855 2680 si
2887 2634 3070 2696 potest
3102 2628 3224 2697 quis
3250 2643 3369 2683 eam
3417 2631 3786 2686 contrarieta—

2180 2726 2288 2772 tem
2315 2719 2684 2788 negotiorum,
2713 2717 2928 2792 1125.
2947 2735 3067 2791 qua:
3103 2720 3155 2775 in
3183 2730 3412 2792 utroque
3438 2722 3672 2791 videtur,
3699 2724 3785 2780 in-

2179 2810 2431 2877 tendens,
2463 2811 2671 2879 dicere,
2701 2814 2827 2885 quia
2859 2812 3097 2883 idipsum
3126 2813 3316 2870 fecerit
3341 2814 3562 2889 Moyses
3586 2859 3601 2883 ,
3631 2819 3781 2888 quod

2181 2904 2367 2959 Isaias.
2400 2904 2514 2974 Ego
2545 2905 2807 2961 audacter
2829 2905 2954 2973 feci,
2976 2922 3306 2978 comparans
3335 2910 3474 2966 duos
3523 2925 3776 2977 sanctos,

2180 3008 2235 3053 et
2255 2998 2445 3054 beatos
2473 2998 2641 3065 viros,
2677 3010 2731 3055 et
2760 3000 3091 3068 decernens,
3114 3011 3170 3058 et
3192 3003 3386 3059 dicens
3417 3006 3782 3062 verecundius

2180 3089 2421 3160 Moysem
2447 3090 2660 3157 fecisse,
2686 3108 2846 3160 quam
2880 3093 3325 3168 lsaiam.Moyses
3345 3099 3547 3169 quippe
3575 3101 3779 3171 magni-

482 3195 604 3240 tuus
627 3185 811 3253 fuerit,
840 3185 1068 3241 Domino
1102 3186 1212 3241 Deo
1243 3201 1342 3243 nos
1372 3188 1648 3254 visitante,
1675 3197 1806 3243 tunc
1836 3189 2079 3260 suspira-
2102 3173 2147 3236 C
2183 3184 2423 3241 tudinem
2441 3187 2847 3255 οοηδίάατειδθῑν
2868 3204 3103 3259 praeesse
3124 3191 3322 3261 ροριιιο
3344 3192 3411 3247 ad
3436 3193 3779 3251 educendum

482 3294 601 3333 mus
623 3278 689 3333 ad
717 3278 1030 3336 Dominum.
1054 3280 1262 3337 Idcirco
1290 3296 1511 3337 oremus
1553 3281 1866 3350 Dominum,
1897 3292 1955 3338 ut
1989 3300 2078 3340 re-

477 3392 643 3447 gnum
681 3378 914 3447 peccati,
942 3376 1087 3448 quod
1128 3387 1212 3433 est
1253 3378 1307 3432 in
1339 3378 1557 3433 mortali
1588 3386 1778 3433 nostro
1819 3394 2075 3450 corpore,

480 3473 765 3526 moriatur.
798 3469 1080 3526 Peccatum
1109 3470 1281 3540 enim,
1307 3471 1404 3539 ait,
1435 3482 1699 3525 mortuum
1723 3481 1797 3526 est
1821 3489 1839 3527 :
1867 3489 1963 3545 ego
1984 3490 2081 3527 au-

479 3575 581 3618 tem
617 3563 833 3636 1125|
861 3564 1041 3619 revixi.
1070 3561 1250 3634 (Rom.
1278 3579 1371 3628 vn,
1403 3562 1483 3633 9).
1508 3563 1574 3619 Et
1601 3578 1816 3619 rursum
1839 3606 1854 3630 ,
1880 3563 2077 3620 Pecca-

476 3668 589 3711 tum
620 3658 825 3722 revixit,
849 3674 942 3731 ego
972 3668 1143 3712 autem
1169 3667 1405 3712 mortuus
1429 3675 1544 3713 sum
1576 3658 1778 3731 (Ibid.,
1810 3658 1936 3729 IO).
1967 3658 2080 3714 Mo-

478 3752 655 3806 riente
683 3764 820 3813 uno,
853 3751 945 3820 qui
976 3751 1182 3820 pctitur
1227 3765 1396 3818 regno
1430 3751 1637 3818 peccati
1659 3751 1817 3817 Osia,
1852 3752 2079 3807 moritur

479 3852 536 3897 et
564 3841 797 3895 Pharao.
832 3837 968 3895 Cum
1001 3841 1231 3894 moritur
1269 3856 1362 3896 rex
1407 3841 1677 3908 pessimus
1703 3841 1856 3911 erigo
1879 3841 1945 3896 ad
1969 3857 2079 3898 ete-

479 3936 590 3989 lum
618 3919 831 3997 oculos,
865 3941 920 3989 et
948 3932 1171 3988 exaudit
1200 3932 1320 4005 [ΑΙ.
1355 3931 1657 4006 exaudivit]
1682 3949 1872 3990 vocem
1901 3950 2077 3991 meam

470 4027 637 4092 Deus,
659 4026 932 4098 quomodo
952 4026 1247 4095 Abraham,
1282 4035 1337 4081 ct
1360 4027 1536 4093 Isaac,
1561 4038 1616 4082 et
1654 4026 1823 4084 Jacob
1856 4046 1869 4084 :
1913 4037 1968 4084 et
1997 4030 2080 4084 vi-

474 4124 579 4178 deo
607 4122 891 4177 Dominum
920 4121 1163 4178 Sabaoth
1200 4120 1481 4177 sedentem
1509 4163 1524 4189 ,
1549 4130 1605 4177 et
1631 4134 1950 4194 regnantem
1980 4138 2072 4179 su-

473 4231 571 4286 per
590 4215 865 4271 excelsum
890 4216 1111 4284 solium,
1145 4230 1306 4286 quem
1335 4215 1569 4286 p0pulus
1595 4231 1703 4271 non
1740 4216 1893 4271 vidit.
1927 4216 2076 4273 Non-

471 4309 602 4364 dum
661 4307 808 4362 enim
854 4307 1013 4362 Osias
1071 4316 1320 4363 mortuus
1372 4304 1570 4361 fuerat.
1624 4306 1764 4362 Volo
1813 4307 2071 4377 quiddam

470 4401 650 4456 simile
672 4401 1026 4471 interponere
1052 4400 1208 4455 bonae
1231 4401 1332 4464 rei,
1356 4415 1477 4471 quae
1502 4400 1630 4456 huic
1661 4402 1940 4457 contraria
1965 4413 2068 4457 est.

470 4492 578 4549 Iste
608 4494 725 4564 ipse
753 4492 911 4548 Osias
940 4492 1195 4564 quamdiu
1247 4493 1382 4548 vixit
1410 4492 1702 4549 Zacharias
1733 4494 2067 4567 intelligens,

2179 3296 2304 3335 cum
2327 3280 2395 3336 de
2418 3289 2565 3336 terra
2595 3281 2839 3355 Egypti,
2865 3294 2919 3338 et
2949 3299 3256 3356 repugnare
3286 3285 3668 3359 ASgyptiorum
3692 3290 3779 3346 in-

2179 3373 2585 3429 cantationibus
2625 3386 2678 3430 et
2708 3375 3260 3448 maleﬁciis.Propter
3284 3380 3386 3434 hoc
3411 3379 3486 3434 ait
3511 3398 3527 3434 :
3553 3379 3781 3436 Proride

2180 3468 2344 3522 alium
2373 3484 2525 3534 quem
2554 3469 2747 3524 mittas.
2786 3470 2891 3525 Iste
2922 3479 3107 3526 autem
3160 3486 3267 3526 non
3308 3483 3635 3543 exspectans
3681 3489 3777 3529 au-

2179 3558 2297 3614 dire
2323 3559 2453 3630 quid
2483 3561 2530 3615 ei
2551 3560 2837 3631 iuberetur
2867 3568 2926 3616 ut
2948 3561 3188 3626 diceret,
3214 3578 3276 3617 ac
3320 3563 3365 3618 si
3409 3563 3621 3620 electus
3648 3565 3774 3621 fuis—

2180 3660 2263 3707 set
2296 3671 2307 3705 :
2340 3651 2494 3719 Ecce,
2542 3652 2741 3721 inquit,
2786 3670 2902 3707 sum
2949 3670 3061 3727 ego,
3118 3655 3260 3710 mitte
3311 3672 3410 3711 me.
3441 3655 3601 3713 Unde
3649 3661 3772 3729 quia

2180 3744 2432 3815 ignorans
2475 3744 2603 3815 quid
2634 3745 2683 3801 ei
2710 3746 3014 3817 iuberetur,
3049 3757 3105 3802 ut
3131 3747 3371 3816 diceret,
3402 3765 3465 3805 ac
3493 3750 3543 3806 si
3568 3751 3771 3807 electus

2177 3835 2390 3903 fuisset,
2411 3833 2566 3907 Ecce,
2601 3838 2696 3904 ait,
2731 3853 2823 3911 ego
2852 3855 2988 3906 sum,
3011 3840 3154 3894 mitte
3182 3857 3262 3895 me
3289 3859 3307 3895 :
3339 3841 3455 3896 lucc
3477 3842 3694 3913 iubetur
3713 3856 3771 3898 ut

2178 3931 2346 3994 dicat.
2379 3947 2499 4002 quae
2521 3942 2678 3987 erant
2706 3934 2945 4002 inoptata
2972 3933 3199 3989 dicenti.
3230 3936 3310 3989 An
3338 3951 3446 3990 non
3493 3944 3613 3991 erat
3657 3937 3770 3991 ino-

2180 4022 2384 4093 ptabile
2431 4024 2615 4078 statim
2657 4025 2867 4094 iussum
2895 4024 3297 4095 prophetizare,
3325 4043 3353 4079 a
3381 4026 3772 4083 maledictioni-

2181 4121 2279 4176 bus
2305 4120 2549 4190 incipere
2574 4122 2847 4179 dicentem
2883 4141 2894 4177 :
2919 4122 3060 4178 Aure
3076 4123 3298 4178 audietis
3320 4165 3337 4186 ,
3369 4133 3416 4177 et
3450 4138 3554 4178 non
3583 4122 3771 4179 ἔπιθιιὶ-

2177 4212 2326 4283 getis,
2346 4223 2397 4267 et
2425 4213 2653 4269 ridentes
2674 4216 2915 4284 cernetis,
2935 4227 2984 4272 et
3006 4232 3107 4272 non
3128 4215 3361 4270 videbitis
3380 4232 3398 4271 :
3418 4213 3765 4271 Incrassatnm

2177 4314 2249 4359 est
2278 4306 2411 4359 enim
2442 4322 2529 4360 cor
2559 4308 2742 4377 populi
2773 4309 2952 4381 hujus,
2985 4318 3040 4363 et
3071 4309 3297 4379 reliqua.
3327 4307 3493 4365 Forte
3531 4324 3663 4380 ergo
3685 4311 3701 4379 (
3723 4310 3765 4364 si

2178 4409 2357 4478 tamen
2388 4398 2659 4454 audenter
2683 4400 2903 4470 expedit
2932 4399 3141 4471 dicere)
3174 4401 3500 4456 temeritatis
3527 4410 3586 4456 et
3610 4401 3766 4457 auda-

2174 4492 2272 4546 cia:
2302 4494 2611 4550 mercedem
2642 4503 2967 4551 consecutus
2992 4505 3099 4561 est,
3123 4503 3186 4549 ut
3211 4510 3273 4550 ea
3290 4495 3551 4565 iubeatur
3568 4495 3765 4562 dicere,

470 4605 579 4644 non
611 4557 740 4644 fecit
764 4557 1045 4658 peccatum
1077 4588 1131 4643 in
1163 4596 1463 4659 conspectu
1493 4588 1590 4645 Dei
1620 4606 1633 4654 ;
1665 4557 1936 4645 moriente
1965 4557 2068 4644 Za;
2098 4557 2152 4617 D
2174 4601 2296 4657 quae
2327 4587 2709 4656 prophetizare
2740 4588 2982 4645 nolebat.
3018 4588 3229 4663 1125
3249 4589 3385 4658 Quia
3411 4598 3597 4645 autem
3618 4606 3760 4646 com-

468 4680 676 4748 charia,
710 4678 1003 4735 declinavit
1024 4693 1054 4732 a
1080 4677 1314 4734 Domino
1337 4721 1352 4746 ,
1392 4678 1485 4733 ubi
1525 4679 1812 4750 imperavit
1840 4681 2065 4751 populo,

467 4786 521 4831 et
553 4776 693 4830 rexit
725 4775 938 4830 urbem.
968 4773 1096 4829 Haec
1117 4774 1313 4828 diebus
1342 4780 1399 4828 et
1426 4773 1675 4828 noctibus
1702 4773 1945 4845 legentes
1965 4817 1980 4839 ,
2015 4785 2070 4830 et

467 4869 753 4927 audientes
780 4870 1067 4925 Dominum
1096 4867 1369 4923 dicentem
1396 4885 1408 4921 :
1431 4866 1670 4939 Oportuit
1693 4879 1740 4922 te
1759 4869 1960 4923 mittere
1980 4885 2069 4939 pe-

466 4966 672 5019 cuniam
695 4981 859 5019 meam
883 4964 953 5017 ad
994 4979 1250 5027 mensam;
1279 4972 1327 5016 et
1358 4977 1452 5033 ego
1495 4962 1703 5015 veniens
1738 4978 1854 5015 cum
1893 4964 2065 5018 usuris

462 5073 578 5113 eam
608 5056 892 5126 exegissem
921 5053 1136 5126 (Matth.
1166 5055 1319 5123 xxv),
1339 5068 1448 5107 non
1475 5051 1794 5122 colligamus
1820 5051 1873 5106 in
1903 5053 2065 5108 suda-

460 5151 545 5206 rio
569 5163 750 5203 mnam
778 5145 1075 5211 creditam,
1107 5160 1208 5201 nec
1248 5144 1534 5215 pecuniam
1565 5144 1843 5200 mittamus
1872 5145 1923 5200 in
1957 5155 2065 5201 ter-

460 5259 598 5308 ram,
622 5240 720 5297 sed
745 5240 1059 5296 feneremur
1084 5254 1203 5294 eam
1236 5238 1470 5309 p0pulis.
1503 5236 1574 5293 Et
1602 5252 1723 5293 cum
1756 5254 1857 5295 nos
1882 5240 2063 5296 credi-

457 5336 699 5393 derimus
723 5331 1053 5389 dominicam
1086 5330 1352 5386 rationem
1374 5369 1390 5397 ,
1426 5329 1579 5385 vobis
1613 5331 1722 5386 erit
1765 5330 2059 5388 videndum

454 5427 731 5499 quomodo
760 5425 969 5483 credita
992 5439 1113 5481 cum
1157 5425 1342 5480 usuris
1373 5423 1692 5481 exsolvatis.
1718 5424 1913 5495 Quam,
1945 5435 2054 5483 etc.

455 5523 655 5578 Amen.

523 5666 549 5693 ιι
586 5656 721 5713 Cod.
754 5656 1059 5713 Turonens.
1094 5656 1235 5713 apud
1280 5654 1665 5711 Benedictinos
1697 5657 2050 5713 remissionem

447 5723 637 5802 habet,
664 5728 755 5783 alii
781 5723 1154 5802 remissampei
1171 5724 1458 5802 remiSSam
1484 5723 1701 5802 quidem
1726 5743 1823 5802 pro
1848 5728 2047 5802 remis:

453 5801 607 5855 sione
634 5802 994 5853 annotaverat
1031 5804 1088 5851 et
1116 5797 1516 5854 Genebrartlns‘
1548 5797 1869 5855 vocabulum
1926 5797 2047 5858 esse

2172 4678 2477 4746 paravimus
2507 4678 2700 4734 Isaiam
2732 4691 2786 4736 et
2810 4680 3068 4753 Moysem,
3092 4697 3487 4753 componamus
3513 4694 3573 4738 et
3602 4683 3753 4740 aliam

2175 4770 2477 4836 proximam
2499 4770 2962 4841 comparationem
2985 4771 3139 4827 Isaia:
3173 4781 3229 4829 et
3246 4774 3422 4829 Jonas.
3456 4772 3559 4830 Ille
3602 4774 3760 4830 mitti-

2176 4869 2262 4915 tur
2283 4860 2582 4932 prmdicare
2612 4866 2954 4920 eversionem
2975 4863 3228 4922 Ninivilis
3261 4874 3383 4936 post
3411 4876 3523 4922 tres
3553 4867 3758 4932 dies,et

2173 4955 2320 5026 piget
2346 4970 2469 5010 eum
2501 4955 2771 5026 proficisci
2794 4958 3071 5013 nolentem
3094 4973 3257 5014 causa
3290 4960 3562 5015 malorum
3581 4960 3757 5015 civita-

2170 5050 2260 5104 tis.
2293 5048 2399 5105 Iste
2426 5064 2555 5105 vero
2585 5065 2690 5105 non
2722 5060 3051 5121 exspectans
3080 5050 3209 5120 quid
3237 5050 3290 5107 ei
3310 5052 3681 5123 imperaretur
3705 5064 3758 5111 ut

2167 5141 2399 5204 diceret,
2431 5141 2542 5196 ait:
2579 5139 2713 5197 Ecce
2739 5158 2831 5213 ego
2859 5158 2999 5211 sum,
3028 5143 3174 5198 mitte
3197 5159 3298 5197 me.
3323 5142 3535 5199 Bonum
3555 5154 3752 5203 estnon

2166 5234 2417 5305 prosilire
2442 5235 2507 5289 ad
2539 5250 2654 5303 cas,
2675 5250 2750 5307 qu
2769 5251 2797 5289 c
2827 5251 2857 5290 a
2879 5235 2992 5291 Deo
3011 5246 3160 5300 sunt,
3184 5235 3506 5306 dignitates,
3535 5250 3589 5294 et
3609 5241 3749 5309 prin-

2162 5329 2375 5399 cipatus
2396 5369 2411 5394 ,
2441 5339 2496 5383 et
2526 5330 2784 5401 mysteria
2817 5329 3095 5394 Ecclesiae,
3127 5329 3223 5386 sed
3256 5328 3463 5385 imitari
3495 5332 3708 5404 Moysen
3731 5376 3745 5402 ,

2161 5436 2216 5481 et
2245 5426 2431 5482 dicere
2457 5441 2581 5481 cum
2610 5442 2714 5483 eo:
2749 5424 2973 5481 Provide
3012 5427 3195 5493 alium,
3236 5442 3389 5497 quem
3415 5428 3615 5482 mittas.
3650 5427 3745 5485 Ne-

2161 5535 2269 5593 que
2289 5521 2432 5578 enim
2454 5521 2519 5577 ad
2551 5520 2914 5594 principatum
2946 5519 3207 5577 Ecclesia:
3236 5520 3410 5585 venit,
3442 5520 3536 5592 qui
3555 5521 3743 5577 salvari

2157 5666 2403 5713 veterum
2446 5657 2863 5730 theologorum,
2915 5652 3274 5720 Tertulliani,
3304 5650 3569 5725 Cypriani
3619 5656 3747 5713 alio-

2158 5744 2408 5800 rumque.
