3972 6328
120 312 239 368 θξι

627 308 1065 368 TRANSLATI’.)
1105 308 1544 368 HOMILIARUM
1583 308 1746 367 ORIG

1857 309 1906 368 IS
1943 309 2010 366 IN
2056 304 2363 367 VISIONES
2400 307 2623 367 ιεΑιΑι.
2667 307 2833 367 IIOM.
2879 309 2966 368 Vl.

3347 311 3454 367 922

119 432 281 497 vult,
330 430 434 486 etsi
482 441 678 503 praeest
715 448 731 495 ;
773 429 871 486 sed
903 431 970 486 ad
1011 429 1330 487 servitutem
1379 428 1662 493 Ecclesia.
1700 430 1749 485 si
1777 432 1826 493 Α
1854 430 2005 486 baoth
2036 430 2139 485 vidi
2159 428 2324 484 oculis
2350 431 2500 485 meis.
2524 428 2640 487 Hoc
2676 427 2867 485 dicens
2896 437 2954 485 et
2994 428 3258 486 miserum
3285 444 3347 486 se
3375 429 3457 487 l‘a-

118 533 370 595 oportet
400 524 585 582 dicere
633 534 689 582 et
722 524 792 581 de
835 524 1173 597 Evangelia:
1218 523 1497 597 Principes
1546 524 1755 598 quidem

118 619 379 693 gentium
406 618 744 674 dominantur
782 621 875 683 eis,
916 629 964 676 et
1010 621 1101 691 qui
1142 627 1452 689 potestatem
1483 618 1674 675 habent
1698 620 1749 672 in

118 712 246 766 illis
274 752 291 774 ,
327 712 659 785 magistratus
686 720 955 767 vocantur.
991 710 1111 765 Nort
1143 711 1218 765 sic
1241 721 1411 768 autem
1452 712 1548 766 erit
1579 712 1631 766 in
1658 727 1752 765 vo.

120 802 215 857 bis
247 817 268 857 :
302 819 399 858 nec
428 804 566 856 enim
599 803 936 858 dominantur
967 803 1225 876 principes
1255 804 1306 857 in
1343 804 1484 857 vobis
1511 845 1525 869 ,
1554 803 1645 859 sed
1665 803 1755 875 qui

124 894 251 948 vult
279 910 394 949 esse
420 903 640 950 vestrum
671 898 872 968 major,
899 895 997 950 erit
1018 898 1246 950 omnium
1279 895 1526 951 minimus
1553 895 1749 967 (Marc.

126 987 244 1058 ιι).
283 985 389 1055 Qui
420 987 533 1042 vult
557 1000 681 1043 esse
711 987 917 1057 primus
942 1032 956 1057 ,
986 987 1095 1044 erit
1121 990 1367 1045 omnium
1400 990 1747 1046 novissimus.

126 1079 244 1149 Qui
266 1089 497 1135 vocatur
526 1094 658 1151 ergo
687 1082 754 1135 ad
784 1081 1166 1152 episcOpatum
1190 1122 1207 1147 ,
1239 1095 1348 1137 non
1377 1081 1447 1137 ad
1478 1083 1753 1155 principa-

129 1181 259 1227 tum
302 1181 552 1238 vocatur,
580 1172 675 1229 sed
712 1173 780 1228 ad
808 1173 1126 1231 servitutem
1159 1175 1330 1231 totius
1368 1174 1657 1232 Ecclesiae.
1695 1176 1752 1233 Si

126 1265 223 1319 vis
243 1262 477 1320 credere
500 1264 568 1321 de
588 1264 892 1337 Scripturis
915 1308 932 1332 ,
952 1267 1076 1336 quia
1101 1266 1155 1323 in
1185 1265 1433 1323 Ecclesia
1463 1283 1656 1324 servus
1678 1267 1753 1324 sit

129 1360 394 1414 omnium
419 1399 435 1425 ,
464 1359 557 1429 qui
588 1369 807 1430 praeest,
843 1360 1068 1416 suadeat
1099 1360 1194 1417 tibi
1235 1361 1351 1431 ipse
1390 1360 1647 1418 Salvator
1697 1373 1754 1418 et

136 1440 439 1518 Dominus,
484 1452 573 1523 qui
611 1454 733 1507 talis
780 1464 1071 1525 tantusque
1121 1453 1303 1512 lactus
1343 1465 1427 1512 cst
1471 1457 1524 1512 in
1570 1457 1750 1514 medio

132 1544 565 1615 discipulorum,
599 1561 705 1601 non
738 1547 891 1618 quasi
921 1547 1296 1616 discumbens,
1338 1550 1432 1606 sed
1466 1550 1620 1621 quasi
1652 1551 1752 1606 mi-

135 1636 406 1691 nistraus.
441 1637 729 1709 Accipiens
763 1639 910 1695 enim
945 1641 1199 1709 linteum,
1232 1650 1519 1713 postquam
1553 1654 1750 1701 exutus

134 1740 228 1787 est
269 1732 634 1801 vestimentis,
683 1736 972 1807 pra‘cinxit
1008 1754 1090 1803 se,
1132 1750 1188 1795 et
1211 1737 1432 1793 mittens
1454 1754 1649 1810 aquam
1693 1741 1746 1796 in

1855 524 2025 591 ciens,
2060 532 2302 578 meretur
2326 520 2584 577 auxilium
2612 565 2626 589 ,
2661 519 2996 592 suscipiente
3036 520 3146 576 Deo
3178 518 3459 577 humilita-

1859 625 1965 672 tem
1991 616 2109 687 ejus
2133 634 2147 670 :
2180 616 2336 684 Quod
2369 625 2453 672 est
2485 615 2627 672 istud
2649 615 2909 671 auxilium
2938 615 2963 671 ἲ
2992 613 3193 670 Missus
3221 623 3328 683 est,
3352 614 3451 682 ait,

1855 711 1924 763 ad
1944 726 2023 763 me
2053 726 2185 763 unus
2218 711 2280 765 de
2311 708 2607 781 Seraphim,
2632 720 2680 765 et
2701 708 2917 765 habebat
2948 710 3001 763 in
3032 709 3227 782 forcipe
3270 707 3452 762 carbo-

1857 818 1992 869 nem,
2028 817 2180 872 quem
2214 800 2457 858 attulerat
2487 803 2551 856 de
2579 802 2757 868 altari,
2806 809 2853 855 et
2883 800 3050 873 tetigit
3087 798 3224 854 labia
3256 815 3367 852 mea
3403 807 3451 852 et

1856 899 1988 953 dixit
2020 914 2039 953 :
2076 896 2209 953 Ecce
2228 895 2418 952 abstuli
2448 898 2742 968 iniquitates
2772 904 2909 965 tuas,
2931 903 2978 949 et
2999 903 3205 966 peccata
3226 901 3317 947 tua
3345 894 3451 947 cir-

1857 992 2213 1064 cumpurgavi.
2261 989 2605 1045 Consecutus
2655 996 2740 1045 est
2783 986 3109 1044 beneﬁcium
3137 1030 3151 1056 ,
3215 985 3449 1042 mundus

1857 1083 2103 1151 ellectus,
2136 1093 2189 1140 et
2212 1084 2588 1140 remissionem
2609 1082 2885 1153 accipiens
2906 1089 3277 1153 peccatorum.
3310 1081 3447 1137 Cum

1856 1178 2130 1234 audisset:
2158 1176 2326 1243 Quem
2344 1176 2544 1230 mittam
2567 1176 2634 1229 ad
2655 1172 2926 1247 populant,
2948 1184 2993 1228 ct
3012 1174 3127 1245 quis
3146 1173 3236 1227 ibit
3257 1172 3405 1226 nobis
3428 1176 3452 1228 ε’

1854 1269 1974 1326 Non
1998 1278 2219 1341 propter
2241 1269 2476 1340 priorem
2498 1264 2887 1324 conscientiam
2908 1280 3072 1321 ausus
3096 1265 3196 1320 lttit
3225 1264 3408 1321 dicere
3435 1282 3447 1319 :

1858 1365 1989 1421 Ecce
2007 1382 2121 1439 ego,
2145 1366 2289 1420 mitte
2312 1381 2409 1419 me.
2434 1362 2539 1420 Sed
2563 1361 2652 1417 ubi
2674 1360 2921 1417 audierat
2946 1377 2959 1415 :
2984 1356 3118 1413 Ecce
3138 1357 3326 1412 abstuli
3348 1359 3449 1410 ini-

1854 1464 2074 1530 quitates
2105 1472 2242 1517 tuas.
2268 1461 2434 1531 Igitur
2462 1459 2587 1530 quia
2609 1458 2779 1513 sancti
2803 1461 3263 1526 eompunguntur,
3288 1463 3337 1507 et
3364 1466 3451 1506 re-

1854 1555 2087 1627 quiritur
2119 1556 2257 1610 inter
2287 1553 2532 1625 Moysen,
2566 1561 2620 1607 et
2659 1548 2883 1618 Isaiam,
2923 1545 3322 1604 satisfaciamus
3354 1558 3451 1611 pro

1855 1652 2060 1723 Moyse,
2084 1662 2137 1707 et
2158 1652 2324 1707 etiam
2355 1666 2451 1723 pro
2472 1648 2633 1716 Isaia,
2659 1646 2852 1702 dantes
2878 1652 2934 1700 et
2952 1645 3033 1699 eis
3059 1641 3129 1698 de
3152 1638 3452 1711 Scripturis

1852 1755 2055 1800 sortem
2084 1760 2258 1799 suam.
2292 1742 2503 1814 Moyses
2536 1756 2642 1795 non
2672 1737 2883 1807 accepit
2913 1733 3295 1791 remissionem
3328 1744 3452 1802 pec-

134 1823 376 1896 pelvim,
411 1827 578 1896 cmpit
617 1828 799 1883 lavare
832 1829 996 1899 pedes
1023 1830 1441 1902 discipulorum,
1474 1842 1529 1888 et
1565 1833 1747 1889 deter-
1778 1826 1826 1887 Β
1851 1836 2420 1904 catorum,utdiccret
2441 1835 2594 1905 quasi
2615 1833 2727 1902 jam
2749 1829 3003 1887 conscius
3023 1842 3082 1883 se
3105 1824 3446 1889 mandatum,

131 1931 274 1986 gere
317 1916 502 1986 linteo,
536 1934 643 1989 quo
673 1931 789 1975 erat
837 1923 1185 1992 prmcinctus.
1215 1924 1279 1980 Et
1308 1925 1514 1982 docens
1554 1927 1749 1996 quales

132 2019 399 2079 oporteat
441 2026 565 2068 esse
603 2013 878 2085 principes
918 2026 1191 2089 tamquam
1238 2035 1428 2075 servos
1465 2022 1538 2077 ait
1574 2038 1588 2077 :
1648 2021 1747 2076 Vos

134 2104 340 2157 vocatis
360 2119 440 2158 me
469 2107 844 2180 magistrumet
873 2110 1161 2178 dominum,
1184 2121 1234 2166 et
1266 2113 1389 2167 bene
1414 2114 1607 2181 dicitis,
1634 2132 1748 2169 sum

135 2195 356 2249 etenim.
383 2195 444 2251 Si
465 2214 584 2270 ergo
614 2215 706 2269 ego
737 2200 979 2255 dominus
1003 2212 1049 2257 et
1078 2204 1322 2273 magister
1344 2215 1504 2259 vester
1533 2206 1635 2261 lavi
1661 2223 1750 2261 vo-

134 2290 221 2343 bis
244 2292 424 2359 pedes,
450 2300 499 2346 et
526 2309 610 2347 vos
631 2293 823 2349 debetis
846 2298 1152 2351 alterutrum
1174 2299 1350 2353 lavare
1379 2303 1533 2371 pedcs
1562 2298 1743 2369 (Joan.

139 2385 292 2453 xm).
329 2383 385 2438 In
417 2386 732 2443 servitutem
776 2388 941 2458 igitur
968 2403 1190 2447 vocatur
1218 2392 1326 2465 [ΑΙ.
1372 2393 1620 2467 vocatus]
1651 2394 1748 2450 Ec-

137 2474 333 2529 clesize
366 2476 616 2547 princeps
640 2520 653 2543 ,
714 2488 772 2535 ut
803 2481 977 2550 possit
1009 2498 1074 2537 ex
1123 2483 1392 2539 servitute
1425 2485 1527 2539 ista
1560 2486 1643 2542 ire
1681 2485 1749 2541 ad

140 2564 344 2620 solium
382 2569 629 2638 cmleste,
667 2571 808 2627 sicut
838 2574 1099 2644 scriptum
1132 2583 1254 2631 est:
1299 2575 1557 2631 Sedebitis
1595 2594 1751 2649 super

143 2658 364 2715 thronos
406 2662 676 2718 duodecim
708 2666 1008 2737 jndicantes
1057 2668 1329 2723 duodecim
1374 2671 1539 2725 tribus
1578 2670 1751 2725 Israel

145 2751 369 2825 (Matth.
402 2756 571 2828 χχιιι).
607 2759 744 2814 Audi
792 2775 922 2815 vero
953 2770 1008 2817 et
1028 2761 1255 2816 Paulum
1283 2772 1386 2818 tam
1430 2765 1747 2835 praeclarum

144 2848 327 2903 virum
350 2848 619 2907 dicentem
650 2894 661 2916 ,
695 2854 820 2923 quia
849 2871 1043 2911 servus
1072 2855 1236 2912 fuerit
1255 2859 1498 2914 omnium
1521 2860 1751 2916 creden-

147 2939 331 2995 tittm:
372 2939 486 3015 Ego
531 2947 667 2999 enim
714 2963 865 3013 sum,
917 2949 1033 3016 ait,
1078 2951 1321 3005 minimus
1356 2951 1747 3020 Apostolorum,

148 3054 255 3091 non
310 3055 423 3093 sum
462 3040 652 3111 dignus
697 3044 868 3099 vocari
912 3044 1189 3115 Apostolus
1218 3088 1233 3112 ,
1285 3048 1410 3119 quia
1455 3058 1749 3119 persecutus

147 3148 266 3187 sum
296 3130 581 3189 Ecclesium
606 3135 698 3191 Dei
734 3137 772 3209 (Ι
802 3135 921 3193 Cor.
954 3138 1065 3209 xv).
1093 3139 1264 3196 Porro
1290 3142 1370 3197 sic
1392 3141 1494 3197 hoc
1517 3158 1624 3197 non
1668 3143 1751 3198 vi—

150 3222 315 3277 detur
343 3227 648 3295 approbare
679 3228 993 3287 servitutem
1025 3233 1164 3303 ejus,
1199 3234 1294 3291 sed
1333 3245 1544 3291 tantum
1569 3237 1747 3291 lmmi-
1777 3220 1822 3282 C

152 3318 397 3384 litatem;
432 3320 555 3375 audi
578 3336 703 3378 eum
734 3323 1003 3380 dicentem
1031 3343 1043 3380 :
1082 3324 1234 3383 Facti
1260 3344 1438 3385 sumas
1469 3328 1671 3399 parvuli
1694 3331 1744 3384 in

152 3409 325 3465 medio
368 3424 609 3480 vestrum,
665 3417 815 3486 quasi
858 3418 902 3471 si
949 3419 1126 3473 nutrix
1172 3421 1341 3490 foveat
1395 3421 1533 3491 ﬁlios
1590 3438 1745 3490 suos,

152 3520 271 3558 cum
293 3520 555 3577 possemus
574 3523 751 3579 graves
777 3527 909 3576 esse,
938 3524 990 3564 ut
1017 3511 1211 3567 Christi
1231 3514 1470 3583 Apostoli
1491 3514 1535 3587 (l
1564 3513 1745 3570 Thess.

153 3597 245 3669 tt).
277 3596 582 3657 Imitatores
614 3616 746 3673 ergo
777 3620 875 3660 nos
904 3619 1029 3661 esse
1059 3606 1284 3674 expedit
1332 3606 1619 3664 ltumilium
1668 3608 1750 3679 ip-

154 3694 270 3749 sius
302 3694 509 3749 Domini
538 3710 852 3751 sermonum
883 3707 1044 3769 atquc
1075 3699 1367 3765 laetorum,
1414 3709 1469 3755 et
1499 3699 1751 3772 Apostoli

156 3790 297 3858 ejus,
331 3797 384 3843 et
413 3787 594 3845 facere
624 3790 765 3861 quod
806 3792 1019 3865 1126
1052 3791 1249 3847 factum
1278 3801 1362 3847 est
1390 3808 1419 3848 a
1453 3793 1658 3865 Moyse,
1690 3802 1752 3849 ut

155 3882 368 3939 etiamsi
398 3892 621 3939 vocatur
649 3883 845 3955 aliquis
881 3885 948 3939 ad
981 3887 1369 3957 principatum,
1396 3888 1539 3943 dicat
1566 3904 1584 3942 :
1616 3886 1752 3942 Pro-

157 3977 271 4031 vide
296 3977 480 4043 alium,
524 3994 675 4048 quem
702 3979 875 4033 mittas
898 3977 1097 4052 (Exod.
1131 3979 1227 4052 tv).
1266 3981 1379 4037 Deo
1428 3982 1599 4039 dicit:
1632 3982 1751 4038 Non

157 4083 277 4122 sum
310 4068 504 4138 dignus
534 4077 661 4124 ante
690 4069 806 4125 heri
838 4084 892 4126 et
924 4070 1341 4127 nudiustertius.
1380 4072 1549 4129 Exilis
1602 4075 1751 4127 vocis

158 4178 276 4218 sum
307 4171 362 4220 et
408 4163 772 4234 tardilinguis.
818 4164 887 4220 Et
927 4167 1052 4237 quia
1101 4166 1211 4221 Deo
1262 4166 1397 4221 dixit
1448 4167 1749 4235 humiliter,

158 4258 316 4313 exilis
346 4259 491 4312 vocis
522 4272 640 4313 sum
661 4301 676 4325 ,
710 4268 764 4315 et
797 4260 1162 4328 tartlilinguis,
1193 4258 1344 4313 audit
1375 4275 1401 4312 a
1437 4260 1550 4315 Deo
1580 4278 1594 4314 :
1624 4258 1754 4327 Quis

159 4351 299 4406 dedit
327 4367 381 4405 os
418 4351 640 4406 hominis
659 4394 673 4417 ,
704 4362 751 4407 et
780 4353 895 4425 quis
922 4354 1047 4425 facit
1090 4353 1307 4406 surdum
1337 4362 1385 4406 et
1413 4361 1613 4406 mutum
1636 4395 1649 4415 .
1676 4355 1752 4406 vi-

160 4446 357 4500 dentem
385 4455 429 4499 et
453 4460 645 4499 catcum
675 4448 699 4500 ζ)
726 4442 920 4499 Nonne
944 4462 1039 4517 ego
1068 4444 1324 4499 Dominus
1365 4445 1504 4499 Deus
1527 4446 1552 4500 ?
1578 4442 1754 4502 Crede

164 4541 274 4597 Deo
299 4582 313 4606 ,
346 4548 369 4575 η
402 4554 663 4596 consecra
704 4549 756 4596 te
783 4541 855 4596 ei.
888 4540 1039 4595 Licet
1071 4539 1287 4595 subtilis
1316 4544 1464 4594 vocis
1508 4541 1607 4607 sis,
1640 4550 1751 4595 tar-

1852 1936 1995 1988 tnitte
2037 1948 2138 2000 me,
2196 1940 2418 2001 propter
2466 1928 2608 2001 quod
2650 1931 2729 1982 ait
2769 1944 2783 1981 :
2837 1923 3062 1979 Provide
3099 1921 3261 1975 aliaat
3297 1933 3448 1989 quem

1852 2029 2064 2092 mittas;
2097 2025 2332 2081 habebat
2360 2024 2503 2080 enim
2546 2023 2599 2078 in
2628 2019 2965 2077 conscientia
3007 2013 3445 2073 interfectionem

1852 2118 2093 2191 Egyptii
2121 2159 2135 2182 ,
2160 2117 2300 2173 forte
2321 2129 2503 2171 autem
2524 2126 2583 2170 ut
2612 2113 2776 2169 homo
2807 2110 3017 2167 sciebat
3039 2124 3099 2164 se
3119 2118 3174 2163 et
3201 2104 3448 2177 quredam

1851 2213 1956 2266 alia
1989 2211 2189 2268 habere
2220 2218 2440 2281 peccata
2469 2250 2483 2274 ,
2525 2215 2814 2278 propterea
2846 2212 3086 2259 recusat.
3131 2202 3238 2256 Iste
3266 2207 3448 2253 autem

1853 2320 1960 2359 non
2004 2304 2157 2374 quasi
2199 2314 2387 2357 natura
2416 2303 2596 2371 justus
2635 2299 2875 2370 postulat
2922 2293 3310 2360 ministerium,
3349 2292 3449 2348 sed

1852 2397 2008 2469 quasi
2046 2397 2276 2468 gratiam
2308 2403 2658 2451 coast-cutus.
2704 2392 2794 2447 Sic
2824 2400 2878 2446 et
2909 2388 3127 2456 Moyses
3151 2432 3164 2456 ,
3216 2385 3265 2441 si
3295 2383 3450 2444 simi-

1852 2490 1957 2546 lem
2004 2492 2234 2561 gratiam
2274 2489 2633 2560 percepisset,
2682 2483 3057 2552 audissetque,
3091 2494 3211 2534 ecce
3257 2475 3447 2531 abstuli

1854 2582 2147 2651 iniquitates
2174 2590 2292 2635 tuas
2314 2621 2327 2642 ,
2359 2591 2409 2635 et
2447 2582 2550 2634 ltoc
2580 2574 3026 2632 circutnnmndavi
3072 2579 3281 2643 peccata
3311 2578 3401 2623 tua
3433 2608 3447 2636 ,

1854 2675 2173 2745 neutiquam
2198 2672 2340 2728 forte
2361 2672 2620 2727 dixisset:
2644 2668 2870 2724 Provide
2892 2667 3055 2721 alium
3079 2680 3226 2736 quem
3251 2662 3447 2716 mittas.

1856 2767 2029 2822 llabet
2077 2781 2210 2838 ergo
2238 2764 2442 2837 aliquid
2488 2763 2741 2829 rationis,
2798 2772 2853 2817 et
2900 2760 3119 2831 Moyses
3159 2768 3445 2822 recusans,

1859 2859 2069 2933 1127
2122 2869 2179 2914 et
2221 2858 2394 2914 Isaias
2437 2857 2670 2912 dicens:
2708 2854 2840 2910 Ecce
2874 2868 2966 2926 ego
3005 2865 3141 2916 sum,
3176 2849 3319 2902 mitte
3348 2862 3447 2900 me.

1927 2955 2013 3010 Ill.
2055 2953 2162 3012 Sed
2195 2953 2478 3009 videamus
2507 2952 2674 3007 etiam
2717 2964 2802 3016 ea,
2830 2962 2951 3017 quso
2986 2942 3235 3016 praecipit
3261 2940 3450 2995 Domi-

1854 3065 1957 3105 nus
2002 3058 2055 3104 ut
2105 3048 2305 3121 populo
2333 3046 2583 3102 diceret:
2621 3044 2785 3107 Vade,
2820 3054 2867 3097 et
2907 3041 2991 3095 dic
3022 3038 3220 3111 populo
3252 3054 3270 3092 :
3312 3035 3453 3089 Ame

1853 3144 2099 3211 audietis,
2123 3153 2170 3198 et
2193 3159 2295 3198 non
2324 3138 2652 3211 intelligetis,
2678 3147 2724 3192 et
2755 3136 2982 3191 videntes
3006 3131 3245 3197 cernetis,
3270 3140 3319 3185 et
3346 3146 3447 3183 non

1854 3237 2089 3291 videbitis
2128 3253 2147 3302 ;
2185 3236 2534 3290 incrassatum
2565 3239 2639 3285 est
2668 3230 2805 3283 enim
2840 3244 2930 3282 cor
2960 3226 3145 3299 pepuli
3170 3224 3329 3297 hujus
3357 3264 3372 3288 ,
3406 3231 3451 3275 et

1853 3330 2065 3384 auribus
2106 3328 2326 3399 graviter
2354 3325 2661 3387 audierunt,
2693 3329 2742 3377 et
2772 3318 2951 3375 oculos
2983 3320 3280 3371 clauserunt
3308 3331 3326 3368 :
3358 3329 3451 3367 ne—

1852 3424 2061 3494 quando
2079 3422 2283 3477 videant
2313 3418 2499 3485 oculis,
2530 3429 2578 3473 et
2609 3415 2821 3470 auribus
2843 3413 3085 3476 audiant,
3120 3418 3165 3465 et
3189 3408 3340 3462 corde
3368 3408 3451 3460 in-

1853 3517 2113 3587 telligant,
2167 3525 2215 3570 et
2258 3521 2646 3577 convertantur,
2689 3518 2736 3562 et
2787 3505 2976 3561 salvam
3026 3520 3134 3559 eos.
3185 3498 3444 3556 Bilariant

1852 3607 2037 3664 sciens
2076 3607 2347 3662 sermonis
2387 3602 2757 3668 auditionem,
2805 3606 2861 3653 et
2902 3594 3176 3665 duplicem
3211 3604 3447 3647 noscens

1851 3700 2325 3765 constitutionem,
2353 3698 2453 3750 hoc
2476 3705 2562 3751 est
2579 3691 2727 3748 aliud
2755 3705 2943 3745 eorum
2967 3684 3276 3758 corporale,
3302 3681 3448 3737 aliud

1854 3794 2124 3865 spiritale,
2158 3801 2251 3846 aut
2279 3790 2346 3845 ad
2385 3787 2645 3861 populum
2682 3783 3073 3857 propltetizans
3104 3778 3173 3833 de
3212 3776 3298 3832 his
3328 3791 3450 3846 quze

1855 3886 1909 3941 in
1941 3885 2177 3941 adventu
2213 3882 2413 3938 ChriSIi
2455 3880 2637 3935 futura
2671 3885 2862 3943 erant,
2895 3872 3026 3945 quia
3056 3878 3201 3925 esset
3236 3876 3451 3936 tempus

1855 3983 2074 4054 quando
2104 3980 2358 4036 audirent
2402 3984 2459 4032 et
2496 3990 2605 4030 non
2639 3970 3009 4041 intelligerent
3045 3982 3131 4021 ea.
3166 3960 3449 4033 Siquidem

1855 4092 1978 4133 etnn
2005 4074 2259 4129 audirent
2288 4072 2573 4126 Dominum
2596 4080 2779 4122 meum
2808 4063 2992 4120 Jesum
3019 4059 3328 4121 Christum,
3359 4068 3455 4109 vo-

1855 4184 1975 4224 cem
2009 4177 2215 4222 tanlum
2242 4165 2512 4221 dictorum
2541 4158 2788 4226 audiere,
2825 4172 2932 4211 non
2964 4166 3211 4206 sensum.
3245 4149 3311 4203 Et
3348 4145 3451 4201 hoc

1855 4278 1920 4316 ex
1947 4276 2016 4317 eo
2044 4260 2393 4316 manifestum
2425 4268 2528 4317 est,
2561 4252 2685 4323 quia
2715 4250 2843 4305 loris
2871 4249 2938 4303 ad
2973 4244 3232 4318 populum
3262 4241 3317 4296 in
3351 4253 3449 4307 pa-

1858 4353 2058 4410 rabolis
2085 4352 2408 4422 loquebatur
2434 4366 2446 4401 :
2481 4343 2771 4414 Discipulis
2793 4353 2973 4396 autem
3005 4347 3224 4394 secreto
3246 4333 3448 4389 dissol-

1859 4449 2019 4505 vebat
2048 4462 2162 4501 eas.
2205 4445 2505 4513 PrOpItetat
2534 4451 2741 4503 autem,
2764 4436 2909 4507 quod
2937 4433 3119 4490 evenit
3146 4449 3158 4483 :
3188 4431 3326 4485 Aure
3356 4446 3453 4481 au-

1859 4544 2031 4607 dietis,
2057 4548 2102 4594 et
2135 4555 2238 4593 non
2268 4535 2569 4604 intelligetis
2602 4531 2821 4605 (Matth.
2846 4527 2985 4596 xm).
3020 4527 3194 4582 Porro
3220 4523 3364 4596 quod
3386 4523 3456 4580 dc

161 4637 349 4706 dieque
385 4636 606 4709 linguae,
642 4636 796 4692 trade
828 4648 881 4691 te
911 4636 1152 4691 sermoni
1184 4635 1301 4691 Dei.
1340 4636 1493 4691 ltices
1526 4645 1710 4706 postea
1740 4654 1753 4691 :
1788 4616 1842 4676 Ῑ)
1866 4636 2118 4692 Adventu
2152 4631 2364 4688 Dotnini
2411 4630 2514 4684 hoc
2544 4630 2617 4684 sit
2647 4625 2849 4696 popqu
2887 4622 3307 4695 prophetatum,
3340 4620 3457 4688 ipse

167 4730 238 4785 0s
285 4746 451 4785 meum
493 4733 681 4803 aperui
722 4742 768 4785 et
799 4730 993 4786 attraxi
1033 4732 1277 4800 spiritum
1318 4730 1493 4803 (Psal.
1539 4731 1750 4802 cxvut).

165 4824 289 4880 llaec
318 4822 532 4894 quidem
562 4836 785 4896 propter
816 4824 941 4893 hoc,
976 4823 1119 4896 quod
1150 4826 1225 4880 ait
1255 4823 1453 4880 Isaias:
1483 4822 1619 4880 Ecce
1642 4840 1757 4877 sunt

166 4936 277 4990 ego,
306 4920 449 4973 mitte
474 4934 574 4974 me.

238 5010 298 5066 II.
336 5011 619 5067 Faciamus
646 5024 830 5069 autem
872 5028 937 5070 ex
985 5023 1160 5083 parte,
1207 5020 1411 5068 etcum
1443 5029 1530 5069 eo.
1578 5012 1761 5068 Voluit

168 5103 308 5160 enim
337 5119 459 5159 cum
492 5104 794 5175 accepisset
820 5104 930 5175 jam
954 5103 1183 5177 gratiam
1211 5119 1242 5159 a
1275 5104 1409 5171 Deo,
1441 5120 1550 5159 non
1573 5104 1625 5158 in
1656 5121 1750 5161 va-

168 5212 322 5252 cuum
362 5212 481 5251 eam
532 5197 808 5267 accipere,
852 5198 948 5254 sed
980 5200 1057 5254 uti
1085 5213 1149 5253 ea
1189 5197 1257 5252 ad
1288 5200 1616 5255 necessaria.
1666 5199 1756 5254 Vi-

170 5291 299 5345 deus
322 5290 632 5360 Seraphim,
664 5290 855 5348 videns
878 5292 1168 5349 Dominum
1201 5295 1440 5351 Sabaoth
1471 5294 1754 5350 sedentem

171 5397 331 5452 super
359 5382 616 5437 thronum
647 5383 926 5440 excelsum
956 5393 1014 5441 et
1051 5386 1347 5451 elevatum,
1377 5386 1515 5441 dixit
1545 5403 1558 5438 :
1601 5383 1644 5439 0
1667 5387 1762 5439 mi-

174 5490 252 5528 ser
273 5489 381 5547 ego,
398 5475 646 5544 quoniam
667 5485 1005 5549 compunctus
1024 5493 1159 5542 sum,
1187 5478 1309 5549 quia
1330 5494 1447 5532 cum
1466 5478 1621 5531 homo
1639 5478 1759 5542 sint,

177 5578 220 5622 et
239 5568 499 5623 immunda
531 5568 669 5623 labia
700 5569 913 5625 habeam
936 5611 954 5637 ,
974 5572 1029 5625 in
1046 5571 1215 5626 medio
1235 5587 1436 5643 quoque
1474 5568 1655 5642 papuli
1685 5570 1763 5623 la-

180 5661 257 5714 bia
294 5660 556 5715 immunda
594 5661 827 5717 habentis
858 5662 1098 5731 habitem,
1140 5678 1309 5734 regem
1348 5661 1629 5718 Dominum
1660 5660 1764 5717 Sa-

1861 4731 2111 4789 Salvator
2135 4728 2305 4784 dicit:
2350 4723 2490 4779 Bene
2521 4720 2894 4794 prophetizavit
2914 4719 2979 4772 de
2996 4717 3134 4771 vobis
3161 4713 3332 4770 Isaias
3376 4714 3458 4766 di-

1860 4840 1979 4877 cens
2012 4838 2030 4878 :
2061 4823 2196 4876 Aure
2224 4819 2468 4883 audietis,
2503 4827 2550 4871 ct
2578 4831 2683 4870 non
2720 4810 3035 4884 intelligetis.
3079 4805 3459 4862 Concedamus

1861 4932 1993 4985 ergo
2015 4915 2137 4987 quia
2163 4926 2449 4968 sermones
2478 4907 2696 4963 Domini
2728 4905 2965 4976 populus
2992 4899 3311 4956 auscultans
3348 4911 3456 4951 non

1864 5008 2100 5080 potuerit
2128 5006 2236 5079 [Αι.
2278 5002 2501 5075 poterit]
2541 5015 2707 5056 nosse
2743 5013 2865 5068 qua:
2900 4996 3049 5050 dieta
3081 4992 3212 5047 sint.
3261 4988 3461 5046 Videa-

1865 5120 1984 5158 mus
2016 5111 2197 5157 autem
2235 5099 2361 5169 quid
2394 5098 2467 5152 sit
2493 5095 2599 5150 hoc
2627 5091 2773 5163 quod
2804 5088 3057 5161 sequitur
3092 5105 3105 5140 :
3146 5084 3209 5140 Et
3238 5085 3463 5139 videntes

1862 5193 2116 5259 videbitis,
2163 5200 2210 5247 et
2241 5207 2343 5245 non
2383 5188 2572 5243 scietis.
2628 5184 2743 5240 N02:
2789 5184 2834 5239 si
2867 5182 2990 5253 quis
3034 5179 3171 5235 vidit
3200 5194 3288 5242 ea,
3337 5191 3461 5244 qua:

1862 5286 2114 5343 Salvator
2135 5283 2393 5349 faciebat,
2419 5281 2601 5336 statim
2627 5278 2818 5333 videns
2843 5274 3007 5347 potuit
3036 5273 3345 5342 intelligere
3364 5282 3461 5321 cur

1864 5378 2005 5433 facta
2039 5378 2167 5432 sint.
2205 5373 2390 5431 Veluti
2417 5372 2754 5445 (exemplum
2789 5363 3155 5436 assumamus)
3206 5362 3340 5416 lavit
3369 5374 3462 5430 pe-

1865 5472 1962 5528 des
2010 5469 2428 5539 discipulorum.
2483 5466 2545 5520 Et
2598 5463 2861 5518 videbant
2905 5461 3125 5531 quidem
3158 5456 3294 5510 bene
3324 5471 3459 5524 quo-

1867 5565 2031 5622 modo
2069 5564 2286 5620 lavabat
2325 5560 2495 5634 pedes
2524 5558 2783 5628 magister
2827 5551 3151 5619 discipulis;
3204 5548 3460 5602 videbant

1867 5669 2048 5716 autem
2098 5667 2152 5714 et
2183 5655 2303 5723 alii,
2341 5656 2431 5727 qui
2471 5661 2629 5709 erant
2659 5655 2989 5724 pra-sentes,
3034 5643 3131 5700 sed
3174 5641 3224 5699 id
3256 5651 3463 5698 tantum

253 5846 274 5875 ο
316 5808 602 5895 Maluimué
624 5822 744 5896 cum
771 5821 1202 5897 bettediCt.edit.
1222 5828 1765 5910 reponctccon'secra,
1793 5818 1892 5907 pro
1920 5832 2063 5912 quod
2086 5841 2201 5891 erat
2232 5838 2493 5887 conserva.
