3972 6310
558 311 669 369 92$

1742 305 1799 363 s.
1844 286 2120 362 absenti
2160 284 2547 360 diendum:

3744 299 3846 357 924

561 434 702 504 quod
739 434 923 500 tio-bat,
952 446 1058 487 non
1089 434 1253 488 etiam
1281 447 1378 488 cur
1402 429 1586 487 ﬁebat.
1620 428 1936 487 Similitudo
1959 428 2157 496 quippe
2188 412 2231 489 λ
2260 428 2358 483 viri
2390 426 2483 483 ﬂat
2510 471 2524 494 ,
2553 427 2647 484 sed
2678 437 2737 483 ut
2763 426 3074 484 castitatem
3107 426 3375 482 suadeant
3405 425 3842 491 adolescentulis,

555 535 672 579 erat
702 524 899 579 lavatio
940 524 1171 594 pedum,
1214 525 1337 593 quia
1378 524 1509 578 lavit
1552 516 1794 578 Verbum
1838 516 1934 574 Dei
1981 518 2151 591 pedes

559 617 974 686 discipulorum.
1020 602 1229 673 Idcireo
1272 617 1347 673 ait
1396 617 1652 671 Salvator
1700 614 1765 669 ad
1808 622 2156 669 recusantem

558 711 807 777 Petrum,
839 721 892 765 et
918 710 1190 765 dicentem
1229 728 1242 765 :
1279 710 1398 765 Non
1420 709 1616 765 lattabis
1647 709 1799 782 pedes
1829 724 1986 763 meos.
2018 705 2158 774 Quid

560 803 670 859 ait?
696 803 849 873 Quod
880 821 974 878 ego
1013 806 1148 877 facio
1176 813 1231 859 tu
1263 806 1424 860 nescis
1448 806 1622 871 modo,
1656 804 1785 858 scies
1814 811 1985 856 autem
2022 810 2159 873 post-

560 914 621 950 ea
647 896 830 968 (Joan.
867 896 1011 965 sui).
1034 896 1173 967 Quid
1206 909 1390 954 autem
1416 897 1551 953 l‘acis
1576 896 1738 951 modo
1765 894 1897 950 dicit
1940 893 2155 949 Petrus.

562 988 738 1044 Video
761 1001 815 1045 te
841 991 1109 1045 lavantem
1138 991 1307 1060 pedes
1332 999 1571 1055 nostros,
1597 998 1651 1043 et
1676 987 1873 1058 pelvim
1898 988 2158 1057 positam,

560 1082 731 1137 linteo
760 1093 812 1138 te
841 1085 1233 1153 praecinctum,
1283 1093 1338 1139 et
1375 1084 1709 1139 servientem
1743 1082 1937 1147 nobis,
1984 1088 2040 1134 et
2071 1078 2160 1135 de~

562 1183 864 1248 tergentem
896 1177 1064 1248 pedes
1096 1185 1333 1233 nostros.
1370 1176 1569 1231 Verum
1600 1176 1727 1246 quia
1758 1188 1868 1229 non
1901 1181 2023 1229 erat
2053 1171 2158 1227 hoc

564 1271 844 1337 negotium
874 1272 1181 1341 corporale.
1222 1269 1317 1327 sed
1349 1268 1615 1341 spiritale.
1642 1269 1894 1325 Salvator
1927 1267 2159 1322 nudatus

566 1364 732 1418 mittit
755 1364 1055 1434 spiritalem
1083 1378 1276 1436 aquam
1304 1364 1358 1419 in
1389 1365 1591 1434 pelvim
1631 1361 1933 1419 secundum
1972 1360 2160 1432 Scrip-

565 1468 713 1513 turas
739 1502 754 1526 ,
783 1467 840 1514 et
884 1458 1025 1514 lavat
1058 1459 1226 1528 pedes
1254 1458 1642 1528 discipulorum
1674 1471 1922 1523 suorum,
1948 1465 2008 1509 ut
2035 1456 2157 1509 cum

566 1552 752 1606 mundi
783 1551 1004 1616 fuerint,
1036 1550 1337 1607 ascendant
1358 1551 1423 1606 ad
1447 1551 1718 1606 dicentem
1754 1568 1769 1605 :
1798 1546 1907 1621 Ego
1936 1562 2051 1601 sum
2078 1549 2159 1601 via

565 1643 745 1716 (Joan.
776 1661 887 1711 xw,
919 1644 997 1719 0),
1025 1656 1081 1701 et
1110 1660 1217 1701 non
1251 1644 1397 1716 pleni
1431 1644 1676 1716 pulvere,
1707 1656 1866 1713 quem
1899 1647 2160 1697 excutere

565 1736 742 1791 voluit
783 1752 947 1806 super
986 1736 1258 1807 indignos,
1303 1747 1357 1791 ct
1385 1752 1493 1791 non
1536 1737 1901 1809 suscipientes
1946 1744 2156 1803 pacem,

2258 532 2316 577 et
2343 522 2531 577 amare
2563 521 2709 577 viros
2746 531 2801 576 et
2829 522 3031 577 liberos
3060 536 3214 577 suos.
3245 520 3531 576 Diseamus
3561 534 3688 591 ergo
3716 520 3847 575 lata-

2258 631 2348 671 res
2376 615 2543 685 pedes
2575 615 2997 684 discipulorum.
3024 616 3128 670 Ista
3153 624 3377 684 propter
3402 612 3506 669 hoc
3530 614 3673 668 dicta
3693 626 3809 669 sunt
3831 632 3843 668 :

2266 708 2507 764 Videntes
2557 707 2814 777 videbitis,
2861 718 2909 762 et
2955 724 3058 761 non
3097 708 3290 763 scietis.
3336 705 3608 774 Quoniam
3653 708 3697 761 si
3730 705 3843 776 quid

2258 804 2423 860 [iebat
2451 820 2480 859 a
2514 803 2836 869 Salvzttore,
2870 803 2939 859 ab
2973 804 3056 858 liis
3087 802 3333 873 quidem,
3369 803 3461 872 qui
3506 816 3613 856 non
3657 799 3846 856 intelli-

2257 897 2481 967 gebant,
2510 896 2973 968 videbaturjuvta
2999 912 3223 968 corpus.
3260 911 3367 951 non
3400 894 3844 964 videbaturjuxta

2259 989 2529 1044 ration-em
2562 1006 2575 1049 :
2612 987 2680 1042 ab
2706 989 2796 1043 liis
2827 1001 2978 1052 vero,
3010 989 3098 1056 qui
3134 987 3545 1058 intelligebant,
3581 984 3846 1042 videbatur

2259 1082 2480 1154 quidem
2510 1082 2668 1154 juxta
2716 1084 2929 1148 oculos,
2962 1078 3251 1137 videbatur
3278 1090 3459 1135 autent
3499 1089 3557 1135 et
3592 1081 3737 1149 juxta
3768 1078 3843 1133 in-

2262 1175 2587 1238 tellectum,
2644 1176 2715 1228 ita
2775 1183 2833 1228 ut
2894 1190 3000 1228 non
3058 1174 3429 1243 compleretur
3484 1186 3652 1238 super
3700 1171 3843 1226 beate

2266 1268 2480 1340 1129
2504 1267 2777 1331 videntes,
2810 1266 2918 1322 hoc
2947 1267 3088 1338 quod
3117 1266 3326 1322 dictum
3353 1274 3438 1322 est
3469 1282 3482 1320 :
3520 1264 3762 1319 Videntes
3782 1264 3844 1316 ri-

2261 1360 2463 1424 debitis,
2500 1369 2549 1414 et
2580 1375 2683 1413 non
2715 1360 2908 1421 scietis,
2940 1358 3036 1414 sed
3070 1373 3236 1428 super
3269 1366 3611 1428 peccatores.
3656 1354 3758 1411 Sed
3797 1363 3844 1408 et

2261 1463 2454 1507 cuncta
2505 1452 2928 1523 Evangeliorum
2976 1466 3201 1507 oremus
3268 1452 3517 1506 videntes
3575 1448 3844 1518 dupliciter

2263 1547 2475 1613 videre,
2509 1546 2788 1618 quomodo
2819 1546 2958 1603 facta
2992 1546 3102 1601 sint
3146 1546 3294 1616 juxta
3345 1559 3546 1614 corpus
3571 1584 3587 1610 ,
3645 1541 3843 1613 quando

2260 1639 2513 1696 Salvator
2549 1649 2737 1694 noster
2780 1638 3021 1694 venitad
3054 1648 3248 1693 terras.
3298 1634 3513 1692 Etenim
3563 1634 3842 1689 similitudo

2261 1741 2401 1795 erat.
2432 1742 2489 1787 et
2518 1742 2678 1803 typus
2704 1730 3006 1786 futurorum
3043 1728 3493 1800 unumquodque,
3525 1726 3666 1799 quod
3697 1724 3840 1782 ﬁebat

566 1844 741 1899 neque
771 1802 967 1901 dignos
997 1802 1188 1886 eorum
1231 1845 1351 1901 qua:
1390 1802 1736 1886 dicebantur.
1777 1829 1843 1883 Et
1886 1802 2011 1897 quia
2054 1825 2159 1880 hoc
2193 1802 2239 1873 Β
2265 1825 2316 1878 in
2347 1802 2596 1895 corpore.
2635 1823 2813 1879 Veluti
2840 1823 3026 1878 nescio
3055 1824 3176 1894 quis
3201 1837 3230 1877 a
3265 1822 3553 1877 nativitate
3582 1819 3841 1875 carcusﬁ-

565 1932 683 1977 erat
710 1921 851 1990 quod
886 1922 1316 1993 significabatur.
1350 1922 1474 1979 ideo
1504 1924 1619 1977 ait:
1649 1922 1803 1988 Quod
1822 1938 1915 1994 ego
1952 1919 2166 1992 1128

567 2016 723 2086 facio,
750 2026 804 2068 tu
825 2016 989 2069 nescis
1016 2017 1190 2081 modo,
1218 2018 1345 2071 scies
1386 2029 1555 2071 autem
1588 2026 1786 2087 postea.
1817 2015 1950 2069 Erat
1977 2024 2161 2069 autem

565 2107 690 2174 ltoc,
727 2108 871 2178 quod
904 2119 957 2164 et
989 2109 1216 2179 reliquis
1258 2110 1460 2165 dictum
1491 2121 1573 2164 εει
1607 2128 1621 2166 :
1668 2110 1806 2174 Quia
1845 2107 2037 2162 vocatis
2086 2123 2164 2160 nte

567 2200 878 2269 magistram
910 2210 957 2254 et
992 2201 1280 2266 dominum,
1316 2212 1362 2255 et
1394 2201 1523 2255 bene
1550 2200 1748 2255 dicitis.
1791 2200 1921 2256 Strat
1950 2200 2158 2254 etenim.

568 2289 632 2346 Si
658 2291 821 2364 igitur
845 2308 939 2361 ego
963 2292 1205 2346 dominus
1245 2302 1294 2347 et
1329 2294 1576 2365 magister
1606 2292 1710 2347 lavi
1740 2293 1894 2363 pedes
1924 2300 2120 2345 vestros
2146 2333 2162 2358 ,

566 2392 613 2436 et
641 2398 727 2437 vos
762 2382 956 2438 debetis
983 2384 1204 2440 invicem
1233 2384 1424 2439 lavare.
1451 2385 1592 2454 Ergo
1622 2385 1723 2440 ltoc
1755 2384 1907 2449 dicit,
1940 2393 1997 2437 ut
2047 2384 2162 2453 epi-

569 2490 770 2546 scopus
801 2478 1025 2533 mittens
1057 2492 1253 2549 aquam
1285 2478 1339 2533 in
1370 2477 1568 2548 pelvim
1600 2484 1655 2534 et
1686 2486 1883 2532 exutus
1918 2476 2165 2531 vestibus

567 2568 702 2635 suis,
733 2578 787 2622 et
817 2570 1148 2639 prminetus
1178 2570 1367 2636 linteo,
1402 2586 1488 2625 me
1521 2569 1875 2631 extendente,
1905 2569 2048 2623 lavet
2068 2584 2162 2636 pe-

569 2660 664 2715 des
685 2675 837 2716 meos
861 2660 886 2714 i
912 2661 1196 2731 Siquidem
1219 2677 1336 2723 vos.
1368 2662 1563 2730 inquit,
1598 2662 1812 2715 debetis
1835 2662 2065 2715 invicem
2092 2660 2167 2714 la—

569 2767 698 2807 vare
740 2752 907 2821 pedes
949 2765 1182 2807 vestros.
1221 2754 1277 2808 Si
1309 2755 1411 2809 hoc
1456 2762 1540 2807 est
1577 2751 1717 2823 quod
1749 2752 1969 2818 dicitur,
2005 2765 2166 2807 nemo

571 2857 809 2901 vestrum
859 2846 1178 2901 mandatum
1226 2848 1493 2903 servabit.
1539 2847 1713 2902 Nemo
1758 2847 1902 2902 enim
1945 2844 2167 2916 quibus-

569 2955 800 3011 cumque
832 2942 1175 2997 venientibus
1194 2957 1481 2997 assumens
1502 2944 1734 2997 linteum
1758 2943 2046 3007 diaconus,
2079 2942 2164 2997 vel

570 3032 881 3106 presbyter,
917 3035 1032 3089 sive
1063 3034 1370 3104 episcopus,
1395 3035 1536 3089 lavat
1562 3034 1751 3105 pedes.
1784 3034 1893 3092 Sed
1926 3036 1969 3089 si
2004 3033 2165 3089 intel-

570 3122 710 3194 ligas
739 3141 825 3192 ea,
856 3142 976 3196 qua:
998 3126 1199 3197 scripta
1235 3137 1383 3194 sunt,
1429 3127 1522 3198 qui
1551 3142 1677 3182 vere
1706 3126 1851 3181 beati
1884 3134 2014 3180 sunt
2046 3125 2162 3196 epi-

2264 1926 2385 1968 sum
2416 1913 2760 1982 recuperavit
2792 1912 2976 1985 (Joan.
3012 1913 3094 1983 ix)
3127 1931 3140 1966 :
3175 1928 3302 1968 vere
3329 1926 3511 1968 autem
3541 1926 3717 1967 caecus
3755 1912 3839 1965 iste

2266 2023 2293 2059 a
2328 2007 2609 2062 nativitate
2657 2015 2781 2061 erat
2827 2006 3116 2076 gentilium
3173 2007 3424 2076 populus,
3480 2006 3569 2060 cui
3617 2004 3838 2061 Salvator

2268 2102 2502 2156 reddidit
2533 2100 2731 2165 visum,
2767 2101 2933 2155 saliva
2983 2114 3080 2155 sua
3128 2114 3336 2170 ungens
3367 2098 3560 2155 oculos
3600 2098 3746 2167 ejus,
3793 2105 3838 2151 et

2269 2197 2488 2251 mittens
2515 2194 2579 2247 ad
2610 2194 2837 2260 Siloam,
2867 2193 3010 2265 quod
3038 2193 3431 2262 interpretatur
3478 2192 3688 2245 missas.
3736 2188 3838 2244 Ilit-

2271 2287 2415 2342 tebat
2445 2285 2647 2357 quippe
2672 2301 2792 2351 eos,
2826 2302 2963 2357 quos
3017 2286 3211 2356 spiritu
3248 2285 3403 2340 unxit
3440 2295 3502 2339 ut
3539 2283 3832 2348 crederent,

2270 2381 2335 2436 ad
2365 2383 2593 2447 Siloam,
2623 2381 2674 2434 id
2696 2381 2863 2435 estad
2894 2379 3190 2448 Apostolus
3219 2391 3271 2434 et
3301 2380 3614 2449 magistros,
3643 2385 3834 2450 propter

2268 2475 2411 2545 quod
2441 2476 2706 2547 scriptum
2737 2485 2823 2530 est
2855 2477 2921 2531 de
2952 2476 3125 2543 Siloa,
3155 2476 3283 2547 quia
3313 2475 3707 2547 interpretatur
3732 2477 3834 2528 mis-

2267 2586 2377 2624 sus.
2409 2570 2477 2625 Et
2506 2571 2959 2641 qu0ticscumque
2991 2569 3290 2640 incipimus
3319 2587 3346 2622 a
3377 2569 3507 2625 .lesu
3545 2569 3762 2633 visitari,
3790 2576 3834 2621 ut

2270 2665 2601 2733 recipiamus
2630 2663 2826 2718 anima:
2851 2664 3065 2731 oculos,
3097 2662 3263 2720 mittit
3288 2680 3389 2720 nos
3412 2664 3479 2719 ad
3510 2663 3727 2727 Siloam,
3750 2662 3833 2715 hoc

2271 2767 2355 2812 est
2384 2759 2585 2811 missus.
2621 2758 2686 2812 Et
2710 2757 3085 2828 unusquisque
3136 2773 3265 2828 ergo
3315 2771 3599 2825 nuStrnm,
3644 2752 3832 2827 quando

2271 2850 2400 2922 it'glt
2429 2868 2491 2907 ea
2525 2864 2647 2922 qua:
2679 2852 2732 2906 iu
2765 2852 3077 2923 Evangeliis
3099 2852 3238 2906 facta
3272 2862 3393 2906 sunt
3414 2894 3429 2917 ,
3462 2861 3581 2907 oret
3606 2867 3669 2906 ne
3692 2850 3829 2904 etiam

2273 2946 2325 3000 in
2359 2960 2417 3001 se
2444 2946 2824 3017 compleatur:
2862 2944 3105 2999 Videntes
3135 2944 3395 3013 videbitis,
3450 2956 3497 2999 et
3522 2960 3637 2999 non
3683 2942 3830 2997 scietis

2274 3036 2453 3111 (Joan.
2490 3038 2605 3110 ιιι).

2348 3132 2433 3187 IV.
2464 3133 2521 3189 Si
2549 3142 2756 3198 autem,
2790 3140 2849 3187 ut
2875 3133 3194 3188 existitnant
3216 3133 3605 3202 simpliciores,
3627 3131 3709 3185 illa
3728 3144 3827 3199 qua:

570 3220 720 3290 scopi
760 3222 1067 3276 servientes
1100 3221 1379 3288 Ecclesize,
1405 3221 1630 3276 mittunt
1654 3236 1851 3291 aquam
1881 3221 1952 3276 de
1982 3218 2165 3289 Scrip-
2194 3201 2236 3263 (ἶ
2272 3228 2409 3283 facta
2442 3237 2587 3293 sum,
2621 3242 2728 3283 ηυη
2762 3237 2984 3299 propter
3017 3242 3115 3282 nos
3138 3271 3151 3290 ,
3186 3227 3280 3283 sed
3314 3237 3538 3298 propter
3565 3243 3623 3281 se
3653 3236 3825 3280 tantum

570 3313 704 3367 turis
731 3311 784 3366 in
809 3313 1008 3380 pelvitu
1040 3312 1259 3381 animm,
1293 3314 1439 3385 quod
1475 3323 1559 3369 est
1589 3313 1883 3368 secundum
1914 3311 2168 3382 Scriptu-

571 3418 679 3466 ras,
704 3411 759 3458 et
789 3412 999 3459 tentant
1030 3405 1223 3475 pedum
1246 3405 1635 3477 discipulorum
1659 3405 1846 3459 sordes
1875 3405 2079 3469 lavare,
2113 3412 2170 3458 et

571 3498 780 3563 eluere,
814 3509 866 3553 et
891 3498 1182 3569 projicere.
1220 3502 1278 3553 lit
1310 3499 1353 3553 si
1380 3498 1700 3554 custodiunt
1727 3498 1970 3568 episcopi
2014 3510 2162 3552 matt-

569 3591 755 3645 daturn
800 3592 1074 3646 imitantes
1103 3595 1286 3647 .lesum
1315 3635 1329 3657 ,
1377 3592 1457 3647 sic
1485 3603 1535 3647 et
1571 3592 1896 3663 presbyteri.
1947 3590 2164 3646 Utinam

571 3692 627 3734 et
671 3698 772 3750 ego
813 3681 1071 3752 accipiam
1122 3699 1266 3737 nunc
1315 3698 1531 3753 aquam,
1580 3698 1701 3753 qua:
1749 3684 1919 3753 possit
1968 3683 2167 3736 anima:

574 3783 769 3827 vestrae
800 3774 967 3842 pedes
1005 3773 1220 3828 lavare!
1254 3782 1313 3829 ut
1339 3777 1709 3846 unusquisque
1747 3785 1988 3829 vestrum
2020 3774 2167 3830 dicat

572 3882 693 3922 cum
735 3866 897 3922 fuerit
927 3867 1113 3923 lotus:
1161 3867 1287 3923 Lavi
1319 3869 1472 3939 pedes
1512 3885 1669 3931 meos,
1713 3869 1969 3937 quomodo
1996 3870 2167 3939 inqui-

572 3959 705 4013 nabo
735 3959 857 4015 illos
880 3958 1060 4033 (Cant.
1090 3964 1171 4033 ιιι)
1200 3962 1223 4015 ?
1252 3961 1365 4017 Hoc
1390 3962 1533 4016 enim
1565 3972 1763 4032 sponsa
1790 3962 1922 4017 dicit
1949 3963 2001 4015 in
2024 3959 2166 4015 Can-

573 4052 691 4107 ticis
737 4055 1083 4109 Canticorum
1113 4097 1127 4123 ,
1163 4069 1269 4109 non
1313 4054 1609 4110 ostendens
1648 4068 1951 4124 corporeus
1998 4054 2166 4123 pedes

573 4144 734 4212 lotos,
760 4145 854 4200 sed
881 4147 1044 4215 pedes
1075 4163 1181 4201 non
1207 4145 1564 4202 oli'endentes.
1593 4146 1667 4201 De
1690 4146 1886 4217 quibus
1908 4147 2040 4201 dicit
2064 4148 2163 4203 Sa-

573 4235 753 4291 lomon
782 4254 794 4290 :
829 4236 930 4291 Pes
960 4248 1135 4292 autem
1161 4248 1277 4293 tuus
1300 4255 1401 4293 non
1433 4239 1668 4309 offendat
1698 4238 1887 4311 (Prov.
1932 4253 2011 4304 ιιι,
2042 4238 2158 4311 25).

573 4326 651 4383 De
680 4328 876 4399 quibus
921 4339 975 4385 et
1023 4330 1075 4385 itt
1110 4331 1331 4400 psalmis
1376 4333 1639 4400 scriptum
1671 4339 1787 4385 est:
1842 4328 1950 4385 Mei
1988 4341 2163 4386 autem

571 4437 699 4492 pene
728 4425 852 4477 moti
877 4434 998 4478 sunt
1028 4426 1182 4497 pedes
1208 4428 1223 4497 (
1249 4425 1397 4480 l’sal.
1430 4424 1653 4499 Lxsttt).
1689 4425 1889 4481 Verum
1939 4434 1997 4481 et
2039 4441 2160 4494 qua:

569 4518 975 4573 constituuntur
1002 4520 1180 4574 vidua:
1214 4520 1266 4573 in
1294 4519 1559 4575 Ecclesiis
1590 4538 1602 4573 :
1642 4518 1703 4575 Si
1724 4531 2049 4587 sanctorum,
2079 4520 2162 4573 in-

569 4611 709 4681 quit,
760 4611 918 4683 pedes
959 4610 1083 4665 lavit
1127 4610 1169 4683 (ι
1203 4609 1337 4665 Tim.
1368 4614 1443 4683 vi.
1475 4612 1535 4668 Si
1578 4622 1759 4667 autem
1801 4612 1880 4666 vis
1910 4613 2161 4683 apertius
2190 4590 2241 4652 Ῑ)

568 4708 781 4773 audire,
809 4709 1080 4777 quomodo
1113 4707 1269 4763 vidua
1304 4710 1442 4762 lavat
1472 4718 1783 4763 sanctorum
1808 4707 2003 4780 pedes,
2032 4709 2160 4763 andi

571 4799 795 4855 Paulum
838 4804 891 4856 itt
924 4804 1031 4858 alio
1065 4804 1183 4857 loco
1210 4807 1634 4859 constituettlem
1663 4804 1859 4869 viduis,
1884 4815 1937 4857 et
1969 4804 2158 4858 dicen-

569 4901 677 4947 tem
709 4912 721 4946 :
753 4893 892 4951 Bene
921 4897 1181 4963 docentes,
1211 4908 1265 4951 ut
1296 4897 1513 4969 pudicas
1543 4897 1774 4967 efﬁciant
1801 4897 2164 4951 adolescentu-

567 4991 667 5054 las,
703 4993 929 5045 lavantes
954 4991 1132 5045 sordes
1161 4992 1357 5063 pedum
1378 4991 1802 5065 juvencularum.
1833 4990 1903 5044 Et
1933 4990 2050 5044 isne
2076 4991 2155 5044 vi-

567 5083 691 5138 du:e
720 5083 901 5152 dignae
934 5095 1058 5140 sunt
1091 5084 1467 5140 ecclesiastico
1500 5085 1709 5140 honore
1736 5125 1751 5150 ,
1798 5098 2160 5155 qua-cumque

565 5187 881 5232 Sanctorum
902 5176 1068 5248 pedes
1090 5177 1271 5232 lavant
1294 5194 1551 5233 sermone
1573 5179 1843 5249 spiritalis
1865 5178 2151 5245 doctrina',

563 5279 879 5326 sanctorum
926 5284 1058 5326 vero
1100 5285 1206 5324 non
1258 5271 1649 5337 masculorum,
1692 5270 1791 5326 sed
1836 5271 2153 5327 mulierum.

565 5367 774 5421 Docere
805 5368 949 5420 enim
984 5364 1265 5419 mulierem
1295 5376 1401 5419 non
1433 5365 1723 5433 permittit,
1748 5379 1927 5434 neque
1953 5364 2160 5435 princi-

567 5459 684 5530 pari
719 5459 854 5513 viro.
888 5457 1010 5513 Vult
1038 5472 1161 5514 esse
1192 5459 1451 5513 mulieres
1479 5458 1619 5514 bene
1642 5457 1905 5515 docentes
1938 5500 1951 5525 ,
1999 5469 2057 5513 ut
2087 5458 2154 5513 ad

565 5554 873 5609 castitatem
907 5554 1173 5610 suadeant
1202 5570 1307 5608 non
1340 5553 1727 5609 adolescentes
1753 5596 1767 5621 ,
1800 5553 1898 5608 sed
1934 5553 2153 5608 adoles-

565 5644 812 5699 centulas
844 5663 855 5699 :
892 5645 1152 5700 indecens
1193 5645 1397 5716 quippe
1423 5655 1504 5700 est
1526 5688 1541 5713 ,
1571 5652 1632 5700 ut
1665 5645 1866 5700 mulier
1896 5646 2157 5716 magistra

640 5834 667 5896 εξ
694 5824 795 5912 Alii
825 5825 1057 5908 fortasse
1083 5829 1290 5885 rectius
1315 5838 1562 5886 secretum
1590 5826 1714 5903 lege
1758 5840 1818 5903 t._

2271 3320 2409 3375 facta
2440 3332 2583 3389 sunt,
2617 3330 2672 3377 et
2703 3336 2810 3377 non
2842 3332 2998 3377 erant
3029 3320 3280 3392 exempla
3309 3321 3541 3375 alterius
3562 3320 3656 3383 rei,
3684 3331 3827 3386 expo-

2271 3424 2406 3471 nant
2432 3430 2592 3485 quem
2626 3415 2749 3482 ltoc,
2775 3416 2918 3485 quod
2950 3415 3151 3470 dictum
3193 3424 3279 3468 est
3312 3431 3326 3468 :
3389 3412 3625 3467 Videntes
3668 3407 3826 3463 ridebi-

2268 3509 2354 3577 tis,
2389 3521 2433 3564 et
2465 3525 2564 3564 non
2596 3510 2764 3563 scietis
2788 3551 2802 3575 ,
2850 3510 3043 3565 habeat
3086 3524 3337 3565 sensum.
3378 3506 3512 3562 Nam
3543 3507 3585 3562 si
3616 3521 3711 3559 non
3752 3517 3824 3565 ea,

2270 3620 2389 3674 qua:
2421 3604 2765 3669 videbantur,
2799 3603 3071 3659 habebant
3102 3605 3336 3672 aliquem
3374 3618 3592 3657 sensum
3624 3609 3648 3636 ι
3676 3611 3828 3652 sacra-

2273 3694 2409 3766 tum,
2445 3709 2502 3753 ut
2532 3714 2653 3753 cum
2685 3698 2999 3754 carnalibus
3029 3697 3203 3752 oculis
3234 3697 3397 3751 etiam
3444 3693 3742 3765 spiritaliter
3766 3689 3826 3743 in-

2268 3795 2635 3863 Spicerentur,
2671 3808 2964 3861 numquam
2994 3791 3225 3846 dixisset
3258 3807 3271 3843 :
3313 3786 3559 3843 Vidcntes
3602 3783 3821 3846 ridebitis,

2268 3894 2315 3938 et
2360 3901 2461 3938 non
2493 3886 2683 3939 scietis.
2735 3882 2816 3939 Ad
2860 3884 3309 3955 approbationem
3348 3892 3530 3937 autem
3563 3878 3754 3940 butum,
3780 3884 3822 3927 et

2267 3978 2494 4034 alterius
2535 3979 2726 4049 scripti
2757 3981 2825 4033 de
2853 3978 3148 4048 Evangelio
3198 3975 3575 4030 testimonium
3618 3972 3823 4044 protere-

2269 4087 2407 4137 mus,
2438 4072 2745 4142 quodjuxta
2780 4084 2897 4134 eos,
2923 4071 3012 4139 qui
3048 4081 3253 4123 tanttnn
3276 4068 3514 4122 litteram
3538 4069 3820 4135 sequuntur,

2268 4163 2609 4218 mendacium
2639 4171 2743 4218 est.
2777 4160 3181 4217 DicitSaIVator
3210 4170 3265 4216 et
3294 4160 3559 4214 Dominus
3589 4165 3753 4211 neSter
3770 4149 3823 4205 ad

2266 4255 2567 4326 discipulos
2611 4255 2669 4310 in
2718 4254 3013 4326 Evangelio
3074 4252 3373 4310 sectmdutn
3439 4250 3732 4309 Joannem:
3776 4243 3825 4301 Si

2265 4348 2608 4414 credideritis,
2641 4363 2742 4400 non
2771 4348 2940 4401 solum
2969 4360 3087 4416 quia
3112 4363 3205 4420 ego
3233 4347 3401 4417 facio,
3438 4344 3658 4416 facietis,
3686 4336 3765 4394 sed
3787 4345 3826 4389 et

2267 4442 2469 4512 majora
2489 4438 2673 4493 horum
2695 4439 2896 4509 facietis
2923 4425 3108 4509 (Joan.
3134 4452 3247 4505 xiv,
3280 4436 3392 4505 12).
3420 4432 3698 4491 Videamus
3716 4440 3825 4497 ergo

2266 4535 2309 4588 si
2340 4534 2541 4604 majora
2574 4533 2748 4602 aliqua
2796 4530 3028 4587 fecerint
3060 4530 3346 4601 di5cipuli?
3376 4528 3516 4598 Quid
3561 4526 3722 4596 majus
3758 4531 3822 4575 est

2265 4640 2426 4696 quam
2457 4634 2730 4680 mortuum
2759 4625 3070 4680 suscitare?
3099 4625 3231 4689 Quis
3278 4641 3385 4678 non
3420 4624 3544 4677 dico
3586 4629 3824 4678 ttostruut,

2263 4718 2358 4772 sed
2375 4717 2763 4783 Apustolorum
2788 4729 3058 4771 mortuum
3079 4716 3405 4771 suscitavit?
3426 4713 3613 4769 Refert
3628 4710 3825 4766 historia

2263 4811 2391 4883 quia
2422 4812 2618 4866 Paulus
2653 4810 2957 4882 Eutychum
2992 4810 3402 4865 resuscitaverit
3432 4825 3461 4862 a
3494 4806 3746 4870 mortuis;
3780 4807 3823 4855 et

2263 4904 2460 4960 Petrus
2482 4904 2794 4973 Tabitltam,
2816 4921 2937 4976 quae
2961 4905 3349 4975 interpretatur
3371 4901 3573 4958 Dorcas
3588 4902 3713 4972 (Act.
3737 4897 3818 4965 ts).

2261 4996 2368 5051 Ista
2396 5009 2604 5064 autem,
2642 5006 2695 5051 et
2719 4998 2822 5051 alia
2853 4996 3157 5052 istiusmodi
3191 4994 3426 5051 inveniri
3463 5001 3720 5065 possunt:
3750 4986 3819 5041 ubi

2266 5099 2393 5146 sunt
2442 5090 2692 5160 majora?
2721 5091 2829 5147 Sed
2876 5104 2929 5146 et
2976 5102 3154 5145 Caecos
3194 5089 3449 5146 Salvator
3486 5088 3614 5143 fecit
3638 5094 3818 5141 rursum

2260 5181 2471 5249 videre,
2504 5193 2559 5238 et
2587 5183 2732 5253 quod
2773 5183 2950 5253 majus
2983 5192 3087 5250 (εει,
3137 5190 3264 5250 “eos,
3296 5183 3391 5252 qui
3444 5180 3525 5235 sic
3571 5179 3675 5234 nati
3723 5175 3819 5230 iuc~

2259 5286 2405 5331 runt.
2426 5277 2799 5333 Exliibeantbi
2815 5293 2951 5348 quos
2980 5286 3156 5331 ctccos
3179 5277 3249 5329 ab
3273 5283 3433 5330 utcru
3447 5273 3691 5329 manibus
3704 5270 3818 5338 Apo-

2255 5369 2519 5423 stolorum
2548 5379 2768 5423 curatos
2796 5369 3109 5437 aSpexerint
3136 5365 3354 5439 (Matth.
3389 5364 3492 5436 nt).
3529 5364 3594 5419 Bt
3633 5360 3728 5416 alia
3754 5360 3819 5411 in-

2261 5461 2414 5516 ﬁnita
2444 5471 2625 5533 potest
2655 5462 2724 5518 de
2755 5462 3070 5532 Evangeliis
3100 5462 3350 5516 invenire
3371 5458 3462 5530 qui
3490 5459 3696 5530 quterit,
3718 5452 3814 5524 Quia

2258 5570 2435 5626 neque
2464 5555 2712 5626 Apostuli
2744 5555 2828 5610 Itis
2858 5555 3069 5622 majora
3118 5553 3352 5609 llecerint
3374 5595 3389 5618 ,
3440 5566 3616 5623 neque
3658 5558 3812 5602 eorum

2258 5660 2625 5705 suecessores.
2676 5647 2873 5713 Verum
2923 5660 3107 5702 sermo
3136 5645 3434 5719 Scriptura:
3464 5644 3569 5699 tale
3595 5635 3810 5713 quiddam
