3972 6332
170 361 305 416 {‘25

686 360 1129 416 TRANSLATIO
1172 355 1602 418 lEUillLlARUM
1643 355 1967 417 OlilGENlS
2010 358 2074 415 lN
2122 360 2430 420 V'lSlONES
2472 363 2701 422 lSAlA‘I.
2751 364 2911 419 HOM.
2959 363 3047 420 Vl.

3391 361 3495 423 926

171 487 412 543 inclitus
437 495 556 543 est:
596 483 948 560 1130l|i~,
977 501 1100 556 qua:
1131 498 1232 554 ego
1263 483 1365 537 feci
1394 479 1789 552 corporalibus,
1821 483 1865 540 Α
1899 477 2020 549 vn),
2054 488 2106 532 ct
2141 480 2265 548 quia
2294 481 2474 548 justus
2503 481 2730 548 accipiat
2751 483 2893 534 hunc
2923 481 3175 534 subtilem
3217 481 3494 549 Spiritum.

171 595 288 633 vos
323 583 525 648 majora
555 580 791 636 facietis.
823 581 935 649 Ego
967 579 1068 634 feci
1118 591 1406 647 resurgere
1454 591 1521 628 ex
1565 573 1794 628 mortuis

169 675 568 742 corporaliter
591 714 606 740 ,
642 685 740 727 vos
769 686 1059 741 resurgere
1093 669 1303 724 facietis
1330 685 1396 723 ex
1425 667 1655 721 mortuis
1683 664 1792 735 spi-

173 767 455 820 ritaliter.
493 767 604 836 Ego
635 764 798 820 cmcis
825 763 1088 818 sensibile
1117 762 1219 817 hoc
1249 763 1433 816 lumen
1460 758 1662 823 inludi,
1695 771 1792 812 vos

171 859 496 928 spiritalem
541 858 715 913 lucem
765 872 869 912 non
908 855 1215 910 videntibus
1249 852 1468 908 dabitis.
1507 852 1691 921 Usque
1723 849 1789 904 ad

171 952 334 1006 hanc
360 963 542 1007 autem
571 952 714 1007 diem
750 952 864 1005 huic
901 950 1105 1018 majora
1137 950 1290 1018 signa
1325 964 1351 999 a
1381 944 1786 1016 corporalibus,

172 1061 311 1115 quae
341 1043 664 1111 fecitJesus,
691 1058 790 1113 ego
821 1041 980 1098 video
1001 1041 1116 1096 fieri
1145 1057 1236 1110 per
1261 1039 1605 1092 ﬁdelissimos
1627 1035 1792 1090 disci-

171 1138 355 1206 pulos
405 1137 555 1194 Jesu.
600 1137 682 1192 An
727 1152 832 1190 non
875 1135 1000 1190 eieci
1055 1149 1198 1189 nunc
1241 1132 1466 1186 vident?
1513 1140 1567 1185 et
1611 1129 1788 1185 claudi

167 1232 493 1298 ambulant,
521 1241 577 1287 et
614 1231 817 1297 leprosi
848 1229 1225 1284 mandantur?
1268 1236 1323 1281 et
1370 1226 1575 1296 reliqua
1610 1223 1790 1278 fiunt?

171 1326 238 1381 Si
277 1327 354 1390 is,
387 1325 479 1396 qui
511 1323 626 1378 lteri
679 1325 982 1377 obcazcatus
1015 1333 1097 1375 est
1142 1319 1409 1373 accedens
1449 1317 1514 1370 ad
1562 1317 1787 1382 idolum,

177 1419 354 1488 quasi
387 1416 451 1470 ad
485 1415 679 1483 Deum,
713 1415 873 1470 hodie
905 1416 1119 1468 invocet
1141 1414 1307 1468 Deum
1331 1413 1534 1476 vivmn,
1561 1410 1787 1478 pristina

165 1509 601 1579 derelinquens,
635 1521 814 1562 nonne
844 1505 1027 1561 videt?
1056 1506 1137 1561 An
1169 1519 1273 1558 non
1305 1504 1394 1574 qni
1422 1503 1536 1556 heri
1561 1502 1789 1556 claudus

172 1610 318 1658 erat
349 1611 572 1671 propter
599 1608 881 1670 peccatum
904 1641 918 1662 ,
948 1615 1090 1653 nunc
1133 1605 1356 1666 propter
1394 1596 1785 1664 discipulorum

166 1694 497 1749 doctrinam
527 1693 628 1747 iter
657 1705 844 1746 verum
877 1691 1104 1745 edoctus
1133 1689 1314 1742 stabili
1344 1687 1590 1757 graditur
1617 1685 1788 1754 pede?

168 1787 287 1854 Qui
326 1785 443 1840 heri
476 1785 682 1839 aridam
719 1782 951 1838 habebat
983 1795 1226 1846 manum,
1253 1791 1310 1836 et
1333 1781 1564 1835 otiosam
1597 1778 1663 1832 ad
1693 1779 1787 1830 bc-

1899 570 2087 625 Dillert
2107 572 2307 641 quippe
2335 571 2427 626 hic
2457 574 2681 643 spiritus
2713 573 2780 628 ab
2811 573 3066 627 omnibus
3106 571 3393 642 Spiritibus
3416 571 3499 626 in-

1897 665 2324 731 tellectualibus,
2357 667 2596 733 mundis,
2631 667 2946 722 subtilibus.
2988 665 3088 720 Est
3137 681 3268 736 ergo
3295 665 3500 736 princi-

1897 759 2019 828 pale
2050 759 2232 813 c0idis
2266 769 2426 815 tenue
2457 762 2700 832 quidem,
2741 763 2882 832 quod
2925 777 2990 816 ex
3038 775 3152 829 cor;
3174 761 3340 816 ovalis
3372 775 3492 814 ma-

1897 850 2044 902 terne
2086 851 2216 905 vitio
2263 862 2581 908 concretum
2630 865 2751 920 est,
2805 855 3022 924 plenum
3070 850 3498 923 cogitationibus

1894 945 2305 1012 corporalibus,
2339 961 2459 1016 quae
2482 959 2611 1002 sunt
2638 948 2693 1002 in
2727 947 3175 1018 reprehensione.
3229 945 3319 1001 Sic
3359 944 3498 1000 dici-

1894 1042 1980 1088 tur
2014 1053 2029 1091 :
2059 1035 2420 1090 lacrassatum
2450 1049 2522 1092 est
2555 1055 2642 1092 cor
2674 1039 2854 1107 pepuli
2905 1037 3081 1109 hujus.
3133 1037 3378 1107 Intelligo
3423 1049 3492 1091 ex

1892 1142 1958 1181 eo
1990 1129 2351 1184 incrassatum
2385 1145 2509 1184 esse
2539 1145 2657 1196 cor,
2691 1132 2817 1200 quia
2849 1130 2980 1184 nihil
3013 1132 3083 1184 sit
3115 1129 3166 1183 in
3201 1142 3269 1184 eo
3294 1135 3493 1198 praeter

1894 1223 2160 1278 humanas
2191 1234 2246 1278 et
2287 1225 2542 1279 carnales
2572 1225 2994 1280 sollicitudines.
3033 1223 3316 1291 Quomodo
3345 1221 3492 1278 enim

1893 1317 2117 1370 materia
2147 1320 2398 1385 corporis
2448 1318 2664 1386 pinguis
2710 1326 2830 1382 est,
2873 1318 3062 1370 eodem
3114 1316 3278 1370 modo
3322 1315 3491 1369 etiam

1889 1413 2136 1478 corporei
2171 1411 2502 1473 intellectus,
2531 1420 2584 1464 et
2603 1409 2977 1480 cogitationes.
3007 1410 3084 1464 Ex
3109 1423 3216 1480 quo
3240 1424 3362 1464 cum
3387 1409 3494 1462 duo

1891 1505 2064 1572 posita
2109 1505 2238 1566 sint.
2283 1507 2578 1559 inc-rassari
2627 1521 2722 1559 cor
2753 1522 2827 1559 ex.
2854 1505 3212 1560 swcularibus
3241 1502 3411 1566 curis,
3441 1510 3498 1558 et

1888 1599 2157 1651 attenuari
2189 1611 2257 1652 ex
2287 1598 2659 1653 sollicitudine
2689 1599 2948 1668 Spiritali,
2983 1612 3106 1652 cum
3141 1597 3266 1665 quis
3289 1595 3494 1665 cogitat

1890 1704 1950 1767 ea
1980 1729 1993 1752 ,
2043 1705 2165 1758 qua:
2207 1691 2422 1744 Domini
2453 1701 2601 1754 sunt,
2653 1689 2948 1759 projiciens
3000 1689 3382 1759 pinguedinem
3425 1701 3492 1741 ex

1889 1782 2073 1846 corde,
2101 1793 2156 1836 et
2179 1783 2382 1849 sciens,
2417 1784 2538 1852 quia
2570 1782 2617 1836 si
2645 1782 3006 1837 incrassatnm
3039 1783 3207 1836 fuerit
3235 1797 3329 1834 cor
3349 1781 3492 1850 ejus,

171 1877 600 1941 nefaciendum,
653 1876 813 1932 hodie
859 1876 1137 1941 recipiens
1165 1889 1382 1929 manum
1411 1915 1427 1941 ,
1475 1873 1636 1926 habet
1665 1886 1784 1926 eam
1819 1891 1866 1951 Β
1895 1891 2068 1944 neque
2093 1876 2322 1946 accipiat
2357 1889 2645 1932 sermones
2677 1876 2808 1939 Dei,
2844 1891 3022 1946 neque
3071 1876 3253 1930 videat
3302 1875 3495 1929 salutis

167 1969 585 2024 viventem?Si
611 1968 815 2023 videris
859 1968 1100 2037 aliquem
1146 1968 1433 2036 pollutum,
1483 1977 1534 2020 et
1580 1967 1785 2034 leprant

169 2065 454 2120 inanima
505 2063 794 2118 habentem
845 2061 1027 2117 subito
1075 2061 1373 2131 paenitere,
1418 2074 1480 2113 ac
1523 2057 1788 2112 doctrina:

166 2169 444 2212 sermone
489 2165 909 2226 compunctum,
961 2169 1068 2208 non
1112 2163 1164 2208 te
1199 2154 1379 2223 pigeat
1413 2153 1628 2214 dicere,
1663 2150 1786 2217 quia

169 2251 364 2320 majus
387 2249 456 2303 sit
489 2251 633 2304 hunc
652 2249 968 2318 spiritaliter
989 2248 1286 2317 leprosum,
1313 2262 1473 2316 quam
1499 2246 1786 2314 quemdam

167 2341 485 2396 carnaliter
518 2341 684 2396 fuisse
717 2352 1020 2411 purgatum.
1067 2341 1130 2394 Et
1164 2339 1278 2394 tunc
1312 2341 1531 2409 quidem
1586 2337 1786 2406 largius

172 2432 429 2503 profudit
476 2434 696 2500 oratio,
742 2432 974 2504 cupiens
1019 2433 1312 2488 ostendere
1354 2431 1483 2502 quid
1530 2432 1597 2485 sit
1641 2431 1784 2496 hoc,

171 2526 332 2594 quod
359 2526 560 2579 dictum
588 2534 714 2579 est:
761 2523 826 2578 Et
865 2526 1092 2579 ridentes
1135 2525 1390 2591 videbitis,
1425 2534 1471 2578 et
1503 2540 1604 2577 non
1634 2521 1790 2576 intel-

173 2620 380 2690 ligelis.

256 2711 328 2765 V.
359 2714 490 2778 Qua:
513 2723 696 2768 autem
738 2725 897 2766 musa
929 2722 1012 2767 est
1059 2713 1374 2768 audientem
1427 2727 1531 2766 non
1582 2710 1788 2765 intelli-

178 2820 346 2873 gere,
373 2815 426 2860 et
459 2805 734 2860 videntem
769 2821 876 2861 non
914 2807 1137 2860 videre?
1163 2805 1521 2860 lncrassatam
1560 2814 1654 2868 est,
1705 2803 1788 2857 in-

175 2897 327 2965 quit,
355 2915 444 2950 cor
475 2899 652 2967 populi
686 2899 839 2969 hujus
874 2896 1030 2970 (Isai.
1064 2898 1162 2968 vi).
1203 2898 1478 2967 Siquidem
1530 2911 1786 2950 necessa-

179 2992 331 3042 rium
363 2999 448 3044 est
493 2989 720 3060 intelligi
764 3002 819 3044 et
867 2992 968 3045 hoc
999 2992 1142 3044 unde
1187 2993 1294 3055 sit,
1341 3006 1446 3044 non
1475 2989 1666 3043 eadem
1705 2996 1789 3041 est

177 3082 522 3148 corporalis,
562 3091 617 3135 et
648 3083 910 3150 Spil'llalis
944 3081 1232 3151 pinguedo,
1263 3099 1439 3151 neque
1465 3082 1655 3136 eadem
1703 3089 1789 3135 est

177 3171 494 3239 corporalis
526 3173 760 3226 tenuitas
787 3213 801 3237 ,
832 3185 886 3227 et
917 3175 1206 3242 spiritalis.
1240 3175 1450 3228 Etenim
1483 3174 1624 3243 quod
1666 3188 1789 3226 eor-

1891 1978 2257 2034 saeramcnta,
2273 1968 2615 2036 deponamus
2629 1977 2682 2022 ct
2696 1981 2798 2023 nos
2811 1967 3227 2023 crassitudinem
3240 2009 3253 2032 ,
3274 1977 3323 2021 et
3341 1981 3495 2021 assu-

1893 2073 2102 2113 mamus
2133 2075 2276 2125 eam,
2307 2075 2427 2130 qua:
2458 2063 2601 2115 dicta
2635 2069 2719 2115 est
2743 2061 3086 2126 tenuitatem,
3122 2069 3181 2114 ut
3210 2071 3263 2113 et
3283 2074 3383 2115 nos
3405 2059 3494 2114 di-

1891 2166 2079 2204 camus
2111 2154 2386 2222 quomodo
2418 2153 2720 2223 Prophetes
2749 2170 2762 2204 :
2801 2153 2974 2207 Sitivit
3003 2155 3055 2205 in
3087 2165 3133 2205 te
3158 2157 3335 2205 anima
3352 2167 3491 2220 nica,

1890 2261 2043 2314 quam
2066 2245 2424 2313 multipliciter
2439 2246 2526 2300 tibi
2555 2259 2679 2300 ειη-ο
2701 2261 2829 2300 mea.
2858 2243 2924 2300 In
2947 2255 3083 2299 terra
3107 2246 3330 2310 deserta,
3353 2244 3498 2299 invia

1889 2347 1936 2389 et
1953 2337 2224 2406 inaquosa,
2251 2338 2324 2390 sic
2343 2339 2395 2392 in
2419 2348 2594 2393 srmcto
2614 2339 2838 2411 apparui
2858 2339 2949 2392 tibi
2969 2337 3148 2412 (Psal.
3185 2335 3358 2409 thn),
3384 2351 3493 2392 non

1889 2428 2041 2496 quasi
2065 2439 2282 2484 Sanctus
2307 2421 2500 2484 fuerim
2515 2432 2863 2498 naturaliter,
2879 2433 2972 2486 sed
2993 2433 3037 2487 si
3055 2435 3236 2486 carnis
3258 2431 3495 2501 pruden-

1892 2523 1964 2573 tia
1993 2521 2248 2585 tabescit,
2283 2532 2341 2576 et
2369 2525 2412 2578 si
2443 2524 2734 2591 prudentia
2763 2525 2945 2578 carnis
2965 2523 3276 2578 extabuerit
3295 2565 3308 2589 ,
3360 2533 3490 2578 tunc

1893 2616 1944 2667 in
1978 2625 2165 2669 sancto
2195 2619 2466 2685 apparebo
2495 2618 2566 2672 ei.
2600 2619 2727 2672 llmc
2766 2620 2817 2671 in
2846 2617 3269 2686 eXplicationem
3328 2615 3447 2686 ejus
3471 2655 3489 2686 ,

1889 2709 2031 2777 quod
2063 2709 2270 2763 dictum
2320 2719 2405 2765 est
2437 2727 2450 2762 :
2499 2709 2854 2766 Incrassa‘tum
2886 2721 2958 2764 est
2984 2725 3071 2764 cor
3096 2710 3279 2780 pepuli
3311 2710 3488 2780 hujus.

1968 2802 2050 2856 Vl.
2087 2803 2348 2874 Sequitur
2371 2814 2552 2861 autem
2589 2823 2602 2861 :
2639 2805 2708 2859 Et
2735 2805 2952 2859 auribus
2998 2806 3104 2859 suis
3150 2803 3374 2875 graviter
3401 2819 3497 2855 au-

1889 2895 2117 2948 dierunt.
2149 2896 2293 2951 Nihil
2326 2899 2454 2952 mihi
2493 2910 2654 2954 nocet
2693 2901 2738 2952 si
2770 2900 3011 2968 graviter
3049 2898 3264 2952 audiant
3299 2911 3494 2966 corpo-

1891 2989 2100 3052 raliter,
2129 3005 2307 3060 neque
2340 2994 2440 3044 ista
2475 2992 2607 3045 mihi
2657 3007 2821 3046 causa
2873 2991 2966 3057 fit,
3021 3002 3078 3046 ut
3126 3007 3230 3046 non
3273 2991 3491 3045 audiam

1890 3095 2178 3136 sermones
2213 3084 2327 3138 Dei.
2361 3084 2648 3152 Quomodo
2677 3084 2822 3139 enim
2855 3085 2990 3140 nihil
3025 3084 3156 3139 mihi
3195 3095 3354 3139 nocet
3384 3100 3492 3138 (ειε-

1889 3176 2026 3228 citas
2051 3177 2374 3245 corporalis,
2400 3180 2444 3231 si
2474 3194 2581 3232 non
2615 3179 2777 3232 fuerit
2809 3179 3083 3232 obcmcata
3110 3181 3288 3232 anima
3321 3193 3438 3233 mea
3473 3195 3486 3232 :

179 3265 453 3332 poraliter
483 3281 725 3320 crassum
759 3278 868 3333 est,
921 3271 972 3321 in
1025 3285 1190 3322 carne
1231 3272 1322 3334 lit,
1374 3279 1430 3324 et
1479 3269 1615 3323 nihil
1651 3267 1780 3322 mihi
1810 3296 1853 3356 ς
1889 3269 1968 3320 sic
1999 3285 2175 3338 neque
2206 3270 2416 3331 levitas,
2445 3285 2624 3340 neque
2653 3271 2942 3340 gravitudo
2965 3271 3264 3325 auditionis
3292 3285 3488 3340 corpo-

175 3367 345 3411 nocet
371 3371 468 3412 cor
493 3373 756 3414 carneum
785 3363 828 3413 si
858 3363 1188 3416 inerassetur
1218 3405 1232 3429 ,
1266 3379 1440 3433 neque
1467 3363 1710 3433 prodest,
1737 3361 1782 3415 si

173 3465 204 3502 a
243 3451 533 3520 languore,
566 3455 646 3508 vel
677 3470 703 3506 ιι
737 3470 1076 3524 quacumque
1101 3472 1264 3510 causa
1288 3468 1622 3510 attenuetur.
1650 3457 1780 3510 Tale

174 3554 366 3598 autem
400 3543 653 3598 existimo
701 3547 815 3600 liet'i
839 3561 935 3600 ('or
970 3564 1228 3602 catncum
1261 3566 1483 3614 eorum,
1530 3550 1618 3618 qui
1671 3550 1780 3602 εὐτ-

175 3635 385 3688 midine
429 3637 799 3691 continentur.
833 3638 1119 3705 Quomodo
1154 3642 1298 3694 enim
1343 3642 1438 3693 toti
1493 3642 1779 3694 tabescunt

172 3729 241 3778 ah
273 3731 654 3796 :egrotatione,
685 3732 764 3785 sic
795 3737 948 3786 aiunt
975 3744 1029 3788 et
1055 3734 1474 3790 crassitudinem
1496 3777 1508 3800 ,
1543 3746 1596 3789 et.
1625 3736 1780 3802 quid-

169 3821 306 3888 quid
353 3821 546 3890 piugue
575 3834 660 3878 est
683 3826 825 3880 eirea
858 3842 955 3881 cor
989 3843 1177 3881 eorum
1205 3870 1219 3892 ,
1271 3832 1578 3883 estetmari.
1629 3829 1773 3897 Quid

169 3929 308 3985 ergo
339 3917 472 3971 mihi
501 3929 677 3983 nocet,
709 3920 753 3973 si
783 3924 1066 3990 corporale
1088 3937 1184 3976 cor
1208 3937 1384 3976 meum
1421 3925 1770 3978 inerassatur.

172 4007 309 4062 Esto
341 4024 470 4066 vero
499 4023 551 4067 et
586 4016 853 4068 attenuari
883 4031 979 4069 cur
1009 4033 1214 4080 meum,
1249 4018 1375 4086 quid
1407 4018 1540 4072 mihi
1569 4035 1632 4072 ex
1668 4023 1773 4072 isto

170 4102 444 4168 prodest?
469 4105 575 4160 Sed
607 4121 702 4161 cor
732 4111 1098 4177 nuncupativo
1130 4126 1250 4163 cum
1299 4125 1565 4178 corporeo
1607 4113 1773 4167 corde

169 4196 442 4251 vocabulo
483 4199 683 4254 aninmo
731 4213 932 4257 nosme
975 4204 1278 4272 principale
1316 4205 1668 4270 nominatur,
1715 4214 1772 4258 ut

168 4291 528 4347 in:itrifcstutii
554 4304 638 4348 est
676 4310 740 4350 ex
791 4311 878 4364 eo,
914 4297 1058 4366 quod
1103 4297 1159 4350 in
1202 4298 1495 4367 Evangelio
1526 4298 1724 4352 dicitur
1755 4316 1768 4352 ε

167 4384 318 4439 [lenti
352 4387 545 4440 mundo
575 4391 730 4442 corde
749 4389 970 4458 (Matth.
1003 4389 1076 4461 ν).
1103 4389 1287 4458 Neque
1314 4391 1456 4444 enim
1488 4391 1540 4442 hi
1567 4390 1770 4445 mundo

162 4480 336 4536 corde
365 4491 510 4548 sunt,
534 4483 629 4554 qui
653 4485 996 4554 sanguinem,
1023 4486 1104 4540 vel
1127 4485 1504 4554 quodcumque
1524 4489 1768 4541 materia:

163 4574 473 4642 corporalis
507 4577 834 4631 intrinsecus
867 4591 972 4632 non
999 4577 1224 4634 habent.
1260 4578 1367 4633 Sed
1397 4580 1605 4632 dictum
1637 4589 1762 4633 est:

1887 3361 2016 3412 ralis
2050 3361 2272 3428 impedit
2296 3362 2590 3430 quidquam
2621 3364 2776 3417 mihi.
2809 3362 2902 3416 Est
2934 3363 3040 3415 alia
3071 3362 3321 3432 quaedam
3354 3377 3484 3432 gra-

1887 3451 2071 3502 vitudo
2102 3451 2416 3512 auditionis,
2447 3469 2565 3521 qua:
2595 3463 2788 3507 noceat
2815 3455 3014 3508 anima:
3049 3457 3302 3508 hominis.
3352 3456 3485 3520 Quae

1883 3553 1967 3596 est
1997 3545 2094 3596 ista
2117 3544 2430 3614 gravitudo.
2461 3562 2580 3615 qua:
2620 3557 2703 3601 est
2749 3548 2800 3599 in
2854 3544 3192 3602 auditionem
3241 3548 3484 3602 animae?

1885 3635 2170 3691 Peccatum
2197 3640 2496 3693 secundum
2548 3638 2862 3708 Scripturas
2893 3655 3057 3710 grate
3096 3652 3198 3696 est.
3252 3641 3484 3710 PrOpter

1884 3731 2026 3799 quod
2063 3735 2305 3786 sentiens
2332 3734 2540 3805 1132
2567 3735 2688 3803 quis
2717 3743 2939 3803 peccata
2963 3751 3083 3800 sua,
3115 3734 3245 3788 dicit
3276 3752 3288 3787 :
3321 3735 3483 3800 Quasi

1879 3842 2009 3878 onus
2036 3836 2262 3897 gravatae
2287 3839 2406 3880 sunt
2427 3843 2581 3898 super
2612 3845 2690 3882 me
2715 3827 2886 3898 (Psal.
2942 3830 3189 3898 xxxviii).
3245 3829 3311 3882 Et
3357 3833 3482 3896 quia

1877 3922 2062 3989 gravis
2107 3932 2190 3976 est
2245 3921 2524 3992 iniquitas.
2556 3933 2780 3992 propter
2837 3923 2940 3977 hoc
2994 3939 3161 3992 super
3215 3925 3478 3976 talentum

1880 4014 2082 4082 plumbi
2115 4014 2286 4078 sedet,
2322 4025 2381 4069 ut
2407 4016 2459 4068 in
2484 4015 2741 4068 Zacharia
2766 4018 3029 4082 scriptum
3056 4025 3138 4068 est
3163 4013 3348 4085 (Zach.
3397 4013 3475 4082 ν).

1878 4107 2118 4176 Aigyptii
2153 4117 2334 4160 autem
2386 4123 2494 4160 non
2543 4107 2798 4175 quoniam
2827 4110 3014 4175 gravia
3051 4106 3326 4160 habebant
3354 4121 3480 4160 cor-

1875 4215 2027 4270 pora,
2063 4199 2338 4254 submersi
2371 4209 2497 4254 sunt
2535 4201 2686 4270 quasi
2734 4201 3015 4269 plumbum
3049 4201 3100 4252 in
3134 4216 3271 4268 aqua
3309 4199 3477 4252 vehe-

1873 4295 2039 4348 menti
2072 4292 2266 4363 (Exod.
2300 4294 2414 4366 xv),
2445 4296 2538 4349 sed
2567 4295 2694 4364 quia
2730 4295 2929 4349 anima:
2979 4309 3170 4349 eorum
3202 4293 3269 4347 ad
3305 4294 3477 4347 talen-

1872 4399 1982 4444 tum
2009 4391 2211 4458 plumbi
2239 4403 2410 4458 super
2432 4389 2574 4458 quod
2606 4387 2838 4442 sedebat
2858 4388 3144 4456 iniquitas,
3166 4397 3475 4456 aggravata:

1869 4493 2028 4537 erant
2058 4500 2070 4534 :
2105 4490 2329 4552 propter
2357 4482 2498 4550 quod
2533 4482 2803 4536 submersi
2839 4490 2965 4535 sunt
2997 4492 3272 4550 tamquam
3297 4481 3474 4550 plum-

1870 4576 1996 4628 hum
2027 4577 2078 4629 in
2107 4589 2244 4646 aqua
2293 4576 2626 4630 vehementi.
2675 4574 2974 4629 Gravitudo
3023 4588 3156 4643 ergo
3200 4573 3410 4626 aurium
3441 4587 3472 4627 a

161 4663 313 4720 Beati
329 4668 523 4718 mundo
539 4667 1057 4739 corde,proeoqmid
1073 4679 1150 4724 est
1171 4690 1184 4725 :
1208 4671 1378 4736 Beati,
1399 4671 1766 4740 quimundum
1798 4679 1846 4739 ι)
1878 4679 2105 4740 peccato
2139 4673 2215 4734 lit,
2251 4680 2309 4725 et
2336 4670 2532 4725 levitas
2559 4684 2587 4722 a
2615 4669 2846 4736 jnstitia.
2874 4669 3010 4734 Quid
3033 4678 3118 4724 est
3142 4667 3285 4737 quod
3311 4666 3476 4721 faciat

162 4757 366 4814 habent
393 4759 688 4830 principale
715 4764 930 4818 animai.
975 4764 1277 4834 Principale
1318 4769 1625 4821 nominatur
1665 4781 1762 4836 pro

156 4853 345 4908 corde.
361 4855 403 4923 ι
416 4854 832 4926 131Quoniam
849 4858 1010 4929 igitur
1025 4861 1522 4928 principaleanimae
1539 4875 1764 4926 nostra),

159 4947 302 5015 quod
328 4962 450 5002 esse
472 4949 671 5004 dicitur
692 4952 742 5004 in
767 4952 932 5007 corde
955 4969 1240 5024 corporeo,
1265 4953 1379 5008 sive
1399 4954 1652 5009 mundum
1682 4966 1766 5010 est

159 5057 257 5098 cor
279 5052 528 5097 nostrum
552 5085 566 5108 ,
602 5044 716 5100 sive
748 5046 1083 5100 immundum
1121 5065 1132 5100 :
1163 5047 1500 5100 itmnundum
1541 5049 1758 5118 quidem

159 5135 377 5205 quando
392 5140 749 5207 cogitationes
769 5139 1016 5207 pessimae
1037 5139 1388 5209 egrediuntur
1404 5156 1467 5194 ex
1481 5155 1568 5206 eo,
1597 5141 1762 5195 homi-

158 5228 322 5293 cidia,
353 5228 640 5295 adulteria,
671 5230 834 5294 furta,
867 5229 1060 5284 falsum
1090 5232 1480 5298 testimonium,
1515 5231 1764 5302 blasphe-

160 5323 301 5375 miarz
338 5323 595 5374 mundqu
625 5334 806 5376 autem
831 5322 1044 5392 quando
1071 5315 1428 5392 cogitationes
1456 5334 1678 5391 sanctze,
1711 5334 1765 5380 et

161 5413 466 5468 intellectus
484 5413 671 5482 divini,
699 5428 748 5469 ct
777 5431 930 5470 utens
946 5427 1349 5488 purazpropter
1373 5421 1470 5471 hoc
1495 5417 1764 5474 arbitran-

159 5507 284 5561 tlum
305 5517 390 5561 est
413 5515 748 5562 attenuatum
776 5508 991 5577 quidem
1014 5524 1137 5566 esse
1161 5511 1387 5575 dictum,
1417 5520 1758 5567 attenuatum

158 5611 188 5650 a
216 5611 408 5654 sancto
438 5599 645 5669 Spiritu
673 5601 812 5671 ejus,
843 5602 933 5671 qui
963 5603 1201 5656 salvator
1232 5621 1246 5657 :
1278 5603 1633 5658 inet-assatum
1663 5621 1759 5658 alt-

158 5698 285 5755 tem,
315 5704 366 5746 ct
400 5691 758 5761 praefocalum
791 5708 820 5747 a
854 5694 1056 5748 malitia
1096 5697 1218 5762 ejus
1245 5737 1259 5759 ,
1292 5698 1382 5765 qui
1415 5707 1628 5766 peccat.
1668 5697 1756 5751 Di-

157 5785 298 5839 citur
328 5786 474 5840 enim
507 5785 576 5840 de
606 5798 795 5843 sancto
825 5788 1049 5858 Spiritu,
1082 5791 1171 5858 qui
1205 5800 1286 5844 cst
1332 5791 1638 5846 secundum
1671 5806 1758 5844 sa-

167 5882 446 5950 pientiam,
486 5884 610 5955 quia
642 5884 714 5940 sit
743 5883 1096 5956 multifarius,
1129 5886 1317 5956 tenuis,
1354 5883 1553 5942 mobilis
1597 5884 1752 5965 (δίῳ.

1866 4762 2107 4817 auditum
2123 4777 2228 4817 non
2243 4763 2482 4833 graviter
2495 4761 2706 4825 audire,
2731 4761 2825 4816 sed
2845 4763 3034 4814 leviter
3049 4760 3072 4812 ?
3086 4757 3470 4823 Peim:rverbi,

1865 4874 2056 4929 pennae
2083 4857 2318 4912 virtutis.
2347 4858 2560 4912 Etenim
2596 4871 2790 4926 penum
2819 4856 2962 4910 verbi
2980 4855 3208 4908 multum
3237 4854 3476 4908 levitatis

1865 4952 2132 5007 afferunt:
2158 4953 2285 5020 Quis
2314 4952 2456 5005 dabit
2477 4953 2606 5006 mihi
2628 4967 2821 5022 pennas
2847 4952 2977 5004 sicut
3003 4950 3274 5015 columbae,
3306 4959 3353 5004 et
3383 4967 3436 5003 re
3455 4981 3468 4992 -

1863 5043 2309 5117 quiescam(Psal.
2336 5045 2470 5116 Liv)?
2491 5045 2604 5099 lloc
2624 5045 2756 5098 dicit
2780 5043 3079 5112 Prophetes
3104 5057 3210 5098 non
3233 5057 3396 5098 orans
3415 5052 3474 5097 ut

1862 5141 2169 5209 corporalis
2203 5154 2410 5210 pennas
2435 5139 2668 5208 accipiat
2689 5138 2977 5203 columbae,
3011 5138 3108 5194 Sed
3141 5155 3352 5208 pennas
3377 5155 3470 5193 co-

1865 5234 2064 5289 Inmbze
2095 5235 2338 5304 Spiritus
2370 5234 2568 5286 sancti.
2593 5231 2735 5286 Dicit
2762 5244 2947 5286 autem
2985 5248 3174 5288 rursus
3205 5232 3466 5287 Salomon

1865 5329 1932 5383 dc
1953 5328 2122 5383 divite
2159 5326 2503 5396 :Compouet
2549 5339 2731 5381 autem
2785 5327 2888 5379 sibi
2942 5341 3144 5395 pennas
3191 5326 3466 5396 quomodo

1864 5423 2066 5491 aquila,
2097 5432 2151 5476 et
2177 5421 2517 5476 convertitur
2548 5421 2600 5474 in
2630 5420 2795 5473 domo
2827 5419 2944 5487 ejus
2989 5420 3080 5488 qui
3117 5423 3315 5487 prmest
3360 5417 3460 5470 illi.

1865 5515 1920 5570 Si
1973 5516 2310 5584 accipiamus
2363 5515 2532 5584 igitur
2600 5525 2852 5581 pennas,
2917 5509 3116 5564 leviter
3179 5509 3465 5564 audiemus

1866 5608 2050 5680 (Prov.
2087 5608 2265 5679 χχιιι).
2297 5607 2352 5664 Si
2385 5615 2566 5661 autem
2594 5603 3023 5676 peccaverimus,
3047 5612 3101 5658 et
3124 5604 3465 5674 negligentes

1865 5699 2132 5757 fuerimus
2173 5703 2320 5757 circa
2365 5701 2502 5764 alas,
2535 5709 2588 5755 et
2623 5697 2955 5755 deiluxerint
3001 5713 3194 5768 penna:
3237 5706 3466 5764 nostrze,

1864 5797 2253 5867 gravabimur,
2304 5805 2360 5851 et
2401 5795 2641 5867 graviter
2687 5795 2992 5850 audiemus.
3047 5794 3283 5850 Auribus
3331 5809 3464 5863 ergo

1887 5893 2003 5970 suis
2034 5901 2349 5968 peccatores
2377 5892 2620 5963 graviter
2647 5893 2953 5957 audierunt.
2999 5892 3203 5973 inanes
3246 5889 3465 5963 quidem
