3972 6314
532 309 639 367 927

1782 315 1841 371 S.
1881 312 2154 372 EUSEBII
2195 314 2580 373 IIIERONYMI

3712 329 3813 386 923

531 426 732 495 Judaei,
759 429 849 497 qui
877 437 1005 482 tunc
1023 427 1320 483 audierunt
1345 427 1710 498 Salvatorem,
1737 431 1979 502 graviter
2005 446 2129 488 eum
2157 433 2212 496 Α
2235 433 2465 502 Quando
2493 435 2900 506 convertimur,
2937 449 2993 495 et
3028 449 3186 495 sanat
3226 454 3329 496 nos
3375 440 3524 497 Deus
3546 483 3563 508 ,
3612 442 3814 498 mittens

528 519 844 586 audierunt,
862 518 986 575 ideo
1011 533 1116 575 non
1139 519 1508 576 crediderunt.
1538 521 1723 593 Usque
1756 521 1920 578 hodie
1948 530 2132 578 autem

532 619 800 682 quotquot
827 610 1116 667 audientes
1145 610 1460 682 Scripturas
1481 655 1496 680 ,
1528 629 1637 669 non
1666 613 1894 670 audiunt
1923 629 2140 671 sermo-

537 718 662 759 nem
693 704 1034 775 spiritaliter,
1067 707 1156 776 qui
1188 706 1326 763 levis
1345 718 1449 772 est,
1482 709 1577 764 sed
1599 709 1860 779 litteram,
1903 726 2024 781 qua:
2053 722 2136 768 est

529 797 714 868 gravis
742 809 792 853 et
819 799 1099 865 occidens,
1120 799 1362 871 graviter
1382 801 1632 857 audiunt.
1659 804 1833 874 Atque
1865 805 1937 859 ita
1959 802 2138 876 dupli-

507 890 666 953 ,citer
692 891 908 947 auditur
933 891 1232 963 Scriptura.
1276 894 1360 949 Ah
1389 909 1454 950 eo
1480 895 1575 965 qui
1600 909 1707 952 non
1742 896 1998 968 intelligit
2018 913 2138 968 quae

534 982 810 1052 dicuntur,
844 987 1080 1058 graviter
1101 987 1322 1043 auditur
1347 1006 1362 1047 :
1393 989 1462 1044 ab
1483 1005 1549 1045 eo
1581 1006 1738 1058 vero,
1764 991 1856 1062 qui
1885 991 2139 1062 intelligit

532 1090 677 1144 eam,
727 1093 832 1133 non
888 1079 1063 1134 solum
1116 1081 1332 1136 auditur
1381 1097 1488 1137 non
1519 1083 1777 1153 graviter,
1829 1083 1924 1139 sed
1957 1085 2138 1155 potius

528 1180 711 1225 acute.
736 1169 891 1226 Unde
933 1181 989 1226 et
1031 1172 1124 1243 qui
1177 1172 1238 1226 fit
1285 1173 1618 1245 intelligens,
1651 1174 1712 1230 fit
1735 1173 1974 1232 auditor.

611 1265 728 1322 VII.
760 1266 856 1323 Est
882 1276 938 1321 et
965 1267 1112 1322 aliud
1143 1279 1326 1324 autem
1357 1269 1506 1340 quod
1542 1270 1898 1341 prophetatur
1929 1270 2000 1326 de
2043 1285 2139 1341 po-

547 1358 675 1428 pulo
721 1359 1056 1425 Judaeorum,
1086 1371 1140 1415 et
1172 1359 1242 1416 de
1271 1362 1525 1418 omnibus
1577 1363 1734 1419 nobis
1778 1362 1826 1418 si
1875 1378 2137 1434 peccave-

540 1455 714 1508 ritnus
743 1469 756 1506 :
790 1453 855 1507 Et
884 1454 1064 1509 oculos
1089 1471 1210 1509 suos
1239 1456 1572 1523 clauserunt,
1615 1458 1888 1526 nequando
1928 1457 2136 1512 rideant

537 1546 725 1612 oculis,
751 1557 797 1600 et
819 1547 1038 1602 auribus
1061 1548 1298 1614 audiant,
1332 1558 1381 1605 et
1412 1548 1567 1604 corde
1586 1550 1901 1620 intelligant.
1938 1550 2138 1605 Eorum

539 1641 630 1710 qui
658 1656 764 1696 non
797 1641 1006 1709 vident,
1039 1643 1260 1714 quidam
1292 1643 1423 1699 eieci
1447 1654 1595 1711 sunt,
1631 1654 1685 1700 et
1712 1653 1938 1714 promer
1983 1645 2141 1700 caeci-

541 1744 706 1789 tatem
741 1750 848 1791 non
873 1736 1056 1792 vident
1082 1755 1094 1790 :
1121 1735 1343 1807 quidatn
1375 1737 1428 1791 in
1461 1737 1702 1793 tenebris
1721 1748 1869 1803 sunt,
1894 1748 1951 1793 et
1976 1753 2139 1808 prop-

2239 528 2488 596 verbum,
2508 530 2652 600 quod
2679 541 2834 587 sanat
2858 547 2974 599 eos,
2997 533 3088 604 qui
3114 534 3310 590 volunt
3329 536 3516 590 curari
3543 535 3597 591 in
3618 534 3816 592 Christo

2239 621 2390 689 Jesu,
2423 623 2510 678 cui
2537 632 2623 678 est
2649 623 2824 694 gloria
2858 634 2915 681 et
2946 626 3238 697 imperium
3269 625 3323 682 in
3358 629 3564 684 smcula
3612 628 3816 686 sarculo-

2240 731 2382 774 rum.
2410 715 2605 772 Amen.

2764 809 3049 866 lIOMILIA
3078 809 3399 868 SEPTIMA.

2314 945 2394 1000 De
2418 962 2475 1000 eo
2495 947 2634 1018 quod
2660 947 2911 1019 scriptum
2933 959 3009 1003 est
3032 964 3050 1004 :
3079 948 3221 1005 Ecce
3241 964 3342 1022 ego
3372 959 3427 1006 et
3453 949 3630 1022 pueri,
3654 959 3750 1007 etc.

2889 1038 3019 1111 Cap.
3050 1039 3186 1096 VIII.

2320 1176 2530 1248 1133
2573 1175 2610 1230 I.
2657 1177 2737 1232 Da
2790 1178 3012 1250 sapienti
3069 1177 3411 1246 occasionem,
3468 1188 3514 1232 et
3558 1177 3818 1248 sapientior

2243 1271 2359 1338 erit,
2391 1272 2524 1327 dicit
2549 1287 2731 1328 sermo
2763 1273 2982 1328 divinus
3006 1271 3204 1345 (Prov.
3231 1289 3284 1327 ix
3303 1272 3345 1344 ).
3367 1271 3717 1328 Occasionem
3737 1286 3820 1326 au-

2246 1375 2354 1421 tem
2380 1378 2705 1436 acceperunt
2734 1366 3086 1422 sacratissimi
3117 1365 3366 1436 Apostoli
3395 1364 3463 1420 ad
3501 1364 3818 1420 intellectum

2247 1459 2689 1529 propheticorum
2713 1475 3050 1517 sermonum.
3077 1460 3310 1516 Oremus
3335 1459 3504 1515 Deum
3526 1469 3585 1513 ut
3605 1457 3820 1528 accipia-

2243 1567 2367 1608 mus
2393 1552 2718 1622 sapientiam
2762 1562 2817 1608 et
2863 1552 3137 1623 possimus
3185 1552 3303 1608 ﬁeri
3351 1550 3707 1622 sapientiores
3737 1566 3821 1620 per

2242 1646 2584 1702 occasionem
2619 1646 3005 1717 Apostolorum
3044 1647 3111 1702 ad
3139 1646 3444 1718 Prophetas
3463 1645 3816 1714 exponendas.

2245 1737 2540 1808 ApOstqus
2572 1738 2870 1795 recordans
2897 1738 3060 1810 hujus
3101 1738 3230 1794 dicti
3257 1757 3270 1794 :
3311 1737 3447 1793 Ecce
3467 1755 3562 1810 ego
3589 1749 3634 1793 et
3661 1739 3814 1810 pueri,

541 1839 688 1886 terea
713 1845 821 1885 non
853 1830 1405 1887 videntzaliiautem
1430 1847 1610 1903 neque
1637 1832 1690 1887 in
1717 1832 1958 1888 tenebris
1987 1841 2135 1901 sunt,
2173 1849 2217 1909 Β
2246 1846 2376 1900 quos
2431 1829 2570 1886 Deus
2611 1830 2752 1884 dedit
2793 1829 2944 1897 mihi,
2990 1829 3193 1886 deinde
3233 1829 3401 1885 infert
3454 1838 3511 1885 et
3549 1829 3817 1885 edisserit:

541 1939 719 1994 neque
747 1925 879 1979 caeci
910 1933 1053 1990 sunt,
1087 1925 1180 1980 sed
1209 1927 1336 1996 quia
1363 1924 1624 1980 claudunt
1655 1925 1845 1981 oculos
1866 1965 1880 1989 ,
1914 1940 2024 1980 non
2059 1924 2140 1980 vi-

539 2015 692 2071 dent.
729 2015 800 2071 Et
827 2017 931 2072 scit
953 2017 1050 2072 has
1072 2017 1432 2085 diti'erentias,
1453 2034 1575 2090 quae
1599 2018 1934 2089 principales
1955 2017 2139 2074 cordis

539 2109 714 2163 nostri
745 2117 892 2176 sunt,
932 2109 1212 2178 Scriptura
1241 2111 1448 2166 divina.
1498 2110 1638 2166 Dicit
1688 2113 1836 2167 enim
1887 2111 2140 2167 Salvator

541 2201 647 2270 his,
675 2202 766 2274 qui
797 2211 925 2257 sunt
950 2204 1002 2258 in
1031 2203 1290 2272 vinculis,
1319 2202 1476 2258 Exite
1501 2221 1519 2259 :
1542 2214 1597 2260 et
1624 2205 1731 2272 his,
1775 2206 1864 2276 qui
1906 2205 1961 2260 in
1989 2215 2141 2261 tene~

545 2293 657 2348 bris
691 2311 705 2350 :
738 2304 794 2348 ut
831 2296 904 2349 eis
944 2294 1220 2350 reveletur.
1255 2295 1324 2351 Et
1360 2296 1655 2351 sedentibus
1697 2299 1749 2352 in
1799 2299 2043 2371 regione,
2093 2309 2140 2352 ct

541 2389 726 2448 umbra
777 2391 958 2443 mortis
985 2431 1001 2456 ,
1047 2391 1141 2445 tua:
1185 2399 1302 2446 orta
1345 2401 1420 2446 est
1456 2392 1552 2447 eis.
1598 2392 1693 2448 Isti
1726 2408 1832 2449 non
1883 2392 2141 2449 viderunt

543 2481 687 2549 ideo,
718 2483 843 2554 quia
878 2483 1100 2540 fuerunt
1127 2486 1182 2540 in
1213 2484 1459 2542 tenebris
1483 2527 1498 2552 ,
1549 2485 1726 2543 donec
1775 2487 2016 2542 oriretur
2063 2486 2143 2543 eis

539 2575 870 2641 lux.Surdi,
900 2577 1123 2643 audite;
1164 2589 1220 2634 et
1255 2580 1415 2646 caeci,
1467 2580 1720 2651 aspicite.
1771 2581 1836 2635 Et
1880 2581 2001 2636 ideo
2053 2581 2140 2636 isti

544 2681 652 2720 non
683 2667 947 2724 viderunt
979 2679 1126 2736 ante,
1158 2671 1283 2740 quia
1318 2671 1644 2726 naturaliter
1673 2673 1803 2726 creci
1834 2681 2012 2726 erant.
2041 2671 2143 2740 Qui

544 2776 676 2815 vero
704 2762 913 2835 1133
945 2774 1107 2818 extra
1139 2764 1239 2818 ista
1288 2775 1446 2830 sunt,
1496 2766 1697 2835 quique
1746 2765 1813 2821 ad
1858 2782 2143 2838 compara-

543 2855 748 2910 tionem
802 2871 1072 2912 carcorum
1122 2867 1402 2914 eteorum
1453 2863 1543 2930 qui
1597 2861 1650 2914 in
1705 2861 1949 2918 tenebris
1992 2873 2139 2933 sunt,

549 2949 722 3004 multo
751 2951 971 3020 pejores
1002 2962 1130 3007 sunt
1160 2973 1173 3008 :
1211 2953 1246 3007 ii
1275 2963 1440 3018 sunt,
1489 2956 1578 3024 qui
1619 2953 1744 3009 ideo
1775 2971 1883 3009 non
1932 2955 2139 3018 vident,

543 3047 669 3113 quia
699 3044 884 3100 oculos
907 3058 1101 3115 sponte
1120 3049 1447 3102 clauserant.
1480 3047 1592 3102 [Ioc
1621 3058 1800 3102 autem
1824 3048 1896 3102 ita
1919 3063 2062 3119 esse,
2089 3060 2145 3103 ut

543 3136 899 3203 asseruimus,
929 3135 1180 3192 Salvator
1201 3138 1330 3192 mihi
1361 3138 1671 3194 testimonio
1692 3139 1796 3193 erit
1825 3138 2013 3195 dicens
2038 3157 2051 3194 :
2086 3141 2146 3195 Si

2249 1924 2386 1988 Quia
2407 1939 2528 1997 ergo
2554 1925 2700 1996 pueri
2723 1924 3226 1978 communicaverunt
3250 1924 3499 1995 sanguini
3519 1935 3565 1978 et
3593 1925 3749 1990 carni,
3779 1932 3819 1977 et

2246 2018 2358 2089 ipse
2387 2018 2620 2090 proxime
2650 2034 2738 2074 eos
2767 2019 2958 2088 factus,
3002 2017 3092 2089 qui
3125 2017 3511 2090 participantur
3541 2031 3708 2069 eorum
3731 2031 3749 2068 :
3770 2025 3815 2068 ut

2247 2125 2338 2180 per
2366 2119 2584 2164 mortem
2613 2109 2846 2164 destruat
2873 2125 3012 2176 eum,
3044 2109 3130 2178 qui
3157 2109 3437 2181 imperium
3467 2108 3614 2163 habet
3635 2114 3813 2172 mortis,

2250 2202 2355 2256 hoc
2375 2213 2479 2269 est,
2505 2203 2792 2268 Zabulum,
2823 2213 2870 2257 et
2890 2210 3038 2257 eruat
3061 2219 3147 2258 eos
3171 2203 3482 2274 quicumque
3506 2212 3641 2256 metu
3660 2203 3817 2255 mortis

2246 2295 2301 2349 in
2329 2297 2689 2367 sempiternam
2733 2296 2887 2349 vitam
2926 2296 2999 2350 rei
3040 2304 3184 2350 erant
3209 2295 3469 2350 seruitutis
3509 2293 3698 2364 (Hebr.
3735 2293 3814 2364 tt).

2251 2387 2417 2459 Igitur
2443 2389 2566 2459 quia
2603 2389 2754 2459 pueri
2791 2389 3088 2459 participes
3118 2387 3298 2444 effecti
3329 2396 3459 2443 sunt
3485 2387 3753 2458 sanguinis
3774 2392 3818 2441 et

2249 2484 2454 2550 carnis,
2487 2494 2538 2538 et
2568 2483 2822 2540 Salvator
2845 2494 3033 2539 noster
3057 2481 3482 2538 communicavit
3510 2484 3658 2538 carni
3679 2489 3819 2551 atque

2251 2577 2537 2648 sanguini;
2577 2577 2816 2632 alienum
2850 2577 2995 2633 enim
3020 2587 3138 2632 erat
3171 2593 3200 2630 a
3224 2585 3417 2631 natura
3465 2585 3520 2630 et
3561 2573 3819 2630 divinitate

2252 2673 2394 2742 ejus,
2420 2671 2746 2741 sanguinein
2791 2681 2847 2727 et
2876 2687 3101 2726 carnem
3129 2671 3455 2742 suscipere:
3481 2679 3698 2741 propter
3734 2683 3820 2722 nos

2250 2774 2437 2820 autem
2460 2778 2546 2830 ea,
2579 2779 2699 2832 qum
2728 2763 2832 2819 sibi
2856 2772 3016 2820 erant
3042 2764 3220 2818 aliena
3243 2764 3513 2834 suscepit,
3534 2771 3595 2818 ut
3623 2762 3820 2817 domes-

2256 2856 2392 2912 ticos
2422 2856 2521 2911 sibi
2552 2856 2778 2924 taceret,
2801 2857 2892 2927 qui
2918 2856 3194 2911 fueramus
3217 2855 3380 2912 alieni
3403 2871 3505 2927 per
3536 2864 3817 2926 peccatum.

2255 2951 2320 3005 Et
2360 2950 2579 3020 quidem
2612 2949 2912 3019 Apostolus
2953 2949 3034 3005 sic
3077 2949 3368 3022 exposuit,
3413 2947 3607 3005 dicens
3649 2967 3661 3002 :
3703 2946 3820 3014 Quia

2251 3061 2375 3117 ergo
2408 3046 2552 3110 pueri
2581 3046 3085 3101 communicaverunt
3115 3045 3363 3118 sanguini
3386 3056 3435 3101 et
3462 3046 3624 3112 carni,
3655 3054 3699 3097 et
3725 3044 3820 3114 ipse

2251 3141 2485 3211 proxime
2515 3155 2601 3194 eos
2627 3141 2795 3210 [actus
2824 3149 2919 3207 est,
2950 3139 3040 3210 qui
3071 3140 3450 3210 participantur
3492 3155 3687 3193 eorum.
3719 3136 3819 3203 Ego

544 3229 670 3281 circi
695 3229 892 3293 essetis,
928 3246 1031 3284 non
1061 3230 1320 3284 haberetis
1342 3240 1626 3299 peccatum.
1663 3229 1824 3284 Nunc
1860 3241 2032 3286 autem
2064 3231 2147 3284 (Ιί-
2173 3258 2220 3321 C
2252 3243 2434 3289 autem
2463 3234 2664 3300 dicam,
2696 3234 2949 3303 quoniam
2979 3233 3255 3303 quomodo
3285 3243 3339 3289 et
3363 3233 3514 3303 pueri
3547 3244 3820 3286 commmu-

543 3323 660 3376 citis
683 3324 804 3392 quia
828 3324 1083 3388 ridemus,
1109 3335 1378 3394 peccatum
1399 3336 1624 3379 vestrum
1640 3334 1814 3380 manet
1835 3325 2016 3396 (Joan.
2043 3326 2143 3397 ts).

549 3417 611 3471 Et
644 3417 782 3472 bene
812 3417 909 3486 ait,
945 3416 1128 3473 dicitis
1156 3419 1282 3486 quia
1312 3417 1562 3474 videmus
1590 3460 1604 3484 ,
1659 3434 1786 3474 vere
1825 3420 1972 3474 enim
2019 3420 2151 3477 dicit

543 3510 670 3581 quia
698 3511 941 3576 videant,
967 3519 1022 3566 et
1051 3510 1289 3567 habeant
1317 3511 1739 3581 possibilitatem
1772 3512 2020 3580 videndi,
2052 3513 2146 3568 sed

543 3602 864 3658 claudentes
896 3604 1110 3669 oculos,
1143 3618 1251 3659 non
1274 3603 1484 3660 vident.
1523 3604 1591 3659 Et
1621 3605 1668 3658 si
1697 3605 1916 3675 quando
1942 3605 2147 3660 videris

546 3697 887 3765 ingeniosam
921 3696 988 3750 ad
1014 3696 1430 3766 intelligendum
1455 3699 1716 3764 animam,
1745 3709 1801 3754 et
1824 3699 2073 3754 velocem
2094 3710 2149 3754 et

545 3788 809 3853 alacrem,
867 3802 972 3841 non
1015 3787 1371 3842 meditantem
1417 3788 1634 3858 eloquia
1682 3789 1818 3857 Dei,
1877 3804 2148 3861 cognosce

543 3883 670 3954 quia
698 3897 805 3937 non
837 3895 1062 3952 propter
1092 3882 1398 3937 caecitatem
1432 3899 1538 3936 non
1572 3881 1719 3938 videt
1745 3897 1838 3950 ea,
1867 3899 1989 3954 qua:
2019 3900 2149 3939 con-

541 3976 784 4030 tinentur
831 3977 883 4030 in
926 3974 1257 4044 Scripturis;
1293 3990 1397 4030 non
1431 3977 1501 4032 ob
1531 3976 1619 4043 id,
1651 3977 1778 4048 quia
1809 3977 1863 4032 in
1895 3978 2144 4034 tenebris

536 4067 628 4134 sit,
661 4067 754 4123 sed
780 4068 900 4137 quia
922 4067 1126 4122 claudit
1149 4068 1360 4123 oculos.
1392 4067 1448 4124 Si
1479 4084 1612 4139 ergo
1636 4068 1879 4124 audieris
1898 4070 2146 4140 Scriptu-

540 4174 660 4214 ram
694 4159 934 4215 divinam
965 4159 1238 4215 dicentem
1286 4162 1392 4227 his,
1445 4163 1537 4232 qui
1588 4162 1855 4220 claudunt
1901 4167 2140 4222 oculos:

537 4252 695 4320 aperi
727 4251 916 4307 oculos
949 4262 1094 4316 tuos,
1128 4262 1182 4307 et
1212 4263 1362 4308 recta
1393 4253 1538 4321 vide,
1569 4256 1722 4326 aperi
1749 4259 1942 4314 oculos
1979 4259 2049 4314 ab
2077 4275 2142 4314 eo

540 4343 684 4415 quod
715 4344 996 4400 clauseras
1025 4363 1037 4400 :
1077 4356 1205 4400 tunc
1248 4345 1456 4416 poteris
1490 4346 1679 4404 videre
1726 4359 1898 4417 recta,
1925 4362 1978 4405 et
2011 4365 2142 4406 cou-

542 4439 787 4494 siderarc
820 4440 1007 4496 lumen
1043 4439 1255 4513 1134
1275 4439 1546 4497 veritatis.
1579 4443 1645 4499 Et
1675 4445 2140 4518 accnsatquidem

539 4549 657 4600 eos,
686 4533 754 4588 de
782 4533 979 4603 quibus
1008 4537 1293 4604 queritur,
1326 4553 1424 4593 cur
1454 4539 1644 4593 oculos
1671 4538 1935 4594 claudant
1967 4556 2036 4596 ne
2062 4541 2144 4594 νί-

2253 3326 2571 3382 nicaverunt
2600 3328 2847 3398 sanguini
2889 3337 2945 3382 et
2984 3326 3161 3393 carni,
3203 3335 3260 3381 et
3307 3326 3426 3396 ipse
3476 3321 3681 3397 1135
3705 3335 3816 3391 pro-

2253 3422 2401 3478 xime
2435 3437 2530 3477 eos
2563 3419 2760 3490 factus,
2794 3422 2882 3492 qui
2915 3422 3312 3492 participantur
3343 3434 3532 3474 eorum
3569 3419 3677 3472 :sic
3704 3416 3814 3485 quia

2254 3515 2405 3585 pueri
2473 3529 2581 3569 non
2649 3524 2878 3584 possunt
2953 3512 3212 3568 fortiores
3285 3511 3474 3566 audire
3545 3522 3816 3568 sermones,

2250 3608 2451 3664 debent
2497 3607 2641 3663 enim
2675 3618 2732 3662 ut
2771 3608 2926 3678 pueri
2976 3605 3166 3662 audire
3219 3619 3505 3662 sermones
3545 3603 3653 3664 Dei.
3710 3616 3816 3670 pro-

2252 3713 2371 3774 pter
2417 3703 2520 3757 hoc
2564 3701 2738 3757 factus
2790 3703 2843 3755 in
2890 3699 3153 3770 sanguine
3207 3714 3502 3770 puerorum
3542 3709 3692 3751 causa
3728 3693 3808 3761 qui

2255 3796 2804 3850 communicaverunt
2833 3793 2983 3848 carni
3011 3805 3067 3848 et
3102 3791 3376 3862 sanguini,
3420 3789 3574 3860 quasi
3606 3784 3811 3858 parvulis

2252 3889 2502 3959 loquens,
2537 3887 2777 3958 loquitur
2805 3903 2910 3942 non
2933 3885 3114 3940 divina
3141 3895 3196 3941 et
3218 3884 3534 3950 ineliabilia,
3559 3882 3647 3938 sed
3686 3895 3809 3950 qua:-

2251 3997 2482 4052 cumque
2511 3995 2708 4052 capere
2742 3991 2968 4052 possunt
2992 3980 3218 4051 parvuli.
3247 3979 3463 4034 Parvuli
3508 3988 3679 4032 autem
3708 3989 3809 4027 Olli-

2251 4090 2349 4130 nes
2375 4074 2621 4130 homines
2651 4082 2796 4140 sunt,
2826 4074 2870 4128 si
2897 4088 2991 4128 eos
3014 4087 3302 4142 comparas
3331 4072 3399 4125 ad
3448 4067 3808 4141 perfectionem

2251 4171 2425 4238 verhi,
2463 4171 2588 4226 licet
2620 4170 2846 4241 Moysen
2895 4169 3163 4234 nomines,
3191 4167 3317 4221 licet
3338 4180 3507 4220 unum
3537 4161 3728 4218 dixeris
3753 4159 3808 4210 de

2251 4262 2570 4331 Prophetis;
2597 4263 2721 4317 licet
2741 4261 3031 4329 Joannem,
3061 4275 3168 4331 quo
3193 4259 3368 4329 major
3392 4258 3447 4314 in
3479 4258 3616 4312 natis
3645 4251 3811 4309 mulie-

2252 4370 2372 4410 rum
2409 4369 2570 4409 nemo
2603 4354 2701 4408 fuit
2733 4353 2969 4425 (Matth.
3002 4353 3122 4418 xi):
3162 4352 3292 4407 licet
3322 4350 3390 4406 ad
3421 4348 3701 4421 Apostolos
3734 4359 3809 4398 ve-

2253 4447 2373 4502 nias
2404 4465 2414 4500 :
2448 4447 2692 4514 Petrum,
2722 4447 2807 4501 cui
2833 4455 3006 4516 porta:
3036 4443 3198 4501 inferi
3223 4459 3331 4499 non
3357 4443 3685 4498 invalescent
3711 4434 3809 4490 :vel

2251 4538 2501 4606 Paulum,
2528 4539 2619 4610 qui
2652 4549 2838 4607 raptus
2865 4548 2951 4593 est
2980 4553 3150 4608 usque
3171 4537 3239 4590 ad
3268 4536 3488 4591 tertium
3524 4534 3734 4598 caelum,
3757 4537 3803 4581 et

536 4628 720 4683 deant.
755 4629 871 4684 Non
903 4642 1087 4684 autem
1119 4639 1170 4685 et
1204 4629 1305 4685 hoc
1351 4633 1508 4698 dicit,
1554 4634 1679 4702 quia
1729 4648 1836 4688 non
1886 4633 2138 4703 exucdiat
2173 4644 2224 4705 ι)
2251 4630 2462 4686 audivit
2497 4630 2788 4685 iudicihilia
2821 4631 2986 4686 verba
3029 4629 3114 4701 (Il
3143 4629 3264 4685 Cor.
3314 4627 3583 4698 xn):uon
3612 4621 3810 4696 deponis

540 4721 834 4789 aliquando
863 4731 919 4777 et
947 4721 1208 4778 claudere
1237 4724 1436 4780 animae
1465 4726 1678 4781 oculos.
1724 4725 1959 4797 Expedit
1988 4730 2134 4784 enim

539 4815 683 4869 sicut
711 4816 1064 4872 manifestum
1091 4815 1222 4872 fecit
1253 4818 1440 4885 Isaias,
1471 4820 1664 4876 dicens
1688 4820 1742 4876 in
1773 4821 1878 4885 his,
1907 4838 2029 4892 qua:
2061 4838 2142 4877 se-

538 4918 777 4974 quuntur
804 4926 817 4960 :
855 4909 984 4975 Quis
1013 4911 1677 4967 annuntiavituobislocum
1699 4922 1948 4967 (sternunt
1977 4912 2134 4984 (Isai.

537 5015 730 5064 “sui,
759 5001 901 5070 24)?
931 5003 1033 5069 Qui
1061 5004 1304 5060 ambulat
1328 5004 1647 5074 injustitia,
1674 5019 1730 5061 et
1761 5007 1999 5078 loquitur
2044 5025 2136 5063 ve-

538 5107 651 5147 r.nn
686 5093 850 5155 viain,
881 5104 936 5149 et
964 5107 1195 5164 rectam,
1226 5098 1488 5154 obturans
1512 5115 1695 5166 aures,
1722 5109 1780 5156 ut
1808 5116 1916 5157 non
1949 5102 2141 5158 audiat

532 5184 795 5254 judicium
827 5186 1131 5255 sanguinis,
1161 5199 1215 5243 et
1244 5189 1508 5246 claudens
1539 5193 1762 5259 oculos,
1814 5204 1868 5249 ut
1910 5209 2016 5248 non
2053 5196 2133 5250 vi.

537 5277 660 5333 deat
689 5278 1050 5348 iniquitatem.
1079 5280 1135 5337 Si
1164 5281 1408 5338 futurum
1439 5294 1541 5348 est,
1575 5294 1635 5339 ut
1663 5284 1915 5354 aperiens
1939 5287 2134 5343 oculos

540 5373 758 5435 animae.
792 5374 1034 5440 audiam,
1065 5386 1119 5430 et
1139 5377 1373 5431 sentiam
1409 5377 1760 5448 turpiloquia,
1806 5381 2003 5436 melius
2055 5390 2142 5437 est

539 5466 791 5522 claudere
805 5467 1048 5533 auditus,
1079 5483 1241 5536 quam
1267 5467 1458 5523 audire
1481 5485 1603 5540 quae
1623 5481 1879 5526 noceant.
1909 5473 2141 5539 Quando

537 5575 669 5629 ergo
700 5558 993 5615 claudam?
1021 5559 1247 5628 Quando
1280 5561 1422 5616 mala
1456 5560 1735 5628 dicuntur,
1769 5573 1825 5618 ut
1850 5580 2028 5635 neque
2061 5565 2141 5619 in-

544 5651 784 5722 telligam
833 5665 919 5707 ea.
974 5650 1204 5719 Quando
1251 5651 1488 5709 videnda
1549 5661 1680 5710 sunt
1727 5653 1947 5727 eloquia
2006 5655 2141 5712 Dei?

2247 4738 2435 4778 eorum
2463 4722 2720 4793 gloriam,
2741 4723 2952 4790 dicens,
2977 4724 3101 4795 quia
3131 4733 3184 4778 et
3217 4723 3318 4794 ipsi
3351 4722 3404 4777 in
3431 4723 3516 4778 eis
3538 4737 3652 4791 qua:
3678 4717 3813 4774 intel-

2249 4819 2503 4872 lexerunt
2545 4819 2958 4888 comparatione
3001 4834 3218 4886 eorum,
3267 4833 3390 4886 qua:
3421 4832 3530 4872 non
3565 4815 3813 4872 intellexe-

2251 4920 2398 4974 runt,
2425 4911 2771 4978 parvulorum
2791 4910 3096 4979 disciplinis
3125 4909 3322 4966 eruditi
3345 4919 3498 4976 sunt,
3526 4925 3641 4979 qua:
3665 4907 3813 4960 homi—

2250 5002 2410 5059 nibus
2432 5000 2737 5058 traduntnr.
2764 5001 2902 5056 Dicit
2923 5016 3057 5070 ergo
3077 5001 3331 5056 Salvator
3351 5015 3462 5056 non
3487 5001 3555 5055 de
3578 5000 3679 5065 his,
3702 5010 3812 5068 quos

2248 5092 2448 5147 Paulus
2471 5093 2524 5148 in
2551 5091 2768 5149 Christo
2792 5094 3052 5164 parvulos
3076 5103 3377 5164 nuncupat,
3403 5104 3461 5148 et
3482 5094 3674 5150 asserit
3697 5092 3810 5144 lacte

2247 5187 2537 5253 putandos,
2582 5196 2638 5241 et
2667 5203 2773 5243 non
2803 5186 2929 5240 forti
2973 5186 3118 5249 cibo,
3167 5186 3264 5241 sed
3295 5185 3364 5241 de
3393 5187 3645 5242 omnibus
3675 5180 3808 5236 simul

2244 5277 2557 5334 hominibus
2583 5297 2595 5332 :
2627 5277 2760 5334 Ecce
2792 5295 2886 5352 ego
2916 5289 2963 5334 et
2992 5281 3196 5351 parvuli
3228 5281 3344 5347 mei,
3383 5297 3514 5352 quos
3546 5278 3668 5333 mihi
3695 5275 3810 5330 dedit

2245 5370 2386 5427 Deus
2408 5371 2458 5444 (Ι
2479 5373 2601 5427 Cor.
2624 5377 2740 5444 ιιι).
2775 5373 2973 5429 Verum
2995 5374 3272 5446 quomodo
3297 5376 3348 5428 iu
3382 5376 3566 5444 pueris
3593 5373 3678 5429 alii
3707 5378 3810 5424 sunt

2246 5467 2368 5522 aliis
2407 5469 2668 5534 acriores,
2715 5479 2770 5523 et
2812 5483 2874 5523 ea
2908 5484 3028 5538 qua:
3069 5470 3148 5523 eis
3189 5477 3317 5523 sunt
3356 5468 3552 5523 tradita
3600 5464 3807 5521 velocius

2251 5573 2709 5635 consequuntur:
2749 5565 2846 5632 sic,
2893 5565 3130 5636 inquam,
3176 5573 3201 5602 α
3249 5564 3488 5619 similem
3546 5559 3808 5634 ingeniosis

2249 5661 2434 5730 pueris
2468 5660 2680 5734 1135
2707 5657 2913 5716 factum
2941 5659 3184 5731 Moysen,
3220 5669 3276 5716 et
3304 5657 3624 5730 Prophetas,
3655 5652 3738 5710 sed
3765 5661 3809 5706 et

618 5822 642 5862 Α
688 5827 885 5883 Deerat
916 5831 969 5886 in
1013 5831 1340 5903 praecedenti
1371 5828 1610 5896 editione
1642 5824 1746 5893 vos
1775 5839 2021 5905 similem,
2055 5815 2452 5911 typotlietarum
2485 5844 2790 5903 oecitautia.
