3972 6344
130 287 238 344 929

595 286 1036 349 TRANSLATIO
1074 288 1514 349 IIOMILHRUM
1553 287 1878 348 ORIGENIS
1917 288 1985 345 IN
2031 287 2340 348 VISIONES
2379 288 2607 348 ISAUE.
2651 289 2817 350 "0M.
2864 293 2979 352 Vll.

3330 296 3437 352 950

131 404 346 460 Domini
397 405 567 460 nostri
622 406 748 462 Jesu
825 406 1026 463 Christi
1076 408 1392 478 Apostolos.
1439 407 1729 478 Propterea
1764 406 1813 468 Α
1838 405 1955 460 sive
1982 415 2252 461 sacratam
2283 406 2820 478 contemplationem,
2852 406 3182 473 respondete
3205 407 3285 465 eis
3311 424 3432 480 qua:
3467 433 3470 440 -

129 501 432 556 sentientes
461 502 808 570 semetipsos,
844 503 934 572 qui
966 502 1178 557 etiamsi
1213 501 1564 571 profecerint,
1591 517 1721 570 pue-

130 607 316 647 rorum
353 591 682 657 profecerim
721 592 990 664 profectu,
1025 593 1318 650 dixerunt:
1348 591 1432 648 Ea:
1463 603 1610 665 parte
1639 609 1728 646 co—

132 688 450 758 gnoscimus,
487 698 538 743 et
577 704 640 742 ea:
677 696 826 755 parte
860 687 1232 759 prophetamus
1271 687 1316 757 (Ι
1336 685 1458 742 Cor.
1487 686 1593 757 ιιι).
1621 685 1734 743 Nec

132 779 280 833 enim
302 777 481 833 adhuc
497 778 745 833 veritatis
767 778 1004 849 negotia,
1022 777 1117 834 sed
1143 777 1364 832 umbras
1387 779 1730 848 negetiorum

136 871 580 941 conspiciebant;
597 886 697 926 nec
722 870 938 942 plenam
957 871 1155 937 lucem,
1171 870 1266 926 sed
1286 871 1575 924 obscuram
1595 870 1700 924 ima
1714 900 1733 911 -

136 964 339 1034 ginem.
368 961 606 1034 Ideoque
627 962 970 1033 repetebant,
1004 961 1252 1019 dicentes
1279 981 1290 1016 :
1333 961 1571 1016 Videmus
1601 978 1734 1016 nunc

137 1074 228 1128 per
253 1056 539 1130 speculum,
581 1067 629 1111 et
676 1058 729 1112 in
779 1059 1075 1128 wnigmate,
1125 1066 1248 1112 tunc
1273 1066 1448 1112 autem
1491 1057 1623 1126 facie
1666 1057 1734 1110 ad

138 1151 322 1219 faciem
345 1151 388 1221 (Ι
400 1148 517 1205 Cor.
537 1151 682 1222 xm).
704 1151 838 1218 Quis
852 1166 982 1222 ergo
1004 1151 1120 1207 hate
1143 1151 1328 1222 legens
1355 1161 1409 1206 et
1430 1150 1738 1221 intelligens

138 1242 438 1311 inﬂabitur,
489 1251 548 1300 et
585 1244 829 1315 erigetur
874 1258 1039 1312 super
1069 1243 1382 1313 scientiam,
1428 1260 1525 1300 seu
1573 1258 1738 1316 super

139 1335 526 1406 quodcumque
545 1335 860 1392 donorum?
889 1336 1102 1392 Etenim
1131 1345 1348 1400 cuncta,
1372 1353 1497 1406 quae
1521 1335 1586 1391 ad
1608 1352 1740 1408 pue-

140 1446 232 1485 ros
263 1430 627 1498 devenerunt,
660 1430 836 1485 multo
893 1428 1161 1486 inferiora
1192 1439 1319 1485 sunt
1359 1429 1466 1491 his,
1496 1446 1618 1502 quae
1652 1445 1742 1487 re—

139 1523 321 1592 posita
342 1529 472 1577 sunt
500 1521 657 1577 viris.
688 1522 893 1577 Debent
926 1537 1057 1593 ergo
1085 1535 1192 1577 non
1216 1522 1423 1578 elevari
1469 1532 1526 1577 ct
1553 1512 1760 1592 super.

140 1614 260 1670 bire
292 1615 351 1682 ii,
382 1613 472 1685 qui
507 1613 764 1674 videntur,
803 1615 944 1669 inter
985 1630 1184 1686 pueros
1216 1614 1445 1670 acrioris
1503 1613 1732 1684 ingenii,

141 1715 197 1760 et
226 1705 542 1761 velocioris.
576 1705 714 1760 Istos
745 1715 922 1760 autem
955 1721 1156 1776 pueros
1187 1705 1436 1760 homines
1465 1704 1595 1760 dicit
1624 1720 1741 1759 om-

1833 498 1955 553 dico
1989 517 2001 554 :
2031 499 2163 568 Qum
2193 509 2342 565 sunt,
2375 517 2497 573 quae
2519 516 2613 556 eos
2643 502 2840 557 docet?
2874 503 2929 557 tn
2959 502 3317 572 sequentibus
3341 503 3432 557 di.

1833 592 1928 646 cit.
1963 592 2027 647 Et
2056 601 2182 648 sunt
2218 592 2464 664 quidam,
2496 595 2587 664 qui
2623 599 2850 651 mittunt
2882 611 2998 661 vos,
3037 596 3213 666 magis
3245 606 3432 653 autem

1834 683 2284 753 catechumenos,
2306 696 2567 756 quantum
2593 687 2645 742 in
2671 687 2806 758 ipsis
2832 697 2917 743 est
2939 687 3004 742 ad
3027 688 3430 760 ventriloquos.

1836 773 1937 842 Qui
1968 774 2110 829 enim
2141 777 2330 831 volunt
2371 792 2472 832 vos
2513 779 2593 834 ire
2620 779 2686 834 ad
2722 779 2887 849 idola,
2933 780 3001 835 de
3051 783 3250 852 quibus
3292 783 3432 838 seri-

1837 876 1988 938 ptum
2038 877 2159 925 est:
2196 869 2261 923 Et
2307 887 2480 925 omnes
2528 871 2602 924 dii
2648 874 2879 945 gentium
2909 873 3202 942 dremonia,
3238 875 3429 930 volunt

1837 974 1941 1014 vos
1980 960 2060 1016 ire
2089 975 2197 1016 non
2225 962 2400 1017 solum
2432 963 2497 1016 ad
2529 966 2922 1036 ventriloquos,
2971 966 3068 1021 sed
3103 965 3168 1020 ad
3209 980 3429 1022 omnem

1838 1055 2078 1125 speciem
2119 1055 2449 1110 daamonum.
2481 1057 2874 1114 Verumtamen
2906 1059 3051 1115 Deus
3089 1069 3294 1126 noster,
3329 1061 3427 1131 qui

1838 1149 1894 1204 in
1925 1149 2067 1205 coelo
2098 1160 2154 1206 et
2186 1149 2242 1205 in
2276 1159 2418 1204 terra
2451 1149 2704 1204 universa
2736 1151 2881 1217 facit,
2913 1151 3111 1206 evellat
3137 1167 3235 1208 nos
3263 1167 3292 1206 a
3322 1152 3433 1208 da:-

1842 1243 2116 1310 monibus,
2151 1251 2206 1299 et
2236 1243 2531 1298 familiares
2575 1242 2680 1298 sibi
2737 1244 2902 1298 faciat
2955 1260 3051 1314 per
3078 1245 3431 1302 Salvatorem

1843 1347 2085 1392 nostrum
2107 1335 2291 1393 Jesum
2320 1336 2622 1392 Christum.
2656 1335 2849 1392 Videte
2867 1352 2998 1407 ergo
3025 1339 3314 1408 nequando
3339 1339 3433 1394 dc-

1843 1428 2074 1495 cipiatur
2103 1428 2336 1499 alicujus
2357 1443 2425 1483 ex
2458 1427 2614 1482 vobis
2644 1426 2850 1494 anima,
2883 1437 2938 1482 ut
2967 1428 3146 1485 adhuc
3177 1430 3436 1500 ambigat,

1843 1533 1900 1582 et
1927 1524 2162 1589 dubitet,
2194 1539 2315 1578 cum
2348 1522 2582 1578 audierit
2629 1521 2804 1591 illum,
2847 1530 2906 1579 et
2938 1523 3089 1578 illum
3125 1523 3438 1579 hominem:

1846 1617 1904 1672 In
1938 1617 2028 1671 illo
2056 1626 2081 1653 ει
2113 1616 2262 1671 idolo
2295 1616 2509 1671 daemon
2539 1616 2755 1670 curavit
2800 1616 2953 1671 illum
2987 1615 3344 1686 languorem:
3373 1615 3443 1670 il-

1847 1707 1938 1763 lud
1970 1716 2024 1764 ct
2052 1708 2181 1763 illud
2215 1706 2500 1763 divinavit.
2531 1707 2636 1762 lsta
2672 1710 2855 1763 omnia
2890 1709 3037 1764 idola
3076 1717 3207 1763 sunt
3235 1708 3444 1764 daemo-

147 1814 268 1863 nes,
293 1811 504 1870 quoset
532 1797 784 1854 Salvator
805 1797 1218 1854 demonstrabat
1248 1816 1260 1851 :
1288 1797 1444 1864 Ecce,
1475 1799 1734 1870 inquiens,
1767 1801 1817 1861 B
1845 1817 1994 1866 num,
2037 1810 2092 1857 et
2133 1801 2418 1856 hominum
2469 1817 2575 1856 non
2624 1803 3074 1870 COgnoscentium
3127 1801 3442 1856 veritatem.

144 1909 261 1967 ego,
287 1903 334 1947 et
365 1891 512 1963 pueri
540 1892 643 1947 mei
671 1909 798 1961 quos
830 1892 956 1946 mihi
988 1892 1128 1946 dedit
1159 1891 1316 1947 Deus.
1353 1893 1560 1948 Donum
1582 1908 1738 1948 acce-

146 1985 218 2056 pit
255 1995 312 2041 et
343 1985 595 2041 Salvator
625 2000 655 2039 a
688 1986 818 2041 Deo.
855 1985 1026 2041 Nemo
1051 1985 1196 2041 enim
1227 1987 1379 2041 venit
1408 1986 1475 2042 ad
1506 2003 1649 2051 eum,
1697 1989 1743 2043 si

148 2096 256 2135 non
287 2079 379 2152 qui
410 2079 559 2136 misit
587 2096 733 2146 eum,
765 2081 1052 2136 attraxerit
1095 2081 1412 2137 venientem
1449 2081 1516 2137 ad
1554 2081 1744 2138 Salva-

148 2181 348 2239 torem,
380 2171 523 2227 sicut
552 2173 605 2227 in
630 2172 944 2244 Evangelio,
976 2173 1119 2244 quod
1150 2174 1448 2230 secundum
1477 2173 1744 2230 Joannem

145 2275 230 2321 est
281 2263 592 2320 didicimus.
629 2264 696 2320 Et
726 2264 984 2334 quoniam
1034 2265 1248 2336 accepit
1277 2266 1479 2321 donum
1513 2283 1542 2322 a
1583 2267 1746 2323 Patre

146 2372 262 2421 eos,
285 2359 376 2428 qui
395 2357 643 2425 credunt,
660 2357 863 2414 idcirco
893 2357 1160 2429 Propheta
1181 2360 1249 2416 de
1269 2360 1346 2415 eis
1372 2360 1449 2415 ait
1473 2377 1486 2416 :
1509 2360 1642 2415 Ecce
1654 2377 1746 2432 ego

147 2463 194 2507 et
209 2454 386 2525 pueri,
402 2470 530 2525 quos
555 2452 677 2507 mihi
699 2454 838 2508 dedit
855 2452 1010 2508 Deus.
1032 2452 1141 2510 Nec
1162 2454 1428 2526 putandus
1443 2464 1525 2512 est
1541 2470 1644 2511 non
1661 2454 1750 2510 ha-

149 2545 335 2602 buisse
353 2545 442 2616 qui
462 2545 691 2616 accepit,
708 2561 830 2599 cum
861 2545 1035 2601 adhuc
1055 2546 1250 2601 habeat
1271 2546 1387 2616 ipse
1403 2547 1493 2618 qui
1516 2547 1745 2604 dederit.

220 2641 289 2696 ll.
336 2640 544 2697 Deinde
571 2641 624 2696 in
653 2640 880 2710 reliquis
910 2641 1202 2713 prophetat
1232 2641 1482 2697 Salvator
1524 2642 1580 2697 in
1609 2641 1746 2698 Pro-

151 2736 320 2808 pheta
350 2735 540 2792 dicens
569 2735 810 2791 futurum
835 2749 960 2791 esse
991 2747 1049 2790 ut
1075 2751 1198 2789 cum
1216 2736 1497 2805 acceperit
1524 2750 1748 2807 pueros,

149 2827 307 2898 signa
335 2835 393 2882 et
436 2825 684 2897 prodigia
713 2826 842 2882 fiant
879 2827 932 2881 in
975 2826 1163 2881 Israel.
1208 2826 1378 2882 liabet
1406 2838 1590 2882 autem
1625 2828 1700 2882 ita
1733 2845 1747 2882 :

150 2921 220 2976 Et
263 2931 415 2977 erunt
457 2924 606 2997 signa
637 2932 682 2977 et
716 2922 958 2996 prodigia
1000 2923 1054 2976 in
1095 2920 1265 2978 Israel
1295 2940 1328 2975 a
1373 2920 1600 2978 Domino
1649 2923 1751 2978 Sa-

153 3013 334 3080 baoth,
367 3015 455 3082 qui
482 3012 682 3068 habitat
713 3015 766 3069 in
794 3020 966 3068 monte
1007 3013 1161 3070 Sion.
1196 3014 1298 3083 Qui
1351 3014 1498 3071 enim
1542 3014 1755 3070 habitat

153 3107 208 3162 in
233 3105 631 3178 speculatorio,
659 3115 717 3162 et
747 3109 802 3162 in
829 3107 978 3163 omni
1007 3107 1190 3162 anima
1220 3117 1400 3178 potest
1427 3109 1752 3180 conspicere

151 3201 470 3268 veritatem,
505 3201 611 3256 iste
642 3200 774 3257 facit
809 3201 964 3273 signa
994 3211 1050 3257 et
1081 3203 1325 3274 prodigia
1371 3218 1472 3274 per
1501 3203 1753 3259 Salvato-
1780 3183 1824 3246 C

152 3309 300 3358 rem,
317 3304 511 3364 etpost
532 3294 873 3351 Salvatorem
897 3311 994 3366 per
1013 3296 1327 3366 Apostolus,
1352 3307 1405 3352 et
1425 3296 1756 3368 ubicumque

152 3384 434 3440 invenitur
449 3385 629 3441 anima
647 3395 771 3457 apta
788 3387 1095 3444 ministerio
1116 3388 1401 3460 signorum
1417 3399 1470 3444 et
1483 3389 1758 3461 prodigio-

156 3494 281 3536 rum
330 3478 450 3543 Dei,
499 3480 616 3535 sive
657 3478 811 3551 juxta
868 3481 1170 3551 spiritalem
1216 3484 1584 3549 curationem,
1635 3483 1756 3538 sive

155 3573 506 3631 sensibiliter
535 3573 883 3630 exhortando
915 3589 1031 3640 eos,
1067 3580 1158 3647 qui
1197 3576 1425 3632 veniunt
1458 3576 1525 3630 ad
1571 3575 1754 3640 fidem,

159 3683 271 3723 non
305 3675 394 3722 est
425 3669 638 3724 otiosus
661 3667 826 3736 Deus,
860 3669 950 3738 qui
977 3678 1106 3724 tunc
1137 3669 1270 3724 fecit
1309 3669 1460 3741 signa
1494 3678 1548 3724 et
1577 3669 1760 3739 prodi-

157 3761 271 3831 gia,
306 3759 474 3814 etiam
508 3774 653 3815 nunc
683 3760 901 3830 operari
947 3776 1032 3816 ea.
1078 3761 1146 3814 Et
1186 3762 1230 3814 si
1261 3761 1487 3816 dixerint
1527 3763 1598 3814 ad
1626 3778 1713 3815 vos
1741 3777 1759 3817 :

163 3859 399 3928 Quwrite
427 3856 770 3929 ventriloquos
811 3867 857 3912 et
900 3875 986 3914 eos
1017 3859 1106 3931 qui
1136 3859 1201 3913 de
1221 3865 1359 3914 terra
1389 3859 1640 3924 clamant,
1673 3857 1760 3925 qui

159 3953 341 4007 inania
371 3950 672 4022 loquuntur,
714 3952 803 4022 qui
843 3951 907 4004 de
933 3960 1106 4005 ventre
1145 3950 1394 4017 clamant,
1443 3967 1544 4005 non
1588 3959 1762 4024 gentes

160 4046 228 4101 ad
262 4044 431 4101 Deum
457 4061 606 4099 suum
636 4045 925 4114 requirunt,
957 4044 1048 4114 qui
1078 4044 1357 4115 exquirunt
1387 4043 1448 4098 de
1479 4043 1763 4098 virentibus

165 4153 405 4198 mortuos
435 4139 580 4213 (Isa.
612 4155 728 4204 vm,
765 4136 884 4207 19).
919 4138 1200 4195 Attendite
1224 4138 1482 4208 quoniam
1522 4137 1757 4196 obscure

163 4237 309 4293 dicta
340 4241 496 4302 sunt,
527 4243 583 4290 et
612 4233 777 4289 debet
818 4247 1036 4300 sensus,
1095 4233 1206 4288 Deo
1236 4231 1357 4304 ipso
1390 4231 1656 4302 largiente
1697 4241 1754 4287 et

161 4327 466 4395 revelante,
505 4327 787 4382 cohaerere
827 4324 1227 4396 superioribus.
1281 4325 1448 4382 Docet
1476 4340 1610 4397 ergo
1641 4338 1760 4392 nos,

165 4431 228 4479 ut
256 4437 368 4477 non
396 4421 568 4476 simus
597 4419 826 4474 aliorum
853 4431 1170 4474 sermonum
1201 4414 1481 4488 discipuli,
1513 4416 1616 4471 nisi
1650 4430 1764 4471 cce-

164 4517 390 4575 lestium
438 4523 494 4572 et
539 4516 831 4571 bonorum.
891 4513 1033 4569 Sunt
1088 4512 1234 4567 enim
1276 4510 1494 4582 quidam
1551 4508 1766 4581 1136

1846 1894 2139 1950 Ascendite
2168 1894 2351 1950 animo
2375 1894 2441 1950 ad
2471 1894 2668 1961 Deum,
2697 1895 2786 1965 qui
2819 1903 2906 1950 est
2927 1895 3169 1949 omnium
3199 1903 3440 1963 creator,

1845 1997 1899 2042 et
1919 1998 2236 2058 (tortiparate
2259 1988 2514 2059 pietatem
2543 1989 2702 2042 istam
2731 1990 2900 2052 omni,
2925 2003 3047 2059 qua:
3077 1987 3439 2044 annuntiatur

1847 2095 1969 2136 esse
2003 2081 2196 2150 pictas,
2235 2097 2333 2136 nec
2361 2089 2444 2136 est
2467 2081 2661 2151 pietas,
2688 2089 2744 2136 et
2771 2079 2977 2145 videte,
3010 2083 3136 2152 quia
3166 2097 3266 2137 vos
3297 2082 3443 2140 beati

1847 2174 2000 2229 estis.
2050 2173 2182 2240 Quis
2211 2174 2356 2228 enim
2403 2174 2602 2230 similis
2635 2173 2757 2241 tibi,
2790 2175 2990 2244 popule
3026 2175 3237 2232 salvate
3267 2190 3297 2229 a
3329 2176 3441 2231 Do-

1849 2264 2033 2320 mino?
2081 2265 2147 2318 Et
2187 2266 2337 2320 beata
2365 2284 2486 2338 gens
2517 2268 2668 2337 cujus
2713 2265 2968 2322 Dominus
3000 2266 3141 2323 Deus
3177 2270 3313 2340 ejus,
3346 2285 3446 2338 po-

1849 2367 2003 2436 pulus
2031 2381 2183 2437 quem
2212 2365 2364 2437 elegit
2395 2367 2449 2420 in
2479 2365 2850 2420 habitationem
2883 2365 2980 2419 sibi
3009 2363 3196 2439 (Psal.
3225 2368 3444 2434 cxuv).

1850 2458 2014 2514 Beata
2055 2458 2258 2529 quippe
2315 2472 2453 2527 gens
2491 2456 2596 2512 fuit
2633 2456 2907 2528 quondam
2963 2456 3307 2523 Judmorum,
3349 2457 3444 2514 sed

1850 2552 2090 2625 perdidit
2112 2553 2526 2617 beatitudinem,
2547 2559 2604 2609 et
2622 2553 2795 2622 ejecta
2823 2562 2904 2609 est
2929 2552 2998 2608 de
3021 2554 3140 2608 loco
3169 2568 3288 2618 suo,
3319 2553 3448 2624 quia

1853 2662 1998 2712 eum,
2042 2646 2132 2716 qui
2164 2647 2363 2702 missus
2393 2653 2502 2711 est,
2535 2655 2589 2700 et
2611 2645 2988 2700 testimonium
3023 2643 3212 2701 habuit
3253 2647 3450 2717 patris,

1853 2755 1960 2796 non
2002 2741 2177 2796 solum
2212 2756 2312 2812 per
2342 2740 2566 2811 Legem,
2619 2749 2674 2794 et
2719 2738 3048 2811 Prophetas,
3083 2755 3272 2795 verum
3305 2750 3360 2797 et
3395 2741 3449 2797 in

1853 2835 2046 2906 signis,
2094 2843 2150 2890 et
2195 2832 2479 2904 prodigiis,
2523 2831 2789 2886 insidians
2833 2831 3126 2888 interfecit.
3159 2831 3454 2889 Beatitudo

1855 2939 1984 2994 ergo
2032 2922 2443 2994 transmigravit
2489 2920 2557 2976 ad
2589 2935 2691 2976 nos
2719 2919 2852 2976 Jesu
2879 2920 3084 2977 Christi
3115 2920 3440 2992 discipulos,

1856 3027 1911 3075 et
1931 3019 2206 3074 credimus
2238 3019 2291 3072 in
2320 3031 2387 3072 eo
2410 3018 2738 3071 inconcusse
2767 3024 2823 3070 et
2853 3016 3008 3072 llrme
3031 3015 3450 3085 viventesjuxta

1859 3111 1962 3165 hoc
1989 3109 2132 3180 quod
2163 3108 2309 3164 docti
2340 3123 2549 3163 sumus.

1931 3202 2017 3258 Ill.
2062 3201 2127 3256 Et
2157 3203 2200 3256 si
2225 3200 2449 3255 dixerint
2477 3200 2546 3253 ad
2581 3215 2667 3254 vos
2693 3216 2712 3254 :
2737 3199 2968 3268 Quwrite
3011 3201 3364 3272 eenlriloquos
3407 3207 3455 3255 et

1856 3313 1942 3352 eos
1971 3295 2058 3367 qui
2093 3295 2156 3349 de
2187 3304 2324 3349 terra
2355 3295 2586 3347 clamant
2615 3291 2812 3364 (Joan.
2845 3309 2884 3360 ι,
2923 3292 3052 3364 16).
3093 3293 3230 3362 Quia
3267 3293 3454 3350 inania

1858 3391 2176 3460 loquuntur,
2211 3386 2540 3456 vaniloquos
2571 3385 2894 3440 nominavit.
2923 3384 3113 3440 Omnis
3145 3401 3330 3440 sermo
3364 3385 3456 3456 qui

1858 3481 2076 3548 dicitur,
2111 3487 2204 3534 aut
2233 3493 2440 3533 vacuus
2461 3485 2567 3544 est,
2597 3484 2690 3531 aut
2721 3475 2915 3547 plenus
2947 3476 3201 3533 veritate.
3238 3475 3456 3531 Vacuus

1858 3583 1942 3629 est
1972 3586 2157 3628 sermo
2185 3570 2364 3626 omnis
2391 3569 2481 3640 qui
2515 3568 2746 3623 mendax
2777 3578 2881 3624 est.
2918 3568 3118 3624 Plenus
3139 3568 3349 3640 1137
3372 3576 3459 3624 est

1860 3676 2040 3722 autem
2074 3666 2334 3732 veritate,
2367 3664 2457 3734 qui
2492 3662 2660 3718 habet
2689 3662 2979 3717 scientiam
3017 3661 3115 3717 Dei
3166 3664 3461 3717 universo-

1860 3753 2001 3829 rum,
2030 3767 2087 3814 et
2115 3758 2279 3813 docet
2305 3765 2364 3811 ut
2383 3755 2673 3811 credamus
2694 3754 2809 3810 Deo
2842 3753 3127 3824 pollicenti
3160 3768 3326 3824 regna
3352 3768 3471 3811 (κως

1863 3853 2038 3908 lorum
2069 3851 2272 3907 sanctis
2299 3849 2432 3904 suis.
2484 3847 2622 3904 Vide
2652 3863 2783 3918 ergo
2811 3847 2942 3918 quid
2973 3846 3182 3914 dicant,
3228 3845 3321 3918 qui
3353 3862 3458 3903 non

1860 3945 2086 4001 fuerunt
2115 3941 2414 4012 vaniloqui,
2449 3955 2626 4010 neque
2671 3940 2831 3995 vacui
2888 3955 3148 4010 umquam
3187 3953 3463 4010 apparue-

1863 4047 1992 4096 runt
2020 4040 2072 4094 in
2102 4046 2402 4108 conspectu
2459 4033 2701 4089 Domini.
2733 4032 2845 4087 Nos
2893 4047 3088 4088 omnes
3119 4047 3188 4088 ex
3224 4032 3463 4102 plenitu-

1864 4134 1991 4190 dine
2029 4133 2146 4205 ejus
2187 4131 2502 4200 accepimus
2551 4127 2751 4198 (Joan.
2784 4142 2823 4190 ι.
2863 4127 2988 4199 16).
3024 4127 3128 4193 Qui
3179 4125 3454 4196 vaniloqui

1865 4238 1993 4286 sunt
2025 4243 2132 4284 non
2165 4226 2368 4282 habent
2397 4224 2503 4280 hoc
2522 4238 2586 4278 ex
2624 4220 2986 4293 plenitudine,
3019 4219 3114 4276 sed
3152 4235 3348 4276 omnes
3379 4236 3463 4274 va-

1865 4323 1954 4378 cui
2002 4329 2128 4377 sunt
2181 4319 2437 4384 veritate,
2491 4316 2646 4371 vacui
2678 4325 2803 4371 sunt
2859 4314 3093 4380 virtute,
3147 4315 3303 4370 vacui
3333 4321 3464 4369 sunt

1867 4413 2106 4469 Christo.
2138 4411 2192 4468 Si
2230 4410 2468 4466 dixerint
2507 4407 2684 4474 vobis,
2726 4407 2944 4479 queerite
2989 4423 3076 4462 eos
3107 4407 3197 4477 qui
3234 4407 3296 4461 de
3327 4417 3466 4462 terra

1869 4506 2113 4572 clamant,
2136 4504 2222 4574 qui
2253 4502 2433 4557 inania
2459 4500 2761 4570 loquuntur,
2795 4501 2885 4572 qui
2920 4499 2984 4554 de
3018 4508 3188 4554 centre
3215 4499 3464 4554 clamant.

167 4609 536 4684 loquentium,
570 4618 626 4666 et
653 4607 1032 4678 pollicentium
1065 4567 1380 4660 doctrinam
1412 4567 1767 4672 verat-ri,-
1794 4567 1846 4627 Β
1871 4598 2008 4654 Volo
2038 4597 2224 4653 dicere
2254 4605 2309 4652 et
2343 4610 2589 4661 causam,
2638 4609 2809 4666 quare
2845 4593 2949 4650 hoc
2978 4595 3318 4665 potissimum
3350 4593 3466 4649 dac-

167 4723 281 4763 non
312 4706 608 4776 loquuntur
631 4701 903 4766 cmlestia,
927 4699 1022 4755 sed
1050 4707 1289 4754 terrena.
1311 4697 1416 4765 Qui
1432 4705 1508 4750 est
1527 4711 1591 4750 ea:
1613 4704 1768 4760 terra,

167 4800 232 4855 de
262 4809 405 4853 terra
433 4797 660 4866 loquitur
684 4810 702 4849 :
723 4794 810 4866 qui
842 4793 905 4847 de
933 4791 1061 4847 caelo
1091 4790 1245 4859 eénit,
1277 4805 1430 4861 super
1460 4803 1634 4843 omnes
1663 4795 1770 4843 est:

167 4902 216 4948 et
262 4889 401 4961 quod
445 4888 571 4942 vidit
615 4897 662 4942 et
705 4885 923 4953 audivit,
972 4884 1282 4955 testiﬁcatur
1313 4879 1505 4953 (Joan.
1552 4880 1666 4944 ιιι).
1713 4878 1769 4934 Si

169 4983 322 5056 quis,
351 4982 447 5044 ait,
477 4981 686 5051 pueris,
719 4978 812 5048 qui
843 4978 897 5033 in
927 4992 1015 5034 me
1041 4976 1305 5040 credunt,
1340 4973 1550 5030 dixerit
1580 4990 1594 5025 :
1622 4972 1782 5038 Quac-

168 5080 270 5132 rite
320 5074 670 5141 ventriloquos
725 5081 773 5126 et
824 5088 908 5127 eos
949 5070 1039 5140 qui
1082 5070 1148 5124 de
1188 5078 1327 5124 terra
1379 5067 1632 5130 clamant,
1683 5063 1772 5135 qui

170 5171 355 5228 inania
382 5172 680 5239 loquuntur,
711 5168 799 5239 qui
829 5168 892 5222 de
922 5174 1092 5220 ventre
1134 5165 1384 5229 clamant,
1420 5161 1590 5218 veluti
1624 5175 1770 5230 quas-

171 5268 278 5323 rite
300 5264 572 5322 daemonia
601 5281 614 5318 :
642 5264 712 5319 ab
742 5276 847 5318 una
877 5261 1024 5317 enim
1055 5259 1242 5330 specie
1271 5256 1534 5313 daemonis
1564 5254 1770 5311 ventri-

174 5361 325 5434 loqui
354 5367 608 5438 τροπικῶς
632 5356 820 5414 omnia
846 5354 1120 5411 daemonia
1149 5353 1509 5423 nuncupavit.
1532 5351 1590 5408 Si
1619 5349 1773 5406 dixe-

175 5455 290 5511 rint
333 5453 515 5519 vobis,
546 5451 777 5524 quierite
824 5447 1234 5520 ventriloquos,
1267 5447 1370 5503 hoc
1406 5453 1513 5512 est,
1544 5443 1773 5516 quaerite

174 5563 206 5604 a
245 5545 608 5614 daemonibus,
660 5545 779 5602 sive
823 5542 1242 5611 divinationem,
1293 5540 1408 5597 sive
1453 5538 1770 5606 veritatem,

1873 4694 2112 4749 monium
2144 4690 2611 4762 vcntriloquorum
2660 4703 2805 4744 nunc
2851 4689 3215 4758 assumpserit
3261 4704 3470 4753 sermo,

1871 4795 1930 4840 ut
1957 4785 2104 4842 dicat
2133 4801 2147 4838 :
2181 4783 2242 4839 Si
2270 4782 2498 4837 dixerint
2517 4783 2587 4836 ad
2608 4797 2714 4851 vos,
2747 4781 2958 4852 quwrite
2986 4779 3350 4851 ventriloquos.
3381 4781 3471 4836 lu-

1871 4880 2058 4936 venies
2089 4891 2303 4946 omnes,
2333 4876 2427 4948 qui
2459 4876 2869 4946 repromittunt,
2903 4886 3007 4928 nec
3037 4871 3242 4927 habent
3269 4872 3471 4928 verita-

1871 4981 2002 5041 tem,
2034 4973 2207 5029 ventri
2239 4985 2342 5028 suo
2371 4969 2696 5035 servientes,
2728 4975 2784 5024 et;
2812 4964 3222 5039 quodammodo
3249 4976 3473 5038 propter

1878 5068 2216 5138 voluptatem
2245 5064 2363 5136 ejus
2387 5073 2442 5120 et
2482 5061 2869 5118 abundantiam
2894 5068 3090 5116 cuncta
3123 5059 3324 5116 facere.
3355 5059 3472 5117 Non

1874 5163 2048 5219 solum
2092 5168 2276 5217 autem
2324 5157 2576 5232 gentiles,
2633 5154 2730 5213 sed
2760 5163 2814 5212 et
2843 5169 2961 5222 eos,
3004 5154 3257 5227 quicum
3286 5170 3476 5224 repro-

1876 5257 2093 5311 mittant
2121 5255 2176 5310 in
2205 5253 2428 5313 Christo
2459 5249 2803 5322 religionem,
2841 5250 3085 5305 haeretici
3119 5257 3267 5315 sunt,
3296 5256 3475 5303 etnon

1875 5357 2084 5404 tantum
2118 5347 2265 5415 illos,
2315 5343 2411 5401 sed
2440 5341 2607 5398 etiam
2639 5341 2692 5396 iu
2725 5340 2910 5410 nobis,
2964 5340 3057 5410 qui
3097 5338 3476 5394 Ecclesiastici

1876 5457 2092 5508 sumus,
2126 5440 2372 5497 invenies
2403 5438 2639 5509 aliquem
2663 5450 2762 5508 pro
2783 5434 3078 5492 saturitate
3107 5433 3318 5488 ventris
3345 5448 3478 5489 cun-

1877 5543 1963 5591 cta
1992 5547 2208 5604 gerere,
2256 5539 2317 5586 ut
2347 5531 2649 5586 honoretur
2703 5537 2762 5584 et
2815 5524 3048 5597 accipiat
3077 5539 3326 5593 munera,
3360 5539 3483 5596 quas

257 5695 283 5723 ιι
323 5683 594 5740 Fortasse
610 5679 774 5736 idolio
796 5676 1097 5749 scripsitS.
1118 5677 1420 5746 Interpres,
1442 5671 1586 5749 quod
1609 5671 1801 5749 Graece
1895 5668 1990 5749 l_ia.
2018 5666 2214 5749 Altero
2251 5664 2322 5721 ab
2351 5663 2471 5749 hoc.
2483 5678 2647 5720 versu
2675 5661 2799 5749 Ista
2811 5659 2993 5749 omnia
3007 5672 3132 5749 pro
3144 5657 3344 5749 quibus
3368 5670 3492 5744 erat

183 5756 385 5814 dicitur
431 5753 672 5819 εἰδώλων,
709 5751 760 5806 id
791 5741 926 5815 est,'
949 5749 1076 5804 idoli
1116 5741 1313 5819 statuo,
1346 5741 1630 5819 autetiam
1660 5741 1804 5819 εξδῳ-

1903 5739 1989 5794 Ita
2030 5738 2228 5806 omnia,
2275 5734 2658 5803 emendamus,
2690 5741 2750 5790 ut
2776 5740 2832 5790 et
2869 5731 3032 5804 paulo
3085 5731 3320 5789 interius
3348 5734 3491 5790 omni

187 5807 936 5899 Diog-quodest'idoloruin
964 5820 1238 5891 templum,
1268 5807 1537 5874 delubrum
1566 5824 1623 5872 et
1651 5814 1800 5870 simi-
1900 5827 2016 5884 qua!
2044 5825 2144 5883 pro
2172 5807 2400 5865 omnium
2426 5822 2562 5877 quur,
2594 5815 2700 5862 etc.
