3972 6334
522 287 622 342 951

1763 275 1822 333 s.
1867 257 2141 331 unseen
2181 255 2558 332 HIERONYMI

3685 267 3792 339 {932'

519 400 574 457 in
609 401 850 456 Ecclesia
882 397 1218 454 deferuntur.
1257 395 1364 450 lste
1394 395 1518 450 talis
1549 393 1618 450 de
1639 403 1832 449 ventre
1855 394 2115 465 loquitur,
2144 386 2202 450 Δ
2227 400 2336 448 tem
2363 393 2622 449 lsraelitae
2655 394 2920 450 habentes
2951 395 3118 450 Deum
3151 409 3363 460 verum,
3413 396 3506 467 qui
3550 406 3632 452 est
3653 414 3790 470 super

517 501 576 549 et
601 493 726 547 fons
755 505 1070 545 sermonum
1095 490 1214 559 ejus
1233 488 1288 543 in
1309 496 1498 544 ventre
1517 487 1794 544 consistit.
1828 485 1950 544 Non
1977 490 2120 542 enim

519 585 644 640 fons
674 599 992 641 sermonum
1025 583 1142 653 ejus
1165 584 1232 638 de
1257 583 1424 638 corde
1453 582 1596 636 bono
1625 580 1762 644 lluit,
1797 597 1906 635 non
1935 579 2004 634 de
2029 581 2126 634 bo-

520 683 606 738 nis
645 680 1092 751 cogitationibus,
1141 693 1248 732 non
1289 677 1358 732 de
1399 685 1588 732 sancto
1631 675 1860 744 Spiritu.
1909 673 1966 730 Si
2005 673 2126 744 quis

523 787 656 843 ergo
688 770 983 842 aliquando
1005 785 1063 826 sc
1085 771 1286 825 docere
1307 767 1602 838 promittit,
1628 765 1916 822 observate
1945 773 2124 818 utrmn

520 881 810 922 sermones
855 865 976 934 ejus
1006 865 1076 920 de
1107 871 1304 918 ventre
1355 861 1594 916 habeant
1645 859 1998 930 principium,
2055 872 2122 911 an

521 974 652 1014 non.
705 957 1144 1027 Propositionem
1191 965 1398 1022 autem,
1435 970 1556 1024 qua)
1587 953 1720 1008 mihi
1765 951 1872 1006 dici
1921 959 2122 1020 potest,

517 1051 636 1122 ipse
668 1052 1037 1120 interponam,
1075 1065 1146 1104 ne
1173 1048 1316 1103 forte
1359 1047 1479 1116 quis
1503 1062 1570 1102 ex
1603 1045 1758 1100 vobis
1789 1060 1818 1098 a
1849 1057 2124 1114 quoquam

522 1159 644 1200 eam
686 1143 933 1210 audiens,
991 1143 1270 1197 existimet
1325 1149 1422 1194 aut
1454 1139 1795 1209 Scripturam
1845 1135 1946 1189 sibi
2001 1149 2126 1190 esse

520 1239 874 1304 contrariam,
918 1247 1010 1292 aut
1038 1245 1064 1272 ⁸
1091 1251 1196 1290 non
1229 1235 1538 1303 inspexisse
1568 1230 1846 1304 quomodo
1874 1237 2130 1300 oporteat

520 1332 830 1402 approbare
878 1344 1190 1386 sermonem
1222 1328 1276 1382 in
1307 1342 1404 1382 eos
1455 1323 1883 1390 accusatorium,
1931 1321 2024 1391 qui
2061 1319 2130 1374 de

521 1435 716 1480 ventre
751 1422 1014 1477 clamant.
1049 1421 1182 1486 Qua:
1212 1429 1298 1474 est
1327 1433 1460 1487 ergo
1494 1413 1836 1487 propositio?
1893 1413 1953 1467 Si
1988 1411 2124 1480 quis,

522 1515 618 1580 ait,
656 1513 816 1568 credit
846 1515 896 1566 in
933 1529 1034 1577 me,
1087 1511 1308 1581 ﬂumina
1340 1509 1402 1563 dc
1431 1519 1602 1563 ventre
1631 1509 1744 1578 ejus
1775 1507 1960 1576 ﬂuent,
2009 1504 2128 1574 fons

519 1621 668 1676 aqum
711 1606 945 1659 salientis
987 1605 1040 1658 in
1081 1604 1236 1656 vitam
1274 1611 1520 1656 tetet'nam
1565 1596 1755 1670 (Joan.
1803 1601 1932 1666 vlt).
1977 1595 2132 1650 Dicat

523 1701 706 1768 itaque
730 1697 928 1766 aliquis
953 1695 1154 1760 dehis,
1187 1694 1277 1764 qui
1311 1701 1622 1764 proponunt
1663 1691 1706 1744 si
1750 1689 1998 1747 Salvator
2044 1703 2130 1742 re—

2227 486 2430 549 omnia,
2462 501 2584 540 eum
2627 487 2892 556 quatritis,
2948 486 3118 542 nolite
3149 486 3521 557 vcntriloquos
3545 503 3786 558 quaerere,

2229 594 2406 648 neque
2442 579 2514 634 de
2569 588 2710 633 terra
2743 581 3063 643 clamantes,
3123 596 3297 652 neque
3355 582 3686 652 vaniloquos,
3715 586 3790 639 sed

2230 673 2508 742 proprium
2539 673 2731 728 Deum.
2766 674 2866 740 Qui
2893 685 3134 745 quierunt
3161 675 3223 730 de
3270 676 3550 730 virentibus
3573 685 3790 733 mortuos.

2229 764 2424 820 Mor-tui
2456 768 2598 822 enim
2634 779 2758 822 sunt
2814 767 3092 824 dartnones
3124 770 3321 838 privati
3375 785 3500 826 vera
3543 772 3665 836 vita,
3694 789 3794 843 qtue

2229 857 2360 912 dicit
2387 877 2398 912 :
2425 859 2534 930 Ego
2561 877 2674 914 sum
2703 862 2822 914 rita.
2853 861 3032 918 Nolite
3054 877 3184 932 ergo
3211 873 3462 918 mortuos
3481 864 3716 920 suscitari
3737 867 3792 920 dc

2230 951 2376 1004 vivis
2405 952 2639 1022 negotiis
2671 950 2852 1024 (Joan.
2888 953 3023 1025 xrv).
3065 953 3264 1026 Legem
3307 955 3456 1010 enim
3487 956 3790 1026 suscepistis.

2231 1041 2278 1096 0
2307 1057 2424 1109 vos,
2446 1044 2648 1113 quibus
2679 1046 2992 1115 persuaderi
3041 1063 3150 1102 non
3183 1049 3378 1117 potuit,
3415 1058 3472 1102 ut
3511 1051 3796 1118 qua-teretis

2233 1135 2335 1192 ista
2357 1135 2428 1192 de
2453 1137 2836 1206 ventriloquis,
2889 1149 2944 1194 et
2991 1140 3062 1194 de
3097 1151 3240 1195 terra
3272 1141 3646 1206 elamantilnts,
3671 1143 3797 1196 vanis

2232 1232 2581 1286 sermonibus
2608 1248 2918 1289 sermonem
2942 1236 3186 1290 veritatis
3213 1235 3272 1290 et'
3303 1235 3502 1305 legem,
3537 1237 3800 1306 suscipien-

2223 1333 2316 1380 ‘les
2339 1341 2458 1380 eam
2515 1326 2568 1380 in
2619 1327 2946 1396 adjutorium
2983 1327 3140 1399 Legis
3168 1339 3386 1394 vestrae,
3438 1329 3689 1385 attendite
3718 1348 3729 1382 :
3756 1332 3798 1384 in

2237 1417 2352 1488 lege
2387 1427 2568 1472 vestra
2599 1419 2858 1475 scribitur
2893 1438 2905 1477 :
2937 1419 3052 1475 Non
3083 1423 3329 1493 sequaris
3354 1421 3497 1476 idola
3530 1440 3544 1476 :
3571 1423 3711 1494 juxta
3737 1425 3802 1480 lca

2233 1527 2354 1581 gem
2390 1511 2650 1566 facientes
2681 1529 2786 1566 non
2813 1513 3103 1568 attendatis
3119 1515 3500 1585 ventriloquis,
3527 1531 3692 1585 neque
3711 1516 3796 1582 Itis,

2234 1602 2327 1674 qui
2356 1604 2422 1658 de
2447 1614 2588 1658 terra
2620 1606 2878 1660 clamant.
2916 1606 3106 1677 Legem
3133 1609 3268 1661 enim
3315 1609 3366 1660 iu
3398 1608 3705 1680 adjutorium
3729 1611 3802 1663 de-

2234 1695 2332 1762 dit,
2361 1707 2416 1750 ut
2443 1699 2642 1762 dicant,
2669 1716 2770 1752 non
2788 1711 2859 1753 est
2883 1701 3013 1753 sicut
3045 1703 3252 1754 t'erbum
3283 1701 3445 1770 istud,
3476 1721 3568 1773 pro
3594 1721 3686 1775 quo
3713 1721 3798 1758 non

524 1792 796 1862 promittit
817 1791 961 1846 hunc
997 1803 1121 1844 esse
1144 1787 1212 1843 de
1237 1795 1428 1844 ventre
1449 1785 1660 1840 fontem
1689 1798 1843 1854 aqua
1885 1781 2132 1836 salientis
2162 1773 2212 1836 Β
2237 1797 2310 1842 est
2355 1806 2570 1843 munera
2599 1790 2724 1845 dare
2753 1791 2908 1864 (1δαὶ.
2939 1809 3013 1858 vt,
3065 1792 3174 1864 10).
3209 1793 3310 1862 Qui
3357 1796 3501 1850 enim
3545 1773 3804 1866 assumpsit

524 1883 580 1942 in
625 1883 788 1938 vitam
824 1894 1108 1948 aeternam,
1144 1880 1212 1936 de
1254 1880 1404 1950 justo
1435 1877 1730 1949 egreditur,
1764 1887 1820 1930 et
1863 1875 2040 1942 justus
2069 1873 2136 1928 de

526 1987 722 2032 ventre
745 1976 974 2030 clamat.
1009 1972 1294 2044 Siquidem
1327 1972 1450 2026 lous
1477 1985 1654 2040 aquae,
1685 1985 1844 2039 quem
1871 1968 2016 2024 Deus
2049 1982 2135 2022 rc-

525 2071 818 2142 protuittit,
849 2071 902 2124 in
935 2079 1130 2124 ventre
1163 2068 1280 2138 ejus
1319 2076 1424 2121 est.
1470 2065 1576 2122 Sed
1609 2065 1902 2120 dicendum
1937 2071 2024 2118 est
2067 2077 2134 2118 ne

523 2165 670 2221 forte
693 2165 830 2220 duos
864 2165 1164 2220 habeamus
1188 2173 1432 2230 ventres,
1458 2173 1512 2218 et
1543 2162 1682 2216 alios
1710 2162 1784 2217 sit
1809 2159 2132 2228 corporalis,

523 2257 664 2312 alius
685 2257 990 2326 spiritalis;
1020 2256 1296 2326 quomodo
1321 2255 1550 2327 reliqua:
1579 2263 1784 2326 partes,
1804 2271 1924 2324 quae
1947 2255 2134 2310 viden-

527 2360 615 2406 tur
663 2350 718 2406 iu
751 2366 984 2421 corpore
1039 2351 1336 2418 nominari,
1370 2352 1536 2406 veluti
1589 2363 1710 2405 sunt
1742 2351 1910 2416 oculi,
1943 2365 2132 2405 verum

523 2445 620 2500 alii
645 2445 919 2515 corporis,
947 2447 1041 2500 alii
1073 2445 1291 2501 animae.
1326 2445 1384 2504 Si
1411 2446 1560 2502 enim
1591 2445 1796 2500 dicitur
1827 2445 1896 2500 de
1933 2444 2135 2498 oculis:

525 2539 841 2596 Mandatum
879 2539 1096 2596 Domini
1139 2541 1374 2598 lucidum
1401 2541 1710 2596 illuminaus
1747 2541 1924 2594 oculos
1947 2538 2134 2610 (Psat.

524 2636 751 2705 cxvnt),
777 2653 884 2692 non
919 2647 1048 2708 puto
1080 2637 1184 2694 hoc
1215 2636 1564 2692 referendum
1595 2635 1662 2690 ad
1711 2635 1906 2690 oculos
1936 2648 2134 2704 corpo-

524 2730 692 2786 rales.
725 2731 792 2784 Et
823 2731 868 2784 si
892 2729 1094 2786 dicitur
1122 2748 1136 2784 :
1162 2729 1266 2795 Qui
1303 2729 1456 2784 habet
1485 2745 1638 2783 aures
1663 2728 1918 2782 audiendi
1948 2728 2132 2782 audiat

529 2821 768 2892 (Matth.
801 2838 896 2876 xttt
916 2820 954 2887 ),
994 2823 1208 2894 1138
1225 2838 1334 2877 non
1365 2835 1448 2878 est
1479 2821 1776 2893 putandqu
1805 2823 1908 2877 hoc
1933 2824 2038 2878 dici
2065 2823 2134 2876 de

524 2915 772 2983 corporis
818 2914 1064 2976 auribus,
1111 2916 1208 2970 sed
1261 2913 1334 2970 de
1377 2917 1600 2982 animm,
1632 2930 1768 2985 quas
1798 2915 2005 2970 habent
2037 2915 2130 2984 qui

522 3007 714 3062 tnundi
737 3015 868 3062 sunt
891 3007 942 3061 in
973 3008 1161 3064 auditu
1189 3010 1407 3064 animm.
1444 3009 1554 3066 Sed
1581 3010 1686 3065 etsi
1719 3011 1924 3064 dicitur
1955 3011 2009 3064 in
2037 3026 2124 3066 re-

525 3099 988 3170 promissionetn:
1014 3099 1118 3155 Pes
1154 3111 1274 3156 tuus
1321 3119 1426 3156 non
1469 3099 1694 3169 offendet
1733 3101 1922 3174 (Joau.
1973 3101 2124 3174 ιιν),

521 3209 632 3248 non
678 3202 762 3248 est
805 3194 1180 3250 arbitrantium
1224 3196 1290 3254 de
1329 3197 1580 3266 corporis
1633 3196 1792 3264 pede.
1838 3197 1936 3251 Est
1983 3197 2128 3252 enim

523 3287 744 3358 quidam
773 3303 866 3358 pes
887 3287 1074 3344 cordis
1101 3289 1416 3360 ingrediens
1439 3289 1504 3343 ad
1535 3305 1681 3354 eum,
1708 3292 1796 3359 qui
1821 3289 1956 3345 dixit
1981 3307 1992 3342 :
2021 3289 2132 3364 Ego

520 3399 638 3438 sum
667 3383 768 3437 via.
823 3383 912 3437 Sic
949 3383 1114 3454 igitur
1160 3383 1360 3438 similis
1401 3385 1582 3438 ventri
1628 3369 1907 3454 corporali
1937 3395 2132 3440 venter

523 3483 610 3530 est
637 3474 858 3541 animm,
891 3475 958 3530 de
989 3491 1100 3546 quo
1161 3475 1405 3546 loquitur
1443 3477 1624 3545 justus
1653 3495 1664 3530 :
1695 3479 1738 3531 Α
1783 3478 1966 3532 timore
2014 3486 2124 3546 tuo,

521 3563 768 3633 Domine,
802 3569 858 3622 in
885 3577 1058 3622 ventre
1081 3569 1436 3640 concepimus,
1461 3579 1508 3622 et
1538 3569 1938 3636 parturivimus,
1969 3581 2014 3624 et
2041 3586 2130 3640 pe-

525 3660 758 3728 perimus
792 3661 1036 3728 spiritum
1064 3659 1252 3714 salutis
1282 3672 1406 3728 tum,
1451 3678 1604 3730 quant
1643 3663 1810 3734 fecisti
1841 3680 1998 3732 super
2026 3675 2128 3718 ter-

523 3765 640 3804 ram
668 3749 837 3819 (Isai.
857 3767 1020 3828 _xxv1,
1049 3751 1172 3820 16).
1203 3753 1542 3822 Quicumque
1572 3765 1750 3810 autem
1783 3756 2000 3825 plenum
2036 3758 2128 3812 ba-

525 3842 656 3898 beut
689 3851 936 3898 ventrem
975 3844 1130 3898 vanis
1159 3845 1532 3912 sermonibus,
1569 3848 1658 3916 qui
1691 3847 1758 3902 de
1803 3857 1945 3902 terra
1978 3861 2126 3918 sunt,

519 3939 724 3994 habent
754 3946 999 3994 ventrem
1031 3938 1102 3994 de
1136 3949 1282 3994 terra
1314 3940 1708 3996 subsistentem
1749 3944 1820 3999 de
1857 3959 1968 4014 quo
1996 3945 2132 4000 scri-

523 4043 676 4104 ptum
727 4041 811 4088 est
843 4049 858 4088 :
885 4033 1024 4088 Deus
1065 4042 1236 4088 autem
1278 4045 1324 4090 et
1355 4036 1533 4105 istaut,
1585 4047 1632 4090 ct
1673 4041 1781 4093 Ιηιέ
1829 4039 2054 4094 destruet
2078 4040 2132 4112 (Ι

522 4125 644 4181 Cor.
671 4125 769 4196 vt).
811 4126 999 4183 Sancti
1038 4143 1168 4200 ergo
1203 4142 1456 4185 ventrem
1491 4130 1713 4198 habent,
1757 4134 1808 4186 in
1851 4149 1960 4203 quo
1990 4149 2018 4187 a
2065 4135 2131 4188 ti-

521 4235 676 4274 more
727 4219 945 4274 Domini
975 4232 1034 4276 et
1065 4235 1460 4292 Cottcepct'unl,
1503 4233 1557 4278 et
1589 4224 1785 4294 plenus
1825 4235 1904 4280 est
1939 4235 2132 4283 venter

522 4325 714 4366 eorum
747 4310 992 4367 fontibus
1038 4329 1195 4384 aqua:
1229 4315 1482 4370 salientis
1529 4317 1582 4370 in
1626 4317 1792 4372 vitam
1837 4327 2128 4375 teternam.

525 4403 602 4460 De
647 4403 752 4460 isto
783 4415 974 4462 ventre
1017 4406 1096 4462 ait
1145 4406 1234 4463 ille
1265 4425 1278 4464 :
1309 4411 1474 4464 Aures
1507 4421 1553 4462 et
1585 4419 1762 4465 vertier
1808 4428 1953 4466 meus
1983 4415 2130 4484 quasi

525 4509 640 4553 uter
671 4499 852 4566 plenus
881 4509 1052 4554 musto
1081 4517 1141 4554 ac
1175 4502 1366 4572 ligatus
1397 4501 1557 4572 (Job.
1590 4502 1789 4576 xxxn).
1825 4505 1950 4560 llaec
1979 4509 2125 4562 enim

523 4591 660 4646 dixit
682 4608 788 4646 non
821 4592 890 4646 de
919 4595 1196 4663 corporali
1223 4603 1416 4650 ventre
1447 4613 1460 4648 :
1488 4611 1589 4651 nec
1619 4595 1762 4652 enim
1791 4607 1983 4653 venter
2007 4599 2126 4670 ejus
2153 4607 2207 4668 Ι)

521 4685 849 4753 corporalis,
881 4687 1074 4757 plenus
1103 4696 1224 4742 erat
1253 4687 1596 4758 divinorum,
1631 4699 1687 4746 et
1725 4691 1808 4748 his
1841 4694 2126 4762 proximo-

525 4793 646 4832 rum
701 4779 830 4833 vino
873 4779 1098 4852 alligato
1137 4781 1190 4836 in
1218 4779 1248 4820 ιτ
1288 4790 1486 4837 utrem.
1531 4781 1642 4838 Ista
1687 4785 1740 4838 in
1795 4785 2124 4842 solutionem

527 4872 940 4942 propositionis.

600 4961 686 5016 IV.
731 4963 882 5019 Nune
910 4965 979 5020 ad
1011 4965 1116 5022 hoc
1158 4965 1300 5038 quod
1327 4967 1614 5036 coepimus,
1646 4983 2006 5028 revertamur.
2065 4975 2127 5030 Si

524 5070 646 5128 ergo
673 5056 896 5110 dixerint
927 5059 994 5111 ad
1025 5077 1132 5126 ros,
1167 5062 1378 5130 quwrite
1419 5063 1786 5135 ventriloquos,
1851 5073 1896 5120 et
1928 5083 2012 5120 eos
2039 5069 2130 5138 qui

525 5150 588 5203 de
608 5159 746 5205 terra
776 5151 1024 5220 clamant,
1061 5171 1164 5209 non
1193 5173 1316 5227 gens
1349 5157 1418 5210 ad
1453 5157 1616 5213 Deum
1639 5177 1789 5214 suum
1817 5205 1830 5226 ,
1883 5161 1998 5216 huic
2047 5162 2128 5216 eis

525 5237 879 5315 respondete.
933 5245 1266 5305 Dclicicnter
1290 5261 1474 5306 autem
1505 5253 1724 5308 dicitur.
1751 5255 1876 5310 Haec
1918 5255 1996 5310 eis
2044 5271 2132 5312 re-

526 5338 816 5406 apondete,
847 5355 950 5394 non
995 5357 1124 5412 gens
1148 5341 1216 5395 ad
1254 5341 1415 5396 Deum
1446 5361 1596 5398 suum
1644 5347 1950 5413 exquiritur.
1987 5347 2133 5404 Una-

528 5447 759 5501 quaeque
789 5447 942 5498 gens,
971 5433 1014 5487 si
1049 5436 1242 5502 quaer-it
1270 5434 1484 5500 Jovem,
1535 5437 1601 5492 ad
1654 5440 1932 5509 prepriutn
1963 5441 2129 5496 Deum

529 5525 706 5582 refert
735 5527 876 5596 quod
906 5528 1179 5598 qua-sivit.
1234 5531 1358 5586 Ilaec
1387 5533 1469 5588 eis
1516 5535 1864 5605 respondete.
1899 5536 2006 5592 Vos
2032 5553 2128 5592 au-

532 5807 567 5866 p
603 5725 792 5848 ﬁliifilii:
820 5728 874 5780 in
907 5727 1181 5786 Benedict.
1209 5733 1344 5788 edit.
1401 5753 1494 5791 nos
1541 5736 1740 5808 legitur
1771 5755 1868 5812 pro
1892 5741 2123 5812 negandi

571 5811 626 5850 3f
658 5812 667 5847 l
693 5839 702 5846 .
727 5813 736 5843 ξ
769 5831 776 5842 -
804 5835 814 5848 ι
1789 5817 1794 5822 ’

571 5811 814 5850 τιιΊιιῖιιιτι.
1789 5817 1794 5822 ·

2241 1881 2461 1952 Legem,
2497 1891 2552 1938 et
2602 1887 2774 1950 novit,
2807 1887 2928 1954 quia
2959 1886 3070 1941 Lex
3122 1887 3176 1941 in
3231 1887 3563 1958 adjutorium
3616 1901 3711 1955 est,
3755 1901 3798 1944 et

2239 1977 2512 2046 praseipue
2561 1977 2840 2047 spiritalis,
2872 1995 2992 2049 qum
3022 1981 3298 2035 interdicit
3328 1997 3358 2036 a
3393 1981 3732 2052 vcntriloquis
3757 1993 3802 2037 et

2241 2071 2483 2138 auguriis
2525 2087 2810 2139 qttn'rere:
2845 2073 3060 2145 1139
3093 2073 3180 2126 hic
3229 2089 3347 2128 cum
3384 2075 3702 2130 intellexerit
3721 2075 3802 2128 Lc-

2238 2177 2385 2234 gem,
2421 2164 2580 2219 debet
2607 2165 2883 2218 admirans
2933 2181 3053 2220 eant
3087 2167 3290 2232 dicere,
3344 2168 3553 2222 nullum
3604 2168 3797 2223 verbum

2239 2255 2316 2310 ita
2350 2257 2609 2312 n‘tundum
2665 2259 2804 2328 apud
2845 2258 3067 2314 Graecos
3097 2275 3148 2315 et
3203 2261 3490 2328 Barbaros,
3539 2263 3689 2334 quale
3732 2272 3800 2318 cst

2237 2352 2462 2406 verbum
2494 2351 2672 2422 Legis.
2728 2353 2812 2410 Ab
2855 2355 3004 2410 omni
3041 2357 3186 2410 enim
3235 2355 3425 2424 verbo,
3471 2359 3538 2411 ab
3583 2358 3798 2412 universa

2235 2443 2479 2498 doctrina
2531 2445 2812 2499 veritatem
2865 2447 3156 2515 pollicente
3211 2447 3397 2501 ditl‘ert
3455 2447 3584 2512 Lex,
3633 2464 3737 2518 qua:
3774 2463 3798 2500 ει

2237 2536 2348 2592 Deo
2369 2537 2524 2590 nobis
2547 2536 2672 2592 data
2693 2551 2799 2594 est.
2824 2540 3022 2609 Legem
3047 2541 3192 2595 enim
3233 2542 3283 2596 in
3305 2542 3628 2610 adiutorium
3651 2541 3798 2605 dedit,

2237 2641 2290 2685 ut
2313 2633 2510 2698 dicant,
2535 2650 2638 2688 non
2674 2637 2804 2688 sicut
2827 2635 3030 2690 verbum
3061 2637 3221 2690 istud.
3278 2637 3416 2704 Quid
3445 2649 3526 2693 est
3557 2639 3688 2708 quod
3715 2654 3803 2692 non

2235 2733 2322 2778 est
2349 2724 2492 2780 sicut
2525 2727 2750 2780 verbum
2785 2726 2968 2782 istud?
2996 2729 3158 2783 Multa
3203 2740 3328 2784 sunt
3363 2731 3548 2798 verba,
3583 2730 3672 2786 sed
3714 2745 3804 2784 non

2237 2819 2383 2872 sicut
2410 2819 2634 2873 verbum
2679 2819 2843 2874 istud.
2876 2819 3090 2875 Nullum
3123 2821 3270 2876 enim
3319 2823 3544 2879 verbum
3576 2831 3688 2892 post
3705 2837 3808 2876 vero

2238 2910 2366 2965 bum
2402 2911 2596 2982 Moysi,
2643 2919 2762 2982 post
2789 2912 3010 2967 verbum
3047 2913 3470 2984 Prophetarum,
3529 2915 3686 2969 multo
3733 2929 3810 2967 au-

2237 3013 2340 3060 tem
2375 3005 2603 3072 amplius
2639 3015 2760 3075 past
2797 3007 3018 3062 verbum
3043 3006 3172 3064 Jesu
3203 3005 3408 3061 Christi
3437 3015 3490 3062 et
3535 3005 3802 3076 Apostolo-

2235 3116 2354 3154 rum
2388 3099 2525 3170 cjus.
2562 3099 2698 3155 Vide
2725 3101 2770 3155 si
2805 3117 2912 3156 non
2941 3102 3180 3156 clamant
3208 3117 3402 3157 sensus
3433 3103 3522 3158 Dei
3551 3102 3684 3172 quod
3711 3101 3808 3156 ilic-

2238 3201 2346 3246 tum
2379 3205 2456 3247 est
2496 3214 2509 3249 :
2543 3193 2742 3262 Legem
2783 3195 2932 3249 eniut
2965 3196 3016 3248 in
3069 3194 3400 3261 adiutorium
3456 3196 3639 3252 dedit:
3670 3205 3718 3248 ut
3741 3193 3809 3248 di-

2236 3295 2382 3352 cant,
2421 3285 2636 3357 1150
2659 3287 2748 3357 qui
2783 3296 3112 3356 acceperunt
3165 3288 3360 3359 Legem
3396 3288 3446 3344 in
3489 3287 3805 3358 adiutorium,

2235 3393 2340 3432 non
2371 3385 2456 3431 est
2483 3389 2539 3432 ut
2571 3379 2795 3433 verbum
2831 3379 2996 3445 istud,
3027 3379 3172 3450 quod
3197 3382 3411 3436 locutus
3436 3391 3522 3436 est
3543 3381 3737 3452 Moyses
3757 3378 3802 3433 in

2236 3469 2391 3540 Lege
2415 3469 2524 3524 lata
2551 3487 2648 3542 per
2681 3473 2916 3542 Angelos
2947 3474 2998 3527 in
3027 3489 3192 3528 manu
3227 3473 3540 3531 mediatoris
3583 3473 3711 3547 (Gal.
3739 3487 3804 3535 ut,

2237 3560 2348 3630 tu).
2383 3561 2550 3614 Multo
2577 3571 2756 3616 autem
2789 3562 3008 3632 dignius
3037 3573 3212 3633 potest
3237 3563 3340 3620 hoc
3361 3565 3602 3622 Ecclesia
3628 3563 3801 3628 dicere,

2237 3667 2346 3705 non
2378 3663 2462 3706 est
2493 3655 2636 3706 sicut
2665 3654 2890 3708 verbum
2927 3655 3091 3722 istud,
3127 3657 3270 3727 quod
3317 3673 3448 3712 caro
3493 3657 3678 3712 factum
3714 3664 3799 3720 est,

2235 3743 2380 3814 quod
2405 3745 2663 3800 habitavit
2689 3747 2742 3801 in
2775 3747 2954 3814 nobis,
2989 3747 3146 3818 cttjus
3176 3750 3422 3804 videmus
3449 3750 3688 3821 gloriam,
3713 3763 3802 3803 non

2235 3836 2376 3892 sicut
2405 3837 2622 3907 Moyses
2651 3839 2922 3893 velamine
2973 3839 3270 3905 obtectam,
3306 3841 3402 3898 sed
3441 3843 3660 3913 gloriam
3688 3851 3802 3894 tanta

2234 3929 2682 3998 quamunigeniti
2717 3943 2748 3983 a
2781 3929 2962 3995 Patre,
3019 3931 3168 4000 pleni
3215 3933 3408 4002 gratim
3458 3942 3516 3988 et
3561 3933 3796 3988 veritatis.

2233 4025 2350 4080 Non
2384 4036 2466 4080 est
2497 4029 2636 4081 sicut
2675 4027 2904 4084 verbum
2929 4029 3096 4098 istud,
3125 4031 3270 4101 quod
3302 4035 3540 4104 suscepit
3571 4031 3798 4092 Ecclesia,

2241 4121 2294 4175 in
2321 4137 2428 4190 quo
2449 4122 2645 4189 credit,
2673 4139 2768 4192 per
2797 4123 2938 4194 quod
2985 4131 3042 4178 et
3069 4124 3390 4193 salvabitur,
3423 4127 3654 4184 Verbum
3673 4123 3794 4195 quod

2231 4215 2284 4270 in
2309 4216 2574 4286 principio
2597 4227 2712 4271 erat
2743 4216 2884 4286 apud
2917 4217 3106 4286 Deum,
3131 4219 3272 4274 Deus
3297 4219 3560 4284 Verbum,
3592 4221 3672 4276 cui
3699 4217 3800 4290 glo-

2235 4310 2318 4365 ria
2339 4319 2395 4366 et
2428 4311 2710 4380 imperium
2743 4313 2792 4366 in
2822 4313 3016 4367 smcula
3038 4313 3385 4370 Steculorum.
3421 4317 3610 4372 Amen.

2729 4446 3004 4502 IIOMILU
3046 4446 3345 4504 OCTAVA.

2239 4558 2315 4616 De
2337 4577 2418 4626 eo,
2450 4560 2591 4630 quod
2621 4561 2874 4632 scriptum
2896 4569 2970 4618 est
2995 4577 3012 4616 :
3039 4559 3252 4620 Ululate
3282 4561 3556 4632 sculptilia
3586 4563 3646 4628 in,
3667 4560 3800 4618 leru-

2304 4655 2472 4710 salem
2505 4662 2562 4710 et
2589 4652 2642 4708 in
2665 4652 2916 4708 Samaria
2954 4671 2967 4710 :
3009 4669 3169 4724 usque
3205 4653 3274 4708 ad
3313 4670 3432 4710 eum
3462 4656 3628 4718 locum
3659 4655 3802 4722 inquo

2304 4747 2376 4802 ait
2411 4763 2428 4799 :
2461 4757 2516 4801 et
2564 4746 2923 4802 commorebo
2970 4746 3224 4810 civitates
3257 4787 3276 4816 ι
3329 4763 3452 4818 quae
3501 4747 3800 4812 habitantur.

2303 4835 2436 4908 Cap.
2471 4837 2538 4892 Χ.

2308 4975 2521 5049 1139
2547 4976 2586 5030 l.
2631 4975 2766 5031 Olim
2799 4975 3016 5046 quidem
3064 4977 3282 5047 quando
3313 4979 3555 5047 peccavit
3597 4973 3797 5047 populus

2237 5071 2404 5142 prior,
2439 5070 2690 5125 excidita
2721 5071 3002 5140 religione,
3037 5081 3092 5127 et
3124 5073 3398 5142 sculptilia
3435 5073 3716 5129 fabricatus
3733 5075 3803 5123 est

2236 5164 2402 5219 Judas
2457 5165 2508 5218 in
2565 5164 2868 5220 Jerusalem
2913 5175 2962 5220 et
2998 5166 3042 5220 is
3098 5166 3186 5237 qtti
3219 5166 3394 5222 Israel
3433 5167 3732 5229 vocabatur,
3761 5163 3802 5216 in

2236 5257 2505 5314 Samaria.
2565 5257 2622 5312 Si
2648 5265 2828 5312 autem
2879 5267 2934 5313 et
2977 5273 3118 5314 nunc
3167 5257 3368 5329 aliquis
3407 5261 3706 5316 consideret
3747 5269 3804 5310 ex

2235 5349 2587 5404 multitudine
2616 5363 2832 5418 eorum,
2875 5351 2966 5420 qui
2999 5349 3330 5420 colliguntur
3358 5361 3684 5420 peccatores,
3712 5363 3806 5402 non

2237 5445 2439 5514 pigebit
2465 5459 2587 5498 eum
2613 5442 2820 5504 dicere,
2853 5443 2995 5513 quod
3019 5443 3394 5515 unusquisque
3417 5446 3580 5502 Deum
3605 5444 3803 5506 faciens,

2235 5538 2381 5609 quod
2433 5537 2709 5592 existimat
2756 5552 2879 5592 esse
2921 5537 3146 5606 bonum,
3211 5547 3265 5595 et
3307 5541 3554 5595 serviens
3585 5545 3802 5610 peccato,

2307 5741 2334 5780 ι’
2360 5741 2730 5828 Emendamus
2750 5759 2814 5799 ex
2847 5744 2972 5800 aliis
2996 5745 3142 5802 libris
3167 5747 3218 5800 in
3253 5757 3420 5804 utrem
3467 5765 3561 5820 pro
3597 5759 3694 5819 quo
3723 5759 3810 5800 an-

2247 5823 2331 5868 tea
2363 5825 2480 5869 erat
2509 5823 2560 5868 in
2592 5824 2836 5870 ventrem.
