3972 6330
149 290 252 361 955

623 304 1066 362 τιιΑΝεωτιο
1107 304 1534 362 ιιυλιιιιΑιιωι
1579 303 1758 361 tilthl

1871 301 1902 360 5
1945 302 2012 358 IN
2056 303 2370 361 VISIONES
2407 293 2633 363 lSAlE.
2679 304 2840 363 ηοω.
2885 305 2978 362 ιχ.

3351 311 3456 367 954

150 419 478 475 tnalediclus
517 427 603 474 est
647 420 852 477 faciens
903 421 1195 492 sculptile,
1229 429 1287 476 et
1338 420 1583 476 conﬁans
1612 435 1752 490 opus
1778 422 1826 480 Α
1857 417 2068 474 habens
2114 420 2396 476 existimat
2441 436 2503 476 se
2543 437 2664 477 esse
2707 423 3031 492 sapientem,
3064 432 3119 479 et
3147 425 3280 480 dicit
3311 446 3320 480 :
3354 429 3458 482 Su-

150 528 407 566 manuum
459 512 706 580 artiﬁcis,
740 523 795 568 et
833 528 1045 584 ponens
1096 512 1230 568 illud
1279 513 1329 567 in
1363 513 1657 567 absconso.
1692 511 1750 566 In

148 606 420 659 absconso
450 607 650 674 quippe
679 607 864 660 cordis
898 607 1063 660 multa
1099 606 1329 660 facimus
1361 606 1526 671 idola,
1561 605 1605 660 si
1632 620 1752 676 pec-

146 713 357 754 cemus.
384 698 536 753 Unde
567 713 749 754 sermo
797 712 896 752 nos
927 699 1123 754 edocet
1155 698 1526 768 paenitentiam
1569 713 1749 768 agere,

147 800 200 846 et
222 792 436 846 ululare
461 807 629 862 super
661 792 1002 864 sculptilibus
1051 807 1105 848 et
1159 793 1344 861 idolis,
1401 809 1523 863 qua:
1552 805 1670 847 :qu
1697 793 1750 846 in

145 884 449 940 Jerusalem
483 896 535 941 et
561 885 829 940 Samaria.
883 887 946 940 Et
1003 886 1269 955 si.|uidetit
1307 903 1405 941 nos
1437 901 1746 957 peccemus,

151 981 242 1050 qui
277 995 403 1035 esse
421 981 488 1034 de
520 980 764 1036 Ecclesia
787 980 1059 1050 cupimus,
1111 986 1162 1035 in
1193 981 1492 1036 Jerusalem
1527 981 1752 1035 facimus

149 1071 448 1140 sculptilia.
482 1072 538 1128 Si
567 1088 695 1127 vero
729 1071 768 1126 ii
794 1073 883 1141 qui
937 1083 1089 1127 extra
1125 1073 1423 1128 Ecclesiam
1470 1072 1754 1128 constituti

147 1175 294 1232 eunt,
327 1164 861 1234 quntnodohteretici
890 1166 1256 1233 peccaverint,
1293 1165 1492 1221 faciunt
1529 1166 1670 1220 idola
1700 1167 1750 1218 in

146 1255 419 1311 Samaria.
448 1256 839 1311 Verumtamen
860 1273 1050 1312 omnes
1091 1260 1435 1328 omnipotens
1459 1258 1605 1314 Deus
1625 1259 1750 1328 jux-

150 1359 198 1404 ta
220 1367 373 1405 suam
404 1349 723 1415 bonitatem,
749 1351 815 1405 ad
843 1352 1219 1420 paenitentiam
1235 1359 1515 1422 provocat,
1539 1352 1748 1406 dicens:

152 1444 368 1500 Ulutate
399 1445 666 1511 sculptilia
696 1444 749 1498 in
779 1442 1095 1508 Jerusalem,
1120 1455 1166 1498 et
1193 1447 1244 1498 in
1266 1445 1530 1500 Samaria.
1554 1445 1752 1512 Quem-

145 1538 440 1593 admodum
468 1537 669 1591 etenim
706 1536 805 1592 feci
847 1537 1110 1592 Samaria:
1157 1549 1212 1593 et
1250 1539 1578 1600 manufactis
1607 1538 1748 1606 ejus,

141 1632 211 1687 ita
265 1633 459 1686 iaciam
489 1629 794 1686 Jerusalem
846 1642 901 1685 et
955 1632 1116 1686 idolis
1172 1633 1312 1701 ejus.
1374 1632 1752 1686 Cornminatur

141 1741 504 1795 quaecumque
573 1725 704 1780 fecit
775 1724 1179 1793 Samaritanis,
1237 1738 1292 1782 et
1367 1726 1488 1794 his,
1544 1728 1632 1796 qui
1684 1726 1752 1780 de

1857 512 2414 582 pientiamintellrctus
2445 516 2702 584 auferam,
2737 517 2866 585 ﬁnes
2912 517 3164 588 gentium,
3223 529 3270 572 ct
3321 522 3456 576 vires

1854 620 2029 659 eorum
2078 607 2344 677 depascar.
2403 607 2657 662 Pervenit
2704 611 2848 664 enim
2919 610 2984 663 ad
3035 626 3224 666 omnes
3264 623 3456 682 gentos

1856 698 2102 764 operatio
2137 697 2289 765 ejus;
2326 698 2419 753 sed
2445 698 2695 754 Salvator
2726 699 2778 754 in
2807 715 2996 756 omnes
3018 713 3208 771 gentes
3233 705 3455 759 mittens

1856 803 2139 844 sermones
2190 806 2317 844 suns
2339 832 2351 853 ,
2384 792 2526 846 eruit
2558 807 2675 853 eos,
2711 793 2802 861 qui
2851 808 2879 846 a
2914 793 3115 847 Zahulo
3163 795 3214 848 in
3247 797 3456 851 cum-Iis

1854 883 2114 951 gentibus
2142 885 2344 952 captivi
2370 886 2713 940 tenebantur.
2746 885 2810 938 Et
2828 887 2960 942 vires
2978 903 3153 941 eorum
3182 888 3454 960 depascar.

1855 973 2092 1030 Minatur
2121 991 2180 1031 se
2213 978 2356 1032 vires
2409 987 2625 1032 nostras
2655 979 2954 1047 praedatum
2991 980 3084 1046 iri,
3136 992 3191 1035 et
3241 983 3458 1038 tradere

1855 1069 2120 1125 adversus
2153 1086 2249 1124 nos
2282 1071 2666 1126 militantibus.
2699 1073 2766 1127 Et
2790 1089 2974 1128 revera
3007 1084 3092 1130 est
3123 1075 3306 1129 videre
3330 1093 3453 1130 eum

1857 1165 2189 1232 quibusdam
2225 1164 2327 1219 hoc
2361 1165 2672 1220 facientem.
2707 1167 2937 1233 Quando
2968 1168 3112 1222 enim
3143 1169 3264 1238 quis
3295 1171 3453 1224 vinci-

1859 1264 1947 1310 tur
1971 1273 1998 1310 a
2266 1257 2495 1323 Zahulo,
2524 1267 2578 1312 et
2603 1258 2837 1312 traditur
2865 1259 3203 1315 (immunibus
3252 1263 3458 1327 Spiriti-

1857 1349 1957 1402 bus
1981 1351 2256 1420 pessimis,
2276 1350 2564 1405 virtutibus
2593 1351 2905 1419 contrariis,
2927 1350 3054 1420 quid
3081 1351 3222 1404 aliud
3257 1352 3456 1406 faetum

1855 1450 1959 1502 est,
1993 1455 2154 1509 quam
2180 1441 2224 1494 is
2256 1441 2475 1494 dixerat.
2500 1459 2511 1493 :
2551 1440 2615 1494 Et
2644 1444 2776 1496 vires
2807 1459 2982 1496 eorum
3009 1446 3278 1509 depascar.
3305 1444 3462 1499 Arci-

1859 1532 2016 1599 piens
2041 1543 2256 1586 nostras
2297 1536 2466 1600 vires,
2495 1533 2754 1603 depastus
2786 1544 2866 1590 est
2894 1550 3013 1590 nos.
3044 1535 3112 1588 Et
3141 1537 3461 1590 commovebo

1857 1627 2109 1693 civitates,
2135 1644 2250 1697 qua:
2277 1627 2635 1682 inltnbitantur
2679 1628 2834 1699 (Isai.
2873 1647 2923 1693 x,
2971 1629 3087 1702 24).
3142 1631 3330 1685 Ethuc
3363 1632 3462 1685 Za-

1858 1719 2020 1776 bulus
2043 1724 2437 1784 eomntinatur;
2465 1723 2758 1778 inhabitari
2792 1725 3248 1790 ceruitcivitales,
3283 1726 3464 1782 Eccle-

148 1821 398 1876 Ecclesia
427 1831 576 1876 sunt,
595 1819 724 1874 Cum
751 1831 922 1875 autem
949 1825 1380 1877 εοηδαηῃηαιιενξι
1406 1823 1545 1878 Deus
1576 1824 1750 1876 omnia
1786 1819 1834 1878 Β
1858 1812 1962 1867 sias
1988 1814 2083 1868 Dei
2107 1814 2159 1868 ἰη
2184 1813 2404 1869 ChriSlt)
2439 1815 2672 1869 Dntttillo
2701 1828 3070 1882 constructas,
3099 1818 3193 1871 has
3217 1833 3463 1872 cominu-

147 1914 347 1984 faciens
378 1912 432 1965 in
452 1921 625 1965 monte
649 1912 802 1976 Sion,
849 1923 896 1966 et
919 1914 971 1965 in
1000 1911 1293 1967 Jerusalem
1333 1915 1560 1978 inducet,
1595 1931 1751 1983 super

143 2021 354 2059 sensum
381 2019 627 2074 magnum
657 2003 942 2074 principem
969 2004 1318 2075 Assyriorum,
1352 2017 1399 2060 et
1428 2021 1584 2074 super
1631 2005 1752 2058 alti-

149 2097 383 2150 tudinem
409 2095 591 2166 gloria:
615 2096 893 2149 oculorum
911 2099 1026 2168 ejus
1060 2094 1216 2166 (Isai.
1242 2095 1751 2167 x).l)ocemurquid

149 2189 390 2243 ﬁtturum
413 2190 487 2243 sit
514 2189 733 2242 inimico
754 2199 941 2244 ΙΙοδυό
967 2199 1019 2244 et
1047 2187 1254 2244 Zabulo
1279 2188 1432 2259 (Gen.
1461 2188 1566 2259 Ill),
1592 2204 1750 2259 quem

145 2297 372 2339 sensum
403 2284 694 2353 quemdam
736 2298 990 2355 magnum
1015 2300 1156 2338 nunc
1186 2284 1464 2354 Propheta
1480 2299 1757 2354 nuncupa-

145 2362 239 2432 vit:
269 2377 558 2446 Quomodo
597 2378 742 2433 enim
778 2393 1008 2448 serpens
1040 2378 1344 2448 Sapientior
1388 2388 1509 2433 erat
1543 2377 1757 2450 1140

157 2470 639 2526 omuibus.bestiis
669 2486 790 2538 qua:
818 2479 944 2525 sunt
986 2487 1149 2539 super
1195 2482 1416 2534 terram,
1450 2481 1505 2526 et
1535 2471 1628 2525 ﬁlii
1656 2488 1758 2526 sa:-

147 2565 256 2619 Culi
295 2563 456 2634 hujus
477 2563 843 2634 sapientiores
877 2579 1040 2634 super
1074 2563 1214 2618 ﬁlios
1266 2565 1403 2618 lucis
1435 2564 1488 2618 in
1521 2581 1753 2633 genera-

148 2655 300 2712 tione
325 2672 424 2711 sua
458 2667 613 2722 sunt;
643 2667 697 2710 et
736 2657 1086 2725 dispensator
1127 2657 1428 2726 iniquitatis
1479 2657 1756 2724 sapienter

152 2750 284 2806 fecit
315 2752 616 2806 secundum
646 2751 969 2820 sapientiam
1004 2765 1115 2804 non
1147 2751 1339 2806 bonam
1368 2768 1379 2802 :
1415 2749 1606 2805 eodem
1641 2766 1754 2804 mo-

149 2842 216 2896 do
248 2843 352 2897 iste
379 2845 470 2910 qui
501 2843 802 2912 ﬁguraliter
855 2843 1108 2912 princeps
1139 2841 1490 2912 Assyriorum
1534 2841 1754 2910 dicitur,

147 2949 385 3002 magnus
407 2946 487 2988 est
518 2949 740 3001 sensus,
771 2942 825 2990 et
855 2942 940 2990 est
964 2934 1148 2988 mirari
1177 2933 1605 3004 magnitudinem
1629 2949 1756 2991 sen-

148 3044 243 3085 Sus
271 3030 392 3099 ejus
425 3047 437 3081 :
474 3030 526 3083 in
559 3045 667 3098 quo
693 3029 894 3084 abusus
935 3036 1021 3084 est
1070 3029 1136 3082 ad
1170 3027 1520 3085 instruendos
1547 3030 1756 3098 sapien-

150 3131 230 3178 tes
287 3123 476 3177 mtmdi
533 3121 690 3177 istius
723 3164 738 3188 ,
783 3121 874 3191 qui
905 3136 1028 3178 cum
1070 3122 1216 3176 omni
1249 3121 1747 3186 verisimilitudine,

150 3229 462 3288 cunctaque
485 3217 684 3272 virtute
717 3215 1008 3272 falsitatem
1042 3225 1313 3272 sectarum
1351 3230 1574 3269 suarum
1607 3229 1756 3269 com-
1783 3204 1827 3266 C

149 3323 424 3382 ponentes
453 3310 731 3366 exhibent.
777 3310 910 3364 Cum
937 3308 1270 3380 ergoomnia
1306 3308 1494 3366 fecerit
1533 3309 1674 3364 Deus
1699 3310 1752 3362 in

150 3414 349 3461 monte
387 3404 543 3469 Sion,
576 3415 630 3459 et
663 3406 713 3458 in
758 3403 1086 3469 Jerusalem,
1119 3410 1175 3457 et
1197 3401 1605 3469 reddideritea,
1638 3417 1757 3471 quae

146 3495 320 3565 justis
349 3495 685 3563 repromissa
731 3500 882 3561 sunt,
920 3504 1047 3547 tunc
1074 3491 1299 3546 inducet
1339 3506 1504 3560 supra
1535 3506 1755 3546 sensum

152 3605 416 3660 magnum
441 3587 739 3658 principem
764 3587 1134 3656 Assyriorum.
1163 3594 1397 3654 etstzpcr
1419 3583 1756 3640 altitudinem

151 3683 344 3753 gloriae
387 3681 669 3736 oculorum
731 3680 870 3749 ejus.
913 3679 1032 3734 Alta
1065 3695 1188 3735 eum
1221 3677 1523 3748 sapientem
1575 3691 1760 3733 sermo

153 3777 325 3842 novit,
357 3783 412 3830 et
436 3774 720 3830 exordium
748 3774 916 3828 ruinm
947 3773 1064 3843 ejus
1096 3775 1164 3829 ab
1195 3772 1474 3827 inﬂatione
1505 3771 1757 3839 (cepisse.

154 3868 314 3925 Unde
350 3876 402 3922 et
441 3868 486 3920 si
517 3866 684 3922 inﬂati
715 3865 994 3931 fuerimus,
1040 3867 1093 3920 in
1137 3865 1403 3935 judicium
1462 3863 1762 3920 incidemus

149 3957 390 4023 diaboli,
423 3957 474 4012 in
507 3973 613 4029 quo
645 3956 836 4012 incidit
864 3958 980 4027 ipse
1002 3957 1259 4011 Zabulus.

228 4054 294 4107 ll.
340 4051 637 4106 Videamus
671 4060 852 4105 autem
886 4061 939 4104 et
979 4047 1314 4104 inﬂationem
1373 4049 1512 4118 ejus,
1563 4058 1760 4118 quanta

155 4148 250 4213 sit,
290 4154 354 4200 ut
377 4159 494 4200 eam
527 4158 840 4206 caveamus,
879 4152 932 4198 et
965 4157 1071 4198 non
1117 4142 1498 4210 permittamus
1529 4156 1651 4200 eum
1678 4156 1766 4196 su-

152 4255 250 4308 per
276 4253 384 4300 nos
410 4252 534 4290 vera
563 4236 766 4290 dicere.
795 4234 1107 4303 Quiiligitur
1131 4233 1293 4290 dicit?
1323 4231 1534 4286 Viribus
1548 4233 1760 4302 faciant,

149 4343 199 4386 et
224 4329 545 4403 sapientiam
561 4326 851 4382 intellectus
864 4327 1117 4397 auferam,
1126 4325 1254 4396 lines
1275 4324 1504 4394 gentium
1519 4322 1762 4396 (lsai.x).

156 4421 783 4478 ExiSIimatl‘ortitudine
804 4436 918 4485 sua,
951 4419 1092 4489 quod
1127 4419 1242 4473 vult
1263 4417 1488 4473 iunobis
1519 4432 1579 4472 se
1604 4431 1764 4484 posse

155 4514 451 4584 perﬁcere.
489 4513 552 4568 Et
583 4527 771 4566 tevera
807 4513 850 4567 si
883 4512 1187 4579 vincamur,
1227 4519 1283 4567 et
1307 4520 1424 4579 post
1454 4509 1570 4565 htec
1603 4507 1764 4563 verba

1859 1915 2038 1960 turum
2063 1921 2186 1961 esse
2209 1923 2270 1961 se
2303 1917 2582 1976 persanat.
2613 1908 2677 1962 Et
2710 1909 3027 1978 frequenter
3081 1909 3304 1979 quidem
3329 1927 3460 1964 con-

1855 1999 2029 2054 cussit
2084 1998 2338 2058 civitates
2394 1999 2729 2054 inhabitatas
2789 2002 3260 2069 persecutiouibus
3293 2044 3307 2067 ,
3354 2002 3459 2056 ἠϊ-

1861 2102 2099 2159 quenter
2129 2093 2736 2148 concussitscandalis.
2773 2092 2878 2149 Sed
2905 2110 3006 2148 nos
3032 2102 3304 2149 tentemus
3339 2095 3460 2149 fun-

1857 2184 2176 2239 damentum
2213 2185 2477 2240 habentes
2500 2199 2668 2255 super
2699 2195 2906 2254 pet-ram
2933 2186 3066 2241 tales
3101 2184 3240 2252 ﬁeri,
3274 2195 3335 2240 ut.
3355 2185 3458 2241 iste

1857 2277 1951 2344 qui
1981 2276 2112 2332 dicit
2145 2295 2157 2332 :
2185 2276 2523 2332 Commoeebo
2546 2278 2797 2342 civitates,
2829 2295 2943 2349 qua:
2963 2278 3334 2346 inhabitantur,
3363 2296 3461 2336 nos

1858 2383 2082 2423 morere
2125 2386 2230 2424 non
2286 2370 2464 2425 valeat
2517 2384 2615 2440 per
2643 2371 2911 2438 procellas
2933 2387 3090 2438 suas,
3135 2387 3316 2442 neque
3363 2389 3458 2440 per

1860 2461 2086 2530 spiritus
2117 2461 2400 2522 adversos.
2439 2462 2638 2520 Yet'um
2669 2463 2736 2515 ad
2761 2463 2948 2517 omnia
2979 2480 3098 2534 qua:
3130 2465 3454 2531 acciderint,

1859 2553 2086 2610 Stabiles.
2117 2570 2562 2626 perseveremus,
2611 2567 2797 2627 utpote
2845 2557 3110 2614 habentes
3167 2558 3460 2616 :cdiﬁcium

1859 2662 2030 2716 super
2053 2656 2268 2718 petram
2313 2649 2504 2704 Jesum
2534 2649 2855 2716 Christum,
2904 2654 2990 2706 cui
3045 2663 3130 2708 est
3173 2653 3350 2724 gloria
3407 2663 3462 2709 et

1860 2740 2146 2812 imperium
2172 2741 2226 2798 in
2260 2745 2459 2802 sarcula
2490 2745 2842 2800 smculorum.
2866 2744 3064 2802 Amen.

2391 2879 2674 2936 llOMlLlA
2720 2880 2925 2937 NONA.

1860 2986 1939 3043 De
1985 3005 2044 3044 eo
2085 2991 2225 3061 quod
2269 2991 2516 3062 scriptum
2549 3001 2671 3045 est:
2705 2993 2769 3046 Et
2793 2992 2973 3047 audivi
3006 3009 3198 3049 vocem
3246 2995 3460 3050 Domini

1927 3082 2198 3137 dicentis:
2235 3084 2410 3152 Quem
2445 3084 2692 3150 mittam,
2735 3095 2790 3140 et
2830 3085 2957 3155 quis
2981 3085 3079 3139 ibit
3114 3086 3177 3139 ad
3205 3089 3460 3156 p0pulum

1933 3174 2137 3228 istum?
2163 3185 2210 3228 et
2233 3175 2613 3249 transgrediens
2657 3177 2882 3244 modica,
2931 3180 3163 3249 pervenit
3206 3197 3364 3252 usque
3394 3182 3463 3234 ad

1935 3268 2102 3321 locant
2133 3269 2184 3323 in
2207 3287 2307 3339 quo
2328 3270 2607 3326 scribitur:
2638 3270 2769 3326 Pete
2795 3272 2888 3327 tibi
2921 3276 3138 3342 signum
3169 3290 3198 3328 a
3233 3276 3462 3334 Domino

1933 3362 2046 3417 Deo
2071 3372 2160 3417 tuo
2192 3363 2243 3417 in
2280 3362 2627 3438 profundum,
2660 3375 2751 3418 aut
2787 3364 2838 3418 in
2873 3365 3176 3421 excelsum.
3209 3367 3335 3439 Cap.
3367 3369 3430 3424 Vl
3451 3411 3465 3436 ,

1935 3452 2049 3507 Vll.

1943 3581 2176 3655 1141.
2228 3582 2298 3638 Et
2335 3584 2508 3638 audivi
2547 3602 2718 3639 vocem
2762 3585 2972 3640 Domini
3018 3588 3274 3657 dicentis,
3315 3607 3466 3659 quem

1863 3677 2085 3744 mittant,
2117 3685 2168 3730 ct.
2194 3678 2310 3748 quis
2345 3677 2434 3730 ibit
2460 3678 2528 3731 ad
2551 3677 2804 3749 populum
2836 3681 3031 3735 istum?
3052 3679 3120 3733 Et
3148 3683 3258 3735 dimi
3281 3700 3301 3736 :
3334 3682 3466 3738 Ecce

1863 3786 1956 3842 ego
1981 3786 2117 3838 sum,
2144 3771 2286 3824 mitte
2310 3788 2407 3824 me.
2465 3769 2530 3824 Et
2571 3773 2686 3826 ait:
2709 3773 2856 3840 vade,
2890 3783 2936 3828 et
2979 3775 3062 3827 dic
3083 3774 3274 3846 papula
3303 3774 3423 3829 huic
3448 3794 3466 3832 :

1864 3862 2002 3916 Aure
2021 3861 2241 3916 audietis
2267 3905 2282 3929 ,
2316 3873 2362 3916 et
2408 3880 2510 3916 non
2541 3863 2839 3936 intelligetis
2869 3905 2884 3929 ,
2932 3875 2985 3920 et
3028 3868 3259 3935 reliqua.
3300 3871 3370 3923 i-le
3400 3884 3467 3924 eo

1866 3957 1955 4024 qui
1989 3971 2133 4010 nunc
2168 3956 2342 4012 lectus
2381 3965 2467 4010 est
2494 3955 2648 4010 Isaiae
2697 3956 2983 4026 Propheta
3025 3973 3300 4028 sermoae,
3339 3977 3466 4016 ore-

1866 4064 1989 4104 mus
2043 4049 2234 4115 Deum,
2291 4057 2350 4104 ut
2400 4049 2556 4104 nobis
2605 4050 2834 4117 gratiam
2887 4051 3170 4120 largiatur,
3210 4063 3260 4106 ut
3303 4053 3467 4123 digna

1869 4140 2189 4210 prephetico
2231 4139 2427 4208 spiritu
2481 4141 2762 4196 Valeamns
2799 4156 3095 4212 expauere.
3142 4141 3206 4195 Et
3249 4146 3460 4214 audivi,

1869 4233 2044 4302 inquit
2097 4230 2298 4305 (Ea‘od.
2332 4230 2432 4302 tv),
2492 4249 2662 4285 recent
2718 4231 2927 4286 Domini
2974 4234 3188 4287 dicentis
3239 4254 3252 4290 :
3301 4235 3466 4301 Quem

1868 4324 2110 4378 mittam?
2142 4324 2433 4394 Postquam
2477 4335 2732 4392 purgatus
2780 4338 2864 4380 est
2908 4326 3064 4380 labiis
3098 4325 3116 4398 [
3147 4326 3231 4380 Al.
3276 4327 3414 4383 labia
3449 4329 3468 4402 ]

1872 4418 2179 4488 Pr0pheta,
2232 4430 2449 4486 paratus
2491 4419 2736 4488 suscepit
2786 4417 3150 4475 ministerium
3213 4422 3465 4491 Domini,

1870 4520 1926 4568 et
1955 4511 2091 4566 dicit
2126 4529 2140 4565 :
2179 4511 2288 4584 ligo
2328 4527 2464 4572 sum,
2502 4511 2645 4563 mitte
2679 4527 2777 4564 me.
2802 4509 2910 4565 Sed
2947 4524 2998 4562 ut
3043 4513 3284 4582 paratior
3326 4525 3474 4569 esset

154 4621 488 4679 peccemus;
518 4605 562 4660 si
597 4615 718 4675 post.
748 4605 1046 4667 Ecclesiam
1079 4619 1300 4660 rursum
1328 4604 1383 4660 in
1427 4603 1654 4667 circum,
1712 4613 1765 4658 et
1793 4595 1846 4655 1)
1872 4603 1936 4657 ad
1971 4602 2095 4668 hoc,
2131 4603 2448 4655 meminerat
2486 4601 2634 4658 vocis
2673 4602 2860 4659 Mosei.
2897 4602 3031 4657 Nam
3071 4614 3126 4660 ct
3160 4605 3249 4661 ille
3279 4606 3470 4662 eadem

157 4701 224 4756 ad
249 4714 532 4770 equorum
557 4714 774 4764 cursus,
805 4709 863 4766 et
903 4697 967 4750 ad
1005 4706 1308 4752 conventus
1344 4695 1629 4764 gentilium
1683 4711 1773 4752 ea-

157 4809 300 4858 mus,
333 4791 465 4860 quid
486 4790 632 4844 aliud
658 4789 744 4853 ﬁt,
779 4805 937 4860 quam
963 4799 1248 4858 superatos
1272 4803 1371 4843 nos
1401 4788 1679 4858 possidet?
1705 4789 1771 4843 Et

159 4885 289 4953 quid
316 4883 458 4938 dixit
499 4882 755 4949 Zabulus,
806 4881 1010 4936 viribus
1061 4882 1298 4935 iaciam?
1331 4882 1684 4950 consequitur
1716 4881 1767 4935 iu

159 4980 322 5035 nobis
349 4977 759 5048 peccatoribus,
791 4975 933 5045 quod
973 4974 1214 5028 minatus
1237 4985 1338 5028 est.
1375 4973 1480 5030 ενα
1504 4983 1562 5028 et.
1586 4979 1628 5027 si
1663 4975 1770 5028 tor--

159 5074 414 5129 nicemur
447 5081 565 5140 past
595 5069 899 5124 castitatem
921 5071 1060 5138 longi
1101 5067 1309 5140 1141
1337 5068 1615 5136 temporis,
1653 5075 1777 5137 post.

157 5163 580 5219 sanctimoniam
641 5163 904 5226 multam,
956 5159 1082 5229 quid
1118 5160 1265 5214 aliud
1287 5151 1354 5214 ﬁt
1393 5202 1405 5223 ,
1448 5175 1608 5228 quam
1645 5176 1766 5214 vera

159 5257 382 5320 locutus
415 5254 672 5324 probatur
704 5270 865 5321 super
897 5268 1015 5320 nos,
1050 5253 1140 5322 qui
1165 5252 1321 5318 dixit,
1355 5251 1543 5306 riribns
1558 5252 1774 5322 faciam?

159 5350 306 5416 Quid
341 5361 523 5402 autem
576 5359 628 5402 et
660 5348 804 5402 aliud
856 5348 1201 5417 repromittat
1234 5348 1334 5401 iste
1366 5345 1771 5416 magniloquax,

161 5442 501 5497 intueantur.
533 5439 599 5493 Et
630 5441 934 5509 sapientiam
989 5440 1282 5493 intellectus
1332 5440 1586 5508 att/eram.
1647 5439 1772 5506 ﬁnes

162 5536 424 5607 gentium.
456 5533 788 5602 Sapientiam
817 5535 1004 5588 nescio
1035 5549 1194 5602 quam
1233 5533 1539 5600 pollicetur,
1571 5531 1636 5583 de
1667 5546 1769 5600 qua

161 5638 218 5686 el
251 5626 527 5699 Propheta
588 5627 848 5694 loquitur.
884 5625 1186 5695 Alienigena
1240 5624 1476 5694 quwdam
1516 5623 1776 5691 sapientia

163 5735 239 5778 est
268 5725 326 5776 in
358 5724 430 5776 eis
457 5719 588 5788 (λετ.
617 5735 736 5788 vui,
771 5718 847 5790 9).
878 5720 971 5774 Est
1017 5719 1163 5773 enim
1218 5717 1396 5786 aliqua
1451 5725 1708 5770 extranea
1742 5731 1770 5768 a

163 5816 405 5871 veritate
436 5814 721 5884 sapientia,
755 5827 914 5883 quam
947 5811 1224 5882 disperdet
1257 5807 1420 5864 Deus.
1473 5808 1621 5863 Hauc
1671 5810 1771 5862 iste

1877 4705 2036 4753 utens
2063 4712 2216 4762 voce,
2250 4696 2394 4749 mitte
2419 4711 2517 4759 me,
2543 4696 2796 4764 princeps
2819 4698 3028 4765 populi,
3055 4697 3331 4768 judexque
3359 4700 3469 4757 fac-

1879 4797 1984 4854 tus,
2029 4797 2084 4843 et
2119 4787 2351 4842 famulus
2407 4787 2499 4842 Dei
2543 4798 2886 4857 nuncupatus
2912 4801 3018 4844 est.
3051 4790 3252 4850 Audivi
3285 4803 3469 4868 autem

1874 4883 2162 4953 quemdam
2215 4881 2500 4936 Hebraium
2549 4893 2911 4952 exponentem
2953 4884 3094 4938 hunc
3135 4886 3314 4940 locum
3342 4930 3357 4954 ,
3388 4899 3475 4943 at»

1878 4989 1986 5044 que
2029 4973 2332 5037 dicentem,
2370 4974 2492 5043 quia
2529 4975 2765 5030 libenter
2794 4975 3010 5046 quidem
3044 4975 3349 5048 PrOphetes
3375 5022 3389 5048 ,
3422 4993 3478 5037 et

1879 5074 2098 5134 paratus
2132 5063 2468 5135 prephetiam
2492 5067 2732 5137 suscepit
2762 5066 2828 5120 ad
2865 5068 3122 5138 populum
3152 5113 3166 5136 ,
3221 5071 3480 5142 ignorans

1876 5171 1994 5226 qua:
2026 5166 2209 5212 essent
2249 5157 2298 5211 ci
2344 5156 2593 5212 dicenda.
2644 5157 2818 5214 Porro
2849 5160 3078 5220 audiens
3113 5164 3284 5220 tristia
3309 5207 3322 5228 ,
3354 5183 3477 5236 qua:

1877 5261 2056 5306 essent
2079 5252 2278 5321 populo
2303 5252 2620 5320 utiutianda,
2646 5254 2746 5308 hoc
2773 5264 2875 5320 est,
2895 5273 3020 5310 aure
3043 5258 3281 5324 audietis,
3305 5270 3350 5312 et
3373 5278 3472 5317 non

1876 5342 2194 5416 intelligetis,
2219 5354 2322 5398 etc.
2351 5342 2507 5417 (Isai.
2539 5350 2648 5416 η),
2675 5347 2726 5400 in
2755 5350 3106 5416 sequentibus
3141 5351 3342 5421 pigrior
3384 5356 3473 5421 ﬁt:

1878 5434 2094 5490 dicente
2147 5437 2196 5491 ci
2248 5452 2383 5491 voce
2417 5438 2507 5492 Dei
2536 5456 2549 5502 ;
2596 5437 2798 5504 Clama,
2825 5443 3086 5512 respondit
3132 5445 3201 5508 ci,
3233 5455 3279 5497 et
3302 5447 3425 5500 dicit
3457 5467 3470 5502 :

1883 5529 2018 5596 Quid
2049 5529 2280 5584 cirunabo
2303 5535 2326 5585 ί)
2362 5530 2490 5585 Arii
2523 5548 2615 5585 ror
2662 5543 2842 5586 autem
2898 5535 3010 5588 lucc
3062 5537 3373 5608 prophetari
3406 5543 3474 5599 de

1879 5621 2200 5687 Salvatore;
2232 5625 2356 5692 quia
2390 5624 2629 5678 futurum
2662 5634 2800 5690 erat,
2837 5639 2894 5680 Ut
2926 5628 3207 5684 audientes
3252 5649 3358 5688 non
3383 5651 3478 5691 au-

1880 5713 2080 5777 dirent,
2115 5724 2172 5769 et
2213 5714 2458 5771 videntes
2488 5733 2594 5771 non
2631 5717 2903 5772 viderent.
2935 5720 3271 5779 Manifesuus
3318 5744 3482 5796 porro

1882 5806 1972 5863 ﬁet
2007 5805 2218 5880 1142
2245 5807 2388 5878 quod
2419 5807 2640 5876 dicitur,
2671 5809 2718 5865 si
2746 5811 3160 5871 consideremus
3199 5821 3473 5888 paululum
