3972 6326
520 270 628 328 935

906 269 968 328 S.
1007 269 1289 330 EUSEBII
1325 268 1707 330 HIERONYMI
1742 268 2182 329 TBANSLATIO
2222 272 2454 332 IIOMIL.
2495 272 2683 332 ORIG.
2726 271 2793 331 ΙΝ
2831 271 3146 335 VISIONES
3183 272 3436 333 lSAlAE.

3691 278 3784 333 956

523 387 698 442 locum
729 387 890 442 istum
929 403 941 440 :
986 396 1250 443 cernentes
1298 388 1558 456 aspicietis
1582 429 1596 452 ,
1633 396 1680 442 et
1724 403 1824 441 non
1860 387 2114 452 ridebitis,
2147 399 2194 456 Α
2222 404 2437 442 suorum
2470 389 2722 459 priorum.
2760 389 3006 444 Diximus
3036 390 3153 446 haec
3181 389 3248 447 de
3275 388 3437 444 nobis
3469 385 3596 454 dici,
3632 397 3683 444 et
3717 389 3788 443 bis

522 480 824 536 istiusmodi
855 490 958 534 est.
1007 479 1276 537 Videbant
1312 480 1532 552 quidem
1565 479 1754 536 videre
1783 489 1910 536 tunc
1943 495 2119 535 caecos

517 573 893 644 respicientes,
939 574 1210 630 rationem
1260 582 1442 630 autem
1490 574 1719 630 visionis
1772 574 2118 645 ignorabant.

519 667 827 723 Audiebant
859 667 1172 737 parabolas,
1199 682 1333 738 quas
1356 667 1698 723 dissolvebat
1728 675 1939 723 secreto
1965 665 2124 722 disci-

520 759 660 829 pulis
692 759 963 816 Salvator.
1014 759 1118 830 Ipsi
1153 775 1284 814 vero
1307 774 1414 815 non
1465 759 1780 827 audiebant,
1816 761 2124 816 nescientes

519 871 638 925 qua:
665 855 1010 920 dicebantur,
1043 863 1272 926 propter
1295 853 1400 910 hoc
1445 853 1750 910 testiﬁcans
1797 869 1894 908 eos
1937 853 2075 908 dixit
2105 871 2118 906 :

524 948 626 1015 Qui
663 947 814 1002 habet
861 965 1010 1002 aures
1060 948 1308 1002 audiendi
1335 945 1538 1002 audiat.
1583 946 1694 1002 Nec
1733 945 1876 1002 enim
1925 943 2121 1016 privati

521 1050 680 1098 erant
709 1041 791 1097 his
829 1040 1072 1108 auribus,
1108 1051 1166 1096 ut
1197 1057 1305 1096 non
1342 1040 1633 1105 audirent;
1683 1039 1780 1096 sed
1827 1039 2122 1096 interiores

519 1148 712 1188 eorum
741 1147 902 1188 aures
939 1141 1184 1204 gravatae
1211 1142 1369 1188 erant
1397 1131 1468 1188 ad
1509 1132 1862 1189 audiendum.
1897 1133 2124 1204 Propter

525 1225 629 1282 hoc
660 1225 921 1297 praedicat
973 1226 1056 1281 eis
1081 1269 1097 1294 ,
1129 1235 1184 1281 et
1211 1241 1311 1296 per
1349 1225 1678 1296 Prophetam
1712 1225 1895 1280 futura
1927 1228 2126 1297 pra-la-

525 1329 610 1374 tttr
639 1319 826 1375 dicens
868 1336 880 1372 :
911 1318 1049 1372 Aure
1073 1318 1315 1384 audietis,
1342 1327 1393 1373 et
1414 1334 1518 1373 non
1555 1317 1860 1390 intelligetis
1893 1337 1910 1374 :
1944 1327 1989 1373 et
2012 1335 2124 1373 cer-

523 1422 698 1466 nentes
729 1411 1010 1481 aspicietis,
1036 1420 1082 1464 et
1105 1428 1208 1465 non
1229 1411 1482 1466 videbitis.
1508 1411 1864 1466 lncrassatum
1891 1422 1965 1466 est
1986 1413 2123 1467 enim

519 1523 610 1559 cor
629 1505 809 1577 populi
844 1505 1020 1576 hujus.
1051 1504 1194 1572 Quid
1219 1505 1290 1560 sit
1336 1506 1438 1561 hoc
1459 1505 1603 1576 quod
1631 1505 1831 1562 dicitur
1864 1525 1878 1560 :
1905 1505 2122 1562 Incras-

522 1609 691 1653 satum
720 1606 792 1652 est
816 1600 952 1652 enim
974 1613 1062 1652 cor
1083 1597 1267 1668 papuli
1309 1598 1485 1671 hujus,
1529 1598 1904 1669 inspiciamus.
1934 1599 2124 1655 Omni-

525 1692 642 1757 bus,
673 1693 763 1764 qui
809 1693 860 1747 in
910 1695 1193 1763 praesentis
1224 1691 1348 1747 vita:
1392 1695 1543 1749 curis
1570 1703 1882 1762 versantur,
1918 1711 2012 1751 cor
2042 1696 2123 1750 itt-

2222 478 2313 548 qui
2364 477 2416 533 in
2465 478 2624 533 nobis
2667 487 2794 533 sunt
2845 490 3182 550 peccatores.
3219 479 3507 546 Quomodo
3537 479 3689 549 igitur
3715 483 3790 551 qui

2225 569 2367 624 inter
2407 584 2507 625 nos
2539 579 2664 624 sunt
2705 579 3043 642 peccatores,
3073 572 3324 627 conversi
3368 580 3497 626 sunt
3524 570 3588 626 ad
3616 571 3788 641 iniqui-

2225 669 2363 716 tates
2390 671 2626 732 patrum,
2659 671 2714 718 et
2745 673 2961 734 patrum
2991 679 3215 721 suorum
3248 664 3540 735 priorum?
3568 663 3791 735 Duplices

2223 751 2488 808 habemus
2518 763 2724 824 patres,
2755 765 2810 812 et
2837 772 2942 812 una
2974 757 3186 827 species
3209 769 3293 812 est
3322 757 3677 829 pessimorum
3713 774 3792 829 pa-

2225 855 2391 902 trum.
2445 848 2724 920 Siquidem
2779 861 3071 922 antequam
3127 853 3522 920 crederemus,
3571 854 3792 910 diabolus

2226 952 2380 1012 pater
2435 956 2621 998 n05ter
2651 944 2770 1010 luit,
2820 956 2875 998 ut
2915 960 3098 1001 sermo
3145 946 3507 1016 Evangelicus
3535 948 3787 1016 ostendit,

2223 1036 2416 1092 dicens
2445 1055 2455 1091 :
2501 1037 2604 1093 Vos
2642 1038 2706 1093 de
2733 1048 2878 1111 patre
2921 1040 3108 1093 zabulo
3140 1043 3250 1094 nati
3280 1043 3421 1097 estis.
3470 1041 3604 1098 Cum
3634 1053 3789 1099 autem

2224 1129 2579 1198 credidimus,
2613 1130 2741 1186 t‘acti
2780 1146 2968 1186 sumus
2999 1132 3094 1187 lilii
3145 1131 3260 1188 Dei.
3292 1134 3348 1189 Si
3382 1149 3515 1205 ergo
3548 1145 3663 1204 post
3697 1136 3792 1192 hac

2228 1223 2654 1292 peccaverimus,
2687 1225 3060 1280 convertimur
3104 1224 3171 1280 ad
3201 1225 3518 1296 iniquitates
3564 1237 3790 1298 patrum.

2227 1331 2334 1371 non
2365 1317 2713 1387 simpliciter,
2744 1319 2837 1374 sed
2870 1329 3085 1390 patrum
3119 1319 3387 1390 priorum.
3428 1321 3509 1376 Ad
3547 1322 3795 1393 probatio-

2227 1425 2348 1466 nem
2376 1421 2555 1467 autem
2581 1411 2742 1482 hujus
2769 1412 2871 1479 rei,
2905 1413 3030 1483 quia
3051 1412 3298 1484 duplices
3328 1413 3590 1471 habemus
3613 1428 3791 1486 patres,

2227 1505 2430 1560 utimur
2457 1516 2516 1559 et
2550 1503 2765 1577 1144
2798 1505 2966 1559 David
3009 1505 3326 1562 testimonio
3348 1549 3363 1573 ,
3427 1507 3480 1560 in
3521 1507 3796 1579 quadrage-

2226 1596 2365 1652 simo
2403 1607 2598 1666 quarto
2629 1598 2860 1668 psalmo,
2896 1599 2966 1652 ita
2987 1598 3219 1655 dicentis
3243 1617 3256 1652 :
3279 1599 3441 1664 Audi,
3465 1601 3597 1670 ﬁlia,
3617 1611 3662 1655 et
3680 1601 3796 1667 ride,

2224 1700 2271 1745 et
2302 1691 2497 1745 inclina
2527 1707 2708 1746 aurem
2736 1701 2878 1744 tuam
2905 1733 2919 1757 ,
2955 1701 3001 1747 et
3034 1691 3332 1748 obliviscere
3373 1693 3623 1765 papulum
3649 1703 3791 1756 tuum,

520 1793 825 1840 crassatum
867 1793 953 1840 est
985 1801 998 1838 :
1030 1785 1171 1840 haud
1216 1786 1377 1841 aliter
1422 1786 1504 1842 eis
1529 1828 1545 1852 ,
1569 1787 1662 1858 qui
1687 1787 1742 1842 in
1767 1789 2121 1846 saecularibus
2150 1793 2199 1856 B
2225 1793 2270 1837 ει
2291 1783 2501 1837 domum
2522 1785 2682 1852 patris
2701 1785 2797 1837 ιιιὶ.
2824 1784 2987 1853 Ωιιδεί
3018 1795 3172 1856 pater
3193 1786 3398 1856 Quippe
3427 1789 3591 1858 capit
3619 1803 3632 1842 :
3661 1787 3795 1852 Audi,

524 1887 806 1934 morantur
833 1878 1193 1935 incrassatum
1222 1889 1306 1936 est
1329 1895 1448 1946 cor,
1480 1895 1639 1950 quam
1672 1882 1716 1935 si
1745 1897 1776 1936 a
1801 1881 1971 1952 spinis
1995 1898 2124 1939 ene-

521 1983 737 2031 centur.
764 1973 974 2031 Idcirco
1001 1977 1311 2047 pinguescit
1331 1991 1447 2043 cor,
1479 1985 1535 2034 ct
1559 1993 1665 2034 non
1696 1989 1875 2051 potest
1912 1981 2126 2035 tenuio-

521 2073 596 2128 ris
643 2073 868 2142 spiritus
912 2071 1193 2143 suscipere
1251 2072 1524 2128 notiones.
1577 2069 1873 2144 Fugiamus
1917 2088 2047 2144 ergo
2092 2089 2124 2129 a

524 2165 722 2221 talibus
750 2165 920 2230 curis,
947 2175 1004 2219 ut
1029 2172 1373 2221 attenuatum
1403 2179 1499 2220 cor
1520 2174 1768 2221 nostrum
1795 2166 1910 2222 Deo
1931 2182 2126 2238 accep-

525 2257 685 2312 tabile
745 2256 858 2311 liat.
916 2255 1213 2327 Fugiamus
1272 2266 1490 2313 terrena
1540 2260 1778 2328 negetia.
1833 2258 1942 2316 Ista
1996 2271 2126 2316 sunt

522 2351 702 2414 enim,
753 2350 950 2422 quibus
977 2364 1073 2406 cor
1115 2350 1472 2408 incrassatur.
1525 2351 1753 2424 Propter
1797 2352 1904 2410 hoc
1941 2369 2124 2410 sermo

524 2444 741 2500 subtilis
763 2453 906 2510 erat,
937 2452 997 2499 ut
1025 2444 1079 2500 in
1102 2444 1295 2500 Exodo
1326 2445 1586 2502 scribitur
1615 2446 1686 2502 de
1713 2463 1803 2514 eo,
1837 2447 1980 2519 quod
2002 2449 2080 2504 ait
2108 2466 2121 2501 :

517 2541 858 2611 Quicumque
887 2537 1096 2596 iuerint
1111 2547 1335 2611 propter
1362 2539 1573 2612 115.3
1597 2541 1921 2597 tenuitatem
1941 2542 2125 2596 cordis

523 2633 817 2702 ejusmodi,
853 2634 940 2687 isti
968 2631 1136 2688 Deum
1168 2633 1429 2688 videbunt
1460 2632 1657 2704 (Exod.
1694 2635 1862 2706 xxtv).
1895 2634 2124 2692 Talibus

520 2727 668 2783 enim
698 2726 871 2783 oculis
916 2726 1060 2782 Deus
1081 2724 1318 2780 videtur.
1353 2724 1483 2780 Tria
1531 2736 1659 2781 sunt
1687 2743 1810 2797 quae
1838 2727 2118 2784 dicuntur.

520 2817 876 2872 Incrassatum
906 2828 982 2873 est
1002 2820 1138 2874 enim
1159 2835 1250 2873 cor
1279 2817 1465 2891 populi
1486 2818 1666 2892 hujus,
1699 2829 1746 2874 et
1766 2821 1976 2875 auribus
2011 2823 2122 2876 suis

517 2913 735 2983 graviter
757 2912 1053 2980 audierunt,
1077 2923 1125 2967 et
1156 2913 1332 2968 oculos
1364 2930 1488 2968 suos
1533 2914 1854 2970 clauserunt.
1883 2915 2124 2972 Possunt

517 3014 699 3061 autem
727 3014 781 3061 et
807 3005 964 3061 aliter
989 3004 1334 3062 manifestius
1365 3005 1622 3077 intelligi.
1653 3022 1776 3078 quae
1808 3007 1909 3063 Itoc
1929 3008 2122 3064 dlCllll-

521 3105 609 3152 tur
639 3097 690 3151 in
723 3097 863 3153 loco.
894 3098 1050 3154 Multi
1075 3098 1220 3154 enim
1247 3097 1524 3154 hominum
1549 3107 1743 3170 putant
1768 3100 2120 3171 inspicientes

2229 1873 2362 1944 ﬁlia.
2396 1874 2540 1946 Ergo
2567 1875 2816 1946 duplices
2847 1879 3018 1933 nostri
3051 1887 3234 1948 patres
3276 1889 3422 1936 sunt.
3467 1880 3573 1937 Sed
3605 1881 3802 1936 oblivis~

2227 1984 2394 2036 cere,
2435 1969 2642 2040 inquit,
2691 1971 2913 2026 domum
2968 1973 3139 2043 patris
3193 1973 3270 2027 tui
3321 1973 3542 2043 prioris.
3577 1974 3630 2031 Si
3660 1974 3802 2045 igitur

2227 2061 2428 2118 oblitus
2472 2061 2694 2118 domttm
2726 2063 2896 2134 patris
2932 2064 3008 2118 tui
3053 2065 3252 2135 prioris
3302 2081 3496 2121 rursus
3548 2065 3702 2122 lueris
3740 2066 3798 2120 ad

2229 2167 2445 2229 peccata
2476 2173 2801 2226 conversus,
2835 2160 3078 2217 incidisti
3111 2162 3162 2217 in
3197 2163 3249 2217 id
3279 2164 3429 2234 quod
3463 2179 3606 2219 nunc
3627 2163 3801 2219 dicitur

2229 2264 2509 2323 peccatum
2531 2252 2804 2310 :Conrersi
2823 2266 2942 2310 sunt
2962 2257 3032 2310 ad
3055 2257 3354 2328 iniquitates
3379 2267 3586 2330 patrum
3610 2275 3799 2312 suorum

2228 2347 2484 2417 priorum.
2529 2347 2856 2404 Dicebamus
2911 2349 3116 2405 dudum
3164 2351 3417 2406 zabulum
3449 2363 3657 2423 patrem
3691 2365 3804 2406 nos-

2229 2450 2370 2495 trum
2421 2439 2612 2509 luisse,
2662 2451 2953 2513 antequam
3004 2442 3155 2500 Deus
3202 2443 3380 2500 lactus
3428 2444 3500 2499 sit
3551 2453 3712 2516 pater,
3759 2444 3800 2497 si

2230 2540 2411 2589 tamen
2463 2549 2608 2588 nttuc
2642 2550 2751 2590 non
2785 2534 3052 2592 habemus
3082 2537 3247 2592 etiam
3278 2537 3532 2593 zabulum
3566 2550 3753 2608 patrem
3789 2557 3799 2590 :

2226 2627 2370 2699 quod
2396 2629 2558 2685 etiam
2591 2629 2660 2685 de
2687 2629 2914 2686 Joannis
2949 2632 3193 2703 Epistola
3217 2633 3608 2704 approbamus,
3632 2635 3678 2689 in
3703 2649 3803 2705 qua

2227 2724 2296 2779 ita
2329 2724 2590 2781 scribitur
2623 2743 2636 2780 :
2674 2726 2856 2782 Omnis
2886 2729 2976 2798 qui
3007 2740 3273 2798 peccatum
3312 2730 3483 2800 facit,
3527 2748 3589 2785 ea:
3635 2732 3806 2784 zabulo

2226 2827 2381 2872 natus
2431 2828 2525 2874 est.
2577 2819 2766 2876 Toties
2794 2836 2860 2877 ex
2893 2822 3088 2878 zabulo
3122 2825 3420 2892 nascimur,
3452 2827 3662 2897 quoties
3691 2841 3808 2894 pec-

2226 2925 2430 2966 camus.
2465 2911 2660 2968 lnl'elix
2691 2913 2796 2970 iste
2827 2915 2919 2986 qui
2947 2931 3167 2987 semper
3193 2926 3488 2987 generatur
3537 2933 3566 2971 a
3605 2917 3803 2971 sabulo.

2227 3004 2570 3077 Rursumque
2602 3007 2830 3063 multum
2861 3010 3052 3065 beatus
3081 3011 3175 3081 qui
3204 3026 3426 3082 semper
3453 3027 3522 3067 cx
3560 3012 3664 3067 Deo
3689 3027 3806 3067 nas-

2224 3097 2385 3154 citur.
2421 3100 2607 3172 Neque
2637 3103 2782 3158 enitn
2808 3104 2982 3160 semel
3011 3103 3187 3159 dicam
3207 3146 3220 3171 ,
3254 3103 3464 3174 justum
3497 3121 3561 3162 ex
3590 3107 3692 3162 Deo
3715 3121 3804 3160 na-

515 3197 818 3256 creaturas,
848 3197 907 3244 et
937 3189 1194 3245 mundum
1228 3189 1391 3245 istum
1422 3192 1880 3262 contemplantes,
1933 3193 2120 3250 videre
2147 3203 2192 3264 ρ
2229 3203 2364 3262 tum,
2408 3196 2505 3251 sed
2540 3211 2635 3266 per
2682 3197 2893 3268 singula
2938 3197 3157 3254 virtutis
3177 3214 3344 3271 opera
3387 3216 3605 3272 semper
3641 3201 3805 3272 justus

518 3294 578 3335 se
598 3293 684 3335 ea.
718 3278 784 3336 Et
809 3280 936 3351 quid
963 3281 1085 3336 dico
1116 3283 1436 3339 hominum?
1463 3281 1602 3340 Ecce
1622 3285 1872 3342 volucres
1903 3295 1959 3341 et
1987 3301 2121 3358 qua-

515 3373 784 3446 drupedia
814 3373 998 3432 vident
1046 3375 1218 3431 solem
1249 3384 1305 3432 et
1334 3376 1513 3431 lunam
1535 3419 1549 3443 ,
1597 3387 1654 3432 et
1682 3376 1998 3435 universum
2049 3381 2121 3433 si-

521 3467 630 3522 mul
672 3466 873 3524 coelum
933 3483 1056 3523 cum
1106 3468 1396 3524 stellarum
1450 3469 1656 3536 choro;
1715 3471 1811 3527 sed
1877 3473 2120 3527 rationes

517 3576 708 3617 eorum
739 3578 846 3616 non
879 3562 1210 3632 intelligunt.
1239 3563 1353 3618 Soli
1395 3578 1526 3620 vero
1561 3563 1694 3634 justi
1734 3571 1790 3619 et
1819 3564 1993 3621 sancti
2022 3580 2118 3634 per

517 3653 800 3722 sapientia:
831 3651 931 3708 Dei
953 3655 1223 3709 rationem
1263 3655 1794 3724 comprehendentes
1824 3657 2122 3727 inspiciunt

519 3757 604 3798 ea.
634 3742 761 3797 ldeo
784 3742 838 3796 in
861 3752 1052 3798 octavo
1081 3745 1290 3814 psalmo
1317 3745 1484 3800 David
1531 3746 1665 3803 dicit
1696 3766 1709 3802 :
1746 3747 2003 3813 Quoniam
2041 3751 2119 3804 ri-

519 3832 648 3886 debo
673 3832 827 3888 otelos
875 3843 995 3888 tuos
1051 3849 1210 3904 Opera
1253 3835 1535 3909 digitorum
1580 3847 1808 3908 tuorum,
1861 3839 2041 3895 (artant
2073 3851 2120 3895 et

517 3924 720 3994 stellas,
756 3941 872 3995 qua:
901 3934 959 3980 tu
998 3927 1253 3997 fundasti.
1297 3928 1435 3997 Quid
1471 3929 1618 3986 enim
1660 3946 1805 3988 nunc
1850 3931 2118 4003 Propheta

519 4033 627 4074 non
655 4018 801 4076 videt
827 4019 1024 4076 ctelum
1053 4029 1107 4076 et
1139 4019 1362 4076 lunam?
1392 4021 1499 4078 Sed
1523 4021 1628 4079 hoc
1650 4025 1794 4096 quod
1819 4025 1896 4081 ait
1922 4026 2118 4096 ridebo,

517 4111 564 4167 si
593 4110 1028 4179 consideremus,
1068 4113 1370 4184 poterimus
1407 4115 1737 4188 intelligere.
1815 4158 1829 4173 .
1913 4161 1925 4176 .
2004 4159 2021 4177 .
2105 4159 2118 4174 .

2228 3291 2469 3345 nascitur
2511 3305 2581 3346 ex
2615 3291 2746 3346 Deo.
2780 3292 2892 3347 lloc
2922 3305 3106 3348 autem
3141 3302 3197 3348 ut
3237 3295 3448 3364 plenius
3479 3295 3642 3366 possit
3686 3309 3803 3365 pro-

2229 3381 2366 3449 bari,
2393 3383 2557 3437 etiam
2588 3383 2657 3439 de
2685 3383 2986 3441 Salvatoris
3011 3387 3182 3442 nostri
3205 3387 3521 3456 quotidiana
3545 3387 3807 3444 nativitate

2226 3474 2492 3540 dicamus,
2527 3476 2736 3548 liquido
2759 3478 2811 3532 id
2842 3481 2894 3533 in
2920 3479 3084 3549 justis
3112 3481 3420 3536 obtinentes
3453 3481 3598 3552 quod
3631 3482 3678 3535 itt
3708 3480 3808 3535 Do-

2229 3568 2374 3624 mino
2391 3571 2750 3638 praecesserit.
2768 3569 3024 3628 Salvator
3035 3583 3222 3630 noster
3238 3575 3501 3644 Splendor
3513 3587 3591 3632 est
3610 3574 3799 3646 gloriae,

2225 3660 2482 3729 splendor
2509 3671 2690 3718 autem
2720 3679 2827 3718 non
2859 3665 3034 3721 semel
3064 3669 3332 3734 nascitur,
3359 3676 3414 3723 et
3442 3667 3695 3739 deinceps
3713 3665 3801 3721 de-

2225 3752 2354 3808 sinit
2385 3755 2534 3810 nasci
2570 3772 2583 3809 :
2617 3757 3074 3829 quotiescumque
3103 3769 3286 3815 ortum
3328 3761 3492 3816 l'uerit
3524 3763 3715 3825 lumen,
3740 3775 3799 3814 ex

2225 3862 2332 3916 quo
2355 3847 2616 3917 splendor
2643 3851 2842 3918 oritur,
2869 3851 3030 3907 teties
3061 3853 3234 3908 oritur
3251 3863 3307 3909 et
3327 3854 3593 3924 Splendor
3617 3853 3796 3926 glorim.

2225 3943 2475 3998 Salvator
2525 3953 2716 4000 noster
2759 3947 3028 4017 sapientia
3076 3957 3162 4002 est
3209 3947 3327 4002 Dei.
3362 3947 3644 4018 Sapientia
3687 3961 3799 4002 vero

2226 4034 2487 4105 Splendor
2513 4044 2597 4091 est
2629 4036 2767 4092 lucis
2795 4045 3036 4094 aeternae.
3071 4037 3161 4096 Sic
3200 4040 3366 4110 igitur
3405 4040 3658 4096 Salvator
3675 4055 3800 4095 sem-

2228 4143 2324 4196 per
2350 4129 2611 4194 nascitur,
2647 4138 2703 4185 et
2731 4128 2940 4186 idcirco
2967 4131 3101 4187 dicit
3125 4149 3139 4185 :
3169 4132 3302 4186 Ante
3340 4149 3521 4188 omnes
3547 4135 3697 4189 colles
3723 4149 3798 4204 gr-

2228 4230 2370 4274 uerat
2397 4238 2498 4287 me,
2527 4237 2658 4289 non,
2681 4233 2742 4278 ttt
2767 4224 2991 4296 quidam
3020 4225 3161 4281 male
3192 4225 3402 4296 legunt,
3431 4229 3705 4298 generavit.
3751 4222 3800 4278 Si

2225 4329 2441 4385 semper
2465 4331 2530 4372 ex
2554 4316 2715 4374 Patre
2738 4318 2983 4374 nascitur
3006 4319 3288 4387 Dominus,
3314 4321 3481 4376 etiam
3514 4331 3569 4377 tu
3599 4323 3651 4377 in
3671 4317 3803 4376 simi-

2227 4407 2511 4465 litudinem
2538 4410 2656 4482 ejus
2687 4420 2894 4468 tantum
2936 4413 3249 4484 adoptionis
3275 4415 3544 4484 scriptum
3577 4417 3800 4479 habetis,

2227 4514 2445 4571 semper
2483 4504 2768 4572 generaris
2817 4519 2848 4559 a
2895 4506 3007 4561 Deo
3051 4521 3147 4576 per
3175 4506 3422 4578 singulos
3474 4507 3798 4570 intellectus,

629 4617 642 4633 .
721 4615 736 4631 .
816 4613 830 4628 .
909 4616 924 4632 .
1011 4616 1025 4632 .
1106 4617 1121 4633 .
1203 4620 1218 4636 .
1302 4620 1316 4637 .
1395 4621 1411 4636 .
1488 4619 1505 4635 .
1605 4623 1619 4637 .
1709 4623 1725 4640 .
1817 4621 1833 4639 .
1914 4628 1925 4640 .
2008 4629 2021 4643 .
2102 4594 2322 4665 .Dper
2350 4595 2561 4667 singula
2587 4612 2778 4667 opera,
2813 4608 2867 4655 et
2897 4599 3136 4656 efﬁceris
3175 4601 3318 4658 ﬁlius
3365 4601 3461 4658 Dei
3501 4604 3557 4659 in
3603 4602 3802 4658 Christo

593 4677 619 4704 ἰ
665 4667 907 4723 Conversi
932 4677 1054 4723 sunt
1087 4670 1157 4723 ad
1201 4672 1522 4742 iniquitates.
1557 4675 1846 4745 Quorum?
1894 4677 2013 4736 Non
2042 4680 2120 4738 ait

570 4762 868 4834 mpliciter,
921 4770 1153 4834 patrum,
1192 4764 1289 4820 sed
1315 4780 1438 4822 cum
1479 4767 1882 4838 additamento,
1914 4782 2121 4842 patrum

649 4931 861 5007 Qaetera
891 4928 1292 5007 desiderantur,
1324 4933 1513 4989 mutila
1545 4935 1748 5007 quippe
1775 4946 1860 4994 est
1881 4938 1931 4993 in
1956 4939 2110 4998 libris

516 5001 772 5055 omnibus
801 5015 925 5057 cum
955 5002 1118 5057 editis
1146 5014 1256 5058 tum
1285 5021 1446 5060 manu
1474 5001 1715 5064 exaratis
1747 5025 1889 5064 nona
1920 5012 2110 5068 istlttec

519 5074 572 5152 i_n
604 5069 805 5152 Isaiam,
828 5071 1071 5136 homilia,
1103 5073 1260 5152 cujus
1298 5088 1588 5145 postrema:
1629 5082 1767 5148 parti
1791 5083 2110 5152 supplenda:

517 5142 761 5220 detraCta
793 5150 1000 5220 temere
1027 5142 1258 5220 est‘olim
1290 5142 1567 5216 postrema
1599 5142 1726 5220 pars
1752 5142 1994 5209 Itonii'lite
2024 5155 2112 5210 iti-

517 5213 642 5270 dem
675 5230 832 5294 nonte
861 5213 914 5294 in
929 5213 1222 5294 let-entiam
1255 5213 1576 5294 ex_genuin_a
1599 5213 1915 5294 Hieronymi
1945 5225 2114 5282 inter-

515 5287 822 5356 pretatione
850 5288 920 5341 ab
954 5287 1273 5362 ltis_verbis,
1310 5289 1552 5362 Conversi
1579 5303 1698 5347 sunt
1727 5287 2116 5362 att-iniquitates

517 5365 726 5428 patrum
746 5372 994 5414 meorum.
1025 5357 1160 5428 Qua:
1188 5361 1405 5418 tametsi
1453 5361 1686 5432 nullum,
1722 5375 1782 5422 ut
1811 5357 1984 5437 vides,
2030 5369 2112 5425 vel

2226 4687 2380 4756 Jesu,
2417 4691 2505 4745 cui
2545 4702 2629 4748 est
2658 4693 2832 4765 gloria
2871 4704 2930 4752 et
2956 4696 3242 4768 imperium
3274 4695 3328 4752 iu
3359 4698 3562 4754 saecula
3593 4696 3802 4754 saeculo-

2225 4797 2366 4837 rttm.
2386 4781 2583 4840 Amen.

2220 4943 2287 5038 ad
2315 4946 2656 5038 propositum
2689 4948 2841 5038 Isaiae
2871 4960 3102 5038 testi-tm,
3131 4953 3219 5011 vel
3245 4952 3312 5009 ad
3345 4955 3689 5038 superiorem
3716 4970 3799 5011 cx-

2221 5025 2552 5096 posttiouem
2583 5032 2890 5096 respectum
2926 5025 3183 5093 habeant,
3239 5040 3366 5080 cum
3411 5025 3620 5096 jamdiu
3661 5041 3802 5084 error

2221 5089 2324 5170 iste
2356 5089 2802 5170 inoleverit,:nec
2833 5089 3226 5170 supersitpars
3267 5096 3391 5170 ejus
3411 5089 3659 5170 'homilize
3690 5116 3795 5170 pro-

2221 5163 2358 5236 pria,
2398 5171 2454 5216 et
2483 5176 2581 5216 nos
2610 5163 2985 5236 subnectiuius
3028 5163 3409 5236 ad‘exemplar
3438 5163 3796 5231 Genebra'rdi.

2219 5232 2400 5370 ἓρέἒὶἓ
2427 5241 2636 5289 tantum
2672 5234 2856 5307 aliquo
2885 5239 2953 5294 ad
2999 5238 3230 5311 legentis
3258 5232 3627 5299 eruditionem
3655 5245 3798 5299 inter-

2261 5319 2290 5356 υ
2409 5342 2424 5358 ο

2261 5319 2340 5358 US!
2349 5319 2400 5358 l0
2409 5342 2424 5358 ο

1947 5607 2332 5641 ξ
