3972 6368
209 332 311 388 957

787 335 880 392 AD
918 333 977 393 S.
1021 332 1403 394 HIERONYMI
1442 333 1991 397 COMMENTARIOS
2031 337 2095 395 IN
2135 337 2371 396 ISAIAM
2412 337 2924 398 APPENDICULA.

3403 344 3510 401 938

224 471 3498 502 β-Μᾙ--φα--ῌ-κ

1171 643 2534 765 APPENDIGULA.

205 878 394 1011 IN
497 879 1114 1020 ISAIAM
1205 876 2078 1008 PARVULA
2144 882 2168 909 ³
2236 864 3488 1035 ABBREVIATIO,

1155 1119 1314 1204 DE
1389 1115 2009 1231 CAPITULIS
2085 1123 2510 1210 PAUCIS
2535 1184 2560 1220 η

644 1313 782 1388 EX
858 1315 1464 1393 VEBONENSI
1539 1320 1721 1395 MS.
1797 1320 2074 1397 NUNC
2149 1323 2604 1400 PRIMUM
2678 1325 3045 1401 EDITA.

270 1657 480 1732 115.5
503 1657 656 1715 Unus
679 1657 822 1715 liber
848 1667 933 1715 est
954 1660 1242 1718 duodecim
1275 1663 1679 1735 PrOphetarum
1711 1683 1722 1718 :
1755 1673 1808 1721 et
1834 1669 1886 1731 Α
1911 1677 2156 1738 apertam
2185 1672 2436 1744 prorupit
2469 1672 2772 1740 insaniam,
2808 1689 3015 1744 negans
3046 1689 3170 1733 esse
3196 1677 3343 1748 quod
3372 1678 3510 1735 dici-

191 1751 338 1821 quod
368 1753 553 1808 solent
582 1750 767 1808 facere
796 1751 988 1809 Medici
1023 1754 1076 1808 in
1102 1756 1578 1826 aegrotationibus,
1601 1767 1658 1813 et
1683 1759 1804 1813 vul—

192 1844 404 1901 neratis
431 1844 734 1901 secundum
759 1859 986 1916 corpus,
1020 1846 1125 1903 hoc
1151 1848 1458 1919 Pr0phetae,
1509 1851 1664 1921 quasi
1684 1852 1800 1921 spi-

190 1938 384 1993 ritales
431 1937 656 2004 medici,
703 1939 757 1993 in
816 1939 1015 1994 anima:
1072 1941 1433 2006 vulneribus,
1462 1941 1804 2014 diversisque

190 2031 433 2102 peccatis
484 2031 670 2088 facere
735 2042 1096 2089 consuerunt.
1159 2035 1459 2091 Duodecim
1508 2035 1803 2106 Prophetis

187 2127 341 2193 quasi
379 2135 676 2196 aegrotans,
711 2127 804 2197 qui
837 2127 970 2181 vitio
1019 2141 1122 2182 suo
1172 2128 1357 2184 curari
1404 2129 1682 2192 noluerit,
1733 2128 1802 2184 ad

188 2226 424 2274 mortem
451 2233 627 2289 usque
658 2217 1028 2284 describitur;
1073 2227 1129 2275 et
1157 2229 1349 2290 postea
1374 2234 1470 2290 per
1495 2218 1799 2288 Christum,

186 2310 277 2380 qui
304 2324 471 2365 verus
495 2320 581 2366 est
609 2310 899 2377 medicus,
952 2321 1176 2365 sanatus
1223 2319 1347 2380 post
1400 2319 1634 2366 mortem
1677 2326 1802 2366 esse

189 2410 470 2459 narratur.
503 2401 659 2470 Quod
690 2418 822 2475 ergo
851 2403 1144 2459 duodecim
1167 2403 1460 2474 Propheta:
1489 2419 1588 2475 per
1615 2415 1802 2474 partes

188 2496 419 2562 iaciunt,
470 2505 525 2553 et
554 2497 910 2554 nihilominus
962 2498 1068 2568 ipsi
1129 2498 1375 2555 breviter
1427 2499 1796 2568 subindicant,

185 2588 446 2646 eumdem
475 2589 728 2646 ordinem
762 2591 1144 2659 continentes,
1176 2590 1281 2646 hoc
1333 2591 1602 2647 latissime
1631 2591 1800 2664 Maio-

193 2699 285 2740 res
309 2683 607 2755 Prophetas
661 2684 846 2742 facere
896 2692 1330 2742 consueverunt.
1386 2685 1553 2742 Ezras
1592 2694 1796 2755 autem,

183 2777 276 2848 qui
308 2779 712 2848 interpretatur
737 2778 971 2850 adjutor,
1014 2785 1074 2833 et
1099 2778 1408 2835 Zorobabel
1431 2821 1446 2846 ,
1492 2779 1586 2850 qui
1623 2780 1798 2836 inter-

182 2877 437 2940 pretatur
461 2870 560 2924 istc
591 2871 836 2940 princeps
881 2872 936 2924 in
984 2869 1274 2942 Babylone,
1305 2879 1362 2926 et
1390 2869 1576 2937 Jesus,
1623 2872 1714 2943 qui
1739 2873 1793 2927 in

180 2962 367 3033 lingua
403 2972 595 3018 nostra
621 2971 784 3019 sonat
810 2962 1076 3030 Salvator,
1113 2964 1167 3018 in
1201 2963 1368 3036 ﬁgura
1385 2975 1799 3035 praecesserunt

1909 1767 2018 1828 tur,
2051 1771 2107 1818 et
2132 1761 2491 1819 nihilominus
2514 1765 2665 1821 vitiis
2687 1766 3292 1839 subiacetrcorripitur
3320 1787 3351 1824 a
3372 1771 3510 1828 Pro-

1906 1854 2069 1925 pheta
2100 1855 2256 1926 quasi
2287 1855 2479 1925 Judas,
2507 1857 2563 1912 in
2596 1873 2705 1929 quo
2733 1860 2809 1914 sit
2830 1875 2958 1915 vera
2985 1861 3080 1914 Dei
3110 1863 3392 1934 confessio,
3450 1872 3509 1920 et

1904 1950 2059 2020 quasi
2079 1949 2408 2017 Jerusalem,
2439 1953 2582 2022 quod
2607 1969 2784 2023 pacem
2810 1954 3032 2026 quidem
3078 1955 3284 2012 habere
3312 1957 3503 2013 videa-

1906 2052 2014 2109 tur,
2046 2052 2103 2098 ut
2131 2045 2200 2101 ab
2231 2046 2467 2102 occultis
2489 2048 2817 2104 criminibus
2843 2063 2903 2105 se
2930 2049 3206 2118 retrahat,
3239 2067 3309 2107 ne
3336 2052 3503 2108 etiam

1903 2136 1980 2192 illi
2002 2138 2293 2209 captivitas
2326 2141 2534 2196 veniat.
2567 2142 2756 2196 Audite
2801 2143 2934 2210 (αξη,
2967 2151 3012 2198 et
3043 2145 3250 2198 auribus
3297 2145 3506 2216 percipe

1905 2239 2043 2286 terra
2070 2274 2084 2298 ,
2131 2236 2377 2302 quoniam
2423 2233 2680 2290 Dominus
2733 2237 2933 2292 locutus
2977 2246 3074 2292 est.
3131 2237 3400 2305 Quoniam
3449 2239 3507 2296 in

1903 2322 2127 2380 Cantico
2153 2325 2560 2381 Deuteronomii
2583 2328 2844 2398 scriptum
2879 2338 2984 2396 est,
3017 2344 3083 2384 eo
3129 2337 3379 2400 tempore
3396 2347 3508 2402 quo

1902 2415 2116 2488 Moyses
2141 2457 2156 2482 ,
2205 2418 2358 2488 quasi
2405 2419 2578 2475 nubes
2607 2420 2846 2485 Domini,
2884 2422 3212 2492 loquebatur
3245 2425 3506 2477 :Attendc

1902 2509 2107 2576 coelum,
2141 2517 2192 2565 et
2220 2510 2405 2582 loquar
2425 2555 2440 2581 ,
2480 2521 2528 2566 et
2557 2513 2737 2566 audiat
2768 2521 2904 2568 terra
2948 2514 3100 2568 verba
3129 2530 3194 2568 ea:
3222 2531 3310 2568 ore
3342 2533 3452 2570 meo
3484 2532 3504 2570 :

1902 2610 2156 2674 exspectet
2174 2604 2308 2657 sicut
2328 2604 2555 2672 pluviam
2581 2620 2869 2660 sermonem
2896 2621 3084 2672 meum,
3114 2613 3160 2660 et
3191 2606 3508 2662 descendant

1901 2695 2035 2749 sicut
2061 2710 2149 2749 ros
2174 2695 2323 2749 verba
2350 2711 2465 2750 mea
2483 2704 2571 2752 :et
2600 2697 2776 2767 legem
2800 2695 2898 2751 Dei
2919 2697 3022 2751 sub
3040 2696 3125 2752 his
3148 2698 3383 2754 testibus
3401 2699 3506 2756 de-

1900 2785 2079 2852 derat,
2110 2787 2250 2843 cmlo
2267 2787 2551 2855 videlicet,
2573 2797 2626 2845 et
2647 2797 2822 2855 terra;
2845 2790 2946 2845 hoc
2966 2798 3052 2845 est
3070 2791 3326 2848 omnibus
3343 2807 3502 2847 crea-

1901 2878 2040 2933 turis
2070 2895 2192 2950 quae
2211 2879 2351 2936 caelo
2370 2881 2750 2949 includuntur,
2769 2891 2825 2936 et
2849 2891 2995 2938 terra
3029 2901 3042 2936 :
3074 2897 3140 2938 ex
3173 2893 3326 2954 parte
3356 2885 3502 2940 enim

1900 2980 2075 3028 totum
2107 2973 2382 3030 indicatur
2414 2974 2893 3046 (synecdochicds)
2925 2994 2937 3030 :
2970 2977 3120 3047 quod
3181 2987 3402 3034 tenetur
3445 2980 3501 3034 in

182 3055 433 3121 Domini;
488 3062 546 3110 ut
589 3055 733 3125 quod
784 3055 974 3111 caeteri
1027 3053 1318 3126 Prophetae
1367 3055 1778 3112 medicinalibus

1895 3067 2165 3137 partibus,
2197 3069 2324 3139 quia
2345 3070 2528 3124 omnia
2570 3069 2949 3138 includuntur,
2987 3078 3046 3125 ut
3073 3071 3339 3127 diximus.
3385 3073 3501 3128 Cae-

177 3156 298 3209 suis
331 3154 489 3209 libris
509 3167 704 3209 curare
729 3167 841 3208 non
871 3162 1190 3225 potuerunt,
1227 3153 1319 3209 isti
1345 3155 1691 3222 curaverint,
1726 3164 1783 3211 et

177 3247 509 3305 reduxerint
533 3248 795 3320 populum
825 3257 948 3318 post
976 3249 1380 3320 captivitatem.

246 3341 408 3414 (Cap.
433 3341 501 3412 1.)
539 3341 686 3396 Visio
713 3340 892 3396 lsaiw.
923 3341 1234 3413 Propterea
1255 3341 1394 3397 visio
1407 3340 1631 3409 dicitur,
1656 3341 1780 3412 quia

173 3433 472 3503 Prophetas
501 3432 685 3488 futura
711 3443 1072 3505 cognoscunt,
1108 3442 1164 3488 et
1188 3433 1574 3504 spiritualibus
1601 3433 1782 3489 oculis

170 3525 478 3582 Salvatoris
531 3526 817 3581 intuentur
858 3526 1154 3582 adventum
1196 3525 1386 3581 :nnde
1431 3534 1488 3580 et
1540 3525 1780 3581 Videntes

171 3617 330 3689 apud
376 3619 638 3689 antiquos
680 3619 1016 3674 vocabantur
1052 3617 1368 3688 Prophetas.
1421 3614 1552 3671 Filii
1597 3621 1776 3671 Amos.

168 3711 433 3783 Plerique
454 3718 668 3782 putant,
696 3709 897 3779 Amos,
925 3710 1021 3782 qui
1049 3711 1244 3766 tertius
1273 3719 1357 3766 est
1381 3709 1451 3765 de
1481 3709 1776 3765 duodecim

167 3803 489 3876 Prophetis,
523 3813 736 3876 patrem
767 3819 892 3861 esse
917 3803 1104 3870 Isaiae,
1147 3805 1245 3861 sed
1277 3803 1639 3861 vehementer
1689 3819 1779 3860 er-

167 3907 295 3954 rant
321 3916 335 3953 :
359 3898 594 3954 diversis
615 3900 818 3970 quippe
867 3899 1012 3969 apud
1046 3898 1305 3955 Hebraeos
1336 3899 1656 3954 scribuntur
1680 3899 1775 3954 lit-

166 3992 332 4059 teris;
363 3992 508 4047 alius
537 4007 636 4062 per
660 3993 808 4059 sude,
836 3991 980 4047 alius
1010 4005 1109 4062 per
1131 3992 1233 4045 sin.
1271 3991 1444 4056 Quam
1471 3993 1598 4045 vidit
1618 4008 1774 4062 super

161 4083 452 4149 Judam,et
480 4082 795 4138 Jerusalem.
829 4083 1162 4151 Specialiter
1191 4082 1362 4138 Isaias
1409 4082 1480 4137 ad
1504 4081 1640 4138 duas
1670 4083 1776 4138 tri-

160 4178 267 4234 bus
299 4176 554 4242 mittitur,
577 4175 797 4244 ludam,
822 4184 879 4232 et
899 4175 1183 4246 Beniamin
1207 4190 1221 4240 ;
1246 4185 1296 4230 et
1313 4174 1603 4231 Jerusalem
1631 4194 1644 4230 :
1668 4176 1773 4232 hoc

160 4280 278 4338 est,
316 4272 384 4326 ad
415 4270 764 4342 metropolim
812 4269 1044 4325 duarum
1094 4269 1336 4324 tribuum
1366 4270 1672 4326 civitatem.
1703 4271 1772 4326 In

157 4365 343 4422 diebus
374 4363 536 4434 Oziw,
559 4362 832 4431 Joatbam,
858 4361 1056 4430 Achaz,
1086 4361 1350 4433 Ezechiaz,
1375 4362 1575 4435 Regum
1599 4363 1767 4418 Iuda.

1886 3157 1991 3211 lum
2019 3165 2069 3212 et
2095 3166 2310 3213 terram.
2341 3159 2477 3226 Quia
2501 3159 2677 3231 legem
2713 3161 2807 3216 Dei
2831 3162 3225 3230 praevaricatus
3259 3174 3347 3219 est
3392 3180 3494 3234 po-

1886 3251 2066 3320 pulus,
2092 3251 2316 3306 eosdem
2338 3267 2534 3307 rursus
2557 3260 2724 3308 testes
2763 3262 2960 3319 vocat,
3008 3254 3114 3309 sub
3142 3257 3342 3326 quibus
3370 3255 3496 3312 data

1885 3343 1972 3399 lex
1994 3352 2109 3410 est;
2138 3352 2198 3398 ut
2227 3344 2488 3415 quoniam
2513 3345 2746 3415 populus
2764 3344 2954 3400 audire
2975 3348 3328 3415 contempsit,
3347 3362 3486 3402 cun-

1889 3441 1993 3490 ctze
2041 3433 2267 3489 audiant
2294 3442 2583 3490 creaturae.
2623 3433 2833 3507 1147
2863 3434 3054 3490 Audite
3082 3437 3216 3502 creti,
3249 3445 3299 3490 et
3346 3439 3467 3492 auri
3479 3469 3493 3478 -

1881 3529 1976 3581 bus
1999 3527 2210 3598 percipe
2232 3535 2392 3583 terra.
2411 3526 2574 3582 Juxta
2588 3526 2873 3582 historiam
2908 3528 3054 3598 quod
3081 3527 3217 3584 dicit
3234 3527 3336 3583 hoc
3361 3538 3480 3584 est:

1881 3619 2155 3687 Quoniam
2185 3634 2274 3675 me
2298 3633 2474 3690 genus
2502 3620 2834 3690 contempsit
2866 3619 3164 3675 humanum
3184 3663 3200 3687 ,
3250 3629 3309 3675 et
3338 3621 3482 3676 inter

1879 3720 2106 3767 cunctas
2133 3720 2418 3767 creaturas
2444 3719 2498 3767 et
2524 3711 2798 3768 elementa
2819 3727 2941 3783 qua:
2972 3713 3094 3779 feci,
3115 3713 3218 3768 hoc
3245 3721 3486 3769 tantum-

1880 3805 2046 3860 modo
2076 3804 2288 3861 rebelle
2312 3819 2486 3876 genus
2528 3814 2654 3872 est,
2702 3805 2848 3876 quod
2898 3815 3168 3877 repugnat
3214 3808 3486 3863 voluntati

1880 3911 2050 3962 mete;
2083 3905 2376 3968 propterea
2403 3898 2566 3954 etiam
2598 3898 3016 3954 irrationabiles
3046 3914 3169 3970 quae
3197 3907 3480 3970 putantur,

1879 3989 2104 4043 audiant
2125 3998 2413 4057 creaturae,
2446 3997 2507 4044 ut
2534 3988 2708 4060 magis
2729 3990 3082 4045 rationabiles
3106 3991 3476 4048 condemnen-

1877 4090 1986 4137 tur.
2016 4082 2152 4150 Quia
2180 4080 2440 4136 Dominus
2469 4083 2675 4137 locutus
2695 4089 2793 4146 est,
2816 4081 2989 4138 Filios
3005 4085 3230 4137 enutrivi
3253 4093 3300 4140 et
3331 4087 3476 4141 exal-

1877 4175 1980 4228 tari
2010 4190 2029 4228 :
2061 4187 2168 4229 non
2192 4173 2332 4229 dixit
2354 4175 2494 4243 ﬁlios
2512 4175 2700 4246 genui,
2733 4175 2874 4230 sicut
2903 4175 2958 4230 in
3007 4177 3219 4247 vulgari
3272 4177 3479 4234 habent

1877 4267 2368 4337 interpretatione;
2385 4266 2722 4338 superﬂuum
2741 4269 2888 4323 enim
2913 4267 3120 4324 dixisse
3143 4269 3282 4338 ﬁlios
3296 4271 3471 4343 genui,

1874 4375 1998 4416 cum
2032 4360 2218 4430 utique
2245 4360 2424 4416 omnis
2445 4360 2586 4416 illius
2617 4359 2938 4431 sitgenitus.
2971 4361 3115 4432 Ergo
3143 4361 3196 4416 in
3229 4377 3296 4418 eo
3322 4365 3466 4434 quod

157 4459 275 4514 Sub
319 4457 441 4511 istis
467 4471 604 4527 ergo
633 4457 914 4522 omnibus,
947 4457 1040 4525 qui
1063 4464 1437 4526 regnaverunt
1465 4457 1518 4510 in
1555 4454 1768 4527 1146
1791 4451 1838 4514 C
1870 4453 2008 4509 dixit
2037 4453 2198 4524 ﬁlios,
2229 4453 2490 4508 indicavit
2511 4453 2624 4524 iam
2677 4467 2801 4508 esse
2848 4454 3085 4524 genitos.
3115 4453 3271 4510 Nunc
3331 4471 3462 4527 aug—

153 4553 318 4618 Juda,
358 4550 650 4623 prophetia
679 4549 800 4620 eius
826 4557 1061 4606 extensa
1086 4557 1172 4604 est
1203 4567 1218 4604 :
1272 4549 1438 4604 etiam
1462 4548 1520 4603 in
1548 4548 1669 4618 ipso
1699 4549 1764 4603 li-

152 4646 260 4702 bro
292 4644 658 4715 reperiemus,
688 4656 818 4714 quae
847 4642 988 4697 visio
1013 4641 1118 4697 sub
1144 4654 1253 4712 quo
1281 4640 1428 4696 dicta
1485 4639 1558 4694 sit
1605 4653 1756 4711 rege.

153 4737 272 4794 Hoc
312 4736 612 4793 secundum
657 4735 990 4800 Historiam;
1043 4732 1345 4790 secundum
1393 4732 1756 4804 tropologiam

151 4840 338 4886 autem
369 4827 815 4898 intelligendum,
839 4825 1223 4897 quodcumque
1252 4825 1320 4881 ad
1349 4824 1677 4892 Samariam,
1702 4835 1760 4882 et

1867 4555 2112 4604 mentum
2141 4546 2296 4613 facit,
2325 4547 2450 4618 quia
2479 4547 2659 4603 omnis
2698 4547 2790 4618 qui
2819 4555 3093 4617 generat,
3143 4556 3199 4604 et
3249 4549 3422 4603 nutrit
3454 4568 3468 4604 :

1864 4655 2000 4712 ergo
2021 4655 2125 4713 ego
2151 4651 2206 4697 et
2230 4641 2416 4712 genui,
2445 4649 2502 4697 et
2525 4641 2732 4697 nutrivi
2775 4658 2788 4695 :
2846 4649 2904 4697 et
2933 4656 3040 4698 non
3093 4642 3270 4697 solum
3330 4657 3468 4699 enu-

1863 4733 2026 4789 trisse
2047 4740 2344 4789 contentus
2369 4731 2446 4788 l'ui
2478 4773 2494 4800 ,
2537 4740 2597 4788 ut
2643 4733 2696 4787 in
2754 4746 2966 4788 morem
3015 4733 3356 4800 animalium,
3408 4745 3466 4790 et

1858 4825 2043 4882 avium
2074 4839 2188 4881 suae
2217 4825 2343 4881 illos
2373 4825 2745 4896 relinquerem
2770 4826 3018 4896 passioni
3045 4867 3060 4892 ,
3087 4837 3141 4882 et
3162 4840 3262 4882 suo
3283 4826 3461 4882 labori

1858 4914 2230 4982 dimitterem;
2257 4914 2353 4971 sed
2377 4930 2519 4986 quos
2546 4916 2806 4987 parvulos
2831 4916 3197 4987 enutrieram,
3229 4932 3464 4989 magnos

1856 5023 2100 5080 quoque,
2131 5017 2188 5064 ct
2214 5008 2455 5076 adultos,
2487 5007 2762 5079 utquibus
2793 5007 2963 5064 vitam
2996 5009 3280 5078 dederam,
3313 5025 3460 5067 nunc

1857 5101 2045 5157 darem
2073 5101 2237 5156 etiam
2265 5100 2520 5170 gloriam.
2553 5098 2669 5168 Ipsi
2691 5110 2860 5155 autem
2887 5112 3190 5174 spreverunt
3216 5119 3318 5158 me.
3352 5104 3461 5159 Pro

1857 5191 2023 5247 tantis
2075 5190 2362 5248 beneﬁciis
2411 5190 2730 5247 vicissitudo
2772 5201 3126 5263 contemptus
3192 5193 3314 5248 fuit.
3358 5192 3459 5248 Co-

1858 5285 2032 5356 gnovit
2051 5283 2143 5339 bos
2171 5299 2515 5355 possessorem
2544 5299 2698 5336 suum
2719 5321 2738 5352 ,
2768 5291 2817 5336 et
2845 5284 3024 5338 asinus
3078 5298 3302 5354 praesepe
3358 5284 3457 5336 do-

1857 5376 1986 5430 mini
2015 5377 2116 5430 sui.
2150 5373 2486 5431 Rationabili
2518 5372 2731 5429 homini
2759 5372 3156 5429 irrationabilia
3183 5373 3452 5443 iumenta,

1855 5478 1912 5526 et
1943 5483 2139 5539 pecora
2189 5476 2613 5539 comparantur,
2643 5477 2704 5523 ut
2731 5482 2856 5524 cum
2882 5467 2975 5523 illa
3005 5465 3276 5522 beneﬁcia
3329 5481 3456 5524 sen-

1857 5562 2052 5628 serint,
2077 5570 2137 5618 et
2165 5562 2455 5618 brutorum
2478 5576 2696 5634 quoque
2713 5575 2908 5618 sensus
2931 5574 3040 5616 non
3061 5560 3277 5632 ignoret
3303 5575 3449 5632 eum,

148 4922 218 4978 ad
249 4921 445 4976 decem
474 4921 650 4974 tribus
681 4918 907 4984 dicitur,
938 4918 1041 4973 hoc
1072 4917 1180 4973 dici
1217 4925 1410 4973 contra
1459 4915 1702 4973 haereses
1734 4934 1749 4972 :

147 5016 542 5089 quodcumque
569 5027 701 5069 vero
723 5021 916 5068 contra
942 5011 1274 5078 Jerusalem,
1305 5010 1410 5066 hoc
1434 5009 1542 5066 dici
1565 5020 1755 5065 contra

147 5106 485 5163 Ecclesiam.
520 5104 698 5160 Prima
725 5103 1084 5174 intelligentia
1113 5100 1433 5172 tropologize
1479 5099 1583 5156 ista
1626 5111 1710 5156 est
1739 5117 1754 5157 :

148 5197 396 5257 secunda
425 5197 531 5252 alia
569 5195 788 5251 :anima
815 5209 939 5266 quae
979 5193 1282 5258 erraverit,
1339 5198 1397 5248 et
1435 5191 1505 5248 de
1543 5191 1756 5261 iustitia

146 5304 425 5348 corruens
480 5288 632 5345 vitiis
683 5287 1052 5358 subiacuerit,
1102 5285 1303 5343 dicitur
1344 5285 1638 5357 Ephraim,
1672 5285 1756 5340 di-

146 5383 300 5440 citur
348 5383 595 5440 Samaria
648 5399 664 5448 ;
721 5395 847 5437 nam
903 5380 1106 5437 dicitur
1151 5393 1346 5436 vaccas
1398 5379 1505 5436 sibi
1557 5393 1754 5435 aureas

146 5476 571 5541 construxisse,
628 5483 684 5531 et
733 5473 971 5531 refertur
1020 5473 1088 5529 ad
1131 5472 1319 5530 decem
1375 5473 1574 5528 tribus.
1626 5471 1757 5540 Qui-

147 5582 386 5638 cumque
415 5567 594 5623 adhuc
625 5567 679 5622 in
702 5569 992 5638 proposito
1025 5576 1380 5638 perseverat,
1431 5573 1490 5621 et
1536 5581 1646 5621 non
1701 5565 1756 5620 in

220 5713 249 5741 ε
275 5704 353 5759 lta
384 5705 438 5760 in
463 5703 802 5760 Veronensis
854 5703 1212 5761 Bibliothecae
1259 5699 1451 5759 codice
1496 5701 1761 5759 vetnstis-
1789 5700 1841 5761 D
1871 5705 2097 5756 auctore
2145 5697 2396 5770 opusculi
2439 5696 2675 5756 diximus
2715 5697 2770 5754 in
2811 5696 3040 5769 huiusce
3097 5697 3228 5755 tomi
3271 5698 3469 5770 prata-

150 5776 300 5831 simo
326 5775 644 5831 inscribitur
676 5793 690 5830 :
721 5774 814 5844 qui
841 5790 994 5830 num.
1025 5775 1096 5832 2.4
1118 5775 1381 5844 exrnigro
1403 5774 1591 5831 colore
1611 5775 1767 5843 (sunt
1867 5772 2036 5827 tione.

153 5847 308 5904 enim
338 5847 430 5902 alii
457 5861 523 5903 ex
556 5843 752 5915 rubro)
775 5855 1131 5915 praenotatur.
1162 5843 1300 5901 Vide
1336 5859 1458 5914 quae
1487 5845 1555 5900 de
1604 5844 1766 5911 huius

607 5938 886 6000 Panos.
932 5937 1170 6000 XXIV.
2948 5937 3027 5999 30
