3972 6322
571 332 679 397 939

1165 334 1258 393 AD
1295 332 1356 394 S.
1394 324 1779 394 HIERONYMI
1815 322 2369 392 CDMMENTARIOS
2407 326 2472 386 ΙΝ
2511 314 2747 387 iSAIAM
2787 312 3295 385 APPENDICULA.

3755 322 3852 383 9ίο

570 454 730 523 cujus
750 449 1020 508 beneﬁcia
1053 450 1260 519 sentit;
1296 454 1473 510 solum
1500 467 1672 525 genus
1716 451 2010 507 humanum
2042 463 2175 503 con-
2200 448 2249 508 Α
2278 446 2566 516 copuletis.
2609 445 2745 502 lllud
2793 454 2996 513 autem,
3040 445 3184 517 quod
3216 443 3380 515 paulo
3428 450 3553 499 ante
3604 442 3856 512 diximus,

576 545 867 599 demuetur
897 544 1044 615 quod
1077 547 1410 618 contempsit
1452 547 1645 602 Deum.
1668 543 1915 615 Cognovit
1941 542 2030 598 bos
2056 558 2176 614 pas-

576 653 832 691 sessorem
859 654 1012 692 suum
1037 679 1052 705 ,
1101 647 1151 694 et
1196 640 1375 694 asinus
1406 655 1638 714 prwsepe
1681 638 1878 695 domini
1906 639 2005 693 sui.
2042 636 2173 707 Bos,

571 729 666 799 qui
694 729 932 798 laborat,
967 731 1209 802 quijugo
1229 733 1371 788 colla
1395 732 1693 800 submittit,
1730 741 1787 789 et
1836 731 2065 786 multum
2107 746 2172 787 ex

566 822 761 879 labore
778 838 879 878 suo
910 824 1033 895 plus
1061 834 1290 896 praestat
1307 826 1551 894 domino,
1570 842 1732 897 quam
1764 825 1881 892 ipse
1900 840 1931 880 a
1950 825 2174 881 domino

569 916 789 987 accipit,
822 927 1003 974 tamen
1031 917 1289 990 intelligit
1315 934 1697 990 possessorem
1730 934 1911 975 suum.
1969 918 2174 974 Asinus

564 1023 784 1078 quoque
813 1024 1064 1081 praesepe
1094 1010 1306 1066 domini
1337 1010 1423 1066 sui
1461 1010 1751 1081 intelligit,
1785 1008 2050 1066 beneﬁcia
2074 1050 2089 1076 ,
2120 1018 2175 1065 et

569 1099 753 1155 locum
781 1141 796 1164 ,
842 1103 895 1156 in
916 1117 1025 1171 quo
1075 1102 1232 1158 cibos
1269 1104 1525 1174 accipere
1554 1103 1841 1160 consuevit
1867 1144 1882 1169 ,
1916 1102 2178 1158 libentius

573 1190 743 1247 videt.
780 1189 953 1247 Israel
994 1209 1097 1247 non
1129 1194 1365 1264 cognovit
1394 1211 1413 1249 :
1448 1193 1768 1250 subauditur
1794 1210 1873 1248 me
1900 1210 1919 1248 :
1946 1193 2174 1264 populus

570 1298 715 1337 meus
748 1300 850 1337 non
882 1284 1135 1339 intellexit
1162 1302 1181 1340 :
1203 1286 1546 1356 subauditur,
1579 1303 1672 1342 nec
1698 1301 2064 1358 possessorem,
2081 1301 2175 1340 nec

569 1374 839 1429 dominum
874 1393 888 1429 :
930 1376 1205 1447 simulque
1254 1377 1568 1434 considerat
1612 1378 1862 1447 exempla
1912 1389 2171 1447 quantam

568 1466 680 1522 vim
735 1466 991 1523 habeant.
1035 1467 1143 1523 Bos
1163 1468 1293 1525 licet
1320 1469 1472 1525 cibos
1494 1470 1779 1541 accipiata
1812 1470 2035 1526 domino
2060 1510 2075 1538 ,
2118 1479 2175 1526 et

563 1560 751 1615 asinus
799 1560 927 1616 licet
976 1575 1226 1632 praesepe
1263 1573 1591 1634 cognoscat,
1638 1572 1820 1619 tamen
1856 1563 2025 1619 multo
2053 1563 2173 1633 plus

563 1651 756 1709 labore
782 1667 886 1708 suo
907 1663 1169 1724 prmstant
1188 1653 1459 1721 dominis,
1510 1670 1674 1726 quam
1716 1656 1818 1727 ipsi
1850 1673 1878 1708 a
1906 1655 2169 1723 dominis,

557 1752 587 1783 ι
617 1746 897 1817 accipiant
929 1763 942 1800 :
968 1761 1071 1817 ego
1090 1755 1273 1803 autem
1327 1762 1453 1803 cum
1505 1749 1653 1804 nulla
1700 1748 1966 1804 beneﬁcia
1991 1747 2171 1803 homi-

2278 537 2587 608 Propltetas
2614 552 2736 594 esse
2782 538 3027 595 medicos
3079 537 3384 609 spiritales,
3418 547 3477 592 et
3500 537 3653 607 quasi
3692 546 3857 593 totum

2281 644 2455 701 genus
2486 644 2683 687 curare
2707 630 3043 700 morborum,
3077 646 3227 686 nunc
3248 629 3696 686 manifestissimo
3713 629 3741 668 ι’
3770 646 3857 686 cu-

2275 729 2427 777 ratur
2469 721 2722 792 exemplo
2755 739 2769 775 :
2802 721 2984 777 videte
3029 722 3176 777 enim
3200 765 3208 773 .
3230 720 3514 791 Scriptura
3547 719 3675 791 quid
3703 720 3858 777 dicat.

2279 812 2447 870 Omne
2466 823 2624 886 caput
2653 814 2982 888 languidum,
3005 824 3054 869 et
3084 830 3236 869 omne
3263 829 3354 867 cor
3374 828 3626 879 atterens;
3645 829 3675 866 a
3693 812 3859 884 planta

2275 905 2425 977 pedis
2455 924 2619 980 usque
2645 906 2715 962 ad
2729 909 2968 963 uerticem
3000 923 3107 963 non
3136 915 3212 962 est
3232 908 3285 961 in
3316 922 3375 962 eo
3406 908 3637 973 sanitas;
3663 906 3855 975 uulnus,

2276 1010 2323 1056 et
2347 1002 2499 1071 livor,
2526 1012 2573 1057 et
2604 1003 2760 1073 plaga
2786 1011 3009 1057 tumens.
3042 1001 3207 1056 Omne
3237 1009 3395 1072 caput
3430 1000 3773 1074 languidum,
3813 1011 3853 1055 et

2274 1108 2426 1149 omne
2454 1104 2543 1150 cor
2572 1108 2810 1150 atterens.
2844 1092 3184 1164 Frequenter
3221 1092 3520 1159 admoneo,
3554 1102 3611 1147 ut
3652 1093 3703 1146 in
3738 1091 3855 1146 Pro-

2274 1188 2458 1258 phctis
2508 1189 2672 1245 verba
2705 1189 2923 1260 singula
2954 1188 3423 1254 consideremus;
3481 1187 3688 1243 idcirco
3725 1189 3856 1242 enim

2278 1283 2580 1339 secundum
2606 1283 2893 1338 historiam
2946 1282 3215 1354 imperitis
3246 1282 3452 1338 utilitas
3494 1296 3603 1337 non
3632 1281 3852 1349 videtur,

2278 1373 2406 1445 quia
2436 1375 2872 1446 nonintelligunt
2917 1374 3063 1446 quod
3094 1375 3316 1429 dicitur.
3373 1374 3540 1429 Omne
3567 1384 3719 1446 caput
3753 1374 3857 1427 lan-

2272 1471 2512 1542 guidum,
2553 1481 2601 1525 et
2630 1487 2780 1526 omne
2817 1486 2907 1524 car
2940 1485 3180 1525 mterens.
3226 1468 3285 1525 Si
3325 1469 3454 1540 quis
3503 1470 3853 1540 mgrotaverit,

2275 1563 2363 1619 vel
2391 1563 2719 1619 difﬁcillimo
2742 1562 2936 1618 morbo
2964 1576 3198 1632 corpore
3219 1575 3520 1632 oppressus
3554 1560 3732 1625 fuerit,
3765 1558 3855 1614 ita-

2270 1655 2454 1712 buerit
2481 1665 2664 1711 autent
2688 1653 2926 1710 animam
2961 1654 3261 1721 laetiorem,
3296 1651 3587 1708 inﬁrmitas
3620 1652 3854 1721 corporis

2274 1747 2465 1803 laetitia
2492 1748 2662 1802 animi
2692 1754 3051 1803 sustentatur.
3083 1742 3299 1818 115.9
3334 1744 3547 1799 Rursus
3584 1745 3628 1800 si
3674 1744 3853 1815 aliquis

560 1854 688 1893 num
710 1838 965 1908 habeam,
991 1840 1095 1895 nisi
1120 1840 1236 1895 hate
1255 1840 1638 1896 tantummodo
1659 1841 1707 1896 si
1729 1842 2009 1897 salrentur
2032 1840 2165 1911 ipsi,
2201 1834 2249 1893 B
2277 1854 2571 1895 mterorem
2598 1839 2875 1905 habuerit,
2907 1846 2965 1893 et
3008 1837 3261 1892 dolorem
3286 1836 3502 1905 cordis,
3533 1845 3589 1892 et
3630 1836 3852 1893 diversas

558 1949 699 2004 quos
730 1933 901 2005 diligo
929 1950 944 1987 :
977 1948 1100 1990 cum
1133 1935 1213 1991 eis
1241 1942 1391 1991 tanta
1420 1934 1799 2007 praestiterim,
1832 1944 1888 1991 et
1910 1933 2047 1989 nihil
2078 1948 2171 1990 ac-

560 2026 827 2096 ceperim,
855 2040 958 2096 pro
979 2027 1235 2082 omnibus
1258 2026 1544 2083 beneﬁciis
1565 2035 1942 2096 contemptum
1963 2025 2173 2080 solum-

558 2118 727 2172 modo
745 2116 1131 2173 reddiderunt.
1151 2118 1288 2185 Quia
1318 2132 1454 2188 ergo
1475 2126 1623 2173 tanta
1641 2132 1937 2189 perpessus
1959 2123 2172 2185 sum,et

560 2208 772 2277 perdidi
794 2207 1015 2275 Filium,
1030 2225 1192 2280 quem
1212 2211 1575 2280 enutrieram,
1590 2226 1752 2281 quem
1775 2210 2167 2276 exsitaversm,

558 2300 704 2370 quod
728 2316 951 2371 possum
974 2302 1156 2358 solum
1187 2302 1376 2360 facere
1402 2304 1544 2359 iacio
1573 2321 1587 2359 :
1618 2304 1871 2375 plangam
1894 2302 2167 2374 perditura

566 2403 625 2450 et
647 2406 925 2452 mortuum
941 2412 1104 2467 quem
1128 2405 1486 2469 aegrotantem
1509 2412 1708 2454 sanare
1738 2412 1846 2453 non
1872 2398 2040 2468 potui.
2084 2394 2173 2449 Va:

565 2490 709 2560 genti
732 2490 1031 2560 peccatrici,
1052 2490 1247 2562 populo
1258 2491 1401 2562 gravi
1420 2492 1719 2561 iniquitate,
1733 2490 1913 2545 semini
1927 2504 2166 2559 nequam,

564 2580 692 2649 ﬁliis
714 2582 999 2638 sceleratis.
1028 2581 1244 2655 1148
1263 2582 1616 2639 Mutareruut
1642 2581 1863 2637 nomina
1890 2598 1904 2636 :
1928 2596 2003 2636 vc
2028 2580 2169 2653 genti

561 2674 857 2744 peccatrici,
891 2689 1015 2741 qua:
1041 2675 1318 2744 quondam
1341 2686 1478 2746 gens
1507 2689 1627 2730 mea
1650 2673 1795 2728 dicta
1825 2680 1910 2728 est
1940 2672 2169 2743 :papulo

568 2768 715 2837 gravi
734 2784 754 2833 ,-
776 2767 1020 2837 peccatis
1039 2767 1185 2823 enim
1206 2768 1465 2838 gravibus
1508 2766 1834 2838 prtegravatl
1879 2776 2009 2821 sttnt
2042 2783 2055 2820 :
2087 2780 2169 2821 s2-

556 2860 687 2914 rnini
732 2877 993 2932 nequam;
1040 2876 1157 2918 non
1200 2876 1325 2918 meo
1376 2863 1612 2933 semini,
1659 2861 1964 2918 secundum
2023 2861 2170 2931 quod

564 2952 699 3008 alibi
726 2952 937 3010 dictum
967 2962 1072 3021 est,
1109 2953 1175 3009 Et
1207 2956 1261 3009 in
1288 2956 1483 3010 semine
1524 2964 1615 3010 tuo
1656 2955 2019 3011 benedicentur
2060 2968 2172 3007 em-

557 3063 647 3102 nes
687 3058 863 3121 gentes
903 3049 1076 3119 :[iliis
1129 3048 1394 3106 sceleratis
1435 3048 1594 3123 (Gen.
1648 3064 1820 3119 ηπ,
1851 3048 1931 3122 4),
1966 3062 2171 3120 nequa-

553 3156 716 3211 quam
742 3144 881 3198 meis
911 3143 1075 3210 tiliis;
1097 3144 1284 3199 statim
1308 3146 1456 3200 enim
1481 3152 1541 3199 ut
1560 3158 1792 3215 peccare
1812 3144 2167 3215 coeperimus,

2275 1932 2685 1999 tribulationes,
2710 1931 3000 1987 robttstum
3039 1938 3222 1985 autem
3251 1943 3475 1999 corpus.
3528 1928 3847 1985 imbecillita-

2275 2036 2386 2086 tem
2415 2027 2614 2084 animae
2667 2026 2873 2083 sanitas
2910 2025 3160 2097 corporis
3188 2033 3457 2081 sustentat
3501 2040 3515 2079 :
3546 2040 3665 2081 cum
3685 2031 3842 2079 autem

2274 2136 2331 2182 et
2357 2137 2558 2194 corpus
2593 2123 2646 2177 in
2679 2120 3038 2193 aegrotatione
3088 2129 3205 2187 est,
3255 2125 3312 2175 et
3340 2119 3522 2174 anima
3572 2119 3621 2173 in
3645 2116 3841 2181 dolore,

2276 2218 2424 2274 nulla
2457 2224 2687 2289 possunt
2708 2214 3005 2271 subvenire
3031 2212 3295 2268 remedia.
3322 2211 3443 2267 Hoc
3469 2221 3697 2279 estergo
3720 2207 3840 2280 quod

2276 2309 2638 2367 medicamine
2668 2306 2893 2375 dicitur,
2925 2320 3076 2360 omne
3103 2312 3255 2377 caput
3275 2301 3601 2377 languidum.
3624 2301 3687 2357 Et
3712 2317 3838 2355 omne

2274 2420 2365 2459 cor
2411 2416 2634 2457 atterens
2664 2417 2684 2455 :
2707 2400 2980 2470 simulque
3004 2398 3295 2453 considera
3315 2439 3331 2465 ,
3381 2396 3510 2468 quia
3540 2407 3562 2435 ε
3590 2392 3842 2466 principali

2274 2497 2497 2560 animat,
2524 2494 2628 2550 hoc
2656 2498 2739 2550 est
2758 2493 2933 2563 cordi,
2966 2493 3221 2563 corporis
3244 2492 3647 2562 comparaverit
3665 2487 3844 2560 princi—

2276 2586 2424 2662 pale,
2449 2587 2503 2645 id
2525 2596 2607 2644 est
2630 2594 2797 2659 caput
2823 2600 2837 2643 :
2862 2589 2917 2643 in
2943 2587 3123 2655 capite
3146 2598 3340 2641 omnes
3362 2598 3560 2641 sensus
3586 2590 3733 2647 sunt;
3756 2594 3843 2636 ca-

2276 2681 2411 2738 teris
2444 2682 2709 2737 membris
2732 2678 3004 2736 truncatis
3030 2679 3219 2735 vivere
3250 2678 3431 2733 anima
3479 2680 3691 2748 potest;
3716 2683 3844 2729 trun-

2274 2782 2401 2831 cato
2428 2775 2628 2846 capite,
2654 2772 2758 2829 vita
2787 2772 2969 2829 omnis
2989 2771 3272 2827 aufertur:
3294 2776 3350 2826 et
3381 2784 3491 2825 non
3531 2768 3681 2835 dixit,
3705 2778 3843 2822 omne

2276 2877 2441 2938 caput
2467 2872 2852 2937 amputatum;
2891 2863 3227 2935 superﬂuum
3272 2862 3422 2919 enim
3459 2868 3617 2930 erat,
3672 2869 3843 2915 caetera

2274 2961 2522 3017 membra
2557 2958 2896 3025 describere,
2929 2967 2985 3014 et
3011 2957 3236 3013 morbos
3260 2956 3605 3027 reliquorum
3633 2960 3840 3014 artuum,

2274 3055 2322 3112 si
2363 3061 2703 3124 amputatum
2728 3051 2987 3109 dixisset.
3021 3049 3361 3122 Languidum
3390 3062 3524 3120 ergo
3550 3049 3699 3113 dicit,
3723 3053 3775 3100 ut
3799 3053 3843 3100 et

2275 3149 2332 3205 itt
2363 3148 2735 3218 descriptione
2780 3146 3158 3201 membrorum
3198 3150 3528 3198 carterorum
3560 3140 3747 3195 habeat
3771 3138 3837 3191 lo-

560 3248 684 3291 cum
707 3237 1029 3294 Conditione
1048 3238 1257 3309 peccati
1278 3247 1333 3294 et
1355 3239 1594 3293 ﬁliarum
1616 3252 1814 3294 nomen
1835 3238 2160 3293 amittimus.
2189 3225 2237 3286 Ο
2274 3260 2421 3301 cum,
2457 3244 2495 3297 Α
2528 3243 2709 3315 ρξαηια
2737 3240 2887 3314 pedis
2924 3254 3085 3309 usque
3123 3238 3191 3292 ad
3224 3239 3471 3293 verticem
3500 3252 3600 3291 non
3630 3242 3699 3290 est
3723 3234 3772 3287 in
3795 3246 3841 3286 eo

560 3327 961 3402 Dereliquerunt
991 3329 1293 3399 Dominum,
1320 3331 1473 3400 quasi
1506 3338 1828 3402 sequentem
1874 3330 1927 3385 in
1974 3330 2162 3400 singu-

557 3422 627 3479 lis
657 3424 777 3479 viis.
810 3425 1022 3497 Singuli
1045 3436 1239 3482 sensus
1280 3428 1412 3480 sunt
1448 3443 1461 3481 ε
1492 3423 1631 3480 Cum
1679 3425 1861 3480 omnia
1903 3423 2159 3491 fecerint,

561 3531 688 3573 cum
710 3527 906 3573 cuncta
957 3518 1168 3575 scelera
1203 3518 1644 3589 perpetraverint
1666 3560 1682 3586 ,
1716 3526 1902 3573 tamen
1928 3526 2033 3588 ego
2054 3531 2163 3572 non

563 3608 750 3663 dimisi
772 3625 895 3677 eos,
924 3611 1023 3667 sed
1052 3610 1393 3681 exspectavi,
1427 3618 1486 3666 ut
1514 3610 1810 3683 aliquando
1860 3610 1929 3665 ad
1960 3624 2049 3665 me
2072 3624 2166 3666 re-

566 3709 915 3758 verterentur
957 3720 971 3756 :
1014 3703 1093 3758 illi
1124 3713 1306 3759 autem
1332 3712 1569 3761 stantem
1600 3721 1708 3771 me.
1743 3714 1798 3761 et
1832 3706 2165 3776 pandentem

574 3811 773 3851 manus
828 3797 895 3851 ad
926 3797 1302 3868 paenitentiam
1355 3813 1546 3853 eorum
1573 3841 1588 3865 ,
1623 3799 2035 3869 dereliquerunt
2066 3818 2078 3853 :
2112 3807 2170 3853 et

568 3904 677 3943 non
708 3888 791 3945 eis
820 3888 1043 3957 sufﬁcit,
1065 3891 1211 3962 quod
1241 3890 1657 3962 de‘reiiquerunt
1696 3892 1905 3964 (videte
1933 3892 2165 3948 auxesin

570 3985 973 4059 peccatorum),
1026 3987 1122 4043 sed
1178 3986 1341 4043 etiam
1401 3987 1881 4059 blasphemaverunt
1910 3997 2169 4042 osanctum

570 4078 745 4135 Israel
762 4126 776 4151 ,
805 4080 1087 4135 abalienati
1116 4089 1237 4135 sunt
1265 4090 1591 4157 retrorsum;
1620 4079 1673 4137 id
1707 4090 1822 4149 est,
1858 4080 1963 4136 ltoc
1988 4094 2172 4151 caepe—

572 4183 700 4228 runt
738 4187 881 4243 esse,
916 4173 1063 4244 quod
1102 4182 1229 4229 ante
1276 4173 1531 4239 fuerant,
1570 4183 1859 4243 antequam
1894 4191 2017 4231 meo
2072 4190 2172 4230 no-

571 4266 718 4321 mine
747 4277 1129 4324 censerentur.
1160 4266 1334 4341 Super
1349 4280 1451 4340 quo
1478 4269 1764 4339 percutiam
1792 4284 1880 4324 vos
1910 4267 2050 4323 ultra
2076 4268 2173 4324 ad—

574 4356 750 4413 dentes
778 4359 1295 4429 praevaricationem?
1333 4359 1498 4417 Poma
1530 4361 1596 4417 ad
1630 4362 1735 4417 hoc
1754 4361 1989 4418 infertur
2009 4379 2038 4418 a
2066 4365 2173 4419 Do—

573 4452 743 4519 mino,
768 4453 923 4524 quasi
955 4467 988 4507 a
1015 4466 1144 4509 vero
1172 4452 1409 4523 medico,
1436 4458 1494 4510 ut
1521 4466 1618 4526 per
1648 4456 1914 4525 cauteria,
1940 4467 1995 4512 et
2026 4472 2173 4512 mor-

574 4545 763 4601 dacem
808 4545 1089 4615 pulverem
1137 4548 1345 4603 sanitas
1385 4548 1772 4618 subsequatur.
1823 4549 1966 4620 Ergo
2018 4546 2169 4620 quod

576 4637 712 4694 dicit
740 4638 843 4694 hoc
883 4644 967 4694 est
997 4656 1010 4691 :
1043 4638 1211 4694 Multa
1265 4641 1560 4710 emplastra
1617 4641 1888 4711 apposui,
1930 4640 2171 4697 diversis

577 4730 1031 4786 medicaminibus
1060 4745 1252 4787 curare
1271 4746 1368 4788 vos
1400 4730 1573 4800 volui,
1601 4748 1709 4788 non
1747 4733 1969 4789 invenio
1999 4748 2174 4804 genus

573 4822 798 4879 remedii
810 4839 951 4890 ,cum
968 4832 1149 4879 vestra
1165 4824 1410 4895 quotidie
1424 4825 1686 4895 aegritudo
1700 4838 2044 4882 succrescat:
2062 4838 2172 4882 non

576 4916 775 4980 solum,
809 4914 1007 4985 inquit,
1040 4930 1145 4970 non
1177 4916 1448 4972 sanatnini
1480 4932 1509 4971 a
1537 4917 1807 4987 prioribus
1830 4919 1991 4985 vitiis,
2013 4921 2107 4977 sed
2123 4930 2179 4977 et

578 5020 695 5060 mea
723 5020 853 5061 cura
897 5010 1219 5062 revolvente
1243 5008 1425 5078 priora
1458 5019 1699 5080 peccata,
1728 5026 1867 5066 nova
1897 5012 2182 5083 apponitis

573 5099 793 5154 vulnera
808 5139 821 5153 .
838 5098 1009 5169 Super
1029 5116 1132 5171 quo
1150 5104 1437 5170 percutiant
1454 5117 1541 5156 vos
1558 5100 1725 5157 ultra?
1742 5105 1895 5175 quasi
1917 5105 2172 5159 dubitan-

576 5194 645 5248 tis
667 5192 829 5248 verba
852 5201 1008 5247 sunt:
1035 5193 1142 5249 hoc
1168 5200 1273 5260 est,
1295 5194 1347 5250 in
1367 5211 1477 5265 quo
1501 5209 1598 5249 vos
1620 5208 1807 5251 sanem
1826 5197 1851 5250 ἲ
1872 5196 1993 5266 quin
2019 5198 2169 5252 enim

575 5286 733 5357 plaga
779 5284 994 5341 Domini
1027 5284 1095 5340 ad
1127 5285 1230 5341 hoc
1259 5288 1521 5357 percutit,
1565 5294 1621 5342 nt
1648 5287 1895 5345 emendet
1924 5306 1938 5355 ;
1972 5288 2039 5343 ad
2070 5289 2172 5345 hoc

578 5378 828 5449 castigat,
852 5386 909 5432 ut
930 5385 1090 5433 sanet
1114 5395 1126 5433 :
1146 5377 1306 5446 Dicit,
1327 5382 1480 5450 super
1501 5394 1601 5452 quo
1618 5376 1943 5453 percutiam?
1964 5374 2068 5437 hoc
2089 5378 2179 5437 est

576 5473 762 5541 quasi,
786 5470 930 5543 quod
992 5468 1149 5527 vobis
1194 5472 1474 5544 imponam
1502 5473 1901 5544 emplaSti-unt?
1928 5472 2175 5528 addentes

579 5564 1056 5633 praevaricationem
1084 5581 1101 5618 :
1129 5570 1254 5622 cum
1283 5564 1528 5637 quotidie
1554 5566 1713 5621 novis
1729 5565 1967 5636 peccatis
1990 5574 2179 5622 vetera

655 5766 678 5832 ξ’
720 5758 779 5832 in
805 5760 1133 5832 nisavitiose
1160 5761 1516 5832 erataccipit._'

654 5824 678 5862 ι’
719 5823 1027 5895 Legendum
1054 5839 1333 5899 cernatur;
1352 5823 1646 5888 verissime
1663 5832 1733 5888 ad
1755 5829 2055 5903 apograpbi
2080 5832 2165 5887 sui

2269 3337 2494 3392 sanitas.
2524 3334 2690 3390 Totus
2732 3332 2959 3405 agrotat
2996 3331 3200 3396 lsrael;
3237 3342 3307 3385 ne
3336 3343 3478 3385 unus
3531 3327 3738 3400 quidem
3772 3324 3839 3377 vir

2271 3439 2499 3486 sanctus
2523 3427 2757 3484 inveniri
2791 3435 2994 3498 potest,
3033 3426 3190 3496 quasi
3224 3425 3278 3479 itt
3309 3438 3547 3491 corpore
3571 3421 3840 3478 membrum

2271 3518 2518 3593 aliquod,
2536 3521 2680 3593 quod
2696 3534 2884 3575 sanum
2916 3527 3067 3575 esset
3090 3517 3360 3573 videatur.
3385 3516 3444 3571 Si
3475 3515 3635 3585 enim}
3653 3518 3777 3568 esset
3799 3513 3838 3563 In

2272 3625 2390 3672 toto
2445 3630 2678 3685 corpore
2705 3612 2908 3685 aliquid
2933 3655 2947 3679 ,
2993 3610 3138 3683 quod
3180 3622 3375 3666 sanum
3403 3617 3572 3672 esset,
3608 3618 3671 3664 es
3705 3605 3839 3660 unius

2276 3709 2509 3765 sanitate
2538 3708 2700 3763 etiant
2733 3712 2932 3762 caetera
2977 3703 3246 3760 ntcdelam
3276 3703 3502 3758 trahere
3540 3701 3835 3756 viderentur.

2282 3800 2518 3865 Vulnus,
2550 3811 2601 3855 et
2639 3800 2787 3865 livor,
2830 3806 2877 3853 et
2914 3796 3074 3868 plaga
3111 3807 3317 3850 tumens
3349 3808 3368 3850 :
3397 3795 3619 3859 ritimis,
3657 3798 3834 3863 peccata

2277 3892 2542 3959 recentia,
2573 3891 2711 3947 livor
2736 3893 2959 3961 antiqua
2991 3889 3201 3945 scelera
3233 3888 3428 3959 :plaga
3465 3894 3692 3950 tumens,
3720 3882 3836 3937 inco—
3914 3954 3915 3957 η

2276 3992 2447 4049 ctum,
2476 3992 2531 4040 et
2559 3992 2713 4039 vetus
2742 3982 3031 4046 delictum,
3066 3980 3225 4052 quasi
3256 3979 3498 4049 Quodam
3531 3992 3664 4049 pure
3690 3982 3836 4044 [artu-

2278 4078 2451 4134 ricns.
2513 4070 2638 4131 Non
2686 4084 2763 4131 est
2798 4073 3162 4147 circumligata
3185 4084 3281 4127 nec
3305 4072 3491 4126 cirrata
3519 4067 3833 4126 medicamine,
3910 4056 3913 4147 ς

2280 4186 2448 4243 neque
2471 4173 2580 4243 fata
2610 4168 2743 4223 oleo.
2778 4166 2899 4223 Non
2939 4165 3085 4238 quod
3140 4164 3259 4220 haec
3309 4166 3455 4219 Deus
3505 4174 3609 4220 non
3649 4160 3831 4219 iecerit:

2282 4266 2417 4322 fecit
2437 4266 2581 4320 enim
2606 4263 2812 4330 omnia,
2843 4270 2897 4317 et
2933 4259 3149 4333 1150
3176 4259 3297 4315 sine
3326 4273 3493 4314 causa
3539 4258 3684 4313 missi
3708 4264 3833 4310 erant

2281 4354 2649 4429 Pr0pltetae,sl
2666 4358 2765 4410 ista
2783 4368 2889 4411 non
2905 4353 3193 4409 fecissent:
3209 4351 3304 4408 sed
3317 4353 3445 4423 quia
3462 4366 3567 4408 non
3581 4354 3655 4406 est
3668 4347 3833 4403 sanitas

2281 4436 2595 4516 subsecuta,
2617 4444 3019 4516 quodammodo
3038 4443 3296 4500 videntur
3317 4458 3427 4499 non
3456 4442 3593 4498 facta
3613 4454 3722 4497 esse
3740 4448 3831 4507 qum
3862 4504 3868 4511 ἢ

2276 4529 2424 4601 facta
2453 4552 2599 4599 sunt.
2633 4540 2946 4598 Secundum
2994 4538 3383 4610 tropologiam.
3416 4536 3605 4591 Audite
3638 4534 3768 4597 creti,
3797 4538 3831 4582 rt

2280 4639 2497 4695 auribus
2527 4637 2731 4708 percipe
2751 4645 2889 4691 terra
2908 4632 3050 4690 :hoc
3070 4641 3175 4698 est,
3210 4640 3263 4688 et
3290 4642 3411 4698 vos,
3430 4632 3523 4703 qui
3543 4630 3704 4686 sancti
3720 4624 3832 4678 vide

2280 4730 2438 4799 mini,
2471 4739 2527 4786 et
2552 4740 2672 4796 vos,
2699 4730 2787 4801 qui
2821 4736 3169 4800 peccatores,
3200 4726 3409 4797 pariter
3448 4725 3648 4780 audite.
3698 4717 3828 4774 Filios

2279 4824 2522 4894 enutrit'i,
2555 4830 2605 4878 et
2642 4823 2885 4888 exaltari,
2916 4821 3018 4894 ipsi
3037 4826 3211 4875 autem
3242 4834 3326 4873 me
3362 4824 3676 4890 spreverunt.
3723 4811 3828 4865 Deus

2284 4922 2429 4975 ﬁlios
2460 4918 2709 4973 homines
2754 4915 2957 4971 habere
3004 4913 3260 4984 dignatus
3288 4926 3443 4977 sum;
3477 4907 3706 4968 euntrivi
3740 4917 3823 4965 cos,

2283 5023 2340 5069 et
2368 5011 2736 5085 magniﬁcavi,
2765 5020 2823 5064 ιιι
2868 5008 2939 5065 de
2977 5008 3152 5065 servis
3192 5008 3403 5062 amicos
3442 5005 3714 5063 dicerem:
3755 4996 3826 5066 ipsi

2284 5117 2462 5161 autem
2490 5111 2792 5175 spreverunt
2829 5117 2947 5167 me;
2976 5102 3103 5167 hoc,
3129 5106 3229 5171 per
3257 5107 3485 5169 peccata
3509 5111 3624 5165 sua,
3655 5105 3700 5151 et
3718 5098 3826 5146 certe

2282 5214 2409 5254 cunt
2442 5197 2646 5253 nullam
2664 5208 2838 5251 meam
2868 5190 3130 5248 duritiam
3155 5191 3457 5247 senserint.
3485 5191 3554 5246 Et
3582 5187 3825 5261 prudenter

2282 5289 2427 5346 dixit
2447 5296 2747 5359 spreverunt
2773 5303 2790 5341 :
2816 5302 2979 5340 nemo
3004 5285 3212 5355 spernit
3233 5328 3246 5351 ,
3281 5283 3385 5339 nisi
3412 5283 3571 5353 cujus
3597 5280 3737 5337 nimia
3758 5276 3822 5329 b0-

2287 5381 2429 5436 nitas
2468 5388 2555 5437 est
2585 5396 2597 5431 :
2633 5394 2763 5449 ergo
2792 5384 2848 5434 et
2880 5379 3030 5433 illius
3057 5376 3434 5445 clementiam,
3467 5384 3527 5431 et
3565 5377 3820 5430 mansuetu-

2284 5470 2467 5528 dinem
2492 5486 2671 5527 meum
2716 5464 3150 5526 imbecillitatem
3177 5467 3627 5538 interpretantes,
3651 5472 3819 5535 spreve-

2288 5574 2418 5621 runt
2444 5572 2602 5637 quem
2632 5565 2845 5631 tintere,
2874 5570 2930 5620 et
2956 5575 3142 5619 amare
3160 5559 3471 5618 debuerant
3500 5579 3516 5616 :
3546 5569 3604 5618 et
3626 5553 3819 5632 proponit

2290 5759 2533 5833 erantm-
2560 5760 2710 5833 Scip.
2741 5760 2991 5833 Maﬂeitts
3020 5767 3401 5817 adnotarent.

2278 5861 2295 5903 ι
2360 5842 2382 5872 ε
2417 5832 2611 5890 ϐῆξαι
2636 5832 2942 5909 syrmata»;

3907 4222 3909 4291 Α
