4014 6452
1213 616 2537 791 ΕΥΣΕΒΙΟΥ

1419 918 1650 1004 ΤΟΥ
1702 913 2308 1004 ΙΙΑΜΦΙΛΟΥ

827 1116 1143 1245 ΕΙΣ
1253 1112 1790 1247 ΤΟΥΣ

1895 1109 2898 1249 ΨΑΛΜΟΥΣ

1533 1344 1672 1397 ΑΠΟ
1710 1343 1836 1398 ΡΙΘ¹
1875 1345 2002 1399 ΕΩΣ
2038 1345 2168 1399 ΡΝ.

970 1690 1735 1852 EUSEBII
1820 1689 2750 1854 PAMPHILI

573 1982 2099 2116 COMMENTARIORUM
2180 1989 2345 2114 IN
2424 1963 3152 2120 PSALMOS

1609 2242 1650 2284 Δ
1694 2242 1853 2286 CXIX
1895 2242 1979 2285 AD
2024 2243 2100 2286 CL

829 2387 1234 2462 RELIQUUE
1275 2388 1807 2452 SUPERSTITES
1849 2386 1934 2450 IN
1977 2388 2398 2453 CODICIBUS
2441 2388 2896 2457 VATICANIS.

391 2552 510 2628 (δ’
523 2553 855 2610 Bibliotheca
880 2570 1013 2610 nava
1038 2551 1268 2607 Patrum
1304 2549 1603 2607 cardinalis
1635 2549 1843 2622 Angelo
1887 2509 2016 2619 Mn,
2047 2561 2087 2606 t.
2133 2552 2224 2619 IV,
2267 2567 2321 2624 p.
2356 2552 2447 2609 67.
2475 2553 2606 2627 Ejus
2634 2555 3015 2627 praefationem
3051 2562 3324 2634 superiori

1563 2655 1710 2702 tonio
1739 2647 2152 2718 praemisimus.)

767 2941 1062 2997 ΨΑΛΜΟΣ
1100 2942 1251 2997 ΡιΘσ.

661 3032 802 3105 ᾮδὴ
832 3032 953 3088 τῶν
984 3033 1364 3104 ἀναϐαθμῶν.

287 3127 350 3180 Οί
383 3126 784 3191 καταπεσόντες
816 3127 926 3182 ἀπὸ
970 3126 1080 3180 τῶν
1123 3125 1219 3179 τοῦ
1263 3125 1400 3179 Θεοῦ
1435 3124 1638 3190 καλῶν,
1670 3126 1806 3181 ἀνα-

223 3216 488 3274 ϐαίνουσιν
519 3219 612 3272 ἐπὶ
637 3217 831 3284 ταῦτα,
867 3219 1396 3290 παρασκευάσαντες
1424 3217 1506 3280 είς
1537 3218 1638 3288 τὴν
1672 3219 1806 3272 ἀνά-

221 3310 376 3366 ἔασιν
402 3313 651 3377 ἑαυτούς·
680 3312 778 3384 τὴν
805 3308 897 3366 οὖν
921 3310 1277 3384 παρασκευὴν
1305 3308 1504 3373 ἱκανῶς
1533 3308 1809 3374 ἐπιδείξας

223 3404 252 3455 ὁ
288 3406 594 3477 Ψαλμῳδὸς
640 3405 729 3458 διά
782 3403 880 3458 τοῦ
931 3401 1150 3476 πρώτου
1199 3399 1417 3472 ψαλμοῦ
1464 3401 1674 3470 είσάγει
1708 3400 1808 3472 τὴν

225 3497 478 3552 ἀνάϐασιν
503 3497 604 3569 τὴν
631 3497 721 3552 διὰ
752 3497 860 3551 τῶν
887 3495 1138 3566 θλίψεων.

654 3681 796 3737 Ἀπὸ
831 3680 1122 3750 γλώσσης
1147 3677 1378 3745 δολίως.

294 3773 578 3828 Τουτέστιν
623 3774 732 3828 ἀπὸ
785 3773 969 3844 πάσης
1017 3770 1363 3843 ψευδοδοξίας
1418 3769 1515 3824 καὶ
1557 3768 1805 3842 άπάτης⁸

229 3867 392 3934 δεῖται
451 3866 561 3939 γὰρ
610 3867 640 3918 ὁ
687 3867 745 3918 ὲν
777 3865 920 3936 ἀρχῇ
982 3865 1268 3936 ⁸προκοπῆς
1317 3862 1602 3934 τυγχάνων
1658 3863 1808 3926 ὅπως

233 3958 410 4030 μηδεὶς
441 3958 604 4014 αὑτὸν
639 3955 1077 4029 παραλογίζηται
1110 3957 1168 4011 ὲν
1206 3954 1576 4026 πιθανολογίᾳ.

646 4142 709 4196 Tl
744 4140 951 4209 δοθείη
991 4153 1128 4202 σοι;
1155 4156 1210 4192 κ.
1243 4155 1296 4192 τ.
1327 4137 1380 4195 λ.

306 4236 638 4300 Έπακούσας
670 4239 698 4290 ὁ
721 4235 893 4304 Λόγος
922 4232 1018 4288 τοῦ
1050 4231 1517 4306 προσευξάμενον,
1545 4230 1803 4298 κατὰτὸ,

230 4329 352 4383 Ἔτι
394 4328 734 4394 ,λαλοῦντός
783 4343 922 4390 σου,
970 4322 1098 4379 ἰδοὺ
1150 4318 1410 4395 πάρειμι,
1450 4323 1807 4398 ἀποκρίνεται

229 4421 369 4492 αὐτῷ
405 4421 495 4475 καί
525 4437 660 4491 φησι
680 4437 693 4450 ⁸
722 4418 948 4490 Θάρσει,
976 4409 1022 4470 ὧ
1059 4409 1236 4480 οὗτος,
1271 4413 1428 4478 εἰδὼς
1449 4415 1532 4468 ὅτι
1567 4413 1809 4487 προστά-

228 4531 320 4585 την
347 4518 436 4570 καὶ
463 4517 784 4587 ὑπὲρμαχον
834 4513 977 4582 ἔχεις
1017 4510 1272 4573 δυνατὸν,
1304 4510 1490 4574 ὅπλοις
1521 4509 1806 4582 χρώμενον

230 4607 358 4681 ὑπὲρ
385 4608 476 4662 σοῦ
506 4607 650 4662 κατὰ
679 4605 788 4660 τῶν
818 4604 927 4658 σῶν
960 4603 1236 4674 πολεμίων
1261 4620 1272 4633 ’
1306 4602 1435 4675 βέλη
1461 4619 1521 4656 τε
1544 4602 1653 4674 γὰρ
1675 4601 1806 4672 ἠκό-

229 4717 378 4768 νησεν
406 4703 523 4755 κατ’
550 4698 766 4762 αὐτῶν,
814 4697 909 4750 καὶ
953 4695 1230 4768 ἄνθρακας
1260 4695 1558 4766 ἡτοίμασεν
1603 4695 1806 4766 ἐρημο-

236 4795 403 4858 ποιοὺς
449 4795 528 4858 είς
574 4792 797 4856 αὐτοὺς,
848 4789 1229 4861 μετελεύσεται
1284 4789 1341 4841 ὲν
1373 4789 1494 4852 ταῖς
1540 4790 1662 4842 κατ’
1713 4789 1809 4842 αὐ-

237 4881 331 4934 τῶν
359 4883 678 4954 τιμωρίαις·
713 4882 766 4933 τί
807 4875 901 4934 οὖν
940 4879 1104 4933 πλέον
1139 4880 1312 4940 αίτεϊς
1352 4876 1570 4947 δοθῆναί
1617 4893 1734 4941 σοι;
1771 4877 1804 4946 ἦ

239 4975 283 5026 τί
303 4975 454 5049 θέλῃς
482 4973 838 5046 προστιθέναι
872 4989 954 5026 σοι
987 4970 1127 5044 μετὰ
1152 4969 1253 5039 τὴν
1281 4968 1550 5039 τοσαύτην
1584 4967 1679 5021 τοῦ
1709 4971 1810 5022 Δυ-

239 5067 382 5120 νατοῦ
414 5067 555 5121 κατὰ
583 5066 692 5118 τῶν
719 5065 930 5119 ἀσεϐῶν
960 5062 1355 5134 παρασκευήν;

454 5157 616 5212 Μετὰ
639 5154 759 5209 τῶν
794 5153 1204 5224 σκηνωμάτων
1229 5150 1431 5220 Κηδάρ
1461 5151 1559 5222 (l).

296 5249 476 5321 Κηδὰρ
505 5249 679 5317 πάγος
710 5249 904 5314 γενεᾶς
918 5246 1142 5300 δύναται
1158 5254 1254 5298 καὶ
1278 5260 1482 5296 σκοτασ
1493 5242 1589 5314 μός
1608 5259 1621 5273 ·
1646 5243 1800 5296 Κατ-

237 5342 500 5410 εσκήνωσα
525 5337 638 5405 οὖν,
674 5340 828 5410 φησι,
862 5338 1001 5410 μετὰ
1027 5337 1136 5391 τῶν
1166 5336 1540 5408 σκηνωμάτων
1560 5335 1654 5388 τοῦ
1672 5351 1799 5388 σκο-

238 5432 446 5500 ταςμοῦ,
481 5434 616 5502 ὅπερ
648 5434 764 5485 ἐστὶ
790 5430 882 5483 τοῦ
920 5429 1170 5499 σώματος
1199 5427 1293 5480 τοῦ
1335 5426 1567 5480 θανάτου
1587 5442 1601 5455 °
1645 5427 1796 5497 καὶὴ

237 5521 365 5594 ψυχή
399 5543 492 5594 μου
523 5525 687 5596 αὑτὴ,
719 5524 874 5594 φησὶ,
912 5522 1082 5576 πολλὰ
1113 5521 1402 5582 πλεονάκις
1442 5517 1792 5592 παρῴκησεν.

302 5635 316 5662 ¹
345 5633 438 5690 lsa.
473 5653 625 5702 unt,
669 5637 704 5691 9

1837 2947 1885 3002 A

2434 2943 2761 3002 PSALM’US
2797 2944 2986 3005 CXIX.

2270 3038 2434 3094 Vnus.
2469 3038 2520 3092 1.
2550 3039 2831 3093 Canticum
2862 3039 3148 3110 graduum.

1983 3128 2088 3197 Qui
2123 3144 2152 3183 a
2183 3125 2278 3185 Dei
2311 3132 2470 3187 bonis
2495 3131 2841 3196 exciderunt,
2867 3134 2935 3186 ad
2964 3133 3082 3188 hac
3113 3133 3294 3192 denuo
3318 3149 3504 3192 assur-

1909 3233 2065 3294 gunt,
2123 3224 2170 3279 si
2221 3224 2288 3278 ad
2341 3224 2654 3295 bujusmodi
2712 3225 3088 3281 ascensionem
3139 3236 3314 3284 semet
3347 3243 3500 3285 com-

1909 3317 2249 3386 paraverint.
2324 3317 2477 3372 Hanc
2538 3333 2669 3389 ergo
2738 3318 3195 3388 praeparationem
3268 3334 3382 3390 prte
3441 3336 3504 3377 se

1911 3409 2097 3464 ferens
2155 3408 2480 3477 Psalmista,
2553 3412 2732 3482 primo
2798 3411 2904 3466 hoc
2963 3412 3233 3480 graduum
3291 3412 3504 3483 psalmo

1910 3499 2326 3566 ascensionem,
2399 3516 2522 3573 qua:
2598 3516 2697 3573 per
2764 3502 3181 3560 tribulationem
3225 3502 3330 3570 ﬁt,
3399 3518 3500 3559 ex-

1909 3592 2085 3662 ponit.

2296 3680 2464 3736 Vens.
2499 3679 2556 3735 2.
2607 3681 2652 3737 Α
2689 3681 2872 3754 lingua
2899 3684 3110 3740 dolosa.

1981 3774 2037 3829 id
2094 3784 2179 3831 est
2227 3773 2298 3828 ab
2348 3775 2498 3831 omni
2547 3773 2729 3834 fallaci
2774 3777 3046 3833 sententia
3072 3784 3128 3831 et
3154 3776 3497 3846 deceptione.

1911 3867 2140 3938 Oportet
2193 3865 2335 3922 enim
2393 3883 2520 3924 eum
2587 3869 2679 3937 qui
2745 3868 2963 3924 initium
3023 3868 3348 3938 proficiendi
3417 3869 3502 3922 fa-

1911 3961 2028 4026 cit,
2081 3974 2114 4015 a
2159 3959 2380 4016 nemine
2432 3959 2586 4015 falsis
2648 3960 3094 4031 persuasionibus
3144 3960 3199 4015 in
3251 3975 3497 4017 errorem

1910 4052 2126 4108 abduci.

2233 4141 2398 4197 Vsus.
2431 4141 2485 4196 5.
2532 4141 2673 4208 Quid
2706 4142 2862 4195 detur
2897 4141 3038 4196 tibi?
3065 4150 3177 4197 etc.

1980 4231 2184 4286 Audito
2203 4241 2398 4287 orante
2413 4231 2578 4296 Deus,
2593 4231 2760 4286 veluti
2782 4231 2936 4294 illud,
2951 4230 3137 4285 Adhuc
3159 4240 3208 4285 te
3233 4230 3498 4302 loquente,

1910 4341 2027 4381 ecce
2078 4325 2268 4379 adsum
2296 4325 2314 4356 ί
2339 4367 2354 4391 ,
2386 4324 2686 4395 respondet
2709 4324 2783 4388 ei,
2821 4325 3060 4394 dicitque
3093 4343 3106 4380 :
3147 4323 3324 4382 Macte
3371 4327 3499 4382 ani-

1905 4433 2016 4483 mo,
2050 4431 2084 4472 o
2124 4417 2320 4483 homo;
2369 4419 2512 4472 nosti
2546 4417 2695 4471 enim
2738 4417 2978 4473 validum
3028 4426 3080 4473 te
3128 4427 3499 4488 protectorem

1903 4499 2354 4577 deiensOremque
2383 4508 2607 4576 habere,
2641 4509 2810 4564 armis
2849 4523 2945 4577 pro
2975 4518 3028 4565 te
3074 4511 3343 4566 adversus
3392 4511 3498 4566 lm-

1903 4608 2016 4655 stes
2043 4599 2415 4655 decertantem
2444 4619 2459 4655 :
2500 4614 2627 4655 nam
2675 4600 2905 4670 sagittas
2930 4612 3119 4657 contra
3148 4603 3295 4671 ipsos
3328 4587 3524 4670 acuit,

1904 4690 2266 4747 desolatorios
2293 4692 2563 4747 carbones
2593 4693 2854 4748 adversus
2881 4707 2978 4748 eos
3014 4695 3264 4763 paravit,
3308 4704 3364 4750 et
3407 4694 3498 4750 ln-

1907 4789 2148 4836 structus
2185 4781 2471 4852 suppliciis
2499 4793 2764 4838 venturus
2795 4793 2902 4840 est.
2927 4783 3068 4852 Quid
3111 4799 3242 4853 ergo
3276 4784 3534 4853 insuper,,_

1908 4869 2004 4925 tibi
2048 4870 2167 4926 dari
2218 4872 2502 4942 postulas?
2551 4873 2638 4927 vel
2680 4873 2944 4944 quidnam
3000 4873 3096 4930 tibi
3157 4875 3279 4931 addi
3332 4875 3493 4942 velis,

1906 4969 2030 5030 post
2087 4970 2302 5018 tantum
2355 4963 2598 5033 potentis
2651 4962 2745 5018 Dei
2787 4973 2983 5020 contra
3033 4965 3230 5036 impios
3259 4981 3496 5037 appara-

1909 5060 2023 5106 tum
2048 5052 2072 5105 τ

2199 5144 2362 5199 Vens.
2392 5144 2444 5198 5.
2474 5143 2606 5198 Cum
2634 5146 2991 5201 tabernaculis
3017 5146 3208 5204 Cedar.

1981 5233 2158 5290 Cedar
2178 5237 2301 5306 gelu
2331 5238 2704 5307 generationis
2729 5246 2783 5294 et
2805 5239 3163 5294 obscuritatis
3193 5237 3495 5309 signiﬁcat.

1911 5323 2165 5381 Habitavi
2195 5329 2401 5398 itaque,
2433 5330 2528 5393 ait,
2557 5333 2607 5383 in
2638 5331 3004 5388 tabernaculis
3032 5320 3411 5394 obscuritatis,
3434 5331 3498 5388 id

1909 5429 1994 5474 est
2023 5421 2076 5474 in
2118 5422 2333 5476 mortali
2365 5437 2600 5492 corpore
2631 5441 2644 5476 :
2677 5437 2735 5479 et
2765 5426 2952 5480 anima
2992 5439 3112 5480 mea
3168 5425 3285 5497 ipsa
3325 5439 3494 5495 saepe,

1908 5513 2105 5585 inquit,
2137 5515 2336 5586 diuque
2362 5517 2541 5572 incola
2580 5519 2704 5576 fuit.

303 5751 372 5824 (Ι)
404 5754 564 5813 [lecte
602 5755 732 5810 cod.
768 5754 832 5810 C.
868 5757 1240 5810 tantummodo
1286 5757 1408 5812 sic:
1469 5755 1526 5806 '0
1564 5753 1805 5816 Εὐσέϐιος

1922 5751 2044 5824 πδὰρ
2074 5751 2436 5824 ἑρμηνεύεται
2473 5753 2829 5824 (morat?de
2868 5753 2921 5825 (a

581 5855 853 5914 Ριτιιοι..
888 5853 1008 5913 Gn.
1052 5851 1288 5916 XXIV.

3149 5852 3178 5910 1

1703 6092 1758 6192 ι
1793 6058 2325 6190 158832
