4014 6472
585 425 645 479 Η
1284 412 1547 472 EUSEBII
1586 408 2049 469 CESARIENSZS
2080 408 2228 464 OPP.
2270 405 2449 461 PARS
2488 406 2574 463 III.
2617 438 2681 449 --
2720 403 3125 460 EXEGETICA.
3729 406 3793 461 η

1105 507 1422 565 PSALMUS
1448 508 1608 563 CXX.

778 604 940 657 Vsus.
1049 601 1237 654 Levavi
1260 599 1434 653 oculos
1462 615 1599 651 mens
1631 599 1684 650 iu
1713 607 1931 650 montes.

652 697 730 750 Ab
758 694 937 750 hostili
967 693 1229 747 servitute
1261 693 1559 757 expeditus,
1592 701 1756 758 atque
1788 688 1841 740 in
1875 689 1987 755 ipsa
2018 689 2129 755 jam

582 794 661 843 via
688 790 1030 849 consumtus,
1065 800 1180 851 qua:
1207 784 1271 838 ad
1302 783 1394 837 Dei
1421 783 1695 837 civitatem
1741 781 1913 844 ducit.
1948 780 2133 833 oculos

578 885 646 938 ad
684 892 895 937 montes
929 883 1024 934 hac
1059 878 1176 930 illac
1210 875 1426 937 attollit,
1458 877 1755 930 observans
1783 884 1943 941 atque
1972 870 2133 926 vesti-

577 988 709 1044 gans
730 1015 746 1039 ,
781 973 1045 1026 undenam
1088 966 1187 1021 sibi
1228 964 1484 1019 auxilium
1507 964 1579 1018 sit
1601 963 1931 1019 adfuturum.
1964 961 2132 1016 Porro

576 1065 788 1120 cunctis
810 1061 987 1116 mundi
1018 1056 1260 1129 partibus
1291 1070 1356 1110 ac
1385 1055 1790 1109 summitatibus
1805 1053 2127 1121 exploratis,

578 1156 721 1209 nulla
748 1155 801 1210 in
836 1168 893 1207 re
930 1150 1172 1206 sensibili
1198 1164 1311 1203 rem
1337 1147 1619 1217 quaesitam
1644 1145 1927 1215 comperit.
1956 1143 2133 1198 Mente

580 1249 745 1315 igitur
780 1246 1079 1312 animaeque
1101 1242 1273 1296 oculis
1312 1241 1377 1293 ad
1416 1249 1691 1293 auctorem
1717 1248 2132 1307 creatorcmque

580 1354 756 1393 rerum
780 1337 1015 1392 omnium
1037 1336 1371 1403 confugiens,
1401 1331 1474 1387 ibi
1500 1329 1662 1391 sistit,
1680 1329 2015 1397 alterumque
2028 1329 2131 1382 hoc

576 1429 841 1484 canticum
863 1427 1094 1481 concinit
1110 1426 1294 1480 dicens
1318 1443 1330 1477 :
1355 1420 1622 1477 Auxilium
1636 1435 1805 1473 meum
1830 1436 1862 1473 a
1888 1418 2125 1481 Domino,

572 1522 664 1589 qui
692 1519 809 1589 fecit
833 1518 1013 1572 caelum
1038 1526 1085 1570 et
1114 1527 1325 1569 terram.

886 1677 1046 1730 Vsus.
1079 1676 1131 1729 5.
1170 1675 1421 1728 Dominus
1455 1672 1713 1726 custodiet
1746 1684 1812 1725 te.

640 1766 772 1821 Eum
820 1770 912 1835 qui
965 1779 1178 1833 semper
1210 1764 1275 1817 ad
1326 1763 1489 1815 Deum
1542 1770 1770 1830 spectat,
1816 1761 1929 1831 ipse
1998 1759 2125 1829 vigil

2162 537 2206 592 Λ

2790 498 3076 551 ΨΑΛΜΟΣ
3116 498 3243 550 PK'.

2402 588 2546 659 Ἦρα
2582 589 2723 655 τοὺς
2756 589 3097 657 ὀφθαιμούς
3124 578 3244 655 μου
3276 588 3366 653 είς·
3390 584 3462 640 τὰ
3500 586 3628 655 ὅρη.

2315 684 2372 736 '0
2398 682 2496 754 τῆς
2521 681 2761 744 δουλείας
2795 679 2900 733 ὑπὸ
2927 679 3038 740 τοῖς
3069 678 3283 747 ἐχθροῖς
3314 675 3672 745 ἀπαλλαγεὶς,
3707 675 3801 729 καὶ

2232 774 2350 827 κατ’
2378 773 2545 844 αὐτὴν
2588 772 2691 841 ἠδη
2719 768 2957 839 γεγονὼς
2992 768 3089 837 τὴν
3134 766 3253 821 ὁδὸν
3291 769 3391 840 τὴν
3430 769 3671 836 ἄγουσαν
3708 766 3799 819 επὶ

2230 866 2326 937 τὴν
2348 864 2443 918 τοῦ
2463 862 2599 916 Θεοῦ
2625 864 2795 927 πόλιν,
2822 863 2933 916 ἀνω
2957 861 3082 923 τοὺς
3110 859 3423 930 ὀφθαλμοὺς
3447 853 3553 914 ὧδε
3578 860 3801 913 κάκεῖσε

2229 961 2310 1021 είς
2359 957 2425 1010 τὰ
2463 956 2563 1027 δρη
2609 955 2843 1026 ἐπαίρει,
2880 950 3156 1006 κατανοῶν
3200 954 3294 1004 καὶ
3331 949 3804 1022 πολυπραγμονῶν

2233 1047 2393 1100 πόθεν
2436 1043 2585 1114 αὐτῷ
2622 1043 2739 1114 ἥξει
2784 1041 3031 1113 βοήθεια’
3086 1040 3156 1093 τὰ
3204 1039 3344 1110 μέρη
3386 1039 3444 1093 δὲ
3477 1039 3662 1093 πάντα
3709 1036 3802 1092 τοῦ

2230 1137 2432 1207 κόσμου
2482 1136 2578 1188 καὶ
2626 1132 2697 1187 τὰ
2753 1132 2859 1203 ὕψη
2918 1130 3310 1202 περιαθρήσας,
3356 1130 3416 1184 ὲν
3470 1129 3646 1183 οὐδενὶ
3696 1128 3803 1182 τῶν

2229 1227 2497 1299 αἰσθητῶν
2530 1225 2770 1297 εὑρίσκει
2798 1225 2860 1277 τὸ
2901 1223 3231 1295 ζητούμενον
3251 1239 3264 1253 ·
3310 1221 3387 1294 νῷ
3416 1222 3471 1275 δὲ
3501 1221 3596 1275 καὶ
3624 1220 3802 1292 ψυχῆς

2227 1318 2519 1388 ὀφθαλμοῖς
2548 1316 2641 1368 ἐπὶ
2677 1315 2766 1368 τὸν
2801 1316 3028 1385 ποιητὴν
3068 1314 3142 1383 (2)
3184 1312 3278 1365 καὶ
3313 1311 3647 1383 δημιουργὸν
3695 1310 3806 1364 τῶν

2225 1412 2362 1464 ὅλων
2396 1405 2741 1479 ἀναδραμὼν,
2768 1406 3001 1460 ἐνταῦθα
3030 1406 3263 1469 ἵσταται,
3288 1404 3385 1463 καὶ
3416 1403 3513 1474 τὴν
3541 1403 3803 1474 δευτέραν

2227 1502 2367 1573 ᾠδὴν
2400 1501 2513 1573 ᾅδει
2545 1498 2720 1566 λέγων
2737 1515 2750 1528 ·
2796 1497 2868 1551 Ἦ
2885 1496 3135 1565 ,βοήθειά
3152 1513 3272 1564 μου
3288 1495 3444 1562 παρὰ
3460 1496 3681 1563 Κυρίου
3696 1494 3804 1549 τοῦ

2230 1593 2600 1661 ποιήσαντος
2615 1593 2724 1645 τὸν
2738 1589 2999 1659 οὐρανὸν
3014 1588 3109 1640 καὶ
3131 1587 3245 1654 τὴν
3261 1586 3396 1655 γῆν.

2698 1682 2910 1748 Κύριος
2937 1679 3195 1749 φυλάξει
3222 1694 3317 1732 σε.

2295 1771 2398 1825 Τὸν
2434 1770 2723 1834 διαπαντὸς
2768 1771 2847 1832 εἰς
2896 1769 2986 1821 τὸν
3032 1768 3163 1821 Θεὸν
3226 1766 3512 1838 ἀφορῶντα
3561 1766 3727 1829 αὐτὸς
3772 1765 3805 1819 ὁ

570 1857 804 1911 custodit
829 1853 988 1918 Icos,
1024 1857 1245 1926 ejusque
1282 1853 1560 1907 dexteram
1606 1853 1835 1923 protegit
1879 1868 2117 1914 manum,

2228 1864 2431 1925 ἄϋπνος
2470 1860 2726 1930 φυλάττει
2758 1860 2909 1921 Θεὸς,
2936 1859 3030 1911 καὶ
3057 1857 3246 1910 τούτου
3292 1858 3388 1928 τὴν
3428 1856 3607 1921 δεξιὰν
3642 1858 3807 1928 χεῖρα

569 1950 690 2017 quia
712 1958 766 2004 et
792 1949 879 2004 ille
910 1949 1146 2003 dexteris
1178 1949 1383 2002 actibus
1413 1949 1597 2009 utitur,
1644 1956 1698 1998 et
1745 1944 1993 1999 inimicos
2025 1960 2121 1997 sua

568 2041 788 2094 dextera
842 2039 1075 2108 repellit.
1144 2038 1303 2093 Certe
1361 2038 1467 2091 Deo
1522 2038 1841 2090 dilectorqu
1889 2036 2120 2089 dexterae

569 2130 888 2183 insidiantur
924 2128 1262 2197 potissimum
1292 2128 1492 2181 hostes.
1542 2124 1632 2178 Sic
1689 2125 1871 2192 itaque
1921 2123 2119 2177 dictum

571 2218 671 2272 fuit
703 2236 717 2271 :
750 2215 821 2270 Et
842 2218 995 2272 Jesus
1021 2220 1233 2270 indutus
1259 2229 1368 2269 erat
1403 2216 1621 2271 vestibus
1643 2214 1892 2279 sordidis,
1923 2214 2124 2266 stabat-

565 2325 662 2376 que
702 2308 944 2364 diabolus
992 2325 1024 2360 a
1078 2310 1276 2361 dextris
1326 2309 1438 2374 ejus
1482 2310 1526 2363 ’.
1566 2336 1638 2348 —
1668 2304 1943 2372 Prmeipue
1995 2319 2123 2358 vero

564 2399 707 2455 Deus
757 2416 788 2455 a
837 2400 1073 2470 nequitia
1143 2411 1349 2463 tuetur,
1405 2399 1613 2453 etiamsi
1668 2397 1805 2451 forte
1853 2397 2121 2450 exteriora

566 2502 749 2547 nostra
784 2507 878 2547 seu
918 2506 1115 2560 corpus
1162 2490 1381 2560 afﬂigat.
1433 2488 1796 2557 Quamobrem
1820 2496 1873 2541 et
1899 2486 1963 2541 de
1988 2485 2122 2541 Jobo

566 2584 841 2638 mandavit
870 2601 884 2635 :
915 2584 1153 2637 Animam
1201 2583 1311 2650 ejus
1346 2591 1547 2635 tantum
1574 2598 1719 2641 serva
1746 2580 1783 2633 ⁸.
1817 2579 1984 2633 Porro
2005 2577 2121 2630 ani-

568 2688 651 2727 tua
681 2674 881 2743 indiget
920 2673 1108 2733 tutela,
1180 2688 1298 2725 cum
1330 2674 1449 2727 vita:
1479 2674 1667 2726 exitus‘
1691 2682 1903 2738 tempus
1929 2672 2118 2734 instat,

565 2778 620 2823 et
676 2783 797 2822 cum
861 2767 926 2819 ad
986 2765 1079 2819 Dei
1138 2765 1411 2818 civitatem
1445 2763 1547 2816 iter
1577 2760 1773 2828 carpit.
1806 2758 1941 2826 Quid
1975 2760 2118 2811 enim

567 2858 808 2928 proderit
842 2896 858 2919 ,
916 2854 961 2910 si
1011 2855 1278 2924 quispiam
1334 2855 1385 2908 in
1439 2853 1611 2907 medio
1664 2852 1859 2905 itinere
1902 2842 2117 2904 /cadens

568 2947 794 3019 pereat?
850 2946 1033 3014 Itaque
1102 2946 1368 2999 neminem
1421 2954 1547 2997 ante
1608 2954 1833 2997 mortem
1903 2942 2117 2995 beatum

569 3042 737 3094 dicas.

777 3128 939 3183 Vens.
974 3130 1025 3183 6.
1079 3127 1179 3180 Per
1226 3128 1361 3180 diem
1411 3126 1488 3179 sol
1536 3141 1636 3177 non
1678 3133 1789 3176 uret
1838 3133 1907 3175 te.

2226 1952 2436 2015 σκέπει,
2492 1952 2588 2005 ἅτε
2634 1950 2834 2017 δεξιαῖς
2890 1947 3119 2014 πράξεσι
3174 1948 3477 2018 χρωμένου,
3528 1948 3624 2000 καὶ
3674 1947 3804 2008 τοὺς

2223 2045 2447 2117 ἐχθροὺς
2471 2044 2781 2106 ἐλαύνοντος
2809 2045 2874 2113 τῇ
2900 2041 3093 2095 ἑαυτοῦ
3120 2040 3271 2110 δεξιᾷ
3288 2056 3301 2068 ο
3334 2039 3568 2109 μάλιστα
3592 2038 3702 2109 γὰρ
3733 2039 3802 2107 τῇ

2221 2136 2369 2207 δεξιᾷ
2391 2136 2496 2189 τῶν
2526 2134 2785 2203 θεοφιλῶν
2807 2132 3173 2186 ἐπιϐουλεύειν
3203 2131 3496 2201 πειρῶνται
3519 2131 3567 2183 oi
3591 2128 3801 2200 ἐχθροί·

2221 2228 2363 2281 οὕτω
2407 2225 2538 2296 γοῦν
2583 2228 2829 2297 εἴρηται·
2868 2224 2977 2277 Kal
3024 2222 3253 2290 Ἰησοῦς
3296 2218 3375 2292 ἦν
3402 2218 3804 2289 ἐνδεδυμένος

2221 2319 2416 2388 ἱμάτια
2442 2315 2702 2387 ῥυπαρὰ,
2737 2315 2833 2368 καί
2864 2318 2898 2368 ό
2925 2314 3199 2378 διάϐολος
3227 2311 3465 2378 ἑστήκει
3480 2312 3547 2365 ἐκ
3575 2309 3794 2375 δεξιῶν

2221 2406 2426 2461 αὐτοῦ.
2465 2436 2534 2447 -
2571 2406 2820 2459 Μάλιστα
2863 2404 2919 2457 δὲ
2953 2402 3083 2466 Θεὸς
3125 2403 3232 2455 ἀπὸ
3274 2401 3470 2465 κακίας
3513 2401 3805 2471 φυλάττει,

2221 2498 2322 2551 κᾶν
2356 2495 2424 2549 τὰ
2455 2496 2608 2559 ὲκτὸς
2639 2496 2672 2565 ἢ
2702 2496 2764 2548 τὸ
2798 2494 2954 2565 σῶμα
2986 2494 3125 2565 λυπῇ
3148 2510 3161 2523 °
3183 2494 3309 2564 περὶ
3340 2492 3471 2562 γοῦν
3506 2492 3623 2546 Ἰὼϐ
3654 2513 3677 2542 ς
3700 2510 3804 2563 αρ-

2225 2587 2465 2658 ἢγγειλε·
2503 2588 2710 2655 Μάνην
2750 2585 2865 2653 τὴν
2926 2583 3138 2654 ψυχὴν
3163 2583 3347 2637 αὑτοῦ
3388 2582 3803 2650 διαφύλαξονο

2217 2680 2387 2733 δεῖται
2415 2678 2471 2731 δὲ
2512 2676 2755 2747 φυλακῆς
2799 2679 2833 2746 ἡ
2865 2676 3011 2745 ψυχὴ
3056 2674 3197 2728 κατὰ
3232 2673 3323 2727 τὸν
3355 2672 3455 2741 τῆς
3486 2672 3661 2736 ἐξόδου
3697 2670 3800 2725 τοῦ

2221 2770 2334 2839 βίου
2361 2768 2571 2838 καιρὸν,
2587 2768 2678 2820 καὶ
2707 2765 2847 2819 κατά
2862 2767 2959 2835 τὴν
2984 2766 3183 2820 εἴσοδον
3198 2764 3293 2836 τὴν
3312 2766 3389 2826 είς
3416 2763 3513 2832 τὴν
3537 2763 3629 2815 τοῦ
3659 2760 3805 2815 Θεοῦ

2219 2860 2372 2913 πόλιν
2394 2878 2407 2890 ·
2451 2859 2503 2911 τί
2535 2858 2643 2929 γὰρ
2674 2858 2862 2927 ὄφελος
2886 2859 2932 2909 εί
2976 2860 3031 2910 ὲν
3064 2857 3213 2927 μέσῳ
3248 2856 3347 2925 τῆς
3373 2855 3487 2909 ὁδοῦ
3512 2856 3690 2909 πεσών
3713 2870 3807 2918 τις

2218 2951 2498 3016 ἀπώλετο;
2527 2952 2606 3005 διὸ
2653 2952 2727 3021 μὴ
2770 2949 3081 3019 μακαρίσῃς
3111 2947 3396 3017 ἄνθρωπον
3430 2947 3535 3019 πρὸ
3568 2948 3663 3017 τῆς
3706 2964 3803 2999 τε-

2214 3043 2413 3113 λευτῆς
2450 3042 2636 3096 αὑτοῦ.

2456 3134 2697 3203 Ἡμέρας
2731 3135 2763 3185 ό
2793 3132 2963 3198 ἥλιος
2996 3132 3067 3183 οὐ
3099 3130 3431 3199 συγκαύσει
3459 3145 3551 3183 σε.

635 3220 917 3289 Splendida
938 3224 1103 3274 nubes
1131 3220 1267 3273 haud
1286 3233 1377 3271 eos
1402 3218 1529 3271 sinit
1552 3216 1632 3269 uri
1661 3216 1792 3277 sole,
1817 3215 1907 3283 qui
1927 3218 1989 3266 ad
2013 3213 2116 3267 De-

2289 3229 2499 3297 Νεφέλη
2518 3226 2747 3296 φωτεινὴ
2771 3224 2870 3276 οὐκ
2894 3224 2959 3293 ἐᾷ
2989 3219 3338 3290 συγκαίεσθαι
3361 3220 3464 3273 ὑπὸ
3485 3220 3634 3291 ἡλίου
3667 3222 3804 3285 τοὺς

565 3330 650 3363 nm
681 3323 928 3381 pergunt.
950 3310 1173 3379 Parique
1195 3310 1400 3363 ratione
1416 3323 1570 3375 opem
1591 3307 1715 3370 fert,
1736 3308 2026 3374 qnomimts
2048 3323 2117 3360 ne

562 3421 591 3455 ε
628 3412 883 3456 nocturno
902 3402 1115 3469 quidem
1145 3398 1394 3449 lnminari
1416 3396 1795 3447 detrimentum
1817 3396 2112 3464 patiantur.

1078 3488 1396 3544 PSALMUS
1422 3486 1603 3543 CXXI.

569 3588 725 3643 Vens.
751 3588 800 3639 Ι.
824 3584 1052 3638 Lwtatus
1073 3599 1185 3636 sum
1214 3584 1265 3635 in
1289 3582 1367 3634 Itis
1396 3598 1508 3647 qum
1531 3582 1668 3633 dictu
1693 3591 1812 3633 sunt
1836 3581 1979 3643 mihi,
2006 3589 2112 3631 etc.

634 3680 767 3735 Dum
806 3679 890 3731 via
924 3677 1279 3746 proficiscitur
1306 3678 1371 3729 ad
1399 3676 1560 3729 Deum
1603 3677 1854 3737 ducente,
1900 3675 2116 3744 cognito

560 3773 677 3841 eius
728 3770 978 3831 termino,
1038 3767 1235 3834 gaudio
1284 3766 1537 3835 repletur,
1597 3766 1895 3818 futurarum
1938 3778 2113 3816 rerum

563 3862 749 3915 nuntio
791 3859 993 3913 audito.
1042 3857 1219 3923 Quare
1263 3866 1317 3910 et
1362 3856 1639 3925 praedicat,
1673 3870 1729 3909 se
1765 3856 1934 3908 bonos
1958 3869 2113 3923 egre-

562 3956 787 4021 giosque
821 3949 1109 4019 magistros
1142 3955 1356 4000 nactum
1384 3962 1523 4012 esse,
1554 3946 1642 4015 qui
1688 3945 1788 3999 sibi
1836 3943 2019 3997 aiunt:
2052 3942 2117 3995 lu

558 4044 772 4095 domum
798 4040 1010 4094 Domini
1037 4039 1243 4091 ibimus.
1272 4037 1497 4104 Ideoque
1520 4036 1687 4105 magis
1715 4034 1954 4101 festinat,
1977 4036 2113 4087 viam

559 4148 683 4185 cum
714 4130 909 4200 gaudio
941 4126 1496 4198 carpens—Illorum
1542 4126 1632 4194 qui
1679 4126 1952 4196 Babylone
2002 4126 2118 4179 red-

561 4225 710 4277 ibant
733 4237 857 4291 pars
898 4221 1087 4290 major,
1126 4222 1350 4288 populus
1382 4216 1623 4271 novellus
1650 4228 1767 4271 crat
1801 4220 1854 4271 in
1892 4218 2002 4285 ipsa
2034 4231 2115 4283 ge-

562 4315 707 4365 nitus
735 4310 1025 4381 Babylone.
1070 4307 1233 4362 Pauci
1265 4323 1390 4361 vero
1422 4306 1638 4374 quidam
1674 4305 1818 4360 inter
1843 4320 1936 4359 cos
1964 4315 2118 4357 erant

561 4405 720 4469 prisci
746 4404 866 4466 viri,
908 4417 1065 4456 senes
1115 4400 1426 4462 admodum,
1454 4398 1541 4466 qui
1572 4397 1959 4467 Hierosolymis
1985 4396 2113 4449 illuc

560 4493 969 4556 descenderant,
1004 4501 1080 4555 et,
1115 4491 1448 4558 septuaginta
1494 4491 1563 4542 ibi
1610 4489 1765 4541 annis
1810 4490 2115 4552 transactis,

2221 3321 2360 3372 κατά
2386 3318 2516 3370 Θεὸν
2548 3316 2828 3377 ὁδεύοντας
2845 3330 2860 3344 ·
2887 3314 2981 3366 καὶ
3008 3310 3355 3379 ἀναλογοῦντι
3380 3311 3581 3381 ταύτης
3603 3311 3803 3381 βοηθεῖ

2219 3411 2297 3471 είς
2317 3409 2375 3460 τὸ
2406 3407 2535 3478 μηδὲ
2570 3405 2678 3459 ὑπὸ
2704 3402 3019 3472 νυκτερινοῦ
3048 3401 3333 3472 φωστῆρος
3362 3400 3550 3455 παθεῖν
3569 3401 3802 3465 αὐτούς.

2746 3494 3035 3547 ΨΑΛΜΟΣ
3084 3494 3177 3545 PK
3185 3494 3263 3546 A'.

2324 3590 2684 3657 Εὐφράνϐην
2714 3586 2814 3638 ἐπὶ
2859 3584 2984 3649 τοῖς
3014 3585 3281 3651 είρηκόσι
3305 3600 3426 3653 μοι,
3463 3600 3517 3637 κ.
3547 3600 3597 3636 τ.
3630 3584 3680 3636 λ.

2288 3682 2397 3751 Τὴν
2422 3680 2540 3733 ὁδὸν
2586 3677 2815 3747 βαδίζων
2842 3677 2940 3745 τὴν
2970 3674 3060 3727 ἐπὶ
3088 3674 3177 3727 τὸν
3216 3675 3347 3727 Θεὸν
3375 3674 3631 3741 ἄγουσαν,
3663 3690 3801 3728 παι-

2215 3770 2499 3840 δευόμενος
2538 3768 2666 3839 ’περὶ⁵
2715 3764 2811 3819 τοῦ
2861 3765 3046 3828 τέλους
3085 3764 3276 3833 αὐτῆς,
3325 3765 3660 3836 εὐφροσύνης
3702 3766 3803 3819 ἐπ’

2217 3864 2352 3933 αὐτῇ
2395 3864 2460 3931 τῇ
2511 3861 2619 3913 τῶν
2663 3858 2959 3929 μελλόντων
3002 3856 3136 3926 ἀκοῇ
3189 3854 3522 3926 πληροῦται·
3569 3854 3649 3907 διὸ
3695 3857 3801 3909 καὶ

2217 3954 2466 4025 ὁμολογεῖ
2493 3950 2670 4005 καλῶν
2704 3949 2799 4003 καὶ
2843 3948 3060 4016 ἀγαθῶν
3098 3946 3432 4000 διδασκάλων
3465 3945 3646 4016 τυχὼν
3681 3948 3806 4001 τῶν

2220 4042 2515 4114 εἰρηκότων
2545 4037 2711 4108 αὐτῷ·
2748 4039 2852 4102 Εἰς
2885 4033 3051 4090 οἶκον
3084 4036 3302 4103 Κυρίου
3330 4035 3759 4103 πορευσώμεϐα
3779 4053 3799 4067 ο

2220 4136 2313 4188 καὶ
2344 4132 2540 4203 μᾶλλον
2568 4130 2865 4197 ἐπείγεται,
2892 4127 2991 4198 τὴν
3039 4126 3262 4198 πορείαν
3297 4127 3414 4197 μετ’
3446 4124 3798 4198 εὐφροσύνης

2219 4222 2551 4294 ποιούμενος.
2598 4251 2663 4260 -
2708 4218 2827 4272 Τῶν
2876 4218 3200 4270 ἐπανιόντων
3233 4216 3341 4269 ἀπὸ
3390 4215 3725 4279 Βαὸυλῶνος,
3767 4221 3803 4273 ὁ

2223 4317 2318 4385 μὲν
2361 4314 2523 4377 πολὺς
2577 4312 2698 4375 νέος
2741 4307 2810 4381 ἦν
2856 4310 2982 4373 λαὸς
3016 4312 3071 4362 ὲν
3104 4309 3241 4379 αὐτῇ
3292 4308 3570 4379 γεννηθεὶς
3612 4308 3801 4361 Βαδυη

2218 4405 2380 4456 λῶνιο
2430 4405 2651 4475 βραχεῖς
2690 4402 2747 4456 δέ
2779 4418 2923 4463 τινες
2965 4402 3023 4453 ὲν
3056 4402 3238 4462 αὐτοῖς
3291 4399 3537 4469 ὑπῆρχον
3569 4399 3800 4455 παλαιοὶ

2221 4495 2407 4566 ἄνδρες
2435 4486 2764 4564 καῖ’σιιόδρα
2798 4490 3179 4562 πρεσϐύτεροι,
3208 4492 3259 4543 οἱ
3291 4490 3399 4543 ἀπὸ
3441 4491 3802 4562 Ἰερουσαλὴμ

560 4596 745 4651 postea
793 4599 912 4638 cum
952 4598 1088 4637 navo
1122 4581 1316 4650 p0pulo
1370 4581 1802 4633 revertebantur.
1841 4577 1900 4631 lli
1934 4587 2112 4631 autem

2225 4586 2650 4657 καταϐεϐηκότες
2676 4587 2808 4645 ἐκεῖ,
2846 4583 2939 4637 καὶ
2978 4583 3411 4653 παραμείναντες
3443 4581 3535 4633 τὸν
3561 4581 3804 4653 ἑϐδομή-

562 4691 590 4726 :t
625 4688 763 4728 novo
788 4674 983 4741 populo
1020 4669 1335 4736 interrogati
1358 4711 1372 4731 ,
1406 4682 1640 4737 qummm
1676 4667 1778 4719 iter
1806 4668 2110 4727 tenderent,

564 4764 1290 4833 respondentquodammodo
1312 4761 1516 4812 aientes
1539 4777 1550 4811 :
1576 4758 1640 4810 1η
1662 4760 1874 4811 domum
1900 4758 2111 4810 Domini

562 4858 769 4908 ibimus.
828 4854 1055 4917 Rursus,
1114 4854 1216 4907 hoc
1273 4855 1477 4912 audito,
1532 4865 1702 4904 novus
1749 4849 1838 4902 ille
1892 4850 2117 4919 populus

560 4947 912 5009 exhilaratus,
942 4947 1118 4999 denuo
1145 4944 1413 4997 sciscitari
1437 4943 1667 5005 videtur,
1702 4943 1970 4994 undeuam
2008 4941 2114 4994 illis

563 5040 676 5092 haec
734 5038 918 5091 notitia
944 5034 1123 5090 esset?
1169 5033 1230 5103 lli
1280 5049 1440 5102 porro
1492 5032 1857 5101 respondent:
1901 5032 2113 5087 Stantes

559 5138 705 5180 erant
729 5129 879 5194 pedes
916 5128 1078 5178 nostri
1118 5126 1171 5177 in
1224 5124 1374 5176 atriis
1410 5122 1703 5175 Jerusalem
1734 5139 1753 5185 ,'
1784 5123 1834 5175 hi
1866 5122 2117 5175 nimirum

561 5221 659 5287 ipsi
707 5220 868 5287 pedes
905 5219 993 5284 qui
1034 5217 1307 5270 vobiscum
1336 5230 1478 5267 nunc
1502 5214 1842 5280 gradiuntur,
1869 5213 1923 5264 in
1956 5213 2112 5265 atriis

559 5312 684 5362 o'lim
738 5318 937 5362 stetere
1013 5306 1333 5361 Jerusalem.
1384 5304 1744 5370 Quamobrem
1799 5304 1877 5357 rei
1939 5305 2109 5371 probe

562 5398 786 5461 conscii,
813 5412 932 5452 eam
967 5398 1112 5450 vobis
1142 5399 1451 5451 nttntiatnus
1484 5413 1497 5447 :
1529 5411 1650 5448 nam
1684 5406 1738 5449 et
1764 5396 2113 5451 aediﬁciorum

566 5492 716 5543 urbis
756 5490 1039 5549 rationem,
1100 5490 1323 5557 ejusque
1372 5499 1553 5558 typum
1617 5502 1680 5540 ac
1729 5488 2111 5556 propemodum

571 5582 1014 5642 delineationem,
1066 5583 1320 5632 tnetttoria
1376 5589 1631 5632 accurate
1682 5588 1943 5631 tenemus.
1994 5579 2111 5633 Non

634 5673 847 5725 ‘Zaclt.
899 5688 979 5736 ιιι,
1036 5673 1087 5727 5.
1165 5670 1310 5727 'Job
1358 5688 1421 5735 Il,
1462 5673 1516 5725 6.

630 5769 705 5826 ('2‘;
732 5766 843 5816 Duo
865 5766 1021 5817 cmlti.
1048 5765 1291 5833 Σωτῆρα.

2219 4695 2379 4751 κοντα
2394 4678 2470 4730 ἔτι
2488 4677 2586 4744 «2⁸)
2615 4676 2823 4746 χρόνον,
2855 4674 2972 4744 μεθ’
3001 4674 3059 4726 θν
3089 4674 3425 4743 ὑπέστρεφον
3444 4673 3558 4741 ἅμα
3587 4671 3664 4741 τῷ
3687 4675 3804 4745 νέῳ

2221 4762 2368 4832 λαῴυ
2418 4763 2620 4814 τούτων
2679 4762 2858 4813 τοίνυν
2916 4760 3281 4831 ὲρωτωμένων
3328 4760 3477 4831 παρὰ
3526 4760 3620 4815 τοῦ
3668 4761 3799 4815 νέου

2221 4854 2348 4907 λαοῦ
2398 4855 2530 4906 ὅπου
2578 4853 2676 4921 τὴν
2733 4850 2960 4921 πορείαν
3019 4854 3281 4912 ποιοῖντο,
3331 4850 3802 4920 ἀποκρινομένους

2219 4944 2378 4998 οἱονεὶ
2419 4944 2524 5019 καὶ.
2554 4942 2849 5010 λέγοντας·
2891 4945 2995 5007 Εἰς
3038 4939 3205 4995 οἷκον
3244 4942 3462 5009 Κυρίου
3492 4941 3802 5009 πορευσώ-

2218 5039 2381 5103 pelia.
2426 5035 2548 5087 Ἐπὶ
2577 5034 2635 5086 δὲ
2662 5033 2886 5107 τοιαύτῃ
2915 5036 3050 5103 ἀκοῇ
3096 5034 3187 5086 τὸν
3226 5033 3344 5085 νέον
3382 5033 3509 5085 λαὸν
3550 5034 3797 5104 εὐφραν-

2222 5126 2399 5187 θέντα,
2429 5126 2676 5196 δεύτερον
2704 5124 2952 5191 ἐξετάσαι
2980 5124 3143 5177 πόθεν
3167 5126 3279 5185 τοῖς
3311 5123 3560 5189 λέγουσιν
3591 5124 3625 5191 ἡ
3652 5120 3799 5189 γνῶ-

2223 5234 2338 5283 σις;
2370 5218 2507 5280 Τοὺς
2537 5217 2595 5270 δὲ
2625 5217 3023 5288 ἀποκρίνασθαι
3058 5217 3192 5287 πρὸς
3209 5216 3427 5277 αὐτοὺς,
3464 5215 3557 5267 καὶ
3586 5214 3791 5265 είπεῖν·

2196 5348 2207 5357 .
2234 5306 2517 5374 Ἐστῶτες
2567 5304 2728 5377 ἦσαν
2768 5310 2821 5360 οἱ
2850 5307 3030 5371 πόδες
3078 5306 3246 5374 ἡμῶν
3289 5307 3358 5358 ἐν
3404 5304 3531 5370 ταῖς
3573 5303 3793 5369 αὐλαῖς

2235 5396 2655 5467 Ἰερουσαλήμ⁶
2710 5398 2801 5450 καὶ
2832 5401 2881 5451 οί
2928 5397 3086 5460 πόδες
3129 5389 3274 5449 οῦτοι
3311 5398 3358 5447 οἱ
3406 5395 3500 5447 νῦν
3555 5392 3791 5447 ἐνταῦθα

2222 5488 2335 5556 ἅμα
2380 5490 2505 5558 ὑμῖν
2541 5488 2871 5557 βαδίζοντες.
2924 5489 3154 5551 ἑστῶτες
3200 5505 3327 5540 ποτε
3384 5486 3676 5556 ἐτύγχανον
3734 5490 3798 5536 ἐν

2220 5585 2338 5644 ταῖς
2394 5584 2583 5645 αὐλαῖς
2644 5584 3024 5655 Ἰερουσαλήμο
3080 5584 3201 5637 ὅθεν
3253 5582 3495 5653 ἀκριϐῶς
3550 5580 3794 5646 εἰδότες,

630 5822 727 5905 (‘2')
782 5822 1217 5904 Ἐἴδομήκοντᾶ
1258 5837 1361 5889 ἔτι.
1407 5834 1495 5889 Sic
1532 5836 1659 5890 editi
1702 5853 1712 5887 :
1762 5847 1817 5888 ut
1872 5837 2007 5890 forte
2044 5834 2118 5903 leg

2225 5835 2320 5886 lum
2345 5834 2412 5888 sit
2449 5832 2932 5897 ἑϋδοειηκονταετῆ.
2967 5833 3124 5887 Eon‘.
