  <div class='ocr_page' id='page_1' title='image "/cluster/home/n/w/nwhite01/storage/ocr_20150623/24/ien.35556001660497/018.png"; bbox 0 0 4014 6452; ppageno 0'>
   <div class='ocr_carea' id='block_1_1' title="bbox 178 431 3432 503">
    <p class='ocr_par' dir='ltr' id='par_1_1' title="bbox 178 431 3432 503">
     <span class='ocr_line' id='line_1_1' title="bbox 178 431 3432 503; baseline -0.005 -2"><span class='ocrx_word' id='word_1_1' title='bbox 178 447 233 503; x_wconf 71' lang='lat' dir='ltr'><strong>l3</strong></span> <span class='ocrx_word' id='word_1_2' title='bbox 1279 433 1793 499; x_wconf 70' lang='lat' dir='ltr'><strong>COMMENTABIA</strong></span> <span class='ocrx_word' id='word_1_3' title='bbox 1830 431 1899 491; x_wconf 79' lang='lat' dir='ltr'><strong>IN</strong></span> <span class='ocrx_word' id='word_1_4' title='bbox 1937 433 2278 493; x_wconf 70' lang='lat' dir='ltr'><strong>PSALMOS.</strong></span> <span class='ocrx_word' id='word_1_5' title='bbox 3362 440 3432 499; x_wconf 68' lang='lat' dir='ltr'><strong>is</strong></span> 
     </span>
    </p>
   </div>
   <div class='ocr_carea' id='block_1_2' title="bbox 172 548 1727 629">
    <p class='ocr_par' dir='ltr' id='par_1_2' title="bbox 172 552 1727 629">
     <span class='ocr_line' id='line_1_2' title="bbox 172 552 1727 629; baseline -0.002 -16"><span class='ocrx_word' id='word_1_6' title='bbox 172 558 313 613; x_wconf 76' lang='grc' dir='ltr'>ταῦτα</span> <span class='ocrx_word' id='word_1_7' title='bbox 348 557 497 629; x_wconf 75' lang='grc' dir='ltr'>ὑμᾶς</span> <span class='ocrx_word' id='word_1_8' title='bbox 524 553 1025 628; x_wconf 75' lang='grc' dir='ltr'>εὐαγγελιζόμεθα,</span> <span class='ocrx_word' id='word_1_9' title='bbox 1064 558 1161 611; x_wconf 82' lang='grc' dir='ltr'>καὶ</span> <span class='ocrx_word' id='word_1_10' title='bbox 1193 556 1283 610; x_wconf 79' lang='grc' dir='ltr'>τὸν</span> <span class='ocrx_word' id='word_1_11' title='bbox 1311 556 1515 628; x_wconf 83' lang='grc' dir='ltr'>τρόπον</span> <span class='ocrx_word' id='word_1_12' title='bbox 1544 555 1601 609; x_wconf 78' lang='grc' dir='ltr'>δὲ</span> <span class='ocrx_word' id='word_1_13' title='bbox 1634 552 1727 624; x_wconf 85' lang='grc' dir='ltr'>τῆς</span> 
     </span>
    </p>
   </div>
   <div class='ocr_carea' id='block_1_3' title="bbox 1843 548 3530 629">
    <p class='ocr_par' dir='ltr' id='par_1_3' title="bbox 1843 548 3530 622">
     <span class='ocr_line' id='line_1_3' title="bbox 1843 548 3530 622; baseline 0.001 -13"><span class='ocrx_word' id='word_1_14' title='bbox 1843 554 1988 609; x_wconf 89' lang='lat' dir='ltr'><strong>enim</strong></span> <span class='ocrx_word' id='word_1_15' title='bbox 2024 561 2145 607; x_wconf 85' lang='lat' dir='ltr'><strong>erat</strong></span> <span class='ocrx_word' id='word_1_16' title='bbox 2174 549 2309 606; x_wconf 89' lang='lat' dir='ltr'><strong>urbs</strong></span> <span class='ocrx_word' id='word_1_17' title='bbox 2333 550 2438 606; x_wconf 88' lang='lat' dir='ltr'><strong>hac</strong></span> <span class='ocrx_word' id='word_1_18' title='bbox 2472 548 2599 606; x_wconf 83' lang='lat' dir='ltr'><strong>illac</strong></span> <span class='ocrx_word' id='word_1_19' title='bbox 2627 561 2842 619; x_wconf 81' lang='lat' dir='ltr'><strong>sparsa,</strong></span> <span class='ocrx_word' id='word_1_20' title='bbox 2868 558 2925 604; x_wconf 91' lang='lat' dir='ltr'><strong>et</strong></span> <span class='ocrx_word' id='word_1_21' title='bbox 2956 563 3149 615; x_wconf 82' lang='lat' dir='ltr'><strong>scissa,</strong></span> <span class='ocrx_word' id='word_1_22' title='bbox 3185 560 3349 622; x_wconf 85' lang='lat' dir='ltr'><strong>atque</strong></span> <span class='ocrx_word' id='word_1_23' title='bbox 3376 553 3435 611; x_wconf 86' lang='lat' dir='ltr'><strong>lu</strong></span> <span class='ocrx_word' id='word_1_24' title='bbox 3527 598 3530 601; x_wconf 86' lang='lat'><strong>.</strong></span> 
     </span>
    </p>
   </div>
   <div class='ocr_carea' id='block_1_4' title="bbox 169 644 1731 722">
    <p class='ocr_par' dir='ltr' id='par_1_4' title="bbox 169 644 1731 722">
     <span class='ocr_line' id='line_1_4' title="bbox 169 644 1731 722; baseline -0.004 -17"><span class='ocrx_word' id='word_1_25' title='bbox 169 651 427 722; x_wconf 75' lang='grc' dir='ltr'><strong>οἰκοδομῆς</strong></span> <span class='ocrx_word' id='word_1_26' title='bbox 465 648 572 719; x_wconf 80' lang='grc' dir='ltr'>τῆς</span> <span class='ocrx_word' id='word_1_27' title='bbox 601 648 846 714; x_wconf 76' lang='grc' dir='ltr'>πόλεως,</span> <span class='ocrx_word' id='word_1_28' title='bbox 878 647 975 702; x_wconf 79' lang='grc' dir='ltr'>καὶ</span> <span class='ocrx_word' id='word_1_29' title='bbox 999 647 1092 702; x_wconf 80' lang='grc' dir='ltr'>τὸν</span> <span class='ocrx_word' id='word_1_30' title='bbox 1120 647 1291 703; x_wconf 83' lang='grc' dir='ltr'><strong>τύπον</strong></span> <span class='ocrx_word' id='word_1_31' title='bbox 1332 647 1517 709; x_wconf 72' lang='grc' dir='ltr'>αὐτὸν,</span> <span class='ocrx_word' id='word_1_32' title='bbox 1558 644 1636 710; x_wconf 83' lang='grc' dir='ltr'>ὠς</span> <span class='ocrx_word' id='word_1_33' title='bbox 1663 644 1731 700; x_wconf 78' lang='grc' dir='ltr'><strong>ἂν</strong></span> 
     </span>
    </p>
   </div>
   <div class='ocr_carea' id='block_1_5' title="bbox 168 735 1733 811">
    <p class='ocr_par' dir='ltr' id='par_1_5' title="bbox 168 735 1733 811">
     <span class='ocr_line' id='line_1_5' title="bbox 168 735 1733 811; baseline -0.003 -18"><span class='ocrx_word' id='word_1_34' title='bbox 168 740 287 795; x_wconf 73' lang='grc' dir='ltr'>εἴποι</span> <span class='ocrx_word' id='word_1_35' title='bbox 314 757 420 805; x_wconf 87' lang='grc' dir='ltr'>τις,</span> <span class='ocrx_word' id='word_1_36' title='bbox 454 739 551 793; x_wconf 78' lang='grc' dir='ltr'>καὶ</span> <span class='ocrx_word' id='word_1_37' title='bbox 586 737 648 792; x_wconf 77' lang='grc' dir='ltr'><strong>τὺ</strong></span> <span class='ocrx_word' id='word_1_38' title='bbox 678 737 885 809; x_wconf 80' lang='grc' dir='ltr'>σχῆμα,</span> <span class='ocrx_word' id='word_1_39' title='bbox 921 736 1169 811; x_wconf 73' lang='grc' dir='ltr'>ἀκριϐῶς</span> <span class='ocrx_word' id='word_1_40' title='bbox 1198 737 1439 811; x_wconf 77' lang='grc' dir='ltr'><strong>φέρομεν</strong></span> <span class='ocrx_word' id='word_1_41' title='bbox 1469 735 1561 809; x_wconf 71' lang='grc' dir='ltr'>διὰ</span> <span class='ocrx_word' id='word_1_42' title='bbox 1594 736 1733 808; x_wconf 83' lang='grc' dir='ltr'>μνή-</span> 
     </span>
    </p>
   </div>
   <div class='ocr_carea' id='block_1_6' title="bbox 170 823 1730 906">
    <p class='ocr_par' dir='ltr' id='par_1_6' title="bbox 170 823 1730 906">
     <span class='ocr_line' id='line_1_6' title="bbox 170 823 1730 906; baseline -0.004 -20"><span class='ocrx_word' id='word_1_43' title='bbox 170 849 286 904; x_wconf 85' lang='grc' dir='ltr'>μης·</span> <span class='ocrx_word' id='word_1_44' title='bbox 315 826 387 905; x_wconf 81' lang='grc' dir='ltr'><strong>ἦν</strong></span> <span class='ocrx_word' id='word_1_45' title='bbox 413 831 527 906; x_wconf 75' lang='grc' dir='ltr'>γὰρ</span> <span class='ocrx_word' id='word_1_46' title='bbox 555 831 633 896; x_wconf 83' lang='grc' dir='ltr'><strong>ὡς</strong></span> <span class='ocrx_word' id='word_1_47' title='bbox 670 830 825 896; x_wconf 81' lang='grc' dir='ltr'>πόλις</span> <span class='ocrx_word' id='word_1_48' title='bbox 852 830 913 884; x_wconf 82' lang='grc' dir='ltr'><strong>οὐ</strong></span> <span class='ocrx_word' id='word_1_49' title='bbox 942 829 1317 904; x_wconf 72' lang='grc' dir='ltr'>διεσπαρμένῃ</span> <span class='ocrx_word' id='word_1_50' title='bbox 1346 823 1450 885; x_wconf 76' lang='grc' dir='ltr'>ὧδε</span> <span class='ocrx_word' id='word_1_51' title='bbox 1478 829 1730 892; x_wconf 76' lang='grc' dir='ltr'>κάκεῖσε,</span> 
     </span>
    </p>
   </div>
   <div class='ocr_carea' id='block_1_7' title="bbox 1839 640 3433 713">
    <p class='ocr_par' dir='ltr' id='par_1_7' title="bbox 1839 640 3433 713">
     <span class='ocr_line' id='line_1_7' title="bbox 1839 640 3433 713; baseline -0.001 -11"><span class='ocrx_word' id='word_1_52' title='bbox 1839 643 2041 702; x_wconf 87' lang='lat' dir='ltr'><strong>multas</strong></span> <span class='ocrx_word' id='word_1_53' title='bbox 2073 653 2258 713; x_wconf 88' lang='lat' dir='ltr'><strong>partes</strong></span> <span class='ocrx_word' id='word_1_54' title='bbox 2285 651 2463 708; x_wconf 86' lang='lat' dir='ltr'><strong>secta,</strong></span> <span class='ocrx_word' id='word_1_55' title='bbox 2496 642 2592 698; x_wconf 87' lang='lat' dir='ltr'><strong>sed</strong></span> <span class='ocrx_word' id='word_1_56' title='bbox 2623 641 2697 696; x_wconf 90' lang='lat' dir='ltr'><strong>ita</strong></span> <span class='ocrx_word' id='word_1_57' title='bbox 2722 640 3012 709; x_wconf 66' lang='lat' dir='ltr'><strong>adificata,</strong></span> <span class='ocrx_word' id='word_1_58' title='bbox 3046 653 3105 699; x_wconf 91' lang='lat' dir='ltr'><strong>ut</strong></span> <span class='ocrx_word' id='word_1_59' title='bbox 3132 660 3242 700; x_wconf 89' lang='lat' dir='ltr'><strong>una</strong></span> <span class='ocrx_word' id='word_1_60' title='bbox 3277 646 3433 701; x_wconf 63' lang='lat' dir='ltr'><strong>vute-</strong></span> 
     </span>
    </p>
   </div>
   <div class='ocr_carea' id='block_1_8' title="bbox 1843 730 3433 807">
    <p class='ocr_par' dir='ltr' id='par_1_8' title="bbox 1843 730 3433 807">
     <span class='ocr_line' id='line_1_8' title="bbox 1843 730 3433 807; baseline -0.001 -14"><span class='ocrx_word' id='word_1_61' title='bbox 1843 745 1997 793; x_wconf 87' lang='lat' dir='ltr'><strong>retur</strong></span> <span class='ocrx_word' id='word_1_62' title='bbox 2017 737 2235 800; x_wconf 86' lang='lat' dir='ltr'><strong>domus,</strong></span> <span class='ocrx_word' id='word_1_63' title='bbox 2260 742 2486 807; x_wconf 78' lang='lat' dir='ltr'><strong>propter</strong></span> <span class='ocrx_word' id='word_1_64' title='bbox 2507 732 2866 789; x_wconf 71' lang='lat' dir='ltr'><strong>aediﬁciorum</strong></span> <span class='ocrx_word' id='word_1_65' title='bbox 2900 730 3018 802; x_wconf 83' lang='lat' dir='ltr'><strong>ejus</strong></span> <span class='ocrx_word' id='word_1_66' title='bbox 3039 737 3433 792; x_wconf 69' lang='lat' dir='ltr'><strong>cohaerentiam</strong></span> 
     </span>
    </p>
   </div>
   <div class='ocr_carea' id='block_1_9' title="bbox 1843 818 3439 900">
    <p class='ocr_par' dir='ltr' id='par_1_9' title="bbox 1843 818 3439 900">
     <span class='ocr_line' id='line_1_9' title="bbox 1843 818 3439 900; baseline -0.001 -16"><span class='ocrx_word' id='word_1_67' title='bbox 1843 837 2013 900; x_wconf 89' lang='lat' dir='ltr'><strong>atque</strong></span> <span class='ocrx_word' id='word_1_68' title='bbox 2051 828 2420 884; x_wconf 86' lang='lat' dir='ltr'><strong>harmoniam.</strong></span> <span class='ocrx_word' id='word_1_69' title='bbox 2450 818 2576 881; x_wconf 75' lang='lat' dir='ltr'><strong>ideo</strong></span> <span class='ocrx_word' id='word_1_70' title='bbox 2604 826 2813 881; x_wconf 87' lang='lat' dir='ltr'><strong>dictum</strong></span> <span class='ocrx_word' id='word_1_71' title='bbox 2852 836 2939 883; x_wconf 86' lang='lat' dir='ltr'><strong>est</strong></span> <span class='ocrx_word' id='word_1_72' title='bbox 2966 844 2980 881; x_wconf 89' lang='lat'><strong>:</strong></span> <span class='ocrx_word' id='word_1_73' title='bbox 3005 823 3076 881; x_wconf 86' lang='lat' dir='ltr'><strong>Ut</strong></span> <span class='ocrx_word' id='word_1_74' title='bbox 3104 829 3310 894; x_wconf 73' lang='lat' dir='ltr'><strong>civitas.</strong></span> <span class='ocrx_word' id='word_1_75' title='bbox 3342 846 3439 884; x_wconf 81' lang='lat' dir='ltr'><strong>cu-</strong></span> 
     </span>
    </p>
   </div>
   <div class='ocr_carea' id='block_1_10' title="bbox 166 917 1727 995">
    <p class='ocr_par' dir='ltr' id='par_1_10' title="bbox 166 918 1727 995">
     <span class='ocr_line' id='line_1_10' title="bbox 166 918 1727 995; baseline -0.003 -18"><span class='ocrx_word' id='word_1_76' title='bbox 166 923 265 978; x_wconf 70' lang='grc' dir='ltr'><strong>οὐδὲ</strong></span> <span class='ocrx_word' id='word_1_77' title='bbox 284 922 668 994; x_wconf 77' lang='grc' dir='ltr'>ἀπεσχισμένη</span> <span class='ocrx_word' id='word_1_78' title='bbox 697 922 792 975; x_wconf 76' lang='grc' dir='ltr'>καὶ</span> <span class='ocrx_word' id='word_1_79' title='bbox 814 922 1084 977; x_wconf 72' lang='grc' dir='ltr'><strong>διεστῶσα</strong></span> <span class='ocrx_word' id='word_1_80' title='bbox 1114 924 1196 986; x_wconf 77' lang='grc' dir='ltr'>εἰς</span> <span class='ocrx_word' id='word_1_81' title='bbox 1225 921 1367 995; x_wconf 79' lang='grc' dir='ltr'>μέρη</span> <span class='ocrx_word' id='word_1_82' title='bbox 1395 918 1589 984; x_wconf 80' lang='grc' dir='ltr'>πολλὰ,</span> <span class='ocrx_word' id='word_1_83' title='bbox 1615 918 1727 973; x_wconf 78' lang='grc' dir='ltr'>ἀλλ’</span> 
     </span>
    </p>
   </div>
   <div class='ocr_carea' id='block_1_11' title="bbox 1843 917 3434 995">
    <p class='ocr_par' dir='ltr' id='par_1_11' title="bbox 1843 917 3434 992">
     <span class='ocr_line' id='line_1_11' title="bbox 1843 917 3434 992; baseline 0.001 -18"><span class='ocrx_word' id='word_1_84' title='bbox 1843 918 1927 989; x_wconf 77' lang='lat' dir='ltr'><strong>ius</strong></span> <span class='ocrx_word' id='word_1_85' title='bbox 1975 919 2317 991; x_wconf 75' lang='lat' dir='ltr'><strong>participatis</strong></span> <span class='ocrx_word' id='word_1_86' title='bbox 2366 919 2482 991; x_wconf 79' lang='lat' dir='ltr'><strong>ejus</strong></span> <span class='ocrx_word' id='word_1_87' title='bbox 2516 919 2574 972; x_wconf 85' lang='lat' dir='ltr'><strong>in</strong></span> <span class='ocrx_word' id='word_1_88' title='bbox 2618 919 2879 988; x_wconf 78' lang='lat' dir='ltr'><strong>idipsum.</strong></span> <span class='ocrx_word' id='word_1_89' title='bbox 2934 917 3253 989; x_wconf 75' lang='lat' dir='ltr'><strong>Huiusmodi</strong></span> <span class='ocrx_word' id='word_1_90' title='bbox 3281 929 3434 992; x_wconf 82' lang='lat' dir='ltr'><strong>sunt,</strong></span> 
     </span>
    </p>
   </div>
   <div class='ocr_carea' id='block_1_12' title="bbox 163 1005 1733 1086">
    <p class='ocr_par' dir='ltr' id='par_1_12' title="bbox 163 1005 1733 1086">
     <span class='ocr_line' id='line_1_12' title="bbox 163 1005 1733 1086; baseline -0.003 -18"><span class='ocrx_word' id='word_1_91' title='bbox 163 1012 308 1077; x_wconf 70' lang='grc' dir='ltr'>οὔπος</span> <span class='ocrx_word' id='word_1_92' title='bbox 333 1010 405 1086; x_wconf 83' lang='grc' dir='ltr'><strong>ἦν</strong></span> <span class='ocrx_word' id='word_1_93' title='bbox 427 1013 681 1086; x_wconf 81' lang='grc' dir='ltr'>ᾠκοδομη</span> <span class='ocrx_word' id='word_1_94' title='bbox 691 1013 826 1084; x_wconf 75' lang='grc' dir='ltr'>μένη</span> <span class='ocrx_word' id='word_1_95' title='bbox 853 1013 930 1079; x_wconf 79' lang='grc' dir='ltr'>ὡς</span> <span class='ocrx_word' id='word_1_96' title='bbox 959 1013 1137 1067; x_wconf 80' lang='grc' dir='ltr'><strong>δοκεῖν</strong></span> <span class='ocrx_word' id='word_1_97' title='bbox 1159 1012 1259 1067; x_wconf 67' lang='grc' dir='ltr'><strong>ενα</strong></span> <span class='ocrx_word' id='word_1_98' title='bbox 1287 1008 1427 1066; x_wconf 75' lang='grc' dir='ltr'>εἶναι</span> <span class='ocrx_word' id='word_1_99' title='bbox 1447 1005 1617 1075; x_wconf 82' lang='grc' dir='ltr'>οἷκον,</span> <span class='ocrx_word' id='word_1_100' title='bbox 1643 1009 1733 1065; x_wconf 83' lang='grc' dir='ltr'>διὰ</span> 
     </span>
    </p>
   </div>
   <div class='ocr_carea' id='block_1_13' title="bbox 161 1103 1736 1178">
    <p class='ocr_par' dir='ltr' id='par_1_13' title="bbox 161 1103 1736 1178">
     <span class='ocr_line' id='line_1_13' title="bbox 161 1103 1736 1178; baseline -0.002 -19"><span class='ocrx_word' id='word_1_101' title='bbox 161 1108 242 1177; x_wconf 76' lang='grc' dir='ltr'>τὴν</span> <span class='ocrx_word' id='word_1_102' title='bbox 269 1107 569 1177; x_wconf 82' lang='grc' dir='ltr'>συνάφειαν</span> <span class='ocrx_word' id='word_1_103' title='bbox 607 1108 703 1159; x_wconf 77' lang='grc' dir='ltr'>καὶ</span> <span class='ocrx_word' id='word_1_104' title='bbox 750 1105 1154 1178; x_wconf 81' lang='grc' dir='ltr'>ἁρμονίαντῶν</span> <span class='ocrx_word' id='word_1_105' title='bbox 1181 1105 1241 1159; x_wconf 72' lang='grc' dir='ltr'><strong>ιν</strong></span> <span class='ocrx_word' id='word_1_106' title='bbox 1274 1106 1415 1177; x_wconf 73' lang='grc' dir='ltr'>αὐτῇ</span> <span class='ocrx_word' id='word_1_107' title='bbox 1449 1103 1736 1175; x_wconf 87' lang='grc' dir='ltr'>οίκοδομη-</span> 
     </span>
    </p>
   </div>
   <div class='ocr_carea' id='block_1_14' title="bbox 162 1192 1735 1273">
    <p class='ocr_par' dir='ltr' id='par_1_14' title="bbox 162 1192 1735 1273">
     <span class='ocr_line' id='line_1_14' title="bbox 162 1192 1735 1273; baseline -0.006 -16"><span class='ocrx_word' id='word_1_108' title='bbox 162 1202 348 1273; x_wconf 79' lang='grc' dir='ltr'>μάτων·</span> <span class='ocrx_word' id='word_1_109' title='bbox 385 1202 469 1257; x_wconf 83' lang='grc' dir='ltr'>διὸ</span> <span class='ocrx_word' id='word_1_110' title='bbox 494 1202 764 1257; x_wconf 76' lang='grc' dir='ltr'>λέλεκται·</span> <span class='ocrx_word' id='word_1_111' title='bbox 784 1202 881 1269; x_wconf 80' lang='grc' dir='ltr'>Ὠς</span> <span class='ocrx_word' id='word_1_112' title='bbox 911 1201 1091 1266; x_wconf 69' lang='grc' dir='ltr'>πόλις</span> <span class='ocrx_word' id='word_1_113' title='bbox 1115 1195 1203 1271; x_wconf 71' lang='grc' dir='ltr'><strong>ἦν</strong></span> <span class='ocrx_word' id='word_1_114' title='bbox 1222 1200 1262 1268; x_wconf 78' lang='grc' dir='ltr'><strong><em>ἠ</em></strong></span> <span class='ocrx_word' id='word_1_115' title='bbox 1284 1194 1513 1269; x_wconf 82' lang='grc' dir='ltr'>μετοχὴ</span> <span class='ocrx_word' id='word_1_116' title='bbox 1542 1192 1735 1263; x_wconf 79' lang='grc' dir='ltr'>αὐτῆς</span> 
     </span>
    </p>
   </div>
   <div class='ocr_carea' id='block_1_15' title="bbox 157 1288 1735 1353">
    <p class='ocr_par' dir='ltr' id='par_1_15' title="bbox 157 1288 1735 1353">
     <span class='ocr_line' id='line_1_15' title="bbox 157 1288 1735 1353; baseline -0.004 -8"><span class='ocrx_word' id='word_1_117' title='bbox 157 1294 239 1348; x_wconf 69' lang='grc' dir='ltr'><strong>ἐπὶ</strong></span> <span class='ocrx_word' id='word_1_118' title='bbox 272 1295 338 1351; x_wconf 81' lang='grc' dir='ltr'>τὸ</span> <span class='ocrx_word' id='word_1_119' title='bbox 366 1296 523 1350; x_wconf 84' lang='grc' dir='ltr'>αὐτό</span> <span class='ocrx_word' id='word_1_120' title='bbox 538 1309 554 1325; x_wconf 70' lang='grc'><strong><em>⁵</em></strong></span> <span class='ocrx_word' id='word_1_121' title='bbox 590 1293 840 1353; x_wconf 83' lang='grc' dir='ltr'>τοιαῦται</span> <span class='ocrx_word' id='word_1_122' title='bbox 878 1292 936 1346; x_wconf 66' lang='grc' dir='ltr'>δὲ</span> <span class='ocrx_word' id='word_1_123' title='bbox 980 1294 1088 1346; x_wconf 83' lang='grc' dir='ltr'>είσι</span> <span class='ocrx_word' id='word_1_124' title='bbox 1116 1290 1261 1345; x_wconf 82' lang='grc' dir='ltr'>κατὰ</span> <span class='ocrx_word' id='word_1_125' title='bbox 1287 1289 1530 1344; x_wconf 86' lang='grc' dir='ltr'>διάνοιαν</span> <span class='ocrx_word' id='word_1_126' title='bbox 1558 1288 1735 1340; x_wconf 81' lang='grc' dir='ltr'>πᾶσαι</span> 
     </span>
    </p>
   </div>
   <div class='ocr_carea' id='block_1_16' title="bbox 1843 1010 3433 1082">
    <p class='ocr_par' dir='ltr' id='par_1_16' title="bbox 1843 1010 3433 1082">
     <span class='ocr_line' id='line_1_16' title="bbox 1843 1010 3433 1082; baseline 0.004 -19"><span class='ocrx_word' id='word_1_127' title='bbox 1843 1010 1911 1064; x_wconf 83' lang='lat' dir='ltr'><strong>ad</strong></span> <span class='ocrx_word' id='word_1_128' title='bbox 1944 1011 2280 1066; x_wconf 87' lang='lat' dir='ltr'><strong>sententiam</strong></span> <span class='ocrx_word' id='word_1_129' title='bbox 2331 1010 2479 1081; x_wconf 89' lang='lat' dir='ltr'><strong>quod</strong></span> <span class='ocrx_word' id='word_1_130' title='bbox 2530 1012 2764 1073; x_wconf 86' lang='lat' dir='ltr'><strong>attinet,</strong></span> <span class='ocrx_word' id='word_1_131' title='bbox 2814 1018 3030 1066; x_wconf 77' lang='lat' dir='ltr'><strong>cuncta:</strong></span> <span class='ocrx_word' id='word_1_132' title='bbox 3067 1012 3213 1082; x_wconf 87' lang='lat' dir='ltr'><strong>apud</strong></span> <span class='ocrx_word' id='word_1_133' title='bbox 3262 1012 3433 1069; x_wconf 81' lang='lat' dir='ltr'><strong>Deum</strong></span> 
     </span>
    </p>
   </div>
   <div class='ocr_carea' id='block_1_17' title="bbox 1841 1098 3433 1172">
    <p class='ocr_par' dir='ltr' id='par_1_17' title="bbox 1841 1098 3433 1172">
     <span class='ocr_line' id='line_1_17' title="bbox 1841 1098 3433 1172; baseline 0.004 -17"><span class='ocrx_word' id='word_1_134' title='bbox 1841 1098 2181 1157; x_wconf 86' lang='lat' dir='ltr'><strong>diversantes</strong></span> <span class='ocrx_word' id='word_1_135' title='bbox 2214 1102 2442 1169; x_wconf 65' lang='lat' dir='ltr'><strong>animm,</strong></span> <span class='ocrx_word' id='word_1_136' title='bbox 2486 1101 2596 1156; x_wconf 88' lang='lat' dir='ltr'><strong>vivi</strong></span> <span class='ocrx_word' id='word_1_137' title='bbox 2640 1102 2869 1172; x_wconf 81' lang='lat' dir='ltr'><strong>lapides,</strong></span> <span class='ocrx_word' id='word_1_138' title='bbox 2900 1102 3101 1172; x_wconf 87' lang='lat' dir='ltr'><strong>quibus</strong></span> <span class='ocrx_word' id='word_1_139' title='bbox 3121 1117 3312 1160; x_wconf 87' lang='lat' dir='ltr'><strong>verum</strong></span> <span class='ocrx_word' id='word_1_140' title='bbox 3337 1103 3433 1162; x_wconf 79' lang='lat' dir='ltr'><strong>Dei</strong></span> 
     </span>
    </p>
   </div>
   <div class='ocr_carea' id='block_1_18' title="bbox 1844 1192 3433 1264">
    <p class='ocr_par' dir='ltr' id='par_1_18' title="bbox 1844 1192 3433 1264">
     <span class='ocr_line' id='line_1_18' title="bbox 1844 1192 3433 1264; baseline 0.002 -15"><span class='ocrx_word' id='word_1_141' title='bbox 1844 1192 2107 1263; x_wconf 90' lang='lat' dir='ltr'><strong>templum</strong></span> <span class='ocrx_word' id='word_1_142' title='bbox 2136 1192 2465 1259; x_wconf 71' lang='lat' dir='ltr'><strong>aediﬁcatur,</strong></span> <span class='ocrx_word' id='word_1_143' title='bbox 2521 1210 2630 1250; x_wconf 88' lang='lat' dir='ltr'><strong>una</strong></span> <span class='ocrx_word' id='word_1_144' title='bbox 2677 1205 2859 1251; x_wconf 82' lang='lat' dir='ltr'><strong>meme</strong></span> <span class='ocrx_word' id='word_1_145' title='bbox 2904 1209 3121 1264; x_wconf 86' lang='lat' dir='ltr'><strong>unaque</strong></span> <span class='ocrx_word' id='word_1_146' title='bbox 3169 1198 3433 1254; x_wconf 83' lang='lat' dir='ltr'><strong>concordi</strong></span> 
     </span>
    </p>
   </div>
   <div class='ocr_carea' id='block_1_19' title="bbox 1843 1278 3501 1357">
    <p class='ocr_par' dir='ltr' id='par_1_19' title="bbox 1843 1278 3501 1357">
     <span class='ocr_line' id='line_1_19' title="bbox 1843 1278 3501 1357; baseline -0.003 -16"><span class='ocrx_word' id='word_1_147' title='bbox 1843 1284 2115 1341; x_wconf 83' lang='lat' dir='ltr'><strong>sententia</strong></span> <span class='ocrx_word' id='word_1_148' title='bbox 2142 1295 2511 1357; x_wconf 87' lang='lat' dir='ltr'><strong>compactum.</strong></span> <span class='ocrx_word' id='word_1_149' title='bbox 3500 1278 3501 1289; x_wconf 63' lang='lat'>‘</span> 
     </span>
    </p>
   </div>
   <div class='ocr_carea' id='block_1_20' title="bbox 158 1373 3436 1461">
    <p class='ocr_par' dir='ltr' id='par_1_20' title="bbox 158 1373 3436 1461">
     <span class='ocr_line' id='line_1_20' title="bbox 158 1373 3436 1461; baseline -0 -21"><span class='ocrx_word' id='word_1_150' title='bbox 158 1388 204 1440; x_wconf 78' lang='lat' dir='ltr'><strong>si</strong></span> <span class='ocrx_word' id='word_1_151' title='bbox 238 1387 386 1459; x_wconf 81' lang='grc' dir='ltr'>παρὰ</span> <span class='ocrx_word' id='word_1_152' title='bbox 416 1388 539 1461; x_wconf 81' lang='grc' dir='ltr'>Θεῷ</span> <span class='ocrx_word' id='word_1_153' title='bbox 571 1388 773 1460; x_wconf 79' lang='grc' dir='ltr'>ψυχαὶ,</span> <span class='ocrx_word' id='word_1_154' title='bbox 822 1388 917 1442; x_wconf 75' lang='grc' dir='ltr'>καὶ</span> <span class='ocrx_word' id='word_1_155' title='bbox 962 1388 1012 1441; x_wconf 82' lang='grc' dir='ltr'><strong>οι</strong></span> <span class='ocrx_word' id='word_1_156' title='bbox 1070 1385 1275 1452; x_wconf 77' lang='grc' dir='ltr'>ζῶντες</span> <span class='ocrx_word' id='word_1_157' title='bbox 1322 1382 1462 1437; x_wconf 87' lang='grc' dir='ltr'>λίθοι</span> <span class='ocrx_word' id='word_1_158' title='bbox 1523 1382 1590 1436; x_wconf 78' lang='grc' dir='ltr'>δι’</span> <span class='ocrx_word' id='word_1_159' title='bbox 1638 1373 1715 1436; x_wconf 81' lang='grc' dir='ltr'>ὧν</span> <span class='ocrx_word' id='word_1_160' title='bbox 1775 1377 2119 1450; x_wconf 81' lang='grc' dir='ltr'><strong>ᾠκοδόμηται</strong></span> <span class='ocrx_word' id='word_1_161' title='bbox 2152 1379 2181 1432; x_wconf 95' lang='lat'><strong>6</strong></span> <span class='ocrx_word' id='word_1_162' title='bbox 2208 1377 2463 1450; x_wconf 76' lang='grc' dir='ltr'>ἀληθινὸς</span> <span class='ocrx_word' id='word_1_163' title='bbox 2523 1378 2663 1445; x_wconf 85' lang='grc' dir='ltr'>νεὼς</span> <span class='ocrx_word' id='word_1_164' title='bbox 2707 1380 2802 1435; x_wconf 82' lang='grc' dir='ltr'><strong>τοῦ</strong></span> <span class='ocrx_word' id='word_1_165' title='bbox 2848 1379 3009 1447; x_wconf 84' lang='grc' dir='ltr'>Θεοῦ,</span> <span class='ocrx_word' id='word_1_166' title='bbox 3041 1380 3121 1454; x_wconf 82' lang='grc' dir='ltr'><strong>τῷ</strong></span> <span class='ocrx_word' id='word_1_167' title='bbox 3153 1381 3307 1455; x_wconf 80' lang='grc' dir='ltr'>αὐτῷ</span> <span class='ocrx_word' id='word_1_168' title='bbox 3352 1384 3436 1439; x_wconf 69' lang='grc' dir='ltr'><strong>νοτ</strong></span> 
     </span>
    </p>
   </div>
   <div class='ocr_carea' id='block_1_21' title="bbox 156 1476 1247 1551">
    <p class='ocr_par' dir='ltr' id='par_1_21' title="bbox 156 1476 1247 1551">
     <span class='ocr_line' id='line_1_21' title="bbox 156 1476 1247 1551; baseline 0.001 -21"><span class='ocrx_word' id='word_1_169' title='bbox 156 1477 273 1549; x_wconf 72' lang='grc' dir='ltr'>[καὶ]</span> <span class='ocrx_word' id='word_1_170' title='bbox 296 1481 365 1550; x_wconf 74' lang='grc' dir='ltr'>τῇ</span> <span class='ocrx_word' id='word_1_171' title='bbox 393 1480 533 1551; x_wconf 76' lang='grc' dir='ltr'>αὐτῇ</span> <span class='ocrx_word' id='word_1_172' title='bbox 564 1478 758 1550; x_wconf 82' lang='grc' dir='ltr'>γνώμῃ</span> <span class='ocrx_word' id='word_1_173' title='bbox 790 1476 1247 1549; x_wconf 73' lang='grc' dir='ltr'><strong>κατηρτισμένος.</strong></span> 
     </span>
    </p>
   </div>
   <div class='ocr_carea' id='block_1_22' title="bbox 169 1564 1739 1644">
    <p class='ocr_par' dir='ltr' id='par_1_22' title="bbox 169 1564 1739 1644">
     <span class='ocr_line' id='line_1_22' title="bbox 169 1564 1739 1644; baseline 0.001 0"><span class='ocrx_word' id='word_1_174' title='bbox 169 1566 301 1644; x_wconf 56' lang='grc' dir='ltr'>ἐκεῖ</span> <span class='ocrx_word' id='word_1_175' title='bbox 321 1567 435 1637; x_wconf 77' lang='grc' dir='ltr'><strong>τὰρ</strong></span> <span class='ocrx_word' id='word_1_176' title='bbox 456 1568 772 1644; x_wconf 64' lang='grc' dir='ltr'><strong>ἀῖέσῖισανῖ</strong></span> <span class='ocrx_word' id='word_1_177' title='bbox 787 1572 846 1644; x_wconf 78' lang='grc' dir='ltr'>αι</span> <span class='ocrx_word' id='word_1_178' title='bbox 872 1566 1294 1644; x_wconf 47' lang='lat' dir='ltr'><strong>evici.st</strong></span> <span class='ocrx_word' id='word_1_179' title='bbox 1320 1564 1566 1644; x_wconf 64' lang='lat' dir='ltr'><strong>Kvatb</strong></span> <span class='ocrx_word' id='word_1_180' title='bbox 1586 1580 1739 1644; x_wconf 73' lang='grc' dir='ltr'><strong>μαρῖ</strong></span> 
     </span>
    </p>
   </div>
   <div class='ocr_carea' id='block_1_23' title="bbox 212 1634 1740 1710">
    <p class='ocr_par' dir='ltr' id='par_1_23' title="bbox 212 1634 1740 1710">
     <span class='ocr_line' id='line_1_23' title="bbox 212 1634 1740 1710; baseline -0.001 -19"><span class='ocrx_word' id='word_1_181' title='bbox 212 1634 416 1710; x_wconf 54' lang='lat' dir='ltr'><strong>rapior-</strong></span> <span class='ocrx_word' id='word_1_182' title='bbox 452 1637 536 1704; x_wconf 84' lang='grc' dir='ltr'>τῷ</span> <span class='ocrx_word' id='word_1_183' title='bbox 579 1634 855 1707; x_wconf 71' lang='grc' dir='ltr'>Ἰσραὴλ,</span> <span class='ocrx_word' id='word_1_184' title='bbox 873 1634 1009 1694; x_wconf 73' lang='grc' dir='ltr'>’τοῦ</span> <span class='ocrx_word' id='word_1_185' title='bbox 1042 1634 1614 1710; x_wconf 70' lang='grc' dir='ltr'><strong>ἐξομολογήσασθαι</strong></span> <span class='ocrx_word' id='word_1_186' title='bbox 1657 1634 1740 1701; x_wconf 84' lang='grc' dir='ltr'>τῷ</span> 
     </span>
    </p>
   </div>
   <div class='ocr_carea' id='block_1_24' title="bbox 212 1708 725 1778">
    <p class='ocr_par' dir='ltr' id='par_1_24' title="bbox 212 1708 725 1778">
     <span class='ocr_line' id='line_1_24' title="bbox 212 1708 725 1778; baseline 0.004 -18"><span class='ocrx_word' id='word_1_187' title='bbox 212 1708 453 1777; x_wconf 76' lang='grc' dir='ltr'>ὀνόματι</span> <span class='ocrx_word' id='word_1_188' title='bbox 479 1710 725 1778; x_wconf 79' lang='grc' dir='ltr'><strong>Κυρίου.</strong></span> 
     </span>
    </p>
   </div>
   <div class='ocr_carea' id='block_1_25' title="bbox 222 1797 1738 1872">
    <p class='ocr_par' dir='ltr' id='par_1_25' title="bbox 222 1797 1738 1872">
     <span class='ocr_line' id='line_1_25' title="bbox 222 1797 1738 1872; baseline -0.003 -17"><span class='ocrx_word' id='word_1_189' title='bbox 222 1800 369 1855; x_wconf 79' lang='grc' dir='ltr'>Ἐκεῖ</span> <span class='ocrx_word' id='word_1_190' title='bbox 393 1800 504 1872; x_wconf 84' lang='grc' dir='ltr'>γὰρ</span> <span class='ocrx_word' id='word_1_191' title='bbox 543 1799 714 1866; x_wconf 83' lang='grc' dir='ltr'><strong>θύειν,</strong></span> <span class='ocrx_word' id='word_1_192' title='bbox 746 1800 1037 1871; x_wconf 74' lang='grc' dir='ltr'>εὔχεσθαι,</span> <span class='ocrx_word' id='word_1_193' title='bbox 1072 1799 1489 1871; x_wconf 73' lang='grc' dir='ltr'><strong>πανηγυρίζειν,</strong></span> <span class='ocrx_word' id='word_1_194' title='bbox 1517 1797 1738 1851; x_wconf 75' lang='grc' dir='ltr'>ἐκέλευ-</span> 
     </span>
    </p>
   </div>
   <div class='ocr_carea' id='block_1_26' title="bbox 156 1890 1737 1966">
    <p class='ocr_par' dir='ltr' id='par_1_26' title="bbox 156 1890 1737 1966">
     <span class='ocr_line' id='line_1_26' title="bbox 156 1890 1737 1966; baseline -0.001 -20"><span class='ocrx_word' id='word_1_195' title='bbox 156 1909 256 1946; x_wconf 73' lang='grc' dir='ltr'>σιψ</span> <span class='ocrx_word' id='word_1_196' title='bbox 288 1892 367 1957; x_wconf 81' lang='grc' dir='ltr'><strong>ὡς</strong></span> <span class='ocrx_word' id='word_1_197' title='bbox 393 1892 461 1947; x_wconf 79' lang='grc' dir='ltr'><strong>ἂν</strong></span> <span class='ocrx_word' id='word_1_198' title='bbox 489 1893 565 1965; x_wconf 78' lang='grc' dir='ltr'>μὴ</span> <span class='ocrx_word' id='word_1_199' title='bbox 593 1893 874 1966; x_wconf 83' lang='grc' dir='ltr'>πανταχοῦ</span> <span class='ocrx_word' id='word_1_200' title='bbox 906 1891 1274 1965; x_wconf 76' lang='grc' dir='ltr'>πλανώμενοι,</span> <span class='ocrx_word' id='word_1_201' title='bbox 1305 1892 1579 1965; x_wconf 82' lang='grc' dir='ltr'>πρόφασιν</span> <span class='ocrx_word' id='word_1_202' title='bbox 1600 1890 1737 1961; x_wconf 83' lang='grc' dir='ltr'><strong>ἔχω-</strong></span> 
     </span>
    </p>
   </div>
   <div class='ocr_carea' id='block_1_27' title="bbox 1852 1553 3405 1621">
    <p class='ocr_par' dir='ltr' id='par_1_27' title="bbox 1852 1553 3405 1621">
     <span class='ocr_line' id='line_1_27' title="bbox 1852 1553 3405 1621; baseline 0.003 -8"><span class='ocrx_word' id='word_1_203' title='bbox 1852 1557 2021 1613; x_wconf 67' lang='lat' dir='ltr'><strong>Vens.</strong></span> <span class='ocrx_word' id='word_1_204' title='bbox 2050 1554 2105 1611; x_wconf 75' lang='grc' dir='ltr'>ι.</span> <span class='ocrx_word' id='word_1_205' title='bbox 2141 1553 2283 1609; x_wconf 79' lang='lat' dir='ltr'><strong>Illuc</strong></span> <span class='ocrx_word' id='word_1_206' title='bbox 2323 1556 2464 1607; x_wconf 85' lang='lat' dir='ltr'><strong>enim</strong></span> <span class='ocrx_word' id='word_1_207' title='bbox 2507 1554 2862 1609; x_wconf 85' lang='lat' dir='ltr'><strong>ascenderunt</strong></span> <span class='ocrx_word' id='word_1_208' title='bbox 2892 1556 3084 1621; x_wconf 80' lang='lat' dir='ltr'><strong>tribus,</strong></span> <span class='ocrx_word' id='word_1_209' title='bbox 3120 1561 3290 1614; x_wconf 83' lang='lat' dir='ltr'><strong>tribus</strong></span> <span class='ocrx_word' id='word_1_210' title='bbox 3325 1561 3405 1618; x_wconf 79' lang='lat' dir='ltr'><strong>Do</strong></span> 
     </span>
    </p>
   </div>
   <div class='ocr_carea' id='block_1_28' title="bbox 1914 1624 3437 1695">
    <p class='ocr_par' dir='ltr' id='par_1_28' title="bbox 1914 1624 3437 1695">
     <span class='ocr_line' id='line_1_28' title="bbox 1914 1624 3437 1695; baseline 0.005 -15"><span class='ocrx_word' id='word_1_211' title='bbox 1914 1628 2069 1688; x_wconf 86' lang='lat' dir='ltr'><strong>mini,</strong></span> <span class='ocrx_word' id='word_1_212' title='bbox 2114 1626 2476 1680; x_wconf 77' lang='lat' dir='ltr'><strong>testimonium</strong></span> <span class='ocrx_word' id='word_1_213' title='bbox 2520 1624 2695 1680; x_wconf 79' lang='lat' dir='ltr'><strong>Israel</strong></span> <span class='ocrx_word' id='word_1_214' title='bbox 2724 1629 2794 1680; x_wconf 80' lang='lat' dir='ltr'><strong>ad</strong></span> <span class='ocrx_word' id='word_1_215' title='bbox 2837 1626 3201 1695; x_wconf 75' lang='lat' dir='ltr'><strong>conﬁtendum</strong></span> <span class='ocrx_word' id='word_1_216' title='bbox 3233 1639 3437 1690; x_wconf 74' lang='lat' dir='ltr'><strong>nummi</strong></span> 
     </span>
    </p>
   </div>
   <div class='ocr_carea' id='block_1_29' title="bbox 1912 1696 2150 1751">
    <p class='ocr_par' dir='ltr' id='par_1_29' title="bbox 1912 1696 2150 1751">
     <span class='ocr_line' id='line_1_29' title="bbox 1912 1696 2150 1751; baseline -0.013 0"><span class='ocrx_word' id='word_1_217' title='bbox 1912 1696 2150 1751; x_wconf 78' lang='lat' dir='ltr'><strong>Domini.</strong></span> 
     </span>
    </p>
   </div>
   <div class='ocr_carea' id='block_1_30' title="bbox 1911 1784 3436 1854">
    <p class='ocr_par' dir='ltr' id='par_1_30' title="bbox 1911 1784 3436 1854">
     <span class='ocr_line' id='line_1_30' title="bbox 1911 1784 3436 1854; baseline 0.007 -11"><span class='ocrx_word' id='word_1_218' title='bbox 1911 1787 2029 1843; x_wconf 89' lang='lat' dir='ltr'><strong>Illic</strong></span> <span class='ocrx_word' id='word_1_219' title='bbox 2061 1787 2209 1843; x_wconf 90' lang='lat' dir='ltr'><strong>enim</strong></span> <span class='ocrx_word' id='word_1_220' title='bbox 2239 1784 2594 1852; x_wconf 76' lang='lat' dir='ltr'><strong>sacriﬁcare,</strong></span> <span class='ocrx_word' id='word_1_221' title='bbox 2643 1801 2828 1854; x_wconf 88' lang='lat' dir='ltr'><strong>orare,</strong></span> <span class='ocrx_word' id='word_1_222' title='bbox 2891 1805 3078 1849; x_wconf 84' lang='lat' dir='ltr'><strong>sacros</strong></span> <span class='ocrx_word' id='word_1_223' title='bbox 3132 1808 3436 1853; x_wconf 70' lang='lat' dir='ltr'><strong>conventus</strong></span> 
     </span>
    </p>
   </div>
   <div class='ocr_carea' id='block_1_31' title="bbox 1840 1875 3436 1957">
    <p class='ocr_par' dir='ltr' id='par_1_31' title="bbox 1840 1875 3436 1957">
     <span class='ocr_line' id='line_1_31' title="bbox 1840 1875 3436 1957; baseline 0.004 -24"><span class='ocrx_word' id='word_1_224' title='bbox 1840 1894 2007 1951; x_wconf 80' lang='lat' dir='ltr'><strong>agere</strong></span> <span class='ocrx_word' id='word_1_225' title='bbox 2036 1878 2206 1949; x_wconf 86' lang='lat' dir='ltr'><strong>jussit</strong></span> <span class='ocrx_word' id='word_1_226' title='bbox 2235 1878 2405 1943; x_wconf 83' lang='lat' dir='ltr'><strong>Deus;</strong></span> <span class='ocrx_word' id='word_1_227' title='bbox 2438 1892 2508 1933; x_wconf 91' lang='lat' dir='ltr'><strong>ne</strong></span> <span class='ocrx_word' id='word_1_228' title='bbox 2534 1875 2646 1932; x_wconf 91' lang='lat' dir='ltr'><strong>late</strong></span> <span class='ocrx_word' id='word_1_229' title='bbox 2666 1877 2920 1946; x_wconf 84' lang='lat' dir='ltr'><strong>dispersi,</strong></span> <span class='ocrx_word' id='word_1_230' title='bbox 2942 1885 3287 1941; x_wconf 79' lang='lat' dir='ltr'><strong>occasionem</strong></span> <span class='ocrx_word' id='word_1_231' title='bbox 3312 1902 3436 1957; x_wconf 86' lang='lat' dir='ltr'><strong>per-</strong></span> 
     </span>
    </p>
   </div>
   <div class='ocr_carea' id='block_1_32' title="bbox 155 1970 1727 2058">
    <p class='ocr_par' dir='ltr' id='par_1_32' title="bbox 155 1984 1727 2058">
     <span class='ocr_line' id='line_1_32' title="bbox 155 1984 1727 2058; baseline -0.001 -20"><span class='ocrx_word' id='word_1_232' title='bbox 155 2001 225 2039; x_wconf 87' lang='grc' dir='ltr'><strong>σιν</strong></span> <span class='ocrx_word' id='word_1_233' title='bbox 249 1985 468 2051; x_wconf 74' lang='grc' dir='ltr'>ἐξόδους</span> <span class='ocrx_word' id='word_1_234' title='bbox 503 1985 777 2040; x_wconf 81' lang='grc' dir='ltr'>ποιεῖσθαι</span> <span class='ocrx_word' id='word_1_235' title='bbox 814 1985 953 2058; x_wconf 82' lang='grc' dir='ltr'>πρὸς</span> <span class='ocrx_word' id='word_1_236' title='bbox 991 1984 1219 2040; x_wconf 74' lang='grc' dir='ltr'>εἴδωλα·</span> <span class='ocrx_word' id='word_1_237' title='bbox 1252 1984 1389 2039; x_wconf 91' lang='grc' dir='ltr'>Θεοῦ</span> <span class='ocrx_word' id='word_1_238' title='bbox 1424 1984 1535 2057; x_wconf 81' lang='grc' dir='ltr'>γὰρ</span> <span class='ocrx_word' id='word_1_239' title='bbox 1573 1984 1727 2037; x_wconf 86' lang='grc' dir='ltr'>τοῦτο</span> 
     </span>
    </p>
   </div>
   <div class='ocr_carea' id='block_1_33' title="bbox 1843 1970 3433 2058">
    <p class='ocr_par' dir='ltr' id='par_1_33' title="bbox 1843 1970 3433 2044">
     <span class='ocr_line' id='line_1_33' title="bbox 1843 1970 3433 2044; baseline 0.004 -15"><span class='ocrx_word' id='word_1_240' title='bbox 1843 1973 1993 2044; x_wconf 76' lang='lat' dir='ltr'><strong>gendi</strong></span> <span class='ocrx_word' id='word_1_241' title='bbox 2023 1973 2090 2027; x_wconf 91' lang='lat' dir='ltr'><strong>ad</strong></span> <span class='ocrx_word' id='word_1_242' title='bbox 2118 1970 2262 2028; x_wconf 88' lang='lat' dir='ltr'><strong>idola</strong></span> <span class='ocrx_word' id='word_1_243' title='bbox 2288 1970 2763 2027; x_wconf 74' lang='lat' dir='ltr'><strong>nanciscerentur.</strong></span> <span class='ocrx_word' id='word_1_244' title='bbox 2788 1971 2883 2028; x_wconf 89' lang='lat' dir='ltr'><strong>Dei</strong></span> <span class='ocrx_word' id='word_1_245' title='bbox 2910 1989 3044 2031; x_wconf 84' lang='lat' dir='ltr'><strong>vero</strong></span> <span class='ocrx_word' id='word_1_246' title='bbox 3070 1979 3433 2036; x_wconf 79' lang='lat' dir='ltr'><strong>testimonium</strong></span> 
     </span>
    </p>
   </div>
   <div class='ocr_carea' id='block_1_34' title="bbox 150 2061 1727 2148">
    <p class='ocr_par' dir='ltr' id='par_1_34' title="bbox 150 2072 1727 2148">
     <span class='ocr_line' id='line_1_34' title="bbox 150 2072 1727 2148; baseline -0.004 -16"><span class='ocrx_word' id='word_1_247' title='bbox 150 2077 471 2147; x_wconf 75' lang='grc' dir='ltr'>μαρτυρίαν</span> <span class='ocrx_word' id='word_1_248' title='bbox 498 2077 759 2131; x_wconf 64' lang='grc' dir='ltr'>ἐκάλεσεν</span> <span class='ocrx_word' id='word_1_249' title='bbox 780 2094 795 2108; x_wconf 91' lang='grc'><strong>·</strong></span> <span class='ocrx_word' id='word_1_250' title='bbox 822 2077 925 2147; x_wconf 84' lang='grc' dir='ltr'>τῆς</span> <span class='ocrx_word' id='word_1_251' title='bbox 941 2076 1064 2148; x_wconf 52' lang='grc' dir='ltr'>,γὰρ</span> <span class='ocrx_word' id='word_1_252' title='bbox 1089 2074 1259 2130; x_wconf 78' lang='grc' dir='ltr'>αὑτοῦ</span> <span class='ocrx_word' id='word_1_253' title='bbox 1289 2075 1549 2147; x_wconf 76' lang='grc' dir='ltr'>προνοίας</span> <span class='ocrx_word' id='word_1_254' title='bbox 1580 2072 1727 2127; x_wconf 65' lang='grc' dir='ltr'>τοῦτο</span> 
     </span>
    </p>
   </div>
   <div class='ocr_carea' id='block_1_35' title="bbox 1843 2061 3434 2148">
    <p class='ocr_par' dir='ltr' id='par_1_35' title="bbox 1843 2061 3434 2134">
     <span class='ocr_line' id='line_1_35' title="bbox 1843 2061 3434 2134; baseline 0.007 -16"><span class='ocrx_word' id='word_1_255' title='bbox 1843 2064 2022 2121; x_wconf 88' lang='lat' dir='ltr'><strong>locum</strong></span> <span class='ocrx_word' id='word_1_256' title='bbox 2053 2063 2204 2118; x_wconf 87' lang='lat' dir='ltr'><strong>illum</strong></span> <span class='ocrx_word' id='word_1_257' title='bbox 2232 2061 2555 2134; x_wconf 75' lang='lat' dir='ltr'><strong>appellavit,</strong></span> <span class='ocrx_word' id='word_1_258' title='bbox 2586 2063 2790 2134; x_wconf 81' lang='lat' dir='ltr'><strong>quippe</strong></span> <span class='ocrx_word' id='word_1_259' title='bbox 2812 2067 2957 2134; x_wconf 89' lang='lat' dir='ltr'><strong>quod</strong></span> <span class='ocrx_word' id='word_1_260' title='bbox 2980 2078 3103 2122; x_wconf 87' lang='lat' dir='ltr'><strong>erat</strong></span> <span class='ocrx_word' id='word_1_261' title='bbox 3126 2072 3434 2129; x_wconf 79' lang='lat' dir='ltr'><strong>maximum</strong></span> 
     </span>
    </p>
   </div>
   <div class='ocr_carea' id='block_1_36' title="bbox 156 2162 1735 2243">
    <p class='ocr_par' dir='ltr' id='par_1_36' title="bbox 156 2162 1735 2243">
     <span class='ocr_line' id='line_1_36' title="bbox 156 2162 1735 2243; baseline -0.003 -20"><span class='ocrx_word' id='word_1_262' title='bbox 156 2167 399 2238; x_wconf 66' lang='grc' dir='ltr'>μέγιστον</span> <span class='ocrx_word' id='word_1_263' title='bbox 431 2170 737 2243; x_wconf 75' lang='grc' dir='ltr'>τεκμήριον</span> <span class='ocrx_word' id='word_1_264' title='bbox 769 2162 873 2239; x_wconf 76' lang='grc' dir='ltr'><strong>ἦν·</strong></span> <span class='ocrx_word' id='word_1_265' title='bbox 914 2169 1010 2222; x_wconf 75' lang='grc' dir='ltr'>καὶ</span> <span class='ocrx_word' id='word_1_266' title='bbox 1055 2167 1167 2240; x_wconf 86' lang='grc' dir='ltr'>γὰρ</span> <span class='ocrx_word' id='word_1_267' title='bbox 1203 2168 1322 2221; x_wconf 67' lang='grc' dir='ltr'>ἐκεῖ</span> <span class='ocrx_word' id='word_1_268' title='bbox 1359 2168 1388 2220; x_wconf 98' lang='lat'><strong>6</strong></span> <span class='ocrx_word' id='word_1_269' title='bbox 1428 2166 1593 2237; x_wconf 87' lang='grc' dir='ltr'>νόμος</span> <span class='ocrx_word' id='word_1_270' title='bbox 1638 2166 1735 2219; x_wconf 82' lang='grc' dir='ltr'><strong>ἁν-</strong></span> 
     </span>
    </p>
   </div>
   <div class='ocr_carea' id='block_1_37' title="bbox 157 2256 1734 2332">
    <p class='ocr_par' dir='ltr' id='par_1_37' title="bbox 157 2256 1734 2332">
     <span class='ocr_line' id='line_1_37' title="bbox 157 2256 1734 2332; baseline -0.003 -18"><span class='ocrx_word' id='word_1_271' title='bbox 157 2260 499 2330; x_wconf 78' lang='grc' dir='ltr'>ιγινώσκετο,</span> <span class='ocrx_word' id='word_1_272' title='bbox 542 2259 863 2332; x_wconf 73' lang='grc' dir='ltr'>διηγήματα</span> <span class='ocrx_word' id='word_1_273' title='bbox 895 2277 955 2313; x_wconf 84' lang='grc' dir='ltr'><strong>τε</strong></span> <span class='ocrx_word' id='word_1_274' title='bbox 996 2258 1443 2331; x_wconf 81' lang='grc' dir='ltr'><strong>κατορθωμάτων</strong></span> <span class='ocrx_word' id='word_1_275' title='bbox 1469 2256 1734 2329; x_wconf 84' lang='grc' dir='ltr'>ἀρχαίων,</span> 
     </span>
    </p>
   </div>
   <div class='ocr_carea' id='block_1_38' title="bbox 154 2348 1736 2424">
    <p class='ocr_par' dir='ltr' id='par_1_38' title="bbox 154 2348 1736 2424">
     <span class='ocr_line' id='line_1_38' title="bbox 154 2348 1736 2424; baseline -0.002 -18"><span class='ocrx_word' id='word_1_276' title='bbox 154 2352 233 2406; x_wconf 73' lang='grc' dir='ltr'>καὶ</span> <span class='ocrx_word' id='word_1_277' title='bbox 279 2352 503 2407; x_wconf 78' lang='grc' dir='ltr'>σύνοδον</span> <span class='ocrx_word' id='word_1_278' title='bbox 541 2351 826 2405; x_wconf 65' lang='grc' dir='ltr'>ἐποιοῦντο</span> <span class='ocrx_word' id='word_1_279' title='bbox 869 2350 969 2423; x_wconf 78' lang='grc' dir='ltr'><strong>τὴν</strong></span> <span class='ocrx_word' id='word_1_280' title='bbox 1019 2350 1159 2424; x_wconf 80' lang='grc' dir='ltr'>πρὸς</span> <span class='ocrx_word' id='word_1_281' title='bbox 1205 2350 1470 2422; x_wconf 83' lang='grc' dir='ltr'><strong>ἀλλήλους</strong></span> <span class='ocrx_word' id='word_1_282' title='bbox 1513 2348 1736 2420; x_wconf 80' lang='grc' dir='ltr'>ἀγάπην</span> 
     </span>
    </p>
   </div>
   <div class='ocr_carea' id='block_1_39' title="bbox 155 2448 570 2517">
    <p class='ocr_par' dir='ltr' id='par_1_39' title="bbox 155 2448 570 2517">
     <span class='ocr_line' id='line_1_39' title="bbox 155 2448 570 2517; baseline -0.002 -16"><span class='ocrx_word' id='word_1_283' title='bbox 155 2448 570 2517; x_wconf 66' lang='grc' dir='ltr'>συσφίγγουσαν,</span> 
     </span>
    </p>
   </div>
   <div class='ocr_carea' id='block_1_40' title="bbox 164 2535 1729 2609">
    <p class='ocr_par' dir='ltr' id='par_1_40' title="bbox 164 2535 1729 2609">
     <span class='ocr_line' id='line_1_40' title="bbox 164 2535 1729 2609; baseline 0.004 -18"><span class='ocrx_word' id='word_1_284' title='bbox 164 2538 516 2606; x_wconf 79' lang='grc' dir='ltr'>Έρωτήσατε</span> <span class='ocrx_word' id='word_1_285' title='bbox 541 2537 619 2609; x_wconf 80' lang='grc' dir='ltr'>δὴ</span> <span class='ocrx_word' id='word_1_286' title='bbox 654 2540 730 2593; x_wconf 84' lang='grc' dir='ltr'>τὰ</span> <span class='ocrx_word' id='word_1_287' title='bbox 757 2540 846 2605; x_wconf 72' lang='grc' dir='ltr'>εἰς</span> <span class='ocrx_word' id='word_1_288' title='bbox 873 2536 1126 2607; x_wconf 69' lang='grc' dir='ltr'>εἰρήνην</span> <span class='ocrx_word' id='word_1_289' title='bbox 1157 2535 1273 2607; x_wconf 78' lang='grc' dir='ltr'><strong>τὴν</strong></span> <span class='ocrx_word' id='word_1_290' title='bbox 1308 2535 1729 2606; x_wconf 72' lang='grc' dir='ltr'>Ἰερουσαλήμ·</span> 
     </span>
    </p>
   </div>
   <div class='ocr_carea' id='block_1_41' title="bbox 222 2622 1733 2703">
    <p class='ocr_par' dir='ltr' id='par_1_41' title="bbox 222 2622 1733 2703">
     <span class='ocr_line' id='line_1_41' title="bbox 222 2622 1733 2703; baseline -0.001 -20"><span class='ocrx_word' id='word_1_291' title='bbox 222 2630 332 2683; x_wconf 76' lang='grc' dir='ltr'><strong>’Δεὶ</strong></span> <span class='ocrx_word' id='word_1_292' title='bbox 358 2632 493 2703; x_wconf 78' lang='grc' dir='ltr'>γὰρ,</span> <span class='ocrx_word' id='word_1_293' title='bbox 530 2632 687 2702; x_wconf 81' lang='grc' dir='ltr'>φησὶ,</span> <span class='ocrx_word' id='word_1_294' title='bbox 711 2630 808 2686; x_wconf 72' lang='grc' dir='ltr'>καὶ</span> <span class='ocrx_word' id='word_1_295' title='bbox 828 2630 1057 2685; x_wconf 83' lang='grc' dir='ltr'>πάντοτε</span> <span class='ocrx_word' id='word_1_296' title='bbox 1081 2628 1518 2702; x_wconf 84' lang='grc' dir='ltr'>μνημονεύοντές</span> <span class='ocrx_word' id='word_1_297' title='bbox 1539 2646 1655 2693; x_wconf 90' lang='grc' dir='ltr'>σου,</span> <span class='ocrx_word' id='word_1_298' title='bbox 1686 2622 1733 2682; x_wconf 79' lang='grc' dir='ltr'><strong>ὦ</strong></span> 
     </span>
    </p>
   </div>
   <div class='ocr_carea' id='block_1_42' title="bbox 163 2717 1732 2795">
    <p class='ocr_par' dir='ltr' id='par_1_42' title="bbox 163 2717 1732 2795">
     <span class='ocr_line' id='line_1_42' title="bbox 163 2717 1732 2795; baseline 0.003 -24"><span class='ocrx_word' id='word_1_299' title='bbox 163 2717 527 2792; x_wconf 73' lang='grc' dir='ltr'>Ἰερωσαλὴμ,</span> <span class='ocrx_word' id='word_1_300' title='bbox 558 2720 627 2775; x_wconf 82' lang='grc' dir='ltr'><strong>τὰ</strong></span> <span class='ocrx_word' id='word_1_301' title='bbox 661 2722 793 2792; x_wconf 79' lang='grc' dir='ltr'>περὶ</span> <span class='ocrx_word' id='word_1_302' title='bbox 834 2722 934 2793; x_wconf 85' lang='grc' dir='ltr'>τῆς</span> <span class='ocrx_word' id='word_1_303' title='bbox 981 2721 1082 2793; x_wconf 84' lang='grc' dir='ltr'>σῆς</span> <span class='ocrx_word' id='word_1_304' title='bbox 1110 2722 1335 2795; x_wconf 72' lang='grc' dir='ltr'>εἰρήνης</span> <span class='ocrx_word' id='word_1_305' title='bbox 1366 2720 1732 2794; x_wconf 81' lang='grc' dir='ltr'>διαλεγόμεθα</span> 
     </span>
    </p>
   </div>
   <div class='ocr_carea' id='block_1_43' title="bbox 151 2810 1731 2885">
    <p class='ocr_par' dir='ltr' id='par_1_43' title="bbox 151 2810 1731 2885">
     <span class='ocr_line' id='line_1_43' title="bbox 151 2810 1731 2885; baseline 0.002 -22"><span class='ocrx_word' id='word_1_306' title='bbox 151 2812 249 2873; x_wconf 68' lang='grc' dir='ltr'>τοῖς</span> <span class='ocrx_word' id='word_1_307' title='bbox 272 2810 526 2882; x_wconf 71' lang='grc' dir='ltr'>ἀδελφοῖς</span> <span class='ocrx_word' id='word_1_308' title='bbox 565 2815 678 2877; x_wconf 83' lang='grc' dir='ltr'>τοῖς</span> <span class='ocrx_word' id='word_1_309' title='bbox 708 2812 1001 2885; x_wconf 75' lang='grc' dir='ltr'><strong>ἡμετέροις</strong></span> <span class='ocrx_word' id='word_1_310' title='bbox 1029 2813 1126 2868; x_wconf 81' lang='grc' dir='ltr'>καὶ</span> <span class='ocrx_word' id='word_1_311' title='bbox 1155 2816 1269 2878; x_wconf 72' lang='grc' dir='ltr'>τοῖς</span> <span class='ocrx_word' id='word_1_312' title='bbox 1297 2812 1527 2885; x_wconf 79' lang='grc' dir='ltr'>πλησίον</span> <span class='ocrx_word' id='word_1_313' title='bbox 1550 2812 1731 2885; x_wconf 77' lang='grc' dir='ltr'>ἡμῶν,</span> 
     </span>
    </p>
   </div>
   <div class='ocr_carea' id='block_1_44' title="bbox 151 2901 1731 2977">
    <p class='ocr_par' dir='ltr' id='par_1_44' title="bbox 151 2901 1731 2977">
     <span class='ocr_line' id='line_1_44' title="bbox 151 2901 1731 2977; baseline 0.005 -24"><span class='ocrx_word' id='word_1_314' title='bbox 151 2901 381 2957; x_wconf 75' lang='grc' dir='ltr'>τουτέστι</span> <span class='ocrx_word' id='word_1_315' title='bbox 407 2902 488 2975; x_wconf 82' lang='grc' dir='ltr'><strong>τῷ</strong></span> <span class='ocrx_word' id='word_1_316' title='bbox 524 2904 631 2977; x_wconf 84' lang='grc' dir='ltr'><strong>νέῳ</strong></span> <span class='ocrx_word' id='word_1_317' title='bbox 668 2904 807 2976; x_wconf 83' lang='grc' dir='ltr'>λαῷ,</span> <span class='ocrx_word' id='word_1_318' title='bbox 839 2907 920 2970; x_wconf 76' lang='grc' dir='ltr'><strong>εἰς</strong></span> <span class='ocrx_word' id='word_1_319' title='bbox 954 2905 1120 2960; x_wconf 83' lang='grc' dir='ltr'>πόθον</span> <span class='ocrx_word' id='word_1_320' title='bbox 1154 2906 1355 2971; x_wconf 77' lang='grc' dir='ltr'>αὐτοὺς</span> <span class='ocrx_word' id='word_1_321' title='bbox 1386 2905 1613 2976; x_wconf 73' lang='grc' dir='ltr'>ἄγοντες</span> <span class='ocrx_word' id='word_1_322' title='bbox 1639 2905 1731 2961; x_wconf 81' lang='grc' dir='ltr'>τὸν</span> 
     </span>
    </p>
   </div>
   <div class='ocr_carea' id='block_1_45' title="bbox 152 2994 1729 3069">
    <p class='ocr_par' dir='ltr' id='par_1_45' title="bbox 152 2994 1729 3069">
     <span class='ocr_line' id='line_1_45' title="bbox 152 2994 1729 3069; baseline 0.004 -24"><span class='ocrx_word' id='word_1_323' title='bbox 152 2994 267 3063; x_wconf 78' lang='grc' dir='ltr'>περὶ</span> <span class='ocrx_word' id='word_1_324' title='bbox 306 2994 365 3048; x_wconf 80' lang='grc' dir='ltr'>σὲ</span> <span class='ocrx_word' id='word_1_325' title='bbox 408 2994 500 3049; x_wconf 84' lang='grc' dir='ltr'><strong>διὰ</strong></span> <span class='ocrx_word' id='word_1_326' title='bbox 532 2999 631 3067; x_wconf 80' lang='grc' dir='ltr'>τῆς</span> <span class='ocrx_word' id='word_1_327' title='bbox 663 2997 796 3069; x_wconf 78' lang='grc' dir='ltr'>περὶ</span> <span class='ocrx_word' id='word_1_328' title='bbox 837 2996 932 3051; x_wconf 88' lang='grc' dir='ltr'><strong>σοῦ</strong></span> <span class='ocrx_word' id='word_1_329' title='bbox 968 2996 1346 3062; x_wconf 56' lang='grc' dir='ltr'>διδασκαλίας</span> <span class='ocrx_word' id='word_1_330' title='bbox 1386 2996 1527 3053; x_wconf 75' lang='grc' dir='ltr'>ἀλλὰ</span> <span class='ocrx_word' id='word_1_331' title='bbox 1566 2998 1662 3052; x_wconf 79' lang='grc' dir='ltr'>καὶ</span> <span class='ocrx_word' id='word_1_332' title='bbox 1696 2997 1729 3069; x_wconf 81' lang='grc' dir='ltr'><strong>ἡ</strong></span> 
     </span>
    </p>
   </div>
   <div class='ocr_carea' id='block_1_46' title="bbox 152 3086 1733 3162">
    <p class='ocr_par' dir='ltr' id='par_1_46' title="bbox 152 3086 1733 3162">
     <span class='ocr_line' id='line_1_46' title="bbox 152 3086 1733 3162; baseline 0.004 -25"><span class='ocrx_word' id='word_1_333' title='bbox 152 3086 290 3138; x_wconf 75' lang='grc' dir='ltr'>πᾶσα</span> <span class='ocrx_word' id='word_1_334' title='bbox 310 3086 470 3157; x_wconf 74' lang='grc' dir='ltr'>ἡμῶν</span> <span class='ocrx_word' id='word_1_335' title='bbox 494 3088 631 3159; x_wconf 80' lang='grc' dir='ltr'><strong>εὐχὴ</strong></span> <span class='ocrx_word' id='word_1_336' title='bbox 654 3087 821 3142; x_wconf 73' lang='grc' dir='ltr'>ἓνεκα</span> <span class='ocrx_word' id='word_1_337' title='bbox 846 3087 942 3141; x_wconf 88' lang='grc' dir='ltr'><strong>τοῦ</strong></span> <span class='ocrx_word' id='word_1_338' title='bbox 967 3089 1119 3142; x_wconf 73' lang='grc' dir='ltr'>οἴκου</span> <span class='ocrx_word' id='word_1_339' title='bbox 1150 3089 1243 3143; x_wconf 88' lang='grc' dir='ltr'><strong>τοῦ</strong></span> <span class='ocrx_word' id='word_1_340' title='bbox 1271 3089 1408 3144; x_wconf 85' lang='grc' dir='ltr'>Θεοῦ</span> <span class='ocrx_word' id='word_1_341' title='bbox 1436 3088 1595 3162; x_wconf 81' lang='grc' dir='ltr'>ἡμῶν</span> <span class='ocrx_word' id='word_1_342' title='bbox 1618 3088 1733 3160; x_wconf 71' lang='grc' dir='ltr'>ἐγί-</span> 
     </span>
    </p>
   </div>
   <div class='ocr_carea' id='block_1_47' title="bbox 149 3176 1590 3252">
    <p class='ocr_par' dir='ltr' id='par_1_47' title="bbox 149 3176 1590 3252">
     <span class='ocr_line' id='line_1_47' title="bbox 149 3176 1590 3252; baseline 0.004 -26"><span class='ocrx_word' id='word_1_343' title='bbox 149 3192 282 3240; x_wconf 84' lang='grc' dir='ltr'>νετο,</span> <span class='ocrx_word' id='word_1_344' title='bbox 321 3176 631 3248; x_wconf 79' lang='grc' dir='ltr'>ζητούντων</span> <span class='ocrx_word' id='word_1_345' title='bbox 664 3178 847 3247; x_wconf 79' lang='grc' dir='ltr'>ἀγαθά</span> <span class='ocrx_word' id='word_1_346' title='bbox 877 3196 959 3234; x_wconf 88' lang='grc' dir='ltr'><strong>σοι</strong></span> <span class='ocrx_word' id='word_1_347' title='bbox 993 3179 1061 3233; x_wconf 82' lang='grc' dir='ltr'>τὰ</span> <span class='ocrx_word' id='word_1_348' title='bbox 1092 3180 1245 3252; x_wconf 83' lang='grc' dir='ltr'>παρὰ</span> <span class='ocrx_word' id='word_1_349' title='bbox 1293 3179 1389 3234; x_wconf 90' lang='grc' dir='ltr'><strong>τοῦ</strong></span> <span class='ocrx_word' id='word_1_350' title='bbox 1428 3177 1590 3233; x_wconf 88' lang='grc' dir='ltr'>Θεοῦ.</span> 
     </span>
    </p>
   </div>
   <div class='ocr_carea' id='block_1_48' title="bbox 668 3269 1186 3324">
    <p class='ocr_par' dir='ltr' id='par_1_48' title="bbox 668 3269 1186 3324">
     <span class='ocr_line' id='line_1_48' title="bbox 668 3269 1186 3324; baseline 0.002 -2"><span class='ocrx_word' id='word_1_351' title='bbox 668 3269 964 3324; x_wconf 75' lang='grc' dir='ltr'><strong>ΨΔΛΜΟΣ</strong></span> <span class='ocrx_word' id='word_1_352' title='bbox 1012 3269 1186 3324; x_wconf 78' lang='lat' dir='ltr'><strong>PKB’.</strong></span> 
     </span>
    </p>
   </div>
   <div class='ocr_carea' id='block_1_49' title="bbox 1838 2155 3435 2234">
    <p class='ocr_par' dir='ltr' id='par_1_49' title="bbox 1838 2155 3435 2234">
     <span class='ocr_line' id='line_1_49' title="bbox 1838 2155 3435 2234; baseline -0.003 -23"><span class='ocrx_word' id='word_1_353' title='bbox 1838 2156 2205 2228; x_wconf 64' lang='lat' dir='ltr'><strong>providentia!</strong></span> <span class='ocrx_word' id='word_1_354' title='bbox 2240 2156 2385 2211; x_wconf 86' lang='lat' dir='ltr'><strong>illius</strong></span> <span class='ocrx_word' id='word_1_355' title='bbox 2431 2155 2693 2210; x_wconf 90' lang='lat' dir='ltr'><strong>indicium</strong></span> <span class='ocrx_word' id='word_1_356' title='bbox 2727 2172 2744 2211; x_wconf 85' lang='lat'><strong>:</strong></span> <span class='ocrx_word' id='word_1_357' title='bbox 2779 2172 3019 2229; x_wconf 78' lang='lat' dir='ltr'><strong>namque</strong></span> <span class='ocrx_word' id='word_1_358' title='bbox 3062 2161 3134 2217; x_wconf 90' lang='lat' dir='ltr'><strong>ibi</strong></span> <span class='ocrx_word' id='word_1_359' title='bbox 3169 2161 3254 2218; x_wconf 82' lang='lat' dir='ltr'><strong>lex</strong></span> <span class='ocrx_word' id='word_1_360' title='bbox 3288 2164 3435 2234; x_wconf 75' lang='lat' dir='ltr'><strong>lege-</strong></span> 
     </span>
    </p>
   </div>
   <div class='ocr_carea' id='block_1_50' title="bbox 1839 2248 3431 2328">
    <p class='ocr_par' dir='ltr' id='par_1_50' title="bbox 1839 2248 3431 2328">
     <span class='ocr_line' id='line_1_50' title="bbox 1839 2248 3431 2328; baseline 0.003 -20"><span class='ocrx_word' id='word_1_361' title='bbox 1839 2254 2035 2316; x_wconf 86' lang='lat' dir='ltr'><strong>batur,</strong></span> <span class='ocrx_word' id='word_1_362' title='bbox 2071 2261 2129 2308; x_wconf 89' lang='lat' dir='ltr'><strong>et</strong></span> <span class='ocrx_word' id='word_1_363' title='bbox 2154 2250 2374 2322; x_wconf 75' lang='lat' dir='ltr'><strong>egregia</strong></span> <span class='ocrx_word' id='word_1_364' title='bbox 2403 2250 2584 2320; x_wconf 86' lang='lat' dir='ltr'><strong>prisca</strong></span> <span class='ocrx_word' id='word_1_365' title='bbox 2612 2248 2860 2306; x_wconf 84' lang='lat' dir='ltr'><strong>facinora</strong></span> <span class='ocrx_word' id='word_1_366' title='bbox 2885 2254 3275 2323; x_wconf 79' lang='lat' dir='ltr'><strong>narrabantur,</strong></span> <span class='ocrx_word' id='word_1_367' title='bbox 3294 2273 3431 2328; x_wconf 76' lang='lat' dir='ltr'><strong>gen-</strong></span> 
     </span>
    </p>
   </div>
   <div class='ocr_carea' id='block_1_51' title="bbox 1839 2341 3434 2415">
    <p class='ocr_par' dir='ltr' id='par_1_51' title="bbox 1839 2341 3434 2415">
     <span class='ocr_line' id='line_1_51' title="bbox 1839 2341 3434 2415; baseline 0.005 -16"><span class='ocrx_word' id='word_1_368' title='bbox 1839 2345 2019 2415; x_wconf 88' lang='lat' dir='ltr'><strong>tisque</strong></span> <span class='ocrx_word' id='word_1_369' title='bbox 2048 2353 2350 2399; x_wconf 88' lang='lat' dir='ltr'><strong>conventus</strong></span> <span class='ocrx_word' id='word_1_370' title='bbox 2368 2344 2535 2399; x_wconf 79' lang='lat' dir='ltr'><strong>(iebat</strong></span> <span class='ocrx_word' id='word_1_371' title='bbox 2551 2356 2661 2414; x_wconf 88' lang='lat' dir='ltr'><strong>quo</strong></span> <span class='ocrx_word' id='word_1_372' title='bbox 2677 2341 2919 2403; x_wconf 87' lang='lat' dir='ltr'><strong>cltaritas</strong></span> <span class='ocrx_word' id='word_1_373' title='bbox 2947 2356 3132 2405; x_wconf 89' lang='lat' dir='ltr'><strong>mutua</strong></span> <span class='ocrx_word' id='word_1_374' title='bbox 3156 2353 3434 2407; x_wconf 81' lang='lat' dir='ltr'><strong>constrin-</strong></span> 
     </span>
    </p>
   </div>
   <div class='ocr_carea' id='block_1_52' title="bbox 1838 2440 2090 2509">
    <p class='ocr_par' dir='ltr' id='par_1_52' title="bbox 1838 2440 2090 2509">
     <span class='ocr_line' id='line_1_52' title="bbox 1838 2440 2090 2509; baseline 0.004 -18"><span class='ocrx_word' id='word_1_375' title='bbox 1838 2440 2090 2509; x_wconf 73' lang='lat' dir='ltr'><strong>gebatur.</strong></span> 
     </span>
    </p>
   </div>
   <div class='ocr_carea' id='block_1_53' title="bbox 1840 2527 3428 2605">
    <p class='ocr_par' dir='ltr' id='par_1_53' title="bbox 1840 2527 3428 2605">
     <span class='ocr_line' id='line_1_53' title="bbox 1840 2527 3428 2605; baseline 0.006 -22"><span class='ocrx_word' id='word_1_376' title='bbox 1840 2528 2001 2583; x_wconf 76' lang='lat' dir='ltr'><strong>Vens.</strong></span> <span class='ocrx_word' id='word_1_377' title='bbox 2032 2527 2087 2584; x_wconf 89' lang='lat'><strong>6.</strong></span> <span class='ocrx_word' id='word_1_378' title='bbox 2133 2527 2332 2600; x_wconf 81' lang='lat' dir='ltr'><strong>Rogate</strong></span> <span class='ocrx_word' id='word_1_379' title='bbox 2394 2547 2516 2601; x_wconf 66' lang='lat' dir='ltr'><strong>quae</strong></span> <span class='ocrx_word' id='word_1_380' title='bbox 2561 2548 2629 2588; x_wconf 77' lang='lat' dir='ltr'><strong>ea</strong></span> <span class='ocrx_word' id='word_1_381' title='bbox 2685 2551 2865 2605; x_wconf 82' lang='lat' dir='ltr'><strong>pacem</strong></span> <span class='ocrx_word' id='word_1_382' title='bbox 2933 2545 3055 2591; x_wconf 83' lang='lat' dir='ltr'><strong>sunt</strong></span> <span class='ocrx_word' id='word_1_383' title='bbox 3105 2536 3428 2593; x_wconf 80' lang='lat' dir='ltr'><strong>Jerusalem.</strong></span> 
     </span>
    </p>
   </div>
   <div class='ocr_carea' id='block_1_54' title="bbox 1915 2620 3430 2697">
    <p class='ocr_par' dir='ltr' id='par_1_54' title="bbox 1915 2620 3430 2697">
     <span class='ocr_line' id='line_1_54' title="bbox 1915 2620 3430 2697; baseline 0.007 -20"><span class='ocrx_word' id='word_1_384' title='bbox 1915 2620 2147 2693; x_wconf 82' lang='lat' dir='ltr'><strong>Semper</strong></span> <span class='ocrx_word' id='word_1_385' title='bbox 2178 2623 2324 2677; x_wconf 89' lang='lat' dir='ltr'><strong>enim</strong></span> <span class='ocrx_word' id='word_1_386' title='bbox 2355 2634 2409 2679; x_wconf 90' lang='lat' dir='ltr'><strong>et</strong></span> <span class='ocrx_word' id='word_1_387' title='bbox 2442 2625 2588 2680; x_wconf 91' lang='lat' dir='ltr'><strong>omni</strong></span> <span class='ocrx_word' id='word_1_388' title='bbox 2640 2636 2885 2697; x_wconf 88' lang='lat' dir='ltr'><strong>tempore</strong></span> <span class='ocrx_word' id='word_1_389' title='bbox 2933 2630 3009 2684; x_wconf 93' lang='lat' dir='ltr'><strong>tui</strong></span> <span class='ocrx_word' id='word_1_390' title='bbox 3065 2644 3360 2697; x_wconf 83' lang='lat' dir='ltr'><strong>memores,</strong></span> <span class='ocrx_word' id='word_1_391' title='bbox 3395 2646 3430 2687; x_wconf 90' lang='grc' dir='ltr'><strong>ο</strong></span> 
     </span>
    </p>
   </div>
   <div class='ocr_carea' id='block_1_55' title="bbox 1834 2712 3432 2791">
    <p class='ocr_par' dir='ltr' id='par_1_55' title="bbox 1834 2712 3432 2791">
     <span class='ocr_line' id='line_1_55' title="bbox 1834 2712 3432 2791; baseline 0.006 -23"><span class='ocrx_word' id='word_1_392' title='bbox 1834 2712 2139 2771; x_wconf 81' lang='lat' dir='ltr'><strong>Jerusalem</strong></span> <span class='ocrx_word' id='word_1_393' title='bbox 2165 2756 2179 2779; x_wconf 89' lang='lat'><strong>,</strong></span> <span class='ocrx_word' id='word_1_394' title='bbox 2223 2716 2291 2771; x_wconf 90' lang='lat' dir='ltr'><strong>de</strong></span> <span class='ocrx_word' id='word_1_395' title='bbox 2333 2731 2470 2786; x_wconf 85' lang='lat' dir='ltr'><strong>pace</strong></span> <span class='ocrx_word' id='word_1_396' title='bbox 2499 2725 2589 2771; x_wconf 84' lang='lat' dir='ltr'><strong>tua</strong></span> <span class='ocrx_word' id='word_1_397' title='bbox 2622 2732 2745 2773; x_wconf 89' lang='lat' dir='ltr'><strong>cum</strong></span> <span class='ocrx_word' id='word_1_398' title='bbox 2781 2717 3048 2776; x_wconf 83' lang='lat' dir='ltr'><strong>fratribus</strong></span> <span class='ocrx_word' id='word_1_399' title='bbox 3071 2724 3277 2777; x_wconf 79' lang='lat' dir='ltr'><strong>nostris</strong></span> <span class='ocrx_word' id='word_1_400' title='bbox 3309 2738 3432 2791; x_wconf 90' lang='lat' dir='ltr'><strong>pro-</strong></span> 
     </span>
    </p>
   </div>
   <div class='ocr_carea' id='block_1_56' title="bbox 1836 2807 3427 2883">
    <p class='ocr_par' dir='ltr' id='par_1_56' title="bbox 1836 2807 3427 2883">
     <span class='ocr_line' id='line_1_56' title="bbox 1836 2807 3427 2883; baseline 0.008 -23"><span class='ocrx_word' id='word_1_401' title='bbox 1836 2807 2107 2877; x_wconf 82' lang='lat' dir='ltr'><strong>ximisque</strong></span> <span class='ocrx_word' id='word_1_402' title='bbox 2141 2807 2441 2878; x_wconf 86' lang='lat' dir='ltr'><strong>loquimur,</strong></span> <span class='ocrx_word' id='word_1_403' title='bbox 2468 2808 2523 2864; x_wconf 92' lang='lat' dir='ltr'><strong>id</strong></span> <span class='ocrx_word' id='word_1_404' title='bbox 2553 2820 2786 2866; x_wconf 72' lang='lat' dir='ltr'><strong>ealcum</strong></span> <span class='ocrx_word' id='word_1_405' title='bbox 2828 2813 3029 2883; x_wconf 86' lang='lat' dir='ltr'><strong>populo</strong></span> <span class='ocrx_word' id='word_1_406' title='bbox 3061 2830 3225 2880; x_wconf 82' lang='lat' dir='ltr'><strong>novo,</strong></span> <span class='ocrx_word' id='word_1_407' title='bbox 3262 2825 3322 2870; x_wconf 92' lang='lat' dir='ltr'><strong>ut</strong></span> <span class='ocrx_word' id='word_1_408' title='bbox 3350 2817 3427 2872; x_wconf 85' lang='lat' dir='ltr'><strong>tui</strong></span> 
     </span>
    </p>
   </div>
   <div class='ocr_carea' id='block_1_57' title="bbox 1832 2898 3429 2967">
    <p class='ocr_par' dir='ltr' id='par_1_57' title="bbox 1832 2898 3429 2967">
     <span class='ocr_line' id='line_1_57' title="bbox 1832 2898 3429 2967; baseline 0.008 -14"><span class='ocrx_word' id='word_1_409' title='bbox 1832 2898 2167 2955; x_wconf 83' lang='lat' dir='ltr'><strong>desiderium</strong></span> <span class='ocrx_word' id='word_1_410' title='bbox 2228 2901 2345 2957; x_wconf 65' lang='lat' dir='ltr'><strong>haec</strong></span> <span class='ocrx_word' id='word_1_411' title='bbox 2392 2914 2687 2962; x_wconf 88' lang='lat' dir='ltr'><strong>narrantes</strong></span> <span class='ocrx_word' id='word_1_412' title='bbox 2725 2908 2806 2963; x_wconf 90' lang='lat' dir='ltr'><strong>eis</strong></span> <span class='ocrx_word' id='word_1_413' title='bbox 2839 2907 3170 2965; x_wconf 79' lang='lat' dir='ltr'><strong>excitemus.</strong></span> <span class='ocrx_word' id='word_1_414' title='bbox 3224 2908 3333 2966; x_wconf 89' lang='lat' dir='ltr'><strong>Sed</strong></span> <span class='ocrx_word' id='word_1_415' title='bbox 3372 2922 3429 2967; x_wconf 87' lang='lat' dir='ltr'><strong>et</strong></span> 
     </span>
    </p>
   </div>
   <div class='ocr_carea' id='block_1_58' title="bbox 1835 2997 3428 3077">
    <p class='ocr_par' dir='ltr' id='par_1_58' title="bbox 1835 2997 3428 3077">
     <span class='ocr_line' id='line_1_58' title="bbox 1835 2997 3428 3077; baseline 0.008 -29"><span class='ocrx_word' id='word_1_416' title='bbox 1835 3008 2027 3064; x_wconf 84' lang='lat' dir='ltr'><strong>preces</strong></span> <span class='ocrx_word' id='word_1_417' title='bbox 2051 3003 2256 3051; x_wconf 64' lang='lat' dir='ltr'><strong>nostra</strong></span> <span class='ocrx_word' id='word_1_418' title='bbox 2282 3010 2477 3052; x_wconf 87' lang='lat' dir='ltr'><strong>omnes</strong></span> <span class='ocrx_word' id='word_1_419' title='bbox 2526 2997 2598 3054; x_wconf 88' lang='lat' dir='ltr'><strong>ob</strong></span> <span class='ocrx_word' id='word_1_420' title='bbox 2635 2998 2731 3056; x_wconf 88' lang='lat' dir='ltr'><strong>Dei</strong></span> <span class='ocrx_word' id='word_1_421' title='bbox 2760 3001 2979 3058; x_wconf 87' lang='lat' dir='ltr'><strong>domum</strong></span> <span class='ocrx_word' id='word_1_422' title='bbox 3009 3003 3211 3060; x_wconf 80' lang='lat' dir='ltr'><strong>ﬁebant</strong></span> <span class='ocrx_word' id='word_1_423' title='bbox 3231 3044 3246 3070; x_wconf 89' lang='lat'><strong>,</strong></span> <span class='ocrx_word' id='word_1_424' title='bbox 3299 3006 3428 3077; x_wconf 85' lang='lat' dir='ltr'><strong>quia</strong></span> 
     </span>
    </p>
   </div>
   <div class='ocr_carea' id='block_1_59' title="bbox 1834 3084 3042 3163">
    <p class='ocr_par' dir='ltr' id='par_1_59' title="bbox 1834 3084 3042 3163">
     <span class='ocr_line' id='line_1_59' title="bbox 1834 3084 3042 3163; baseline 0.007 -23"><span class='ocrx_word' id='word_1_425' title='bbox 1834 3084 1963 3143; x_wconf 89' lang='lat' dir='ltr'><strong>huic</strong></span> <span class='ocrx_word' id='word_1_426' title='bbox 1983 3085 2127 3143; x_wconf 83' lang='lat' dir='ltr'><strong>bona</strong></span> <span class='ocrx_word' id='word_1_427' title='bbox 2157 3088 2341 3143; x_wconf 87' lang='lat' dir='ltr'><strong>omnia</strong></span> <span class='ocrx_word' id='word_1_428' title='bbox 2375 3102 2407 3143; x_wconf 86' lang='lat' dir='ltr'><strong>s</strong></span> <span class='ocrx_word' id='word_1_429' title='bbox 2438 3088 2552 3145; x_wconf 88' lang='lat' dir='ltr'><strong>Deo</strong></span> <span class='ocrx_word' id='word_1_430' title='bbox 2580 3091 3042 3163; x_wconf 89' lang='lat' dir='ltr'><strong>lmprecabamur.</strong></span> 
     </span>
    </p>
   </div>
   <div class='ocr_carea' id='block_1_60' title="bbox 2334 3260 2913 3321">
    <p class='ocr_par' dir='ltr' id='par_1_60' title="bbox 2334 3260 2913 3321">
     <span class='ocr_line' id='line_1_60' title="bbox 2334 3260 2913 3321; baseline 0.009 -5"><span class='ocrx_word' id='word_1_431' title='bbox 2334 3260 2662 3321; x_wconf 78' lang='lat' dir='ltr'><strong>PSALMUS</strong></span> <span class='ocrx_word' id='word_1_432' title='bbox 2702 3262 2913 3321; x_wconf 80' lang='lat' dir='ltr'><strong>CXXII.</strong></span> 
     </span>
    </p>
   </div>
   <div class='ocr_carea' id='block_1_61' title="bbox 147 3342 1727 3440">
    <p class='ocr_par' dir='ltr' id='par_1_61' title="bbox 147 3355 1727 3440">
     <span class='ocr_line' id='line_1_61' title="bbox 147 3355 1727 3440; baseline 0.003 -27"><span class='ocrx_word' id='word_1_433' title='bbox 147 3358 293 3428; x_wconf 83' lang='grc' dir='ltr'>Πρὸς</span> <span class='ocrx_word' id='word_1_434' title='bbox 309 3359 383 3413; x_wconf 83' lang='grc' dir='ltr'>σὲ</span> <span class='ocrx_word' id='word_1_435' title='bbox 404 3355 522 3431; x_wconf 73' lang='grc' dir='ltr'>ἦρα</span> <span class='ocrx_word' id='word_1_436' title='bbox 541 3359 684 3427; x_wconf 85' lang='grc' dir='ltr'>τοὺς</span> <span class='ocrx_word' id='word_1_437' title='bbox 704 3361 1053 3440; x_wconf 63' lang='grc' dir='ltr'>όφθιξλμςῖύς</span> <span class='ocrx_word' id='word_1_438' title='bbox 1068 3380 1187 3440; x_wconf 51' lang='grc' dir='ltr'>μείου</span> <span class='ocrx_word' id='word_1_439' title='bbox 1209 3361 1317 3416; x_wconf 80' lang='grc' dir='ltr'><strong>τὸν</strong></span> <span class='ocrx_word' id='word_1_440' title='bbox 1337 3362 1727 3419; x_wconf 80' lang='grc' dir='ltr'>κατοικοῦντα</span> 
     </span>
    </p>
   </div>
   <div class='ocr_carea' id='block_1_62' title="bbox 1843 3342 3426 3440">
    <p class='ocr_par' dir='ltr' id='par_1_62' title="bbox 1843 3349 3426 3440">
     <span class='ocr_line' id='line_1_62' title="bbox 1843 3349 3426 3440; baseline 0.011 -37"><span class='ocrx_word' id='word_1_441' title='bbox 1843 3349 2000 3407; x_wconf 77' lang='lat' dir='ltr'><strong>Vsus.</strong></span> <span class='ocrx_word' id='word_1_442' title='bbox 2034 3352 2088 3407; x_wconf 75' lang='grc' dir='ltr'>ί.</span> <span class='ocrx_word' id='word_1_443' title='bbox 2128 3352 2210 3407; x_wconf 78' lang='lat' dir='ltr'><strong>Ad</strong></span> <span class='ocrx_word' id='word_1_444' title='bbox 2257 3363 2309 3409; x_wconf 88' lang='lat' dir='ltr'><strong>te</strong></span> <span class='ocrx_word' id='word_1_445' title='bbox 2349 3355 2519 3411; x_wconf 79' lang='lat' dir='ltr'><strong>levavi</strong></span> <span class='ocrx_word' id='word_1_446' title='bbox 2552 3356 2731 3440; x_wconf 72' lang='lat' dir='ltr'><strong>oculos</strong></span> <span class='ocrx_word' id='word_1_447' title='bbox 2764 3375 2909 3415; x_wconf 88' lang='lat' dir='ltr'><strong>nteas</strong></span> <span class='ocrx_word' id='word_1_448' title='bbox 2934 3400 2951 3427; x_wconf 94' lang='lat'><strong>,</strong></span> <span class='ocrx_word' id='word_1_449' title='bbox 2995 3364 3088 3432; x_wconf 79' lang='lat' dir='ltr'><strong>qui</strong></span> <span class='ocrx_word' id='word_1_450' title='bbox 3121 3363 3330 3421; x_wconf 75' lang='lat' dir='ltr'><strong>habitas</strong></span> <span class='ocrx_word' id='word_1_451' title='bbox 3372 3370 3426 3421; x_wconf 83' lang='lat' dir='ltr'><strong>in</strong></span> 
     </span>
    </p>
   </div>
   <div class='ocr_carea' id='block_1_63' title="bbox 701 3432 1150 3499">
    <p class='ocr_par' dir='ltr' id='par_1_63' title="bbox 701 3432 1150 3499">
     <span class='ocr_line' id='line_1_63' title="bbox 701 3432 1150 3499; baseline 0.002 -14"><span class='ocrx_word' id='word_1_452' title='bbox 701 3432 772 3485; x_wconf 76' lang='grc' dir='ltr'><strong>ἐν</strong></span> <span class='ocrx_word' id='word_1_453' title='bbox 795 3432 875 3497; x_wconf 83' lang='grc' dir='ltr'>τῷ</span> <span class='ocrx_word' id='word_1_454' title='bbox 896 3432 1150 3499; x_wconf 78' lang='grc' dir='ltr'>οὐρανῷ.</span> 
     </span>
    </p>
   </div>
   <div class='ocr_carea' id='block_1_64' title="bbox 224 3520 1729 3595">
    <p class='ocr_par' dir='ltr' id='par_1_64' title="bbox 224 3520 1729 3595">
     <span class='ocr_line' id='line_1_64' title="bbox 224 3520 1729 3595; baseline 0.003 -20"><span class='ocrx_word' id='word_1_455' title='bbox 224 3520 478 3594; x_wconf 81' lang='grc' dir='ltr'>Ἐπείπερ</span> <span class='ocrx_word' id='word_1_456' title='bbox 510 3521 741 3595; x_wconf 78' lang='grc' dir='ltr'>οὐρανὸς</span> <span class='ocrx_word' id='word_1_457' title='bbox 772 3522 960 3595; x_wconf 80' lang='grc' dir='ltr'>θρόνος</span> <span class='ocrx_word' id='word_1_458' title='bbox 984 3525 1102 3577; x_wconf 80' lang='grc' dir='ltr'>ἐστὶ</span> <span class='ocrx_word' id='word_1_459' title='bbox 1128 3523 1221 3578; x_wconf 86' lang='grc' dir='ltr'><strong>τοῦ</strong></span> <span class='ocrx_word' id='word_1_460' title='bbox 1260 3524 1419 3589; x_wconf 87' lang='grc' dir='ltr'>Θεοῦ,</span> <span class='ocrx_word' id='word_1_461' title='bbox 1450 3524 1539 3580; x_wconf 85' lang='grc' dir='ltr'>διὰ</span> <span class='ocrx_word' id='word_1_462' title='bbox 1570 3526 1729 3580; x_wconf 86' lang='grc' dir='ltr'>τοῦτο</span> 
     </span>
    </p>
   </div>
   <div class='ocr_carea' id='block_1_65' title="bbox 147 3614 1729 3691">
    <p class='ocr_par' dir='ltr' id='par_1_65' title="bbox 147 3614 1729 3691">
     <span class='ocr_line' id='line_1_65' title="bbox 147 3614 1729 3691; baseline 0.004 -27"><span class='ocrx_word' id='word_1_463' title='bbox 147 3618 406 3667; x_wconf 79' lang='grc' dir='ltr'>κατοικεῖν</span> <span class='ocrx_word' id='word_1_464' title='bbox 442 3614 663 3683; x_wconf 79' lang='grc' dir='ltr'>λέγεται</span> <span class='ocrx_word' id='word_1_465' title='bbox 694 3616 752 3668; x_wconf 85' lang='grc' dir='ltr'><strong>ὲν</strong></span> <span class='ocrx_word' id='word_1_466' title='bbox 778 3614 856 3685; x_wconf 82' lang='grc' dir='ltr'>τῷ</span> <span class='ocrx_word' id='word_1_467' title='bbox 883 3615 1101 3687; x_wconf 78' lang='grc' dir='ltr'>οὐρανῷ</span> <span class='ocrx_word' id='word_1_468' title='bbox 1119 3634 1132 3646; x_wconf 87' lang='grc'><strong>·</strong></span> <span class='ocrx_word' id='word_1_469' title='bbox 1165 3617 1343 3681; x_wconf 72' lang='grc' dir='ltr'>οὐδεὶς</span> <span class='ocrx_word' id='word_1_470' title='bbox 1381 3616 1439 3670; x_wconf 86' lang='grc' dir='ltr'>δὲ</span> <span class='ocrx_word' id='word_1_471' title='bbox 1467 3618 1729 3691; x_wconf 85' lang='grc' dir='ltr'>θησαυρί-</span> 
     </span>
    </p>
   </div>
   <div class='ocr_carea' id='block_1_66' title="bbox 148 3703 1728 3780">
    <p class='ocr_par' dir='ltr' id='par_1_66' title="bbox 148 3703 1728 3780">
     <span class='ocr_line' id='line_1_66' title="bbox 148 3703 1728 3780; baseline 0.006 -25"><span class='ocrx_word' id='word_1_472' title='bbox 148 3703 247 3767; x_wconf 74' lang='grc' dir='ltr'><strong>ξων</strong></span> <span class='ocrx_word' id='word_1_473' title='bbox 278 3705 365 3758; x_wconf 62' lang='grc' dir='ltr'><strong>ἐπὶ</strong></span> <span class='ocrx_word' id='word_1_474' title='bbox 407 3706 536 3776; x_wconf 84' lang='grc' dir='ltr'>γῆς,</span> <span class='ocrx_word' id='word_1_475' title='bbox 578 3704 722 3760; x_wconf 73' lang='grc' dir='ltr'>εἴποι</span> <span class='ocrx_word' id='word_1_476' title='bbox 757 3706 824 3761; x_wconf 77' lang='grc' dir='ltr'><strong>ἂν</strong></span> <span class='ocrx_word' id='word_1_477' title='bbox 848 3707 926 3778; x_wconf 85' lang='grc' dir='ltr'>τῷ</span> <span class='ocrx_word' id='word_1_478' title='bbox 957 3707 1077 3779; x_wconf 82' lang='grc' dir='ltr'>Θεῷ</span> <span class='ocrx_word' id='word_1_479' title='bbox 1098 3722 1110 3736; x_wconf 94' lang='grc'><strong>·</strong></span> <span class='ocrx_word' id='word_1_480' title='bbox 1143 3709 1301 3776; x_wconf 86' lang='grc' dir='ltr'>Πρὸς</span> <span class='ocrx_word' id='word_1_481' title='bbox 1331 3708 1409 3762; x_wconf 87' lang='grc' dir='ltr'>σὲ</span> <span class='ocrx_word' id='word_1_482' title='bbox 1439 3706 1558 3780; x_wconf 79' lang='grc' dir='ltr'>ἦρα</span> <span class='ocrx_word' id='word_1_483' title='bbox 1584 3710 1728 3777; x_wconf 83' lang='grc' dir='ltr'>τοὺς</span> 
     </span>
    </p>
   </div>
   <div class='ocr_carea' id='block_1_67' title="bbox 147 3796 1724 3871">
    <p class='ocr_par' dir='ltr' id='par_1_67' title="bbox 147 3796 1724 3871">
     <span class='ocr_line' id='line_1_67' title="bbox 147 3796 1724 3871; baseline 0.006 -24"><span class='ocrx_word' id='word_1_484' title='bbox 147 3796 478 3868; x_wconf 67' lang='grc' dir='ltr'>ὀφθαλμούς</span> <span class='ocrx_word' id='word_1_485' title='bbox 501 3815 625 3868; x_wconf 79' lang='grc' dir='ltr'><strong>μου</strong></span> <span class='ocrx_word' id='word_1_486' title='bbox 657 3799 766 3852; x_wconf 71' lang='grc' dir='ltr'><strong>τὸν</strong></span> <span class='ocrx_word' id='word_1_487' title='bbox 797 3799 1193 3854; x_wconf 76' lang='grc' dir='ltr'>κατοικοῦντα</span> <span class='ocrx_word' id='word_1_488' title='bbox 1219 3800 1290 3854; x_wconf 82' lang='grc' dir='ltr'><strong>ἐν</strong></span> <span class='ocrx_word' id='word_1_489' title='bbox 1330 3800 1415 3868; x_wconf 79' lang='grc' dir='ltr'>τῷ</span> <span class='ocrx_word' id='word_1_490' title='bbox 1456 3802 1724 3871; x_wconf 73' lang='grc' dir='ltr'>οὐρανῷ·</span> 
     </span>
    </p>
   </div>
   <div class='ocr_carea' id='block_1_68' title="bbox 147 3888 1728 3965">
    <p class='ocr_par' dir='ltr' id='par_1_68' title="bbox 147 3888 1728 3965">
     <span class='ocr_line' id='line_1_68' title="bbox 147 3888 1728 3965; baseline 0.005 -24"><span class='ocrx_word' id='word_1_491' title='bbox 147 3888 271 3943; x_wconf 79' lang='grc' dir='ltr'>ὅπου</span> <span class='ocrx_word' id='word_1_492' title='bbox 300 3888 408 3962; x_wconf 79' lang='grc' dir='ltr'><strong>γὰρ</strong></span> <span class='ocrx_word' id='word_1_493' title='bbox 446 3892 482 3943; x_wconf 83' lang='grc' dir='ltr'><em>ὁ</em></span> <span class='ocrx_word' id='word_1_494' title='bbox 504 3891 812 3959; x_wconf 80' lang='grc' dir='ltr'>θησαυρός</span> <span class='ocrx_word' id='word_1_495' title='bbox 831 3906 973 3951; x_wconf 87' lang='grc' dir='ltr'>σου.</span> <span class='ocrx_word' id='word_1_496' title='bbox 1007 3891 1135 3946; x_wconf 78' lang='grc' dir='ltr'>ἐκεῖ</span> <span class='ocrx_word' id='word_1_497' title='bbox 1148 3892 1318 3947; x_wconf 79' lang='grc' dir='ltr'>ἔσται</span> <span class='ocrx_word' id='word_1_498' title='bbox 1334 3894 1435 3948; x_wconf 76' lang='grc' dir='ltr'>καὶ</span> <span class='ocrx_word' id='word_1_499' title='bbox 1457 3895 1497 3963; x_wconf 80' lang='grc' dir='ltr'>ἡ</span> <span class='ocrx_word' id='word_1_500' title='bbox 1513 3893 1728 3965; x_wconf 79' lang='grc' dir='ltr'>καρδία</span> 
     </span>
    </p>
   </div>
   <div class='ocr_carea' id='block_1_69' title="bbox 145 3974 1726 4057">
    <p class='ocr_par' dir='ltr' id='par_1_69' title="bbox 145 3974 1726 4057">
     <span class='ocr_line' id='line_1_69' title="bbox 145 3974 1726 4057; baseline 0.004 -26"><span class='ocrx_word' id='word_1_501' title='bbox 145 3988 283 4031; x_wconf 77' lang='lat' dir='ltr'><strong>m-</strong></span> <span class='ocrx_word' id='word_1_502' title='bbox 324 3979 375 4031; x_wconf 84' lang='grc' dir='ltr'><strong>οί</strong></span> <span class='ocrx_word' id='word_1_503' title='bbox 415 3978 515 4049; x_wconf 80' lang='grc' dir='ltr'>μὲν</span> <span class='ocrx_word' id='word_1_504' title='bbox 567 3974 662 4032; x_wconf 82' lang='grc' dir='ltr'><strong>οὖν</strong></span> <span class='ocrx_word' id='word_1_505' title='bbox 701 3978 972 4051; x_wconf 78' lang='grc' dir='ltr'>ὀφθαλμοὶ</span> <span class='ocrx_word' id='word_1_506' title='bbox 1010 3980 1104 4035; x_wconf 89' lang='grc' dir='ltr'><strong>τοῦ</strong></span> <span class='ocrx_word' id='word_1_507' title='bbox 1156 3982 1412 4054; x_wconf 75' lang='grc' dir='ltr'>ἄφρονος,</span> <span class='ocrx_word' id='word_1_508' title='bbox 1460 3985 1548 4037; x_wconf 75' lang='grc' dir='ltr'><strong>ἐπ’</strong></span> <span class='ocrx_word' id='word_1_509' title='bbox 1579 3983 1726 4057; x_wconf 77' lang='grc' dir='ltr'>ἂκρα</span> 
     </span>
    </p>
   </div>
   <div class='ocr_carea' id='block_1_70' title="bbox 146 4066 1725 4149">
    <p class='ocr_par' dir='ltr' id='par_1_70' title="bbox 146 4066 1725 4149">
     <span class='ocr_line' id='line_1_70' title="bbox 146 4066 1725 4149; baseline 0.002 -25"><span class='ocrx_word' id='word_1_510' title='bbox 146 4068 257 4140; x_wconf 84' lang='grc' dir='ltr'>γῆς,</span> <span class='ocrx_word' id='word_1_511' title='bbox 297 4070 330 4141; x_wconf 73' lang='grc' dir='ltr'><strong>ἢ</strong></span> <span class='ocrx_word' id='word_1_512' title='bbox 376 4071 464 4139; x_wconf 73' lang='grc' dir='ltr'><strong>ἐφ’</strong></span> <span class='ocrx_word' id='word_1_513' title='bbox 508 4070 795 4139; x_wconf 83' lang='grc' dir='ltr'>ὁτιδήποτε</span> <span class='ocrx_word' id='word_1_514' title='bbox 843 4066 905 4126; x_wconf 74' lang='grc' dir='ltr'><strong>οὖ</strong></span> <span class='ocrx_word' id='word_1_515' title='bbox 958 4070 1252 4143; x_wconf 51' lang='grc' dir='ltr'>ὲπιθυμεῦ</span> <span class='ocrx_word' id='word_1_516' title='bbox 1301 4075 1568 4147; x_wconf 79' lang='grc' dir='ltr'>ὲμόλέπει</span> <span class='ocrx_word' id='word_1_517' title='bbox 1614 4077 1725 4149; x_wconf 86' lang='grc' dir='ltr'>γάρ</span> 
     </span>
    </p>
   </div>
   <div class='ocr_carea' id='block_1_71' title="bbox 148 4162 1723 4238">
    <p class='ocr_par' dir='ltr' id='par_1_71' title="bbox 148 4162 1723 4238">
     <span class='ocr_line' id='line_1_71' title="bbox 148 4162 1723 4238; baseline 0.007 -25"><span class='ocrx_word' id='word_1_518' title='bbox 148 4173 262 4213; x_wconf 83' lang='grc' dir='ltr'>ποτε</span> <span class='ocrx_word' id='word_1_519' title='bbox 298 4164 533 4230; x_wconf 83' lang='grc' dir='ltr'>γυναῖκα</span> <span class='ocrx_word' id='word_1_520' title='bbox 567 4162 705 4233; x_wconf 81' lang='grc' dir='ltr'>πρὸς</span> <span class='ocrx_word' id='word_1_521' title='bbox 742 4162 805 4216; x_wconf 80' lang='grc' dir='ltr'>τὸ</span> <span class='ocrx_word' id='word_1_522' title='bbox 834 4162 1176 4235; x_wconf 81' lang='grc' dir='ltr'>ἐπιθυμῆσαι</span> <span class='ocrx_word' id='word_1_523' title='bbox 1216 4167 1416 4238; x_wconf 81' lang='grc' dir='ltr'>αὐτῆς·</span> <span class='ocrx_word' id='word_1_524' title='bbox 1456 4171 1508 4222; x_wconf 90' lang='grc' dir='ltr'><strong>οἱ</strong></span> <span class='ocrx_word' id='word_1_525' title='bbox 1533 4169 1591 4223; x_wconf 83' lang='grc' dir='ltr'>δὲ</span> <span class='ocrx_word' id='word_1_526' title='bbox 1626 4168 1723 4224; x_wconf 81' lang='grc' dir='ltr'><strong>τοῦ</strong></span> 
     </span>
    </p>
   </div>
   <div class='ocr_carea' id='block_1_72' title="bbox 144 4250 1136 4326">
    <p class='ocr_par' dir='ltr' id='par_1_72' title="bbox 144 4250 1136 4326">
     <span class='ocr_line' id='line_1_72' title="bbox 144 4250 1136 4326; baseline 0.008 -24"><span class='ocrx_word' id='word_1_527' title='bbox 144 4250 354 4315; x_wconf 79' lang='grc' dir='ltr'>δικαίου,</span> <span class='ocrx_word' id='word_1_528' title='bbox 378 4252 672 4317; x_wconf 73' lang='grc' dir='ltr'>διαπαντὸς</span> <span class='ocrx_word' id='word_1_529' title='bbox 701 4254 841 4326; x_wconf 84' lang='grc' dir='ltr'>πρὸς</span> <span class='ocrx_word' id='word_1_530' title='bbox 864 4256 957 4308; x_wconf 85' lang='grc' dir='ltr'>τὸν</span> <span class='ocrx_word' id='word_1_531' title='bbox 982 4256 1136 4310; x_wconf 87' lang='grc' dir='ltr'>Θεόν.</span> 
     </span>
    </p>
   </div>
   <div class='ocr_carea' id='block_1_73' title="bbox 156 4342 1724 4472">
    <p class='ocr_par' dir='ltr' id='par_1_73' title="bbox 156 4342 1724 4472">
     <span class='ocr_line' id='line_1_73' title="bbox 156 4342 1724 4472; baseline 0.007 -75"><span class='ocrx_word' id='word_1_532' title='bbox 156 4342 294 4399; x_wconf 74' lang='grc' dir='ltr'>Ἰδοὺ</span> <span class='ocrx_word' id='word_1_533' title='bbox 316 4346 397 4412; x_wconf 84' lang='grc' dir='ltr'>ὡς</span> <span class='ocrx_word' id='word_1_534' title='bbox 417 4346 713 4415; x_wconf 73' lang='grc' dir='ltr'>ὀφθαλμοὶ</span> <span class='ocrx_word' id='word_1_535' title='bbox 742 4346 981 4472; x_wconf 49' lang='grc' dir='ltr'><strong>δούῖξωξ⁹</strong></span> <span class='ocrx_word' id='word_1_536' title='bbox 1003 4351 1091 4415; x_wconf 81' lang='grc' dir='ltr'><strong>είς</strong></span> <span class='ocrx_word' id='word_1_537' title='bbox 1120 4350 1327 4419; x_wconf 64' lang='grc' dir='ltr'>χεῷας</span> <span class='ocrx_word' id='word_1_538' title='bbox 1354 4352 1476 4405; x_wconf 80' lang='grc' dir='ltr'><strong>τῶν</strong></span> <span class='ocrx_word' id='word_1_539' title='bbox 1503 4355 1724 4423; x_wconf 72' lang='grc' dir='ltr'>κυρίων</span> 
     </span>
     <span class='ocr_line' id='line_1_74' title="bbox 816 4434 1035 4472; baseline 0.005 -1"><span class='ocrx_word' id='word_1_540' title='bbox 816 4434 855 4471; x_wconf 88' lang='lat' dir='ltr'><strong>a</strong></span> <span class='ocrx_word' id='word_1_541' title='bbox 897 4436 1035 4472; x_wconf 78' lang='grc' dir='ltr'>των.</span> 
     </span>
    </p>
   </div>
   <div class='ocr_carea' id='block_1_74' title="bbox 816 4434 1035 4473">
    <p class='ocr_par' dir='ltr' id='par_1_74' title="bbox 816 4434 1035 4473">
     <span class='ocr_line' id='line_1_75' title="bbox 816 4434 1035 4473; baseline 0.009 -2"><span class='ocrx_word' id='word_1_542' title='bbox 816 4434 1035 4473; x_wconf 76' lang='grc' dir='ltr'>αυτων.</span> 
     </span>
    </p>
   </div>
   <div class='ocr_carea' id='block_1_75' title="bbox 204 4508 1722 4592">
    <p class='ocr_par' dir='ltr' id='par_1_75' title="bbox 204 4508 1722 4592">
     <span class='ocr_line' id='line_1_76' title="bbox 204 4508 1722 4592; baseline 0.009 -31"><span class='ocrx_word' id='word_1_543' title='bbox 204 4508 622 4578; x_wconf 76' lang='grc' dir='ltr'>εὐαγγελισθεὶς</span> <span class='ocrx_word' id='word_1_544' title='bbox 647 4510 677 4562; x_wconf 92' lang='lat'><strong>6</strong></span> <span class='ocrx_word' id='word_1_545' title='bbox 702 4510 821 4575; x_wconf 81' lang='grc' dir='ltr'>νέος</span> <span class='ocrx_word' id='word_1_546' title='bbox 851 4512 1004 4582; x_wconf 73' lang='grc' dir='ltr'>παρὰ</span> <span class='ocrx_word' id='word_1_547' title='bbox 1038 4513 1145 4567; x_wconf 86' lang='grc' dir='ltr'><strong>τῶν</strong></span> <span class='ocrx_word' id='word_1_548' title='bbox 1178 4515 1565 4592; x_wconf 77' lang='grc' dir='ltr'>πρεσΰυτὲρων</span> <span class='ocrx_word' id='word_1_549' title='bbox 1592 4519 1722 4585; x_wconf 79' lang='grc' dir='ltr'>λαὸς</span> 
     </span>
    </p>
   </div>
   <div class='ocr_carea' id='block_1_76' title="bbox 142 4597 1717 4687">
    <p class='ocr_par' dir='ltr' id='par_1_76' title="bbox 142 4597 1717 4687">
     <span class='ocr_line' id='line_1_77' title="bbox 142 4597 1717 4687; baseline 0.011 -35"><span class='ocrx_word' id='word_1_550' title='bbox 142 4597 217 4653; x_wconf 78' lang='grc' dir='ltr'>διὰ</span> <span class='ocrx_word' id='word_1_551' title='bbox 252 4602 351 4673; x_wconf 80' lang='grc' dir='ltr'>τῆς</span> <span class='ocrx_word' id='word_1_552' title='bbox 396 4603 506 4675; x_wconf 80' lang='grc' dir='ltr'><strong>πρὸ</strong></span> <span class='ocrx_word' id='word_1_553' title='bbox 547 4604 751 4677; x_wconf 80' lang='grc' dir='ltr'>ταύτης</span> <span class='ocrx_word' id='word_1_554' title='bbox 796 4605 961 4677; x_wconf 78' lang='grc' dir='ltr'>ᾠδῆς,</span> <span class='ocrx_word' id='word_1_555' title='bbox 995 4608 1109 4662; x_wconf 80' lang='grc' dir='ltr'><strong>Οὐκ</strong></span> <span class='ocrx_word' id='word_1_556' title='bbox 1156 4610 1244 4663; x_wconf 76' lang='grc' dir='ltr'><strong>ἐπ’</strong></span> <span class='ocrx_word' id='word_1_557' title='bbox 1278 4610 1406 4666; x_wconf 81' lang='grc' dir='ltr'>ἄλλο</span> <span class='ocrx_word' id='word_1_558' title='bbox 1430 4631 1503 4679; x_wconf 91' lang='grc' dir='ltr'><strong>τι,</strong></span> <span class='ocrx_word' id='word_1_559' title='bbox 1530 4617 1717 4687; x_wconf 64' lang='grc' dir='ltr'>φησιν,</span> 
     </span>
    </p>
   </div>
   <div class='ocr_carea' id='block_1_77' title="bbox 2508 3428 2658 3483">
    <p class='ocr_par' dir='ltr' id='par_1_77' title="bbox 2508 3428 2658 3483">
     <span class='ocr_line' id='line_1_78' title="bbox 2508 3428 2658 3483; baseline 0 -1"><span class='ocrx_word' id='word_1_560' title='bbox 2508 3428 2658 3483; x_wconf 63' lang='lat' dir='ltr'><strong>calo.</strong></span> 
     </span>
    </p>
   </div>
   <div class='ocr_carea' id='block_1_78' title="bbox 1905 3531 3423 3610">
    <p class='ocr_par' dir='ltr' id='par_1_78' title="bbox 1905 3531 3423 3610">
     <span class='ocr_line' id='line_1_79' title="bbox 1905 3531 3423 3610; baseline 0.014 -24"><span class='ocrx_word' id='word_1_561' title='bbox 1905 3531 2042 3599; x_wconf 84' lang='lat' dir='ltr'><strong>Quia</strong></span> <span class='ocrx_word' id='word_1_562' title='bbox 2075 3536 2278 3593; x_wconf 73' lang='lat' dir='ltr'><strong>cretum</strong></span> <span class='ocrx_word' id='word_1_563' title='bbox 2308 3538 2540 3595; x_wconf 89' lang='lat' dir='ltr'><strong>thronus</strong></span> <span class='ocrx_word' id='word_1_564' title='bbox 2570 3540 2662 3597; x_wconf 87' lang='lat' dir='ltr'><strong>Dei</strong></span> <span class='ocrx_word' id='word_1_565' title='bbox 2700 3552 2808 3610; x_wconf 91' lang='lat' dir='ltr'><strong>est,</strong></span> <span class='ocrx_word' id='word_1_566' title='bbox 2842 3543 3050 3601; x_wconf 90' lang='lat' dir='ltr'><strong>idcirco</strong></span> <span class='ocrx_word' id='word_1_567' title='bbox 3080 3546 3171 3603; x_wconf 89' lang='lat' dir='ltr'><strong>hic</strong></span> <span class='ocrx_word' id='word_1_568' title='bbox 3198 3548 3251 3604; x_wconf 92' lang='lat' dir='ltr'><strong>in</strong></span> <span class='ocrx_word' id='word_1_569' title='bbox 3284 3551 3423 3607; x_wconf 78' lang='lat' dir='ltr'><strong>cmlo</strong></span> 
     </span>
    </p>
   </div>
   <div class='ocr_carea' id='block_1_79' title="bbox 1831 3621 3417 3711">
    <p class='ocr_par' dir='ltr' id='par_1_79' title="bbox 1831 3621 3417 3711">
     <span class='ocr_line' id='line_1_80' title="bbox 1831 3621 3417 3711; baseline 0.015 -35"><span class='ocrx_word' id='word_1_570' title='bbox 1831 3621 2083 3681; x_wconf 87' lang='lat' dir='ltr'><strong>habitare</strong></span> <span class='ocrx_word' id='word_1_571' title='bbox 2125 3628 2347 3683; x_wconf 85' lang='lat' dir='ltr'><strong>dicitur.</strong></span> <span class='ocrx_word' id='word_1_572' title='bbox 2382 3629 2555 3686; x_wconf 86' lang='lat' dir='ltr'><strong>Nemo</strong></span> <span class='ocrx_word' id='word_1_573' title='bbox 2598 3644 2779 3689; x_wconf 87' lang='lat' dir='ltr'><strong>autem</strong></span> <span class='ocrx_word' id='word_1_574' title='bbox 2828 3637 2923 3706; x_wconf 86' lang='lat' dir='ltr'><strong>qui</strong></span> <span class='ocrx_word' id='word_1_575' title='bbox 2973 3636 3027 3693; x_wconf 91' lang='lat' dir='ltr'><strong>in</strong></span> <span class='ocrx_word' id='word_1_576' title='bbox 3088 3648 3233 3695; x_wconf 89' lang='lat' dir='ltr'><strong>terra</strong></span> <span class='ocrx_word' id='word_1_577' title='bbox 3282 3658 3417 3711; x_wconf 86' lang='lat' dir='ltr'><strong>opes</strong></span> 
     </span>
    </p>
   </div>
   <div class='ocr_carea' id='block_1_80' title="bbox 1829 3718 3425 3803">
    <p class='ocr_par' dir='ltr' id='par_1_80' title="bbox 1829 3718 3425 3803">
     <span class='ocr_line' id='line_1_81' title="bbox 1829 3718 3425 3803; baseline 0.013 -35"><span class='ocrx_word' id='word_1_578' title='bbox 1829 3718 2097 3787; x_wconf 76' lang='lat' dir='ltr'><strong>congerit,</strong></span> <span class='ocrx_word' id='word_1_579' title='bbox 2127 3720 2239 3775; x_wconf 86' lang='lat' dir='ltr'><strong>Deo</strong></span> <span class='ocrx_word' id='word_1_580' title='bbox 2275 3722 2465 3779; x_wconf 86' lang='lat' dir='ltr'><strong>dicet:</strong></span> <span class='ocrx_word' id='word_1_581' title='bbox 2498 3725 2582 3778; x_wconf 81' lang='lat' dir='ltr'><strong>Ad</strong></span> <span class='ocrx_word' id='word_1_582' title='bbox 2614 3734 2664 3780; x_wconf 83' lang='lat' dir='ltr'><strong>te</strong></span> <span class='ocrx_word' id='word_1_583' title='bbox 2697 3725 2865 3781; x_wconf 77' lang='lat' dir='ltr'><strong>levavi</strong></span> <span class='ocrx_word' id='word_1_584' title='bbox 2910 3730 3093 3786; x_wconf 84' lang='lat' dir='ltr'><strong>oculos</strong></span> <span class='ocrx_word' id='word_1_585' title='bbox 3135 3748 3299 3797; x_wconf 81' lang='lat' dir='ltr'><strong>meos.</strong></span> <span class='ocrx_word' id='word_1_586' title='bbox 3332 3738 3425 3803; x_wconf 81' lang='lat' dir='ltr'><strong>qui</strong></span> 
     </span>
    </p>
   </div>
   <div class='ocr_carea' id='block_1_81' title="bbox 1829 3805 3422 3890">
    <p class='ocr_par' dir='ltr' id='par_1_81' title="bbox 1829 3805 3422 3890">
     <span class='ocr_line' id='line_1_82' title="bbox 1829 3805 3422 3890; baseline 0.013 -29"><span class='ocrx_word' id='word_1_587' title='bbox 1829 3805 2038 3864; x_wconf 78' lang='lat' dir='ltr'><strong>habitas</strong></span> <span class='ocrx_word' id='word_1_588' title='bbox 2065 3810 2122 3865; x_wconf 81' lang='lat' dir='ltr'><strong>in</strong></span> <span class='ocrx_word' id='word_1_589' title='bbox 2148 3812 2277 3867; x_wconf 67' lang='lat' dir='ltr'><strong>calo</strong></span> <span class='ocrx_word' id='word_1_590' title='bbox 2302 3829 2323 3867; x_wconf 91' lang='lat'><strong><em>:</em></strong></span> <span class='ocrx_word' id='word_1_591' title='bbox 2360 3829 2617 3883; x_wconf 87' lang='lat' dir='ltr'><strong>namque,</strong></span> <span class='ocrx_word' id='word_1_592' title='bbox 2644 3819 2736 3872; x_wconf 83' lang='lat' dir='ltr'><strong>ubi</strong></span> <span class='ocrx_word' id='word_1_593' title='bbox 2766 3822 3047 3878; x_wconf 80' lang='lat' dir='ltr'><strong>thesaurus</strong></span> <span class='ocrx_word' id='word_1_594' title='bbox 3094 3822 3242 3890; x_wconf 80' lang='lat' dir='ltr'><strong>tusis,</strong></span> <span class='ocrx_word' id='word_1_595' title='bbox 3266 3828 3338 3880; x_wconf 84' lang='lat' dir='ltr'><strong>ibi</strong></span> <span class='ocrx_word' id='word_1_596' title='bbox 3372 3841 3422 3883; x_wconf 86' lang='lat' dir='ltr'><strong>et</strong></span> 
     </span>
    </p>
   </div>
   <div class='ocr_carea' id='block_1_82' title="bbox 1828 3905 3416 3982">
    <p class='ocr_par' dir='ltr' id='par_1_82' title="bbox 1828 3905 3416 3982">
     <span class='ocr_line' id='line_1_83' title="bbox 1828 3905 3416 3982; baseline 0.015 -31"><span class='ocrx_word' id='word_1_597' title='bbox 1828 3914 1922 3953; x_wconf 87' lang='lat' dir='ltr'><strong>cor</strong></span> <span class='ocrx_word' id='word_1_598' title='bbox 1969 3910 2116 3957; x_wconf 80' lang='lat' dir='ltr'><strong>tuum</strong></span> <span class='ocrx_word' id='word_1_599' title='bbox 2162 3905 2265 3959; x_wconf 88' lang='lat' dir='ltr'><strong>erit</strong></span> <span class='ocrx_word' id='word_1_600' title='bbox 2296 3905 2341 3960; x_wconf 76' lang='grc'><strong>⁸.</strong></span> <span class='ocrx_word' id='word_1_601' title='bbox 2392 3906 2539 3981; x_wconf 73' lang='lat' dir='ltr'><strong>Ergo</strong></span> <span class='ocrx_word' id='word_1_602' title='bbox 2589 3910 2901 3982; x_wconf 83' lang='lat' dir='ltr'><strong>insipientis</strong></span> <span class='ocrx_word' id='word_1_603' title='bbox 2972 3914 3212 3973; x_wconf 90' lang='lat' dir='ltr'><strong>hominis</strong></span> <span class='ocrx_word' id='word_1_604' title='bbox 3274 3923 3416 3975; x_wconf 85' lang='lat' dir='ltr'><strong>oculi</strong></span> 
     </span>
    </p>
   </div>
   <div class='ocr_carea' id='block_1_83' title="bbox 1831 3993 3423 4075">
    <p class='ocr_par' dir='ltr' id='par_1_83' title="bbox 1831 3993 3423 4075">
     <span class='ocr_line' id='line_1_84' title="bbox 1831 3993 3423 4075; baseline 0.012 -30"><span class='ocrx_word' id='word_1_605' title='bbox 1831 3998 1993 4046; x_wconf 67' lang='lat' dir='ltr'><strong>terrae</strong></span> <span class='ocrx_word' id='word_1_606' title='bbox 2023 3993 2373 4063; x_wconf 77' lang='lat' dir='ltr'><strong>superﬁciem</strong></span> <span class='ocrx_word' id='word_1_607' title='bbox 2417 4008 2689 4067; x_wconf 87' lang='lat' dir='ltr'><strong>spectant,</strong></span> <span class='ocrx_word' id='word_1_608' title='bbox 2722 4001 2805 4056; x_wconf 89' lang='lat' dir='ltr'><strong>vel</strong></span> <span class='ocrx_word' id='word_1_609' title='bbox 2839 4003 2989 4059; x_wconf 88' lang='lat' dir='ltr'><strong>aliud</strong></span> <span class='ocrx_word' id='word_1_610' title='bbox 3023 4006 3244 4075; x_wconf 86' lang='lat' dir='ltr'><strong>quidvis</strong></span> <span class='ocrx_word' id='word_1_611' title='bbox 3288 4024 3423 4063; x_wconf 81' lang='lat' dir='ltr'><strong>emt-</strong></span> 
     </span>
    </p>
   </div>
   <div class='ocr_carea' id='block_1_84' title="bbox 1828 4084 3421 4171">
    <p class='ocr_par' dir='ltr' id='par_1_84' title="bbox 1828 4084 3421 4171">
     <span class='ocr_line' id='line_1_85' title="bbox 1828 4084 3421 4171; baseline 0.013 -34"><span class='ocrx_word' id='word_1_612' title='bbox 1828 4084 2117 4154; x_wconf 87' lang='lat' dir='ltr'><strong>cupitum:</strong></span> <span class='ocrx_word' id='word_1_613' title='bbox 2160 4102 2285 4142; x_wconf 88' lang='lat' dir='ltr'><strong>nam</strong></span> <span class='ocrx_word' id='word_1_614' title='bbox 2324 4099 2383 4144; x_wconf 88' lang='lat' dir='ltr'><strong>et</strong></span> <span class='ocrx_word' id='word_1_615' title='bbox 2416 4092 2705 4149; x_wconf 88' lang='lat' dir='ltr'><strong>mulierem</strong></span> <span class='ocrx_word' id='word_1_616' title='bbox 2736 4098 3073 4168; x_wconf 87' lang='lat' dir='ltr'><strong>quandoque</strong></span> <span class='ocrx_word' id='word_1_617' title='bbox 3108 4101 3326 4171; x_wconf 84' lang='lat' dir='ltr'><strong>aspicit,</strong></span> <span class='ocrx_word' id='word_1_618' title='bbox 3362 4117 3421 4157; x_wconf 83' lang='lat' dir='ltr'><strong>ut</strong></span> 
     </span>
    </p>
   </div>
   <div class='ocr_carea' id='block_1_85' title="bbox 1826 4181 3418 4249">
    <p class='ocr_par' dir='ltr' id='par_1_85' title="bbox 1826 4181 3418 4249">
     <span class='ocr_line' id='line_1_86' title="bbox 1826 4181 3418 4249; baseline 0.013 -21"><span class='ocrx_word' id='word_1_619' title='bbox 1826 4188 1948 4230; x_wconf 89' lang='lat' dir='ltr'><strong>eam</strong></span> <span class='ocrx_word' id='word_1_620' title='bbox 1994 4181 2366 4249; x_wconf 86' lang='lat' dir='ltr'><strong>concupiscat.</strong></span> <span class='ocrx_word' id='word_1_621' title='bbox 2411 4182 2552 4242; x_wconf 86' lang='lat' dir='ltr'><strong>Justi</strong></span> <span class='ocrx_word' id='word_1_622' title='bbox 2597 4196 2777 4243; x_wconf 85' lang='lat' dir='ltr'><strong>tamen</strong></span> <span class='ocrx_word' id='word_1_623' title='bbox 2807 4189 3049 4247; x_wconf 88' lang='lat' dir='ltr'><strong>hominis</strong></span> <span class='ocrx_word' id='word_1_624' title='bbox 3079 4191 3221 4248; x_wconf 89' lang='lat' dir='ltr'><strong>oculi</strong></span> <span class='ocrx_word' id='word_1_625' title='bbox 3249 4194 3418 4249; x_wconf 82' lang='lat' dir='ltr'><strong>Deum</strong></span> 
     </span>
    </p>
   </div>
   <div class='ocr_carea' id='block_1_86' title="bbox 1827 4280 2345 4339">
    <p class='ocr_par' dir='ltr' id='par_1_86' title="bbox 1827 4280 2345 4339">
     <span class='ocr_line' id='line_1_87' title="bbox 1827 4280 2345 4339; baseline 0.015 -19"><span class='ocrx_word' id='word_1_626' title='bbox 1827 4280 2045 4337; x_wconf 86' lang='lat' dir='ltr'><strong>semper</strong></span> <span class='ocrx_word' id='word_1_627' title='bbox 2074 4282 2345 4339; x_wconf 87' lang='lat' dir='ltr'><strong>spectant.</strong></span> 
     </span>
    </p>
   </div>
   <div class='ocr_carea' id='block_1_87' title="bbox 1828 4356 3418 4448">
    <p class='ocr_par' dir='ltr' id='par_1_87' title="bbox 1828 4356 3418 4448">
     <span class='ocr_line' id='line_1_88' title="bbox 1828 4356 3418 4448; baseline 0.018 -40"><span class='ocrx_word' id='word_1_628' title='bbox 1828 4356 1992 4413; x_wconf 74' lang='lat' dir='ltr'><strong>Vsus.</strong></span> <span class='ocrx_word' id='word_1_629' title='bbox 2021 4359 2082 4417; x_wconf 72' lang='lat'><strong>2.</strong></span> <span class='ocrx_word' id='word_1_630' title='bbox 2111 4360 2246 4417; x_wconf 84' lang='lat' dir='ltr'><strong>Ecce</strong></span> <span class='ocrx_word' id='word_1_631' title='bbox 2273 4366 2411 4448; x_wconf 61' lang='lat' dir='ltr'><strong>sicut</strong></span> <span class='ocrx_word' id='word_1_632' title='bbox 2459 4370 2601 4425; x_wconf 82' lang='lat' dir='ltr'><strong>oculi</strong></span> <span class='ocrx_word' id='word_1_633' title='bbox 2647 4387 2920 4428; x_wconf 80' lang='lat' dir='ltr'><strong>servorum</strong></span> <span class='ocrx_word' id='word_1_634' title='bbox 2954 4375 3010 4430; x_wconf 87' lang='lat' dir='ltr'><strong>in</strong></span> <span class='ocrx_word' id='word_1_635' title='bbox 3043 4379 3287 4434; x_wconf 79' lang='lat' dir='ltr'><strong>manibus</strong></span> <span class='ocrx_word' id='word_1_636' title='bbox 3319 4384 3418 4436; x_wconf 81' lang='lat' dir='ltr'><strong>do-</strong></span> 
     </span>
    </p>
   </div>
   <div class='ocr_carea' id='block_1_88' title="bbox 2325 4454 2877 4499">
    <p class='ocr_par' dir='ltr' id='par_1_88' title="bbox 2325 4454 2877 4499">
     <span class='ocr_line' id='line_1_89' title="bbox 2325 4454 2877 4499; baseline 0.022 -11"><span class='ocrx_word' id='word_1_637' title='bbox 2325 4454 2591 4494; x_wconf 76' lang='lat' dir='ltr'><strong>minorum</strong></span> <span class='ocrx_word' id='word_1_638' title='bbox 2636 4459 2877 4499; x_wconf 78' lang='lat' dir='ltr'><strong>suorum.</strong></span> 
     </span>
    </p>
   </div>
   <div class='ocr_carea' id='block_1_89' title="bbox 1898 4516 3414 4609">
    <p class='ocr_par' dir='ltr' id='par_1_89' title="bbox 1898 4516 3414 4609">
     <span class='ocr_line' id='line_1_90' title="bbox 1898 4516 3414 4609; baseline 0.019 -39"><span class='ocrx_word' id='word_1_639' title='bbox 1898 4516 2158 4576; x_wconf 85' lang='lat' dir='ltr'><strong>Eruditus</strong></span> <span class='ocrx_word' id='word_1_640' title='bbox 2183 4537 2212 4575; x_wconf 91' lang='lat' dir='ltr'><strong>a</strong></span> <span class='ocrx_word' id='word_1_641' title='bbox 2239 4525 2550 4584; x_wconf 85' lang='lat' dir='ltr'><strong>senioribus</strong></span> <span class='ocrx_word' id='word_1_642' title='bbox 2577 4546 2751 4587; x_wconf 89' lang='lat' dir='ltr'><strong>novus</strong></span> <span class='ocrx_word' id='word_1_643' title='bbox 2779 4536 3010 4605; x_wconf 87' lang='lat' dir='ltr'><strong>populus</strong></span> <span class='ocrx_word' id='word_1_644' title='bbox 3043 4538 3097 4593; x_wconf 92' lang='lat' dir='ltr'><strong>in</strong></span> <span class='ocrx_word' id='word_1_645' title='bbox 3129 4542 3414 4609; x_wconf 87' lang='lat' dir='ltr'><strong>superiore</strong></span> 
     </span>
    </p>
   </div>
   <div class='ocr_carea' id='block_1_90' title="bbox 1825 4610 3413 4701">
    <p class='ocr_par' dir='ltr' id='par_1_90' title="bbox 1825 4610 3413 4701">
     <span class='ocr_line' id='line_1_91' title="bbox 1825 4610 3413 4701; baseline 0.018 -39"><span class='ocrx_word' id='word_1_646' title='bbox 1825 4610 2055 4679; x_wconf 85' lang='lat' dir='ltr'><strong>psalmo,</strong></span> <span class='ocrx_word' id='word_1_647' title='bbox 2087 4611 2147 4668; x_wconf 89' lang='lat' dir='ltr'><strong>In</strong></span> <span class='ocrx_word' id='word_1_648' title='bbox 2182 4616 2355 4683; x_wconf 83' lang='lat' dir='ltr'><strong>nulla,</strong></span> <span class='ocrx_word' id='word_1_649' title='bbox 2383 4619 2579 4691; x_wconf 89' lang='lat' dir='ltr'><strong>inquit,</strong></span> <span class='ocrx_word' id='word_1_650' title='bbox 2602 4638 2661 4678; x_wconf 89' lang='lat' dir='ltr'><strong>re</strong></span> <span class='ocrx_word' id='word_1_651' title='bbox 2679 4640 2827 4692; x_wconf 86' lang='lat' dir='ltr'><strong>spem</strong></span> <span class='ocrx_word' id='word_1_652' title='bbox 2852 4628 3081 4696; x_wconf 89' lang='lat' dir='ltr'><strong>colloco,</strong></span> <span class='ocrx_word' id='word_1_653' title='bbox 3115 4631 3217 4686; x_wconf 85' lang='lat' dir='ltr'><strong>nisi</strong></span> <span class='ocrx_word' id='word_1_654' title='bbox 3250 4634 3303 4687; x_wconf 86' lang='lat' dir='ltr'><strong>iu</strong></span> <span class='ocrx_word' id='word_1_655' title='bbox 3340 4647 3413 4701; x_wconf 83' lang='lat' dir='ltr'><strong>te,</strong></span> 
     </span>
    </p>
   </div>
   <div class='ocr_carea' id='block_1_91' title="bbox 143 4687 1727 4801">
    <p class='ocr_par' dir='ltr' id='par_1_91' title="bbox 143 4689 1716 4777">
     <span class='ocr_line' id='line_1_92' title="bbox 143 4689 1716 4777; baseline 0.01 -35"><span class='ocrx_word' id='word_1_656' title='bbox 143 4689 347 4759; x_wconf 74' lang='grc' dir='ltr'>ἐλπίζω,</span> <span class='ocrx_word' id='word_1_657' title='bbox 392 4693 425 4765; x_wconf 78' lang='grc' dir='ltr'>ἢ</span> <span class='ocrx_word' id='word_1_658' title='bbox 458 4694 551 4747; x_wconf 71' lang='grc' dir='ltr'><strong>ἐπὶ</strong></span> <span class='ocrx_word' id='word_1_659' title='bbox 591 4696 651 4749; x_wconf 83' lang='grc' dir='ltr'>σὲ</span> <span class='ocrx_word' id='word_1_660' title='bbox 681 4696 773 4749; x_wconf 74' lang='grc' dir='ltr'>τὸν</span> <span class='ocrx_word' id='word_1_661' title='bbox 812 4697 914 4751; x_wconf 73' lang='grc' dir='ltr'>οὐκ</span> <span class='ocrx_word' id='word_1_662' title='bbox 941 4700 1000 4752; x_wconf 82' lang='grc' dir='ltr'><strong>ὲν</strong></span> <span class='ocrx_word' id='word_1_663' title='bbox 1032 4702 1099 4771; x_wconf 79' lang='grc' dir='ltr'><strong>τῇ</strong></span> <span class='ocrx_word' id='word_1_664' title='bbox 1146 4701 1298 4757; x_wconf 81' lang='grc' dir='ltr'>κάτω</span> <span class='ocrx_word' id='word_1_665' title='bbox 1339 4702 1716 4777; x_wconf 71' lang='grc' dir='ltr'>Ἰερουσαλὴμ,</span> 
     </span>
    </p>
   </div>
   <div class='ocr_carea' id='block_1_92' title="bbox 1843 4687 3413 4801">
    <p class='ocr_par' dir='ltr' id='par_1_92' title="bbox 1843 4700 3413 4801">
     <span class='ocr_line' id='line_1_93' title="bbox 1843 4700 3413 4801; baseline 0.018 -50"><span class='ocrx_word' id='word_1_666' title='bbox 1843 4700 1917 4769; x_wconf 66' lang='lat' dir='ltr'><strong>lui</strong></span> <span class='ocrx_word' id='word_1_667' title='bbox 1960 4716 2065 4757; x_wconf 83' lang='lat' dir='ltr'><strong>non</strong></span> <span class='ocrx_word' id='word_1_668' title='bbox 2096 4703 2411 4763; x_wconf 80' lang='lat' dir='ltr'><strong>inferiorem</strong></span> <span class='ocrx_word' id='word_1_669' title='bbox 2463 4708 2793 4781; x_wconf 83' lang='lat' dir='ltr'><strong>Jerusalem,</strong></span> <span class='ocrx_word' id='word_1_670' title='bbox 2838 4718 2932 4772; x_wconf 90' lang='lat' dir='ltr'><strong>sed</strong></span> <span class='ocrx_word' id='word_1_671' title='bbox 2988 4720 3271 4801; x_wconf 66' lang='lat' dir='ltr'><strong>caelestem</strong></span> <span class='ocrx_word' id='word_1_672' title='bbox 3328 4725 3413 4779; x_wconf 83' lang='lat' dir='ltr'><strong>in-</strong></span> 
     </span>
    </p>
   </div>
   <div class='ocr_carea' id='block_1_93' title="bbox 140 4780 1719 4868">
    <p class='ocr_par' dir='ltr' id='par_1_93' title="bbox 140 4780 1719 4868">
     <span class='ocr_line' id='line_1_94' title="bbox 140 4780 1719 4868; baseline 0.013 -34"><span class='ocrx_word' id='word_1_673' title='bbox 140 4780 240 4835; x_wconf 79' lang='grc' dir='ltr'>ἀλλ’</span> <span class='ocrx_word' id='word_1_674' title='bbox 265 4786 322 4838; x_wconf 75' lang='grc' dir='ltr'><strong>ὲν</strong></span> <span class='ocrx_word' id='word_1_675' title='bbox 354 4785 574 4857; x_wconf 87' lang='grc' dir='ltr'>ούρανῷ</span> <span class='ocrx_word' id='word_1_676' title='bbox 600 4787 961 4845; x_wconf 83' lang='grc' dir='ltr'>κατοικοῦντα</span> <span class='ocrx_word' id='word_1_677' title='bbox 986 4807 999 4820; x_wconf 84' lang='grc'><strong>·</strong></span> <span class='ocrx_word' id='word_1_678' title='bbox 1045 4792 1226 4863; x_wconf 86' lang='grc' dir='ltr'>μόνοις</span> <span class='ocrx_word' id='word_1_679' title='bbox 1255 4795 1312 4847; x_wconf 83' lang='grc' dir='ltr'>δὲ</span> <span class='ocrx_word' id='word_1_680' title='bbox 1342 4796 1502 4851; x_wconf 87' lang='grc' dir='ltr'>τοῦτο</span> <span class='ocrx_word' id='word_1_681' title='bbox 1539 4798 1719 4868; x_wconf 84' lang='grc' dir='ltr'>λέγειν</span> 
     </span>
    </p>
   </div>
   <div class='ocr_carea' id='block_1_94' title="bbox 141 4870 1720 4955">
    <p class='ocr_par' dir='ltr' id='par_1_94' title="bbox 141 4870 1720 4955">
     <span class='ocr_line' id='line_1_95' title="bbox 141 4870 1720 4955; baseline 0.015 -34"><span class='ocrx_word' id='word_1_682' title='bbox 141 4870 382 4943; x_wconf 82' lang='grc' dir='ltr'>ἁρμόττει</span> <span class='ocrx_word' id='word_1_683' title='bbox 420 4879 536 4940; x_wconf 84' lang='grc' dir='ltr'>τοῖς</span> <span class='ocrx_word' id='word_1_684' title='bbox 585 4876 1028 4948; x_wconf 82' lang='grc' dir='ltr'>ἀπηλλαγμένοις</span> <span class='ocrx_word' id='word_1_685' title='bbox 1076 4885 1478 4955; x_wconf 82' lang='grc' dir='ltr'>αίχμαλωσίας,</span> <span class='ocrx_word' id='word_1_686' title='bbox 1524 4891 1619 4944; x_wconf 76' lang='grc' dir='ltr'>καὶ</span> <span class='ocrx_word' id='word_1_687' title='bbox 1657 4890 1720 4944; x_wconf 84' lang='grc' dir='ltr'>τὸ</span> 
     </span>
    </p>
   </div>
   <div class='ocr_carea' id='block_1_95' title="bbox 136 4963 1717 5054">
    <p class='ocr_par' dir='ltr' id='par_1_95' title="bbox 136 4963 1717 5054">
     <span class='ocr_line' id='line_1_96' title="bbox 136 4963 1717 5054; baseline 0.027 -40"><span class='ocrx_word' id='word_1_688' title='bbox 136 4963 225 5033; x_wconf 76' lang='grc' dir='ltr'>τῆς</span> <span class='ocrx_word' id='word_1_689' title='bbox 248 4964 423 5038; x_wconf 80' lang='grc' dir='ltr'>ψυχῆς</span> <span class='ocrx_word' id='word_1_690' title='bbox 448 4966 758 5041; x_wconf 80' lang='grc' dir='ltr'>διορατικὸν</span> <span class='ocrx_word' id='word_1_691' title='bbox 781 4972 1136 5044; x_wconf 72' lang='grc' dir='ltr'>ἐρρωμένοις·</span> <span class='ocrx_word' id='word_1_692' title='bbox 1158 4977 1338 5049; x_wconf 73' lang='grc' dir='ltr'>ψυχῆς</span> <span class='ocrx_word' id='word_1_693' title='bbox 1357 4980 1413 5033; x_wconf 70' lang='grc' dir='ltr'><strong>δὲ</strong></span> <span class='ocrx_word' id='word_1_694' title='bbox 1436 4982 1717 5054; x_wconf 68' lang='grc' dir='ltr'><strong>ὀφθαλμὸς</strong></span> 
     </span>
    </p>
   </div>
   <div class='ocr_carea' id='block_1_96' title="bbox 134 5054 1567 5136">
    <p class='ocr_par' dir='ltr' id='par_1_96' title="bbox 134 5054 1567 5136">
     <span class='ocr_line' id='line_1_97' title="bbox 134 5054 1567 5136; baseline 0.012 -30"><span class='ocrx_word' id='word_1_695' title='bbox 134 5054 235 5106; x_wconf 70' lang='grc' dir='ltr'>ἂνω</span> <span class='ocrx_word' id='word_1_696' title='bbox 261 5057 356 5125; x_wconf 79' lang='grc' dir='ltr'>μὲν</span> <span class='ocrx_word' id='word_1_697' title='bbox 386 5056 553 5126; x_wconf 86' lang='grc' dir='ltr'>όρῶν,</span> <span class='ocrx_word' id='word_1_698' title='bbox 580 5058 871 5127; x_wconf 82' lang='grc' dir='ltr'>ὠφελεῖται</span> <span class='ocrx_word' id='word_1_699' title='bbox 894 5079 908 5093; x_wconf 76' lang='grc' dir='ltr'><strong>ο</strong></span> <span class='ocrx_word' id='word_1_700' title='bbox 938 5064 1093 5117; x_wconf 69' lang='grc' dir='ltr'>κάτω</span> <span class='ocrx_word' id='word_1_701' title='bbox 1136 5065 1215 5129; x_wconf 77' lang='grc' dir='ltr'>δὲ,</span> <span class='ocrx_word' id='word_1_702' title='bbox 1248 5066 1567 5136; x_wconf 79' lang='grc' dir='ltr'>βλάπτεται.</span> 
     </span>
    </p>
   </div>
   <div class='ocr_carea' id='block_1_97' title="bbox 662 5152 1163 5210">
    <p class='ocr_par' dir='ltr' id='par_1_97' title="bbox 662 5152 1163 5210">
     <span class='ocr_line' id='line_1_98' title="bbox 662 5152 1163 5210; baseline 0.012 -6"><span class='ocrx_word' id='word_1_703' title='bbox 662 5152 958 5208; x_wconf 73' lang='grc' dir='ltr'><strong>ΨΑΛΜΟΣ</strong></span> <span class='ocrx_word' id='word_1_704' title='bbox 992 5157 1163 5210; x_wconf 79' lang='lat' dir='ltr'><strong>PKI&quot;.</strong></span> 
     </span>
    </p>
   </div>
   <div class='ocr_carea' id='block_1_98' title="bbox 239 5235 1607 5323">
    <p class='ocr_par' dir='ltr' id='par_1_98' title="bbox 239 5235 1607 5323">
     <span class='ocr_line' id='line_1_99' title="bbox 239 5235 1607 5323; baseline 0.012 -33"><span class='ocrx_word' id='word_1_705' title='bbox 239 5235 341 5291; x_wconf 83' lang='grc' dir='ltr'><em>Ἐν</em></span> <span class='ocrx_word' id='word_1_706' title='bbox 366 5238 447 5305; x_wconf 81' lang='grc' dir='ltr'>τῷ</span> <span class='ocrx_word' id='word_1_707' title='bbox 477 5240 896 5313; x_wconf 73' lang='grc' dir='ltr'>ἐπανωτῆναι</span> <span class='ocrx_word' id='word_1_708' title='bbox 926 5247 1278 5317; x_wconf 73' lang='grc' dir='ltr'>ἀνθρώπους</span> <span class='ocrx_word' id='word_1_709' title='bbox 1304 5250 1398 5320; x_wconf 71' lang='grc' dir='ltr'><strong>ἐφ’</strong></span> <span class='ocrx_word' id='word_1_710' title='bbox 1430 5252 1607 5323; x_wconf 80' lang='grc' dir='ltr'>ἡμᾶς.</span> 
     </span>
    </p>
   </div>
   <div class='ocr_carea' id='block_1_99' title="bbox 200 5328 1716 5413">
    <p class='ocr_par' dir='ltr' id='par_1_99' title="bbox 200 5328 1716 5413">
     <span class='ocr_line' id='line_1_100' title="bbox 200 5328 1716 5413; baseline 0.014 -34"><span class='ocrx_word' id='word_1_711' title='bbox 200 5328 260 5381; x_wconf 81' lang='lat' dir='ltr'><strong>Oi</strong></span> <span class='ocrx_word' id='word_1_712' title='bbox 294 5332 592 5403; x_wconf 77' lang='grc' dir='ltr'>φήσαντες,</span> <span class='ocrx_word' id='word_1_713' title='bbox 640 5334 937 5403; x_wconf 71' lang='grc' dir='ltr'>Ἐλέησον</span> <span class='ocrx_word' id='word_1_714' title='bbox 981 5338 1160 5408; x_wconf 72' lang='grc' dir='ltr'>ἡμᾶς,</span> <span class='ocrx_word' id='word_1_715' title='bbox 1203 5342 1403 5410; x_wconf 81' lang='grc' dir='ltr'>Κύριε,</span> <span class='ocrx_word' id='word_1_716' title='bbox 1450 5342 1716 5413; x_wconf 75' lang='grc' dir='ltr'>ἐλέησον</span> 
     </span>
    </p>
   </div>
   <div class='ocr_carea' id='block_1_100' title="bbox 134 5423 1714 5505">
    <p class='ocr_par' dir='ltr' id='par_1_100' title="bbox 134 5423 1714 5505">
     <span class='ocr_line' id='line_1_101' title="bbox 134 5423 1714 5505; baseline 0.007 -25"><span class='ocrx_word' id='word_1_717' title='bbox 134 5423 299 5493; x_wconf 72' lang='grc' dir='ltr'>ἡμᾶς,</span> <span class='ocrx_word' id='word_1_718' title='bbox 316 5426 412 5482; x_wconf 88' lang='grc' dir='ltr'><strong>νῦν</strong></span> <span class='ocrx_word' id='word_1_719' title='bbox 440 5428 517 5494; x_wconf 85' lang='grc' dir='ltr'><strong>ὡς</strong></span> <span class='ocrx_word' id='word_1_720' title='bbox 551 5430 986 5496; x_wconf 78' lang='grc' dir='ltr'>ὲπακουσθέντες</span> <span class='ocrx_word' id='word_1_721' title='bbox 1013 5433 1397 5505; x_wconf 75' lang='grc' dir='ltr'>εὐχαριστοῦσι</span> <span class='ocrx_word' id='word_1_722' title='bbox 1414 5434 1554 5505; x_wconf 52' lang='lat' dir='ltr'><strong>ean</strong></span> <span class='ocrx_word' id='word_1_723' title='bbox 1573 5435 1714 5491; x_wconf 81' lang='grc' dir='ltr'>τὰδὲ</span> 
     </span>
    </p>
   </div>
   <div class='ocr_carea' id='block_1_101' title="bbox 136 5518 1715 5597">
    <p class='ocr_par' dir='ltr' id='par_1_101' title="bbox 136 5518 1715 5597">
     <span class='ocr_line' id='line_1_102' title="bbox 136 5518 1715 5597; baseline 0.008 -30"><span class='ocrx_word' id='word_1_724' title='bbox 136 5518 363 5587; x_wconf 82' lang='grc' dir='ltr'>παρόντα</span> <span class='ocrx_word' id='word_1_725' title='bbox 383 5518 698 5575; x_wconf 79' lang='grc' dir='ltr'>διδάσκεται</span> <span class='ocrx_word' id='word_1_726' title='bbox 715 5520 897 5588; x_wconf 79' lang='grc' dir='ltr'>λέγειν</span> <span class='ocrx_word' id='word_1_727' title='bbox 912 5524 941 5575; x_wconf 93' lang='lat'><strong>6</strong></span> <span class='ocrx_word' id='word_1_728' title='bbox 958 5522 1286 5594; x_wconf 80' lang='grc' dir='ltr'>διορατικὸς,</span> <span class='ocrx_word' id='word_1_729' title='bbox 1305 5525 1395 5579; x_wconf 83' lang='grc' dir='ltr'>τὸν</span> <span class='ocrx_word' id='word_1_730' title='bbox 1419 5526 1551 5579; x_wconf 82' lang='grc' dir='ltr'>Θεὸν</span> <span class='ocrx_word' id='word_1_731' title='bbox 1575 5528 1715 5597; x_wconf 76' lang='grc' dir='ltr'>ἔχων</span> 
     </span>
    </p>
   </div>
   <div class='ocr_carea' id='block_1_102' title="bbox 136 5608 1710 5692">
    <p class='ocr_par' dir='ltr' id='par_1_102' title="bbox 136 5608 1710 5692">
     <span class='ocr_line' id='line_1_103' title="bbox 136 5608 1710 5692; baseline 0.011 -36"><span class='ocrx_word' id='word_1_732' title='bbox 136 5608 231 5677; x_wconf 78' lang='grc' dir='ltr'>πρὸ</span> <span class='ocrx_word' id='word_1_733' title='bbox 265 5610 595 5682; x_wconf 79' lang='grc' dir='ltr'>ὀφθαλμῶν·</span> <span class='ocrx_word' id='word_1_734' title='bbox 637 5612 812 5677; x_wconf 77' lang='grc' dir='ltr'>οὕτως</span> <span class='ocrx_word' id='word_1_735' title='bbox 844 5615 955 5686; x_wconf 85' lang='grc' dir='ltr'><strong>γὰρ</strong></span> <span class='ocrx_word' id='word_1_736' title='bbox 1003 5616 1223 5686; x_wconf 79' lang='grc' dir='ltr'>Ἰσραὴλ</span> <span class='ocrx_word' id='word_1_737' title='bbox 1263 5618 1528 5672; x_wconf 81' lang='grc' dir='ltr'>ἐπινίκιον</span> <span class='ocrx_word' id='word_1_738' title='bbox 1567 5620 1710 5692; x_wconf 82' lang='grc' dir='ltr'>ᾠδὴν</span> 
     </span>
    </p>
   </div>
   <div class='ocr_carea' id='block_1_103' title="bbox 134 5698 1709 5777">
    <p class='ocr_par' dir='ltr' id='par_1_103' title="bbox 134 5698 1709 5777">
     <span class='ocr_line' id='line_1_104' title="bbox 134 5698 1709 5777; baseline 0.01 -26"><span class='ocrx_word' id='word_1_739' title='bbox 134 5698 201 5767; x_wconf 77' lang='grc' dir='ltr'>τῷ</span> <span class='ocrx_word' id='word_1_740' title='bbox 248 5703 505 5774; x_wconf 82' lang='grc' dir='ltr'>νικοποιῷ</span> <span class='ocrx_word' id='word_1_741' title='bbox 562 5704 859 5775; x_wconf 83' lang='grc' dir='ltr'>προσάγων</span> <span class='ocrx_word' id='word_1_742' title='bbox 1104 5706 1418 5761; x_wconf 78' lang='grc' dir='ltr'>διδάσκουσι</span> <span class='ocrx_word' id='word_1_743' title='bbox 1469 5709 1524 5763; x_wconf 84' lang='grc' dir='ltr'>δὲ</span> <span class='ocrx_word' id='word_1_744' title='bbox 1582 5715 1709 5777; x_wconf 80' lang='grc' dir='ltr'>τοὺς</span> 
     </span>
    </p>
   </div>
   <div class='ocr_carea' id='block_1_104' title="bbox 197 5882 1310 5961">
    <p class='ocr_par' dir='ltr' id='par_1_104' title="bbox 197 5882 1310 5961">
     <span class='ocr_line' id='line_1_105' title="bbox 197 5882 1310 5961; baseline 0.013 -24"><span class='ocrx_word' id='word_1_745' title='bbox 197 5882 432 5945; x_wconf 66' lang='lat' dir='ltr'><strong>‘Mattb.</strong></span> <span class='ocrx_word' id='word_1_746' title='bbox 490 5903 567 5953; x_wconf 84' lang='lat' dir='ltr'><strong>vt,</strong></span> <span class='ocrx_word' id='word_1_747' title='bbox 614 5887 706 5944; x_wconf 77' lang='grc'><strong>21.</strong></span> <span class='ocrx_word' id='word_1_748' title='bbox 784 5890 807 5921; x_wconf 87' lang='grc'>⁸</span> <span class='ocrx_word' id='word_1_749' title='bbox 847 5888 989 5946; x_wconf 86' lang='lat' dir='ltr'><strong>Psal.</strong></span> <span class='ocrx_word' id='word_1_750' title='bbox 1041 5910 1209 5961; x_wconf 73' lang='lat' dir='ltr'><strong>cxxtt,</strong></span> <span class='ocrx_word' id='word_1_751' title='bbox 1257 5896 1310 5952; x_wconf 79' lang='lat'><strong>&#39;5.</strong></span> 
     </span>
    </p>
   </div>
   <div class='ocr_carea' id='block_1_105' title="bbox 1826 4796 3413 4887">
    <p class='ocr_par' dir='ltr' id='par_1_105' title="bbox 1826 4796 3413 4887">
     <span class='ocr_line' id='line_1_106' title="bbox 1826 4796 3413 4887; baseline 0.014 -36"><span class='ocrx_word' id='word_1_752' title='bbox 1826 4796 1984 4851; x_wconf 91' lang='lat' dir='ltr'><strong>colis.</strong></span> <span class='ocrx_word' id='word_1_753' title='bbox 2018 4798 2101 4852; x_wconf 82' lang='lat' dir='ltr'><strong>Ab</strong></span> <span class='ocrx_word' id='word_1_754' title='bbox 2135 4800 2203 4854; x_wconf 91' lang='lat' dir='ltr'><strong>iis</strong></span> <span class='ocrx_word' id='word_1_755' title='bbox 2231 4816 2415 4858; x_wconf 89' lang='lat' dir='ltr'><strong>autem</strong></span> <span class='ocrx_word' id='word_1_756' title='bbox 2443 4812 2822 4864; x_wconf 86' lang='lat' dir='ltr'><strong>tantmnmodo</strong></span> <span class='ocrx_word' id='word_1_757' title='bbox 2846 4811 2961 4868; x_wconf 66' lang='lat' dir='ltr'><strong>haec</strong></span> <span class='ocrx_word' id='word_1_758' title='bbox 2986 4812 3092 4867; x_wconf 89' lang='lat' dir='ltr'><strong>dici</strong></span> <span class='ocrx_word' id='word_1_759' title='bbox 3132 4796 3291 4870; x_wconf 81' lang='lat' dir='ltr'><strong>decet</strong></span> <span class='ocrx_word' id='word_1_760' title='bbox 3320 4820 3413 4887; x_wconf 86' lang='lat' dir='ltr'><strong>qui</strong></span> 
     </span>
    </p>
   </div>
   <div class='ocr_carea' id='block_1_106' title="bbox 1822 4888 3416 4971">
    <p class='ocr_par' dir='ltr' id='par_1_106' title="bbox 1822 4888 3416 4971">
     <span class='ocr_line' id='line_1_107' title="bbox 1822 4888 3416 4971; baseline 0.014 -29"><span class='ocrx_word' id='word_1_761' title='bbox 1822 4888 2087 4945; x_wconf 87' lang='lat' dir='ltr'><strong>servitute</strong></span> <span class='ocrx_word' id='word_1_762' title='bbox 2134 4904 2257 4946; x_wconf 88' lang='lat' dir='ltr'><strong>sunt</strong></span> <span class='ocrx_word' id='word_1_763' title='bbox 2291 4899 2549 4965; x_wconf 79' lang='lat' dir='ltr'><strong>expediti,</strong></span> <span class='ocrx_word' id='word_1_764' title='bbox 2580 4900 2865 4971; x_wconf 87' lang='lat' dir='ltr'><strong>validaque</strong></span> <span class='ocrx_word' id='word_1_765' title='bbox 2904 4905 3101 4960; x_wconf 60' lang='lat' dir='ltr'><strong>animus</strong></span> <span class='ocrx_word' id='word_1_766' title='bbox 3139 4906 3333 4964; x_wconf 86' lang='lat' dir='ltr'><strong>visuali</strong></span> <span class='ocrx_word' id='word_1_767' title='bbox 3363 4911 3416 4965; x_wconf 66' lang='grc' dir='ltr'><strong>τί</strong></span> 
     </span>
    </p>
   </div>
   <div class='ocr_carea' id='block_1_107' title="bbox 1821 4981 3413 5067">
    <p class='ocr_par' dir='ltr' id='par_1_107' title="bbox 1821 4981 3413 5067">
     <span class='ocr_line' id='line_1_108' title="bbox 1821 4981 3413 5067; baseline 0.015 -36"><span class='ocrx_word' id='word_1_768' title='bbox 1821 4987 1950 5032; x_wconf 89' lang='lat' dir='ltr'><strong>sunt</strong></span> <span class='ocrx_word' id='word_1_769' title='bbox 1973 4981 2207 5048; x_wconf 64' lang='lat' dir='ltr'><strong>praditi.</strong></span> <span class='ocrx_word' id='word_1_770' title='bbox 2254 4983 2427 5041; x_wconf 85' lang='lat' dir='ltr'><strong>Porro</strong></span> <span class='ocrx_word' id='word_1_771' title='bbox 2448 4989 2644 5044; x_wconf 74' lang='lat' dir='ltr'><strong>anima:</strong></span> <span class='ocrx_word' id='word_1_772' title='bbox 2672 4992 2862 5048; x_wconf 86' lang='lat' dir='ltr'><strong>oculus</strong></span> <span class='ocrx_word' id='word_1_773' title='bbox 2883 4994 2928 5049; x_wconf 88' lang='lat' dir='ltr'><strong>si</strong></span> <span class='ocrx_word' id='word_1_774' title='bbox 2948 5010 3159 5049; x_wconf 89' lang='lat' dir='ltr'><strong>sursum</strong></span> <span class='ocrx_word' id='word_1_775' title='bbox 3179 5009 3413 5067; x_wconf 85' lang='lat' dir='ltr'><strong>spectet,</strong></span> 
     </span>
    </p>
   </div>
   <div class='ocr_carea' id='block_1_108' title="bbox 1819 5069 3305 5157">
    <p class='ocr_par' dir='ltr' id='par_1_108' title="bbox 1819 5069 3305 5157">
     <span class='ocr_line' id='line_1_109' title="bbox 1819 5069 3305 5157; baseline 0.014 -33"><span class='ocrx_word' id='word_1_776' title='bbox 1819 5069 1963 5127; x_wconf 89' lang='lat' dir='ltr'><strong>bene</strong></span> <span class='ocrx_word' id='word_1_777' title='bbox 1994 5071 2066 5125; x_wconf 90' lang='lat' dir='ltr'><strong>illi</strong></span> <span class='ocrx_word' id='word_1_778' title='bbox 2090 5084 2207 5141; x_wconf 84' lang='lat' dir='ltr'><strong>est;</strong></span> <span class='ocrx_word' id='word_1_779' title='bbox 2241 5076 2325 5131; x_wconf 90' lang='lat' dir='ltr'><strong>sin</strong></span> <span class='ocrx_word' id='word_1_780' title='bbox 2357 5078 2642 5147; x_wconf 88' lang='lat' dir='ltr'><strong>deorsum,</strong></span> <span class='ocrx_word' id='word_1_781' title='bbox 2674 5082 3057 5141; x_wconf 89' lang='lat' dir='ltr'><strong>detrimentum</strong></span> <span class='ocrx_word' id='word_1_782' title='bbox 3079 5089 3305 5157; x_wconf 88' lang='lat' dir='ltr'><strong>patitur.</strong></span> 
     </span>
    </p>
   </div>
   <div class='ocr_carea' id='block_1_109' title="bbox 2321 5167 2910 5234">
    <p class='ocr_par' dir='ltr' id='par_1_109' title="bbox 2321 5167 2910 5234">
     <span class='ocr_line' id='line_1_110' title="bbox 2321 5167 2910 5234; baseline 0.015 -11"><span class='ocrx_word' id='word_1_783' title='bbox 2321 5167 2645 5231; x_wconf 74' lang='lat' dir='ltr'><strong>PSALMUS</strong></span> <span class='ocrx_word' id='word_1_784' title='bbox 2671 5175 2910 5234; x_wconf 78' lang='lat' dir='ltr'><strong>CXXIII.</strong></span> 
     </span>
    </p>
   </div>
   <div class='ocr_carea' id='block_1_110' title="bbox 1821 5256 3409 5335">
    <p class='ocr_par' dir='ltr' id='par_1_110' title="bbox 1821 5256 3409 5335">
     <span class='ocr_line' id='line_1_111' title="bbox 1821 5256 3409 5335; baseline 0.012 -24"><span class='ocrx_word' id='word_1_785' title='bbox 1821 5256 1988 5314; x_wconf 72' lang='lat' dir='ltr'><strong>Vsus.</strong></span> <span class='ocrx_word' id='word_1_786' title='bbox 2037 5259 2092 5314; x_wconf 74' lang='grc' dir='ltr'><strong>Ξ.</strong></span> <span class='ocrx_word' id='word_1_787' title='bbox 2141 5259 2279 5316; x_wconf 85' lang='lat' dir='ltr'><strong>Cum</strong></span> <span class='ocrx_word' id='word_1_788' title='bbox 2313 5277 2651 5335; x_wconf 74' lang='lat' dir='ltr'><strong>exsurgerent</strong></span> <span class='ocrx_word' id='word_1_789' title='bbox 2695 5269 2933 5324; x_wconf 78' lang='lat' dir='ltr'><strong>homines</strong></span> <span class='ocrx_word' id='word_1_790' title='bbox 2966 5271 3251 5327; x_wconf 82' lang='lat' dir='ltr'><strong>adversum</strong></span> <span class='ocrx_word' id='word_1_791' title='bbox 3294 5290 3409 5330; x_wconf 87' lang='lat' dir='ltr'><strong>nos.</strong></span> 
     </span>
    </p>
   </div>
   <div class='ocr_carea' id='block_1_111' title="bbox 1892 5348 3415 5428">
    <p class='ocr_par' dir='ltr' id='par_1_111' title="bbox 1892 5348 3415 5428">
     <span class='ocr_line' id='line_1_112' title="bbox 1892 5348 3415 5428; baseline 0.011 -24"><span class='ocrx_word' id='word_1_792' title='bbox 1892 5348 1996 5418; x_wconf 85' lang='lat' dir='ltr'><strong>Qui</strong></span> <span class='ocrx_word' id='word_1_793' title='bbox 2031 5356 2305 5421; x_wconf 79' lang='lat' dir='ltr'><strong>dixerant,</strong></span> <span class='ocrx_word' id='word_1_794' title='bbox 2336 5355 2589 5415; x_wconf 79' lang='lat' dir='ltr'><strong>Miserere</strong></span> <span class='ocrx_word' id='word_1_795' title='bbox 2632 5363 2823 5428; x_wconf 82' lang='lat' dir='ltr'><strong>nostri,</strong></span> <span class='ocrx_word' id='word_1_796' title='bbox 2866 5362 3123 5428; x_wconf 84' lang='lat' dir='ltr'><strong>Domine,</strong></span> <span class='ocrx_word' id='word_1_797' title='bbox 3161 5367 3415 5421; x_wconf 79' lang='lat' dir='ltr'><strong>miserere</strong></span> 
     </span>
    </p>
   </div>
   <div class='ocr_carea' id='block_1_112' title="bbox 1819 5444 3414 5529">
    <p class='ocr_par' dir='ltr' id='par_1_112' title="bbox 1819 5444 3414 5529">
     <span class='ocr_line' id='line_1_113' title="bbox 1819 5444 3414 5529; baseline 0.012 -34"><span class='ocrx_word' id='word_1_798' title='bbox 1819 5444 2063 5509; x_wconf 80' lang='lat' dir='ltr'><strong>nostri&#39;;</strong></span> <span class='ocrx_word' id='word_1_799' title='bbox 2112 5463 2259 5502; x_wconf 90' lang='lat' dir='ltr'><strong>nunc</strong></span> <span class='ocrx_word' id='word_1_800' title='bbox 2296 5463 2397 5504; x_wconf 91' lang='lat' dir='ltr'><strong>ceu</strong></span> <span class='ocrx_word' id='word_1_801' title='bbox 2448 5454 2709 5520; x_wconf 83' lang='lat' dir='ltr'><strong>precibus</strong></span> <span class='ocrx_word' id='word_1_802' title='bbox 2768 5455 2884 5510; x_wconf 87' lang='lat' dir='ltr'><strong>suis</strong></span> <span class='ocrx_word' id='word_1_803' title='bbox 2932 5457 3156 5523; x_wconf 87' lang='lat' dir='ltr'><strong>auditis,</strong></span> <span class='ocrx_word' id='word_1_804' title='bbox 3207 5461 3414 5529; x_wconf 76' lang='lat' dir='ltr'><strong>gratiae</strong></span> 
     </span>
    </p>
   </div>
   <div class='ocr_carea' id='block_1_113' title="bbox 1817 5533 3416 5620">
    <p class='ocr_par' dir='ltr' id='par_1_113' title="bbox 1817 5533 3416 5620">
     <span class='ocr_line' id='line_1_114' title="bbox 1817 5533 3416 5620; baseline 0.011 -33"><span class='ocrx_word' id='word_1_805' title='bbox 1817 5533 1929 5590; x_wconf 89' lang='lat' dir='ltr'><strong>Deo</strong></span> <span class='ocrx_word' id='word_1_806' title='bbox 1959 5547 2146 5607; x_wconf 75' lang='lat' dir='ltr'><strong>agunt.</strong></span> <span class='ocrx_word' id='word_1_807' title='bbox 2184 5539 2311 5595; x_wconf 52' lang='lat' dir='ltr'><strong>Haec</strong></span> <span class='ocrx_word' id='word_1_808' title='bbox 2345 5552 2528 5596; x_wconf 87' lang='lat' dir='ltr'><strong>autem</strong></span> <span class='ocrx_word' id='word_1_809' title='bbox 2556 5545 2741 5600; x_wconf 88' lang='lat' dir='ltr'><strong>dicere</strong></span> <span class='ocrx_word' id='word_1_810' title='bbox 2784 5547 3010 5603; x_wconf 88' lang='lat' dir='ltr'><strong>docetur</strong></span> <span class='ocrx_word' id='word_1_811' title='bbox 3058 5549 3224 5606; x_wconf 91' lang='lat' dir='ltr'><strong>homo</strong></span> <span class='ocrx_word' id='word_1_812' title='bbox 3290 5566 3416 5620; x_wconf 85' lang='lat' dir='ltr'><strong>per-</strong></span> 
     </span>
    </p>
   </div>
   <div class='ocr_carea' id='block_1_114' title="bbox 1818 5628 3415 5707">
    <p class='ocr_par' dir='ltr' id='par_1_114' title="bbox 1818 5628 3415 5707">
     <span class='ocr_line' id='line_1_115' title="bbox 1818 5628 3415 5707; baseline 0.01 -24"><span class='ocrx_word' id='word_1_813' title='bbox 1818 5628 2027 5697; x_wconf 82' lang='lat' dir='ltr'><strong>spicax,</strong></span> <span class='ocrx_word' id='word_1_814' title='bbox 2046 5631 2137 5700; x_wconf 86' lang='lat' dir='ltr'><strong>qui</strong></span> <span class='ocrx_word' id='word_1_815' title='bbox 2157 5630 2323 5687; x_wconf 88' lang='lat' dir='ltr'><strong>Deum</strong></span> <span class='ocrx_word' id='word_1_816' title='bbox 2337 5636 2545 5691; x_wconf 89' lang='lat' dir='ltr'><strong>scilicet</strong></span> <span class='ocrx_word' id='word_1_817' title='bbox 2558 5653 2668 5707; x_wconf 76' lang='lat' dir='ltr'><strong>pne</strong></span> <span class='ocrx_word' id='word_1_818' title='bbox 2679 5637 2854 5696; x_wconf 86' lang='lat' dir='ltr'><strong>oculis</strong></span> <span class='ocrx_word' id='word_1_819' title='bbox 2872 5641 3054 5697; x_wconf 89' lang='lat' dir='ltr'><strong>habet.</strong></span> <span class='ocrx_word' id='word_1_820' title='bbox 3074 5641 3165 5698; x_wconf 90' lang='lat' dir='ltr'><strong>Sic</strong></span> <span class='ocrx_word' id='word_1_821' title='bbox 3185 5644 3331 5699; x_wconf 91' lang='lat' dir='ltr'><strong>enim</strong></span> <span class='ocrx_word' id='word_1_822' title='bbox 3354 5655 3415 5699; x_wconf 78' lang='lat' dir='ltr'><strong>se</strong></span> 
     </span>
    </p>
   </div>
   <div class='ocr_carea' id='block_1_115' title="bbox 1819 5720 3411 5805">
    <p class='ocr_par' dir='ltr' id='par_1_115' title="bbox 1819 5720 3411 5805">
     <span class='ocr_line' id='line_1_116' title="bbox 1819 5720 3411 5805; baseline 0.011 -29"><span class='ocrx_word' id='word_1_823' title='bbox 1819 5722 1983 5777; x_wconf 85' lang='lat' dir='ltr'><strong>habet</strong></span> <span class='ocrx_word' id='word_1_824' title='bbox 1998 5720 2160 5780; x_wconf 87' lang='lat' dir='ltr'><strong>israel</strong></span> <span class='ocrx_word' id='word_1_825' title='bbox 2177 5725 2556 5799; x_wconf 80' lang='lat' dir='ltr'><strong>triumphalem</strong></span> <span class='ocrx_word' id='word_1_826' title='bbox 2576 5731 2835 5805; x_wconf 77' lang='lat' dir='ltr'><strong>hymnum</strong></span> <span class='ocrx_word' id='word_1_827' title='bbox 2852 5733 2961 5791; x_wconf 91' lang='lat' dir='ltr'><strong>Deo</strong></span> <span class='ocrx_word' id='word_1_828' title='bbox 2976 5735 3216 5792; x_wconf 75' lang='lat' dir='ltr'><strong>victoria:</strong></span> <span class='ocrx_word' id='word_1_829' title='bbox 3232 5737 3411 5798; x_wconf 69' lang='lat' dir='ltr'><strong>daturi</strong></span> 
     </span>
    </p>
   </div>
  </div>
