4014 6466
636 437 706 495 ιδ
1332 430 1598 488 EUSEBII
1637 431 2102 488 CAESARIENSIS
2140 433 2289 488 OPP.
2326 432 2508 491 PARS
2543 434 2633 492 Ill.
2671 465 2741 477 —
2777 434 3187 494 EXEGETICA.
3803 445 3860 499 16

634 557 946 611 concinens.
971 552 1140 609 Porro
1166 554 1239 608 ita
1269 554 1511 610 seniores
1530 554 1725 608 doceut
1745 554 2165 609 adolescentulos

2300 555 2453 619 νέους
2474 557 2527 610 oi.
2566 557 2953 628 γεγηρακότες,
2993 559 3087 611 καὶ
3118 560 3168 611 οἱ
3203 557 3442 629 μαθηταὶ
3469 559 3857 615 ὑπακούουσιν

632 649 722 716 qui
763 646 1150 716 discipulorum
1184 644 1354 700 instar
1385 646 1712 699 auscultant.
1755 644 1938 700 lsraeli
1986 657 2165 700 autem

2309 645 2524 716 Ἰσραὴλ
2558 646 2617 700 δὲ
2649 647 2743 700 τοῦ
2794 647 3009 718 ἔχοντος
3045 650 3104 701 ἐν
3145 650 3322 720 ἑαυτῷ
3361 649 3453 704 τὸν
3487 650 3640 712 Θεὸν.
3673 651 3736 704 τὸ
3774 653 3859 706 δύ-

633 742 797 795 Deum
843 739 983 792 intra
1037 753 1097 793 se
1141 736 1461 806 possidenti,
1500 736 1681 790 dicere
1735 737 2029 807 congruit:
2067 735 2165 790 Nis

2293 733 2483 787 νασθαι
2507 733 2703 804 λέγειν·
2720 737 2791 789 Et
2810 736 2896 806 μὴ
2925 737 3014 790 ὅτι
3039 739 3254 805 Κύριος
3278 735 3358 809 ἦν
3381 739 3452 793 ἐν
3471 739 3634 810 ἡμῖν.
3680 741 3861 796 Τοιοῦ-

629 830 886 883 Dominus
960 829 1145 896 fuisset
1205 828 1260 880 in
1318 827 1487 882 nobis.
1556 825 1874 897 Huiusmodi
1922 837 2042 882 erat
2091 829 2165 883 sul

2290 839 2381 887 τος
2408 819 2476 894 ἦν
2509 826 2537 878 ό
2574 825 2680 878 ὑπὸ
2723 827 3002 890 Μωῡσέως
3037 828 3331 898 γενόμενος
3388 829 3623 904 “epam,
3662 824 3707 901 ᾧ
3752 833 3862 887 ἐλέ-

630 923 813 990 Moyse
889 918 1098 985 Israel,
1162 918 1247 972 cui
1318 918 1652 972 dicebatur:
1709 915 1841 983 Sile,
1893 927 1941 973 et
2010 919 2137 973 audi

2289 932 2414 985 γετο
2431 931 2446 944 ·
2475 914 2693 980 Σιώπα,
2717 918 2816 970 καί
2843 917 3047 980 ἄκουε,
3089 917 3134 972 Ἰ
3138 919 3358 986 σραήλ·
3390 922 3489 974 καί
3515 923 3731 989 Κύριος
3757 936 3860 976 πο-

627 1010 822 1065 Israet.
870 1011 1124 1067 Dominus
1183 1027 1277 1079 pro
1324 1011 1465 1064 vobis
1515 1012 1801 1082 pugnabit,
1839 1023 1886 1064 et
1942 1027 2026 1064 vos
2066 1011 2165 1064 sile

2288 1002 2537 1074 λεμήσει
2569 1004 2723 1073 ὑπὲρ
2748 1006 2936 1076 ὑμῶν,
2972 1005 3073 1061 καὶ
3100 1007 3270 1077 ὑμεῖς
3300 1008 3654 1078 any-ﬂocces.

628 1104 751 1157 bilis
784 1103 823 1156 ⁸.

801 1194 961 1248 Vnus.
989 1193 1045 1248 3.
1077 1191 1328 1248 Fortasse
1353 1195 1491 1249 vivos
1512 1247 1516 1251 _
1536 1193 1875 1264 degtutissent
1902 1211 2017 1250 nos.

692 1283 1032 1338 Calamitatis
1067 1293 1300 1352 tempus,
1325 1284 1571 1352 quamvis
1595 1284 1668 1338 sit
1697 1283 2007 1346 vehemens,
2040 1283 2185 1337 nibi-

625 1374 859 1428 lomiuus
889 1375 1149 1426 torrentis
1183 1374 1355 1428 instar
1397 1374 1560 1428 breve
1588 1383 1693 1427 est.

901 1462 1060 1518 Vsus.
1093 1462 1142 1518 6.
1176 1463 1488 1518 Benedictus
1516 1463 1792 1529 Dominus,
1829 1473 1936 1522 etc.

691 1556 866 1624 Quem
890 1571 1021 1612 vero
1047 1557 1266 1610 laudare
1293 1557 1618 1626 bymnisque
1651 1557 1933 1614 celebrare
1972 1566 2184 1627 oporte-

2573 1187 2712 1254 Ἄρα
2742 1183 2964 1252 ζῶντας
2988 1187 3066 1241 ἂν
3087 1188 3373 1243 κατέπιον
3401 1187 3579 1258 ἡμᾶς.

2356 1274 2464 1326 Καὶ
2515 1276 2544 1327 ὁ
2583 1263 2966 1347 περιστατικδς
3004 1276 3064 1329 δὲ
3111 1277 3320 1348 καιρὸς,
3371 1279 3420 1331 εί
3465 1279 3560 1332 καὶ
3611 1277 3859 1351 σφοδρὸς,

2284 1366 2421 1420 άλλά
2450 1368 2749 1440 χειμάρρου
2782 1367 2937 1440 δίκην
2974 1369 3352 1442 ὀλιγοχρόνιος.

2642 1461 2901 1529 Eidem;
2928 1461 2988 1527 ὓς
3012 1463 3248 1530 Κύριος,
3287 1480 3342 1516 κ.
3368 1479 3420 1516 τ.
3455 1462 3503 1515 λ.

2355 1548 2463 1600 Καὶ
2481 1550 2602 1602 τίνα
2632 1551 2874 1619 εὐλογεῖν
2909 1553 3002 1604 καὶ
3029 1553 3216 1623 ὑμνεῖν
3249 1552 3358 1606 εδει
3396 1553 3491 1606 ἐπὶ
3511 1553 3590 1625 τῷ
3617 1556 3691 1627 μὴ
3720 1555 3856 1610 άλῶ-

618 1648 733 1712 bat,
759 1655 1043 1719 propterea
1093 1647 1233 1712 quod
1254 1647 1448 1714 praedae
1469 1662 1574 1702 non
1601 1646 1862 1703 fuerimus
1875 1650 2165 1725 hominibut

2283 1655 2368 1693 ναι
2404 1643 2518 1704 τοῖς
2578 1641 2924 1714 βουλομένοις
2971 1643 3179 1708 ζῶντας
3217 1649 3506 1699 καταπιεῖν
3554 1649 3704 1718 ἡμᾶς
3759 1650 3854 1703 άν-

620 1743 710 1810 qui
745 1741 1014 1810 deglutire
1039 1755 1136 1794 nos
1160 1739 1436 1804 volebant,
1469 1739 1573 1794 nisi
1610 1739 1891 1795 Dominum
1917 1741 2008 1811 qui
2041 1743 2165 1811 aput

2281 1730 2539 1801 θρώποις,
2571 1734 2602 1803 ἢ
2633 1734 2723 1787 τὸν
2767 1735 2967 1805 Κύριον
2997 1736 3089 1788 τὸν
3116 1736 3244 1789 ὄντα
3268 1738 3327 1791 ὲν
3359 1739 3523 1808 ἡμῖν;
3560 1739 3623 1791 Oi
3663 1737 3754 1792 ἐπὶ
3796 1741 3856 1793 τὸ

620 1846 720 1885 nos
752 1831 880 1885 est?
917 1829 1108 1899 Utique
1135 1828 1211 1883 illi
1240 1829 1308 1884 ad
1345 1839 1627 1897 capturam
1661 1841 1898 1885 nostram
1938 1843 2176 1897 ruentes,

2281 1820 2542 1893 θηρεῦσαι
2571 1825 2717 1893 ἡμᾶς
2745 1825 3108 1895 ὁρμήσαντες,
3140 1827 3227 1880 ἵνα
3263 1829 3652 1896 καταφάγωσιν
3686 1829 3852 1898 ἡμᾶς,

619 1929 676 1972 ιιι
704 1935 802 1973 nos
827 1918 1169 1981 devorarent,
1209 1917 1436 1971 consilia
1487 1932 1586 1971 sua
1638 1918 1867 1986 exsequi
1908 1919 2049 1973 baud
2087 1935 2165 1988 po-

2278 1913 2339 1963 οὺ
2378 1911 2687 1983 δεδύνηνται
2721 1915 2797 1977 ὡς
2825 1914 3081 1969 ἔσπευδον
3129 1917 3421 1972 διαθεῖναι·
3464 1917 3856 1990 ὲξηγριωμένοι

621 2015 860 2062 luerunt.
913 2004 1231 2072 Exasperati
1280 2005 1424 2058 enim
1476 2006 1682 2060 crudeli
1731 2009 1914 2063 animo
1969 2009 2174 2074 leones,

2279 2004 2386 2076 γὰρ
2418 2007 2466 2058 οἱ
2491 2004 2772 2076 ὠμόθυμοι
2811 2007 3020 2070 λέοντες
3047 2011 3162 2072 τοῖς
3191 2008 3402 2062 ὀδοῦσιν
3438 2009 3618 2062 αὐτῶν
3656 2008 3852 2081 θηρεῦ-

615 2088 870 2152 dentibus
897 2091 1009 2150 suis
1035 2112 1132 2151 nos
1161 2110 1357 2165 capere
1386 2095 1654 2160 avebant;
1683 2097 1777 2151 sed
1810 2107 1987 2152 tamen
2013 2115 2165 2167 scnpc

2279 2112 2368 2148 σαι
2404 2097 2548 2167 ἡμᾶς
2588 2096 2891 2167 ἐγλίχοντο·
2938 2098 3053 2152 ἀλλ’
3092 2100 3192 2152 οὐκ
3235 2100 3500 2170 ἐπέτυχον
3546 2100 3642 2152 τοῦ
3685 2117 3856 2155 σπου-

616 2202 717 2242 suo
748 2186 908 2258 potiri
940 2186 1319 2256 nequiverunt,
1350 2185 1492 2240 haud
1516 2200 1614 2239 nos
1645 2186 1750 2241 illis
1782 2187 2029 2243 tradente
2071 2190 2177 2243 ι)οο

2276 2187 2594 2258 δαςομένου,
2635 2188 2710 2260 μὴ
2750 2188 2930 2253 δόντος
2964 2191 3113 2259 ἡμᾶς
3152 2189 3247 2243 τοῦ
3281 2190 3487 2262 Κυρίου
3508 2207 3522 2220 ο
3547 2188 3608 2243 ὃν
3638 2192 3732 2244 καὶ
3758 2192 3853 2245 εὐ-

615 2281 762 2333 mino
794 2296 806 2332 :
838 2279 922 2332 cui
952 2281 1116 2330 etiam
1143 2276 1535 2341 benedicimus,
1562 2277 1653 2346 qui
1684 2292 1781 2332 nos
1813 2293 1840 2331 a
1875 2279 2165 2337 furentibus

2277 2277 2540 2348 λογοῦμεν
2592 2279 2897 2349 ῥυσάμενον
2942 2281 3091 2351 ἡμᾶς
3135 2281 3242 2333 άπὸ
3286 2279 3394 2332 τῶν
3447 2280 3684 2348 φονικῶν
3730 2279 3854 2334 καθ’

614 2370 860 2425 hostibus
883 2367 1140 2422 liberavit.

1094 2457 1414 2514 PSALMUS
1451 2456 1687 2513 CXXlV.

892 2545 1053 2606 Vens.
1084 2550 1139 2605 2.
1175 2550 1377 2605 Montes
1408 2551 1464 2604 in
1503 2553 1728 2604 circuitu
1757 2552 1892 2621 ejus.

2278 2366 2432 2438 ήμῶν
2456 2368 2828 2423 διατεθέντων.

2806 2461 3098 2514 ΨΑΛΜΟΣ
3125 2462 3295 2514 ΡΚΔ’.

2752 2553 2891 2620 Ὀρη
2924 2553 3127 2616 κύκλῳ
3152 2552 3363 2622 αὐτῆς.

681 2642 805 2699 Haec
835 2643 990 2697 aiunt
1020 2645 1109 2712 qui
1152 2644 1308 2713 longa
1343 2657 1562 2696 emensa
1601 2643 1683 2695 via
1728 2643 1800 2696 ad
1834 2643 2165 2698 materialem

2342 2641 2530 2697 Ταῦτά
2569 2660 2736 2712 φασιν
2781 2645 2830 2696 oi
2875 2643 3020 2714 μετά
3064 2644 3163 2715 τὴν
3201 2645 3420 2716 μακρὰν
3465 2645 3855 2712 ἐπανελθόντες

607 2734 904 2791 Jerusalem
947 2735 1147 2789 reversi
1193 2743 1352 2799 sunt,
1403 2748 1498 2787 ceu
1541 2731 1655 2799 jam
1697 2733 1749 2786 in
1802 2741 1916 2787 tuto
1960 2733 2165 2787 consti-

2277 2732 2577 2804 ὁδοιπορίαν
2624 2735 2716 2788 ἐπὶ
2745 2735 2844 2807 τὴν
2884 2734 3152 2806 αἰσθητὴν
3209 2736 3587 2809 Ἰερουσαλὴμ,
3635 2738 3712 2804 ὡς
3745 2739 3852 2812 ήδη

609 2829 730 2894 tuti,
764 2841 864 2882 nec
893 2834 998 2880 tam
1023 2827 1140 2880 loco
1169 2840 1328 2896 quam
1357 2824 1552 2879 ﬁducia
1581 2839 1708 2895 erga
1741 2823 2030 2878 Dominum
2055 2825 2165 2878 ala-

2277 2824 2453 2877 λοιπδν
2497 2825 2556 2877 ὲν
2588 2825 2857 2897 ἀσφαλείᾳ
2904 2827 3207 2897 γενόμενοι,
3238 2829 3300 2881 οὐ
3349 2829 3428 2899 τῷ
3469 2831 3640 2899 τόπῳ,
3679 2833 3747 2902 τῇ
3795 2831 3854 2886 δὲ

607 2932 764 2983 cres;
797 2917 942 2986 quod
966 2932 1094 2970 sane
1121 2916 1317 2970 melius
1347 2923 1429 2969 est
1455 2930 1618 2985 quam
1652 2915 1800 2968 urbis
1831 2913 2165 2970 Hierusalem

2277 2914 2592 2986 πεποιθήσει
2637 2916 2732 2969 τοῦ
2773 2917 2980 2989 Κυρίου
3034 2917 3384 2990 θαρροῦντες·
3432 2919 3565 2992 ὃδὴ
3601 2923 3854 2993 κρεῖττον

606 3009 890 3065 iucolatus.
917 3006 1186 3061 Praeterea
1221 3005 1440 3061 ubinam
1479 3006 1671 3060 melius
1702 3020 1766 3059 se
1813 3005 2038 3061 haberet
2073 3022 2165 3075 po-

2277 3009 2362 3061 τοῦ
2389 3013 2663 3063 κατοικεῖν
2713 3011 3101 3083 Ἰερουσαλήμ·
3139 3013 3234 3065 καὶ
3269 3012 3392 3065 ἐπεὶ
3449 3013 3610 3068 τοῦτο
3629 3015 3708 3084 (5)
3742 3016 3852 3069 ποῦ

605 3099 799 3168 pulus?
841 3097 974 3152 Nam
1009 3098 1182 3153 locum
1210 3097 1426 3167 quidem
1452 3097 1809 3151 circumstare
1844 3109 2052 3153 montes
2079 3100 2165 3155 hic

2277 3101 2532 3170 κρείττων
2581 3098 2650 3173 ἦν
2691 3104 2720 3154 ὁ
2764 3101 2923 3167 λαός;
2967 3103 3059 3155 τοῦ
3112 3103 3210 3174 μὲν
3256 3103 3423 3157 τόπου
3475 3104 3576 3176 ὅρη
3630 3105 3852 3175 λέγεται

605 3192 893 3257 dicuntur;
944 3190 1123 3261 populi
1166 3199 1369 3255 autem,
1418 3191 1571 3256 cujus
1597 3204 1761 3245 causa
1798 3191 1964 3244 etiam
2013 3193 2164 3248 locus

2277 3194 2479 3266 κύκλῳ⁸
2525 3194 2624 3248 τοῦ
2656 3196 2713 3248 δὲ
2755 3195 2906 3261 λαοῦ,
2939 3195 3005 3249 δι’
3039 3196 3097 3248 ὃν
3131 3199 3226 3249 καὶ
3263 3198 3292 3249 ὁ
3329 3197 3492 3261 τόπος
3533 3198 3850 3269 τετίμηται,

601 3283 924 3346 honoratur,
959 3298 1081 3337 vere
1106 3280 1254 3337 Deus
1283 3291 1366 3337 est
1408 3292 1612 3347 custos,
1641 3282 1910 3352 simulque
1958 3284 2085 3352 loci,
2117 3289 2160 3340 si

2277 3284 2433 3348 5ντως
2465 3287 2494 3338 ὁ
2519 3285 2671 3350 Θεὸς,
2711 3287 2739 3339 ὁ
2773 3287 2867 3338 καὶ
2897 3285 2989 3339 τὸν
3019 3284 3183 3339 τόπον
3213 3285 3517 3355 φυλάττων,
3565 3287 3656 3340 ὅτε
3695 3287 3852 3355 άξιος

603 3378 761 3430 modo
791 3374 1013 3443 populus
1042 3375 1234 3443 dignus
1265 3372 1445 3427 fuerit.

705 3466 860 3520 Vsus.
893 3464 946 3519 5.
993 3463 1224 3544 Abducet
1264 3461 1518 3544 Dominus
1557 3479 1676 3516 cum
1729 3469 2067 3534 operantibus

1204 3542 1553 3600 iniquitatem.

621 3624 634 3634 “
676 3621 910 3678 Verbum
942 3623 1160 3675 abducet
1187 3622 1278 3676 hic
1309 3622 1580 3691 signiﬁcat
1614 3625 1821 3690 tradet;
1851 3640 2044 3696 nempe
2071 3631 2164 3682 ab-

601 3716 762 3770 ducet
787 3715 840 3768 in
873 3713 1270 3767 immunditiam
1295 3727 1455 3782 quam
1485 3713 1590 3768 sibi
1625 3715 1925 3782 elegerunt,
1956 3717 2010 3770 in
2039 3733 2165 3788 pas-

596 3810 778 3862 siones
820 3806 1130 3877 ignominiat
1163 3805 1557 3876 reprobamque
1596 3816 1864 3871 mentem,
1897 3818 1958 3864 ut
2003 3821 2166 3880 agant

600 3918 716 3973 qua:
748 3905 968 3957 minime
993 3911 1227 3972 oportet.

1090 3992 1410 4050 l‘SALMUS
1455 3995 1668 4051 CXXV.

603 4084 763 4138 Vens.
794 4085 845 4137 i.
870 4082 1000 4136 Cum
1032 4095 1344 4137 converteret
1373 4083 1625 4138 Dominus
1646 4087 1996 4153 captivitatem
2014 4084 2162 4140 Sion.

668 4177 911 4245 Apostoli
943 4176 1313 4230 vaticinantur
1339 4176 1453 4229 haec
1485 4177 1554 4229 de
1585 4191 1643 4230 se
1674 4177 1877 4230 dictum
1914 4178 1979 4231 iri
2009 4186 2058 4233 et
2099 4179 2166 4229 de

595 4269 884 4337 gentibus;
936 4267 1129 4322 deinde
1178 4283 1268 4321 res
1299 4275 1588 4321 eventuras
1643 4269 1835 4321 semini
1885 4277 1939 4320 et
1979 4265 2164 4321 messi.

597 4360 757 4415 Certe
778 4358 1009 4413 ‘Davidis
1043 4367 1286 4426 tempore
1313 4358 1455 4412 nulla
1489 4357 1778 4428 captivitas
1801 4356 1937 4425 fuit;
1971 4374 2165 4427 quam-

599 4453 788 4531 obrem
821 4451 886 4506 de
923 4448 1152 4519 spiritali
1193 4449 1428 4503 fortasse
1473 4463 1655 4503 sermo
1689 4457 1794 4501 est.
1839 4447 1991 4502 Alius
2023 4449 2166 4504 dicet

2265 3376 2293 3427 ὁ
2325 3375 2469 3438 λαός.

2279 3428 2517 3530 uad-Est
2571 3466 2784 3533 Κύριος
2855 3465 3007 3589 ward
3069 3465 3193 3588 ἷῶν
3258 3465 3662 3536 ἐργαζομένων
3729 3468 3857 3538 τὴν

2951 3551 3065 3589 νοιι
3089 3552 3189 3589 αν.

2951 3551 3189 3604 νομιιιν.

2337 3625 2411 3678 Τὸ
2451 3623 2688 3691 ἀπάξει,
2726 3626 2785 3679 τὸ
2807 3627 3148 3695 παραδώσει
3180 3628 3355 3699 δηλοϊο
3376 3631 3456 3694 είς
3483 3630 3582 3703 τὴν
3597 3630 3850 3701 ἀκαθαρ-

2268 3718 2388 3770 σίαν
2424 3720 2488 3788 ἥν
2523 3717 2742 3782 εἴλοντο,
2777 3720 2855 3783 εἰς
2909 3718 3057 3789 πάθη
3089 3737 3149 3773 τε
3194 3722 3419 3792 ἀτιμίας
3453 3725 3547 3777 καὶ
3589 3724 3855 3796 ἀδόκιμον

2265 3806 2408 3869 νοῦν,
2443 3809 2614 3860 ποιεῖν
2648 3807 2716 3858 τὰ
2744 3809 2817 3879 μὴ
2846 3807 3178 3876 καθήκοντα.

2795 3987 3090 4040 ΨΑΛΜΟΣ
3122 3987 3296 4040 ΡΚΕ’.

2279 4077 2374 4128 Ἑν
2388 4076 2467 4141 τῷ
2487 4076 2842 4145 ἐπιστρέψαι
2863 4079 3084 4146 Κύριον
3100 4077 3216 4146 τὴν
3238 4080 3655 4148 αἰχμαλωσίαν
3676 4082 3853 4138 Σιών.

2337 4169 2401 4219 Οἱ
2445 4169 2734 4222 ἀπόστολοι
2781 4168 2953 4223 ταῦτα
3000 4169 3434 4240 προφητεύονται
3484 4171 3659 4238 λέξειν
3716 4180 3855 4247 περὶ

2267 4260 2471 4314 ἑαυτῶν
2501 4260 2725 4315 καὶτῶν
2753 4263 2812 4315 ἐν
2840 4263 2951 4324 τοῖς
2982 4260 3181 4326 ἔθνεσι,
3217 4262 3313 4315 καὶ
3344 4265 3484 4333 μετά
3510 4265 3684 4320 ταῦτα
3711 4269 3858 4322 ἀπο-

2269 4353 2546 4428 φανεῖσθαι
2578 4355 2707 4425 περί
2735 4353 2937 4423 σπόρου
2971 4353 3064 4405 καὶ
3095 4353 3382 4423 θερισμοῦο
3414 4355 3556 4409 κατά
3591 4358 3719 4422 τοὺς
3750 4350 3856 4412 τοῦ

2266 4444 2427 4497 Δαϐὶδ
2454 4446 2677 4517 χρόνους
2708 4446 2809 4498 οὐκ
2834 4441 2901 4515 ἦν
2934 4448 2966 4516 ἡ
3002 4446 3348 4516 αίχμαλωσία
3369 4463 3385 4476 ⁸
3416 4447 3560 4517 τάχα
3591 4445 3686 4502 οὖν
3721 4453 3860 4524 περ’.

599 4547 712 4599 haec
742 4542 1056 4612 prophetice
1088 4540 1387 4608 signiﬁcari
1423 4539 1625 4594 futura.
1654 4537 1858 4608 Nempe
1892 4539 2162 4608 aliquanta

2277 4538 2367 4606 τῆς
2395 4538 2590 4608 νοητῆς
2611 4537 2788 4590 ταῦτά
2817 4553 2978 4607 φησιν
2999 4554 3012 4566 ·
3036 4539 3152 4608 ὲρεῖ
3167 4538 3225 4590 δὲ
3255 4538 3434 4602 ἀλλος,
3465 4540 3547 4592 ὅτι
3579 4558 3862 4614 προφητι-

596 4636 931 4704 captivorum
968 4647 1093 4702 pars
1129 4630 1402 4702 Babylone
1450 4632 1646 4695 redux,
1711 4638 2028 4698 recuperata
2067 4626 2162 4682 Je-

598 4727 853 4790 rusalem,
893 4726 960 4780 de
1007 4725 1074 4778 iis
1106 4725 1196 4793 qui
1229 4723 1498 4793 Babylone
1545 4729 1940 4786 remanserant,
1986 4721 2162 4774 canti-

595 4836 718 4874 cum
752 4821 850 4872 llOC
887 4833 989 4871 non
1028 4817 1145 4870 sine
1173 4815 1310 4870 bona
1345 4814 1751 4882 exspectatione
1795 4813 1904 4866 Deo
1931 4813 2158 4867 extollit.

594 4912 758 4964 Aiunt
779 4925 904 4979 ergo
935 4907 1168 4962 nondum
1199 4921 1354 4960 suum
1381 4904 1635 4976 gaudium
1653 4918 1774 4958 esse
1800 4890 2162 4973 completum;

596 5006 711 5058 fore
743 5014 945 5065 autem,
981 5015 1102 5053 cum
1134 4998 1384 5052 universa
1411 4999 1557 5051 natio
1595 5012 1664 5050 ex
1710 4996 1896 5052 hostili
1945 4995 2165 5064 regione

596 5099 662 5149 ad
696 5095 969 5163 propriam
1016 5092 1254 5145 redierit.
1308 5089 1458 5143 Hanc
1497 5089 1754 5142 nimirum
1792 5088 1895 5142 loci
1943 5098 2161 5141 senten-

599 5190 725 5240 tiam
760 5185 948 5254 reliqui
976 5187 1295 5248 interpretes
1333 5183 1567 5235 sistunt:
1607 5195 1729 5232 nam
1756 5194 1877 5247 pro,
1909 5177 2037 5244 facti
2069 5192 2162 5227 su-

597 5297 710 5334 mus
735 5280 867 5332 sicut
908 5277 1197 5339 consolati,
1242 5272 1582 5328 concorditer
1615 5287 1801 5325 omnes
1842 5272 2028 5323 aiunt:
2076 5269 2163 5334 [a-

596 5373 869 5424 ctisuntus
909 5372 1050 5438 quasi
1083 5368 1436 5426 somniantes;
1477 5381 1578 5416 nou
1611 5374 1789 5416 autem
1824 5377 1950 5415 vera
1998 5361 2162 5412 liber-

2269 4629 2377 4692 κῶς
2403 4629 2464 4682 τὸ
2498 4627 2686 4700 μέλλον
2719 4628 2972 4699 δηλοῦται
3002 4630 3119 4700 (5').
3139 4660 3206 4670 -—
3227 4629 3406 4702 Μέρος
3432 4647 3485 4682 τι
3515 4631 3617 4702 τῆς
3641 4635 3863 4706 αἰχμα-

2268 4720 2466 4784 λωσίας
2497 4721 2789 4775 ὲπανελθὺν
2811 4721 2921 4774 ἀπὸ
2947 4723 3048 4792 τῆς
3079 4723 3417 4791 Βαϐυλῶνος,
3450 4725 3544 4778 καὶ
3573 4727 3861 4780 ἀπολαϐόν

2268 4817 2366 4886 τὴν
2405 4817 2777 4888 Ἰερουσαλὴμ,
2813 4817 2940 4886 περὶ
2972 4817 3080 4869 τῶν
3126 4818 3538 4888 άπομεινάντων
3580 4819 3637 4871 ἐν
3671 4819 3865 4872 Βαϐυ-

2269 4906 2396 4959 λῶνι
2424 4907 2521 4977 τὴν
2550 4909 2916 4978 προκειμένην
2943 4908 3084 4979 ᾠδὴν
3109 4909 3194 4960 ἐπ’
3227 4908 3458 4976 ἀγαθαῖς
3503 4909 3863 4980 προσδοκίαις

2271 4998 2581 5068 ἀναπέμπει
2605 5014 2622 5031 ο
2666 5002 2800 5066 φασὶ
2843 4999 2935 5061 δὲ,
2973 5001 3052 5052 ὅτι
3081 4998 3233 5051 οὕπω
3273 5000 3369 5069 μὲν
3399 4999 3620 5063 τελείως
3648 5000 3719 5054 τά
3749 5003 3862 5068 τῆς

2272 5089 2543 5161 ἡμετέρας
2573 5093 2750 5161 χαρᾶς
2787 5092 3170 5161 πεπλήρωται·
3205 5091 3359 5143 ἔσται
3388 5091 3444 5142 δὲ
3479 5091 3636 5143 τοῦτο
3669 5092 3761 5144 ὅτε
3797 5094 3864 5145 τὸ

2272 5181 2378 5231 πᾶν
2422 5179 2571 5242 ἔθνος
2609 5181 2722 5232 ἀπὸ
2763 5182 2857 5250 τῆς
2909 5181 3168 5251 πολεμίας
3213 5181 3302 5233 ἐπὶ
3349 5182 3448 5250 τὴν
3496 5181 3704 5233 οίκείαν
3748 5183 3863 5251 γῆν

2269 5273 2566 5343 ἐπανέλθῃ·
2596 5273 2800 5344 ταύτην
2827 5274 2882 5326 δὲ
2911 5276 3008 5344 τὴν
3039 5276 3276 5328 διάνοιαν
3309 5273 3638 5343 παρίστησιν
3672 5275 3707 5344 ἡ
3741 5275 3864 5326 τῶν

2268 5363 2466 5417 λοιπῶν
2496 5366 2758 5436 ἑρμηνεία
2783 5384 2794 5394 ·
2815 5367 2933 5418 ἀντὶ
2961 5367 3066 5438 γὰρ
3093 5365 3207 5429 τοῦ,
3232 5364 3598 5435 ἐγενήθημεν
3633 5366 3714 5428 ὡς
3741 5383 3867 5434 πᾳ-

597 5474 760 5518 tatem
825 5471 1063 5516 nostram
1112 5460 1317 5512 visione
1382 5466 1705 5524 spectantes.
1770 5452 1937 5506 Porro
1987 5453 2161 5504 instar

2277 5457 2711 5523 οιικεκλημένοι,
2734 5457 3032 5526 συμφώνως
3067 5459 3114 5508 οἱ
3138 5457 3333 5520 πάντες
3367 5457 3866 5525 φασὶν,ἐγενήοη-

596 5571 736 5608 verce
766 5554 1168 5621 perspicumque
1193 5549 1414 5603 visionis
1437 5548 1537 5600 erit
1568 5547 1746 5599 Iartitia
1777 5555 1983 5608 nostra,
2012 5551 2158 5610 post»

679 5651 701 5681 ⁸
738 5649 903 5702 Exod.
938 5662 1049 5712 XIV,
1092 5647 1178 5699 14.

670 5748 746 5812 (5)
802 5744 953 5796 Ἐπεὶ
1006 5742 1197 5795 τοῦτο.
1270 5740 1540 5806 lnterpres
1585 5738 1783 5809 legisse
1831 5738 2048 5791 videtur
2098 5737 2190 5812 ἐπὶ

677 5805 802 5877 ὖτὶν,
854 5816 932 5868 vel
980 5817 1069 5865 ἐπὶ
1121 5812 1368 5875 τούτοις,
1417 5805 1474 5862 ut
1527 5818 1580 5863 ul.
1634 5805 1898 5864 sententia
1957 5810 2191 5877 pustulat
2291 5805 2618 5872 psalmorum
2678 5816 2957 5877 amatorem
3039 5805 3294 5861 Davidem
3367 5807 3862 5870 existimaverunt,

599 5816 802 5884 τούτῳ,
854 5816 932 5868 vel
980 5817 1069 5865 ἐπὶ
1121 5812 1368 5875 τούτοις,

606 5889 765 5940 tum.

2261 5563 2374 5612 μεν
2403 5548 2480 5610 ὡς
2516 5550 3018 5617 ἐνυπνιαζόμενοι,
3046 5549 3158 5601 ἀλλ’
3193 5550 3289 5618 οὐχ
3331 5548 3478 5618 ὕπαρ
3503 5547 3599 5618 τὴν
3629 5547 3863 5601 ἐλευθε-

2360 5737 2458 5806 (5⁹)
2496 5734 2780 5788 Nonnullis
2815 5733 3094 5806 Patribus,
3135 5735 3225 5803 qui
3253 5735 3591 5805 gradualium
3621 5751 3856 5804 quoque

2301 5893 2439 5930 nunc
2477 5878 2704 5932 addatur
2732 5873 3014 5930 Eusebius.
