4014 6456
184 410 245 466 Π
1301 403 1811 462 COMMENTARIA
1850 401 1919 458 IN
1958 396 2302 489 PSALblOS.
3383 392 3453 449 18

180 532 291 598 ρίαν
316 530 475 602 ἡμῶν
514 528 945 602 φανταζόμενοι·
980 527 1136 583 ἔσται
1172 529 1227 582 δὲ
1270 529 1420 601 ὕπαρ
1454 528 1549 583 καὶ
1599 529 1749 597 ἐναρ-

1866 540 2031 593 quam
2068 521 2263 591 reliqui
2314 530 2531 589 quoque
2573 516 2772 570 fratres
2822 512 2994 569 nostri
3048 529 3079 569 a
3130 513 3454 584 captivitate

176 620 268 693 τὴς
283 621 432 692 ήμῶν
454 622 493 691 ἡ
509 619 675 691 χαρά,
696 620 919 674 ὲπειδάν
946 619 1040 672 καὶ
1067 619 1118 671 oi
1144 617 1325 672 λοιποὶ
1348 619 1382 688 ἡ
1391 617 1509 688 μῶν
1532 616 1754 686 ἀδελφοὶ

174 711 273 765 ἀπὺ
307 712 405 781 τῆς
444 710 830 782 αἰχμαλωσίας
881 708 1271 764 ἐπανέλθωσιν·
1326 702 1418 779 ὲφ*
1455 701 1501 776 ᾧ
1542 709 1639 763 καὶ
1682 706 1753 761 τά

176 800 287 873 ἔθνη
323 800 693 874 μακαριοῦσιν
728 802 898 873 ἡμᾶς,
923 801 1002 865 ὡς
1026 800 1137 856 ἴδια
1159 800 1296 872 μέλη
1325 801 1748 873 κομισαμένους·

175 892 226 947 ἓν
249 894 350 965 γάρ
377 894 439 947 τὸ
464 893 628 965 σῶμα
659 894 770 948 τῶν
802 892 1147 965 σωζομένων.

341 983 482 1037 Τότε
512 983 796 1051 ἐπλήσθη
828 982 1018 1051 χαρᾶς
1044 980 1113 1035 τὸ
1147 982 1345 1050 στόμα
1380 978 1571 1051 ἡμῶν.

232 1072 367 1134 Τοὺς
394 1071 664 1141 λέγοντας
696 1074 775 1147 (ό)
804 1074 875 1128 τά
914 1075 1035 1129 θεῖα
1081 1076 1168 1145 ἐφ’
1201 1070 1285 1139 οἷς
1330 1073 1548 1146 καρπὸς
1589 1074 1753 1129 πνεύ-

168 1176 346 1231 ματος,
387 1164 536 1235 χαρὰ
582 1167 696 1228 τοῖς
742 1164 1035 1218 ἀκούουσιν
1064 1164 1127 1218 τὸ
1174 1164 1274 1236 μὲν
1320 1165 1496 1237 στόμα
1542 1165 1753 1233 γίνεται

169 1255 252 1306 καὶ
291 1256 587 1327 ἐπληρώθη
640 1258 818 1327 χαρᾶς
837 1297 852 1321 ,
900 1260 933 1328 ἡ
981 1256 1040 1311 δὲ
1089 1257 1312 1327 γλῶσσα
1351 1257 1751 1327 ἀγαλλιάσεως,

166 1345 248 1413 ἀφ’
273 1340 347 1399 ὦν
384 1350 472 1417 ῥεῖ
500 1348 646 1418 χαρά
672 1349 767 1401 καὶ
795 1348 1117 1417 ἀγαλλίασις
1134 1366 1148 1379 ·
1186 1348 1396 1403 τούτων
1426 1349 1486 1403 δὲ
1530 1349 1750 1421 γινομέ-

166 1455 279 1502 νων,
308 1440 359 1491 oi
389 1439 501 1492 ἀπὸ
532 1439 643 1492 τῶν
682 1439 854 1492 ἐθνῶν
886 1440 1262 1511 διδασκόμενοι
1295 1440 1753 1513 λέγουσιν·Έμε-

163 1528 345 1595 γάλυνε
396 1531 605 1603 Κύριος
645 1531 742 1585 τοῦ
785 1532 1008 1602 ποιῆσαι
1060 1535 1178 1605 μετ’
1214 1532 1428 1588 αᾲτῶν·
1474 1534 1571 1587 καὶ
1622 1534 1753 1605 περὶ

162 1620 361 1675 ἑαυτῶν
394 1622 452 1676 δέ
472 1640 639 1692 φασιν
660 1623 1129 1695 εὐχαριστοῦντες·
1149 1624 1515 1695 Ἐμεγά-ιυνε
1534 1628 1752 1695 Κύριος

160 1711 261 1766 τοῦ
275 1712 532 1783 ποιῆσαι
553 1714 685 1783 μεθ’
702 1713 889 1784 ἡμῶν·
937 1716 1278 1787 ἐγενήθημεν
1306 1716 1745 1788 εὐφραινόμενοι.

170 1804 295 1857 Ἐπὶ
319 1805 422 1875 μὲν
439 1804 559 1858 τῶν
582 1797 1248 1875 ποταμῶνᾜαϐυλῶνος
1264 1806 1631 1877 ἐκαθίσαμεν
1649 1808 1750 1861 καὶ

1862 615 2067 671 fuerint
2111 613 2343 671 reversi.
2386 613 2562 679 Quam
2616 623 2731 663 rem
2780 616 2971 679 gentes
3022 620 3247 676 quoque
3292 602 3453 658 nobis

1860 707 2302 778 gratulabuntur,
2334 720 2433 761 ceu
2483 703 2576 774 qui
2618 702 2863 756 membra
2918 708 3106 754 nostra
3154 711 3451 766 recupera-

1859 801 2120 856 verimus.
2162 797 2347 856 Unum
2386 796 2589 869 quippe
2618 793 2955 850 salvatorum
2999 788 3282 845 hominum
3325 802 3452 844 cor-

1862 910 1962 965 pus
1992 903 2098 949 est.

1924 983 2091 1039 Vens.
2128 981 2186 1037 ‘2.
2219 979 2367 1036 Tunc
2404 978 2658 1049 repletum
2691 986 2765 1032 est
2798 975 2996 1047 gaudio
3033 990 3091 1027 os
3124 981 3384 1026 nostrum.

1934 1077 2160 1142 Eorum,
2190 1075 2283 1145 qui
2312 1073 2499 1129 divina
2523 1072 2879 1142 eloquuntur,
2918 1069 2971 1122 in
2997 1067 3199 1136 quibus
3226 1066 3450 1133 spiritus

1862 1173 2071 1228 fructus
2102 1178 2212 1235 est,
2240 1168 2499 1241 gaudium
2531 1164 2882 1220 audientibus
2908 1170 3060 1215 creat
3092 1176 3157 1214 os
3190 1160 3447 1229 jucundi-

1864 1274 1975 1319 tate
2006 1262 2339 1327 redundans,
2372 1268 2429 1314 et
2464 1257 2646 1325 lingua
2677 1252 2873 1308 ttittluit
2899 1251 3289 1307 exsultatione.
3317 1247 3449 1315 Quae

1860 1370 1982 1409 cum
2033 1352 2148 1407 tieri
2186 1360 2378 1421 gentes
2422 1354 2797 1419 cognoscunt,
2833 1344 3029 1397 aiunt:
3082 1340 3450 1411 Magniﬁcavit

1862 1443 2128 1498 Dominus
2176 1439 2359 1495 facere
2404 1452 2528 1492 cum
2560 1436 2662 1490 eis.
2698 1432 2813 1488 lmo
2854 1442 2911 1488 et
2952 1433 3019 1487 de
3060 1447 3121 1487 se
3151 1431 3282 1501 ipsis
3323 1446 3446 1485 cum

1860 1530 2159 1600 gratiarum
2224 1526 2442 1581 actione
2488 1524 2720 1578 dicunt:
2771 1522 3136 1592 Magni/ienuit
3188 1519 3447 1574 Dominus

1860 1623 2033 1693 facere
2076 1621 2387 1684 nobiscum;
2424 1618 2656 1687 ideoque
2706 1615 2870 1670 laetati
2919 1630 3127 1670 sumus.
3170 1611 3243 1667 Et
3288 1629 3448 1684 super

1858 1716 2084 1784 ﬂumina
2116 1714 2337 1783 quidem
2366 1712 2655 1783 Babylonis
2696 1708 2887 1779 (Judazi
2917 1706 3189 1778 inquiunt)
3217 1707 3446 1761 sedimus

1860 1822 1923 1859 ac
1952 1806 2194 1874 ﬂeuimus
2222 1806 2283 1871 ';
2319 1820 2444 1861 cum
2472 1812 2657 1859 autem
2690 1800 2836 1855 Deus
2868 1800 3114 1870 captivos
3144 1800 3445 1865 revocavit,

157 1894 572 1965 ἐκλαύσαμεν·
613 1897 672 1950 ὲν
721 1896 777 1949 δὲ
822 1895 899 1967 τῷ
924 1896 1252 1967 ἐπιπρέψαι
1285 1898 1378 1952 τὸν
1409 1897 1615 1969 Κύριον
1652 1900 1749 1970 τὴν

1864 1896 2113 1964 repletum
2144 1907 2220 1951 est
2254 1898 2453 1968 gaudio
2484 1911 2541 1949 os
2582 1906 2818 1949 nostrum
2843 1891 2881 1945 ⁸.
2918 1890 3134 1947 Similes
3164 1906 3327 1960 porro
3364 1891 3444 1944 lo-

158 1988 551 2058 αιχμαλωσίαν,
582 1987 863 2056 ἐπλήσθη
896 1987 1086 2059 χαρᾶς
1135 1990 1199 2044 τὸ
1242 1991 1439 2059 στόμα
1470 1990 1747 2062 ήμῶν-(5)·

169 2080 356 2134 Ἐπὰν
383 2078 736 2150 ποιήσωμεν
764 2078 846 2145 τῷ
883 2081 1133 2149 στόματι
1177 2081 1466 2151 φυλακήν
1487 2100 1499 2113 ·
1548 2084 1643 2136 καὶ
1668 2083 1749 2145 τὸ,

157 2172 345 2240 Στόμα
378 2170 618 2225 δικαίου
665 2169 895 2242 μελετᾷ
943 2173 1204 2241 σοφίαν·
1264 2174 1360 2227 καὶ
1402 2174 1484 2237 τὸ,
1525 2176 1754 2243 Ἀνοιγε

157 2261 262 2314 σὸν
307 2266 531 2333 στόμα,
586 2262 749 2333 λέγει
808 2265 985 2329 Θεός·
1034 2264 1128 2318 καὶ
1180 2266 1376 2335 ὃμοια·
1437 2266 1509 2320 Τὸ
1558 2269 1755 2336 στόμα

158 2351 316 2420 ἡμῶν
334 2354 567 2425 ἀνέῳτσ
588 2355 742 2423 πρὸς
761 2352 939 2425 ὑμᾶς,
965 2356 1261 2424 Κορίνθιοι
1279 2374 1293 2389 ο
1322 2357 1443 2410 τότε
1464 2356 1754 2428 ἀληθεύον-

156 2460 237 2507 τες
262 2447 514 2516 φήσομεν
532 2462 545 2475 ·
570 2446 709 2499 Τότε
730 2444 1010 2515 ἐπλήσθη
1032 2446 1225 2516 χαρᾶς
1248 2448 1315 2501 τὸ
1339 2449 1535 2516 στόμα
1560 2447 1748 2518 ἡμῶν.

158 2537 257 2591 Καὶ
289 2539 410 2607 μετ’
446 2537 627 2607 ὀλίγα·
682 2536 854 2592 Ἒπάν
890 2539 946 2593 δὲ
1004 2539 1332 2609 φυλάξωμεν
1354 2540 1454 2603 τάς
1482 2540 1634 2604 ὀδοὺς
1655 2540 1750 2594 τοῦ

159 2630 226 2697 μὴ
259 2629 624 2699 ἁμαρτάνειν,
651 2629 772 2683 τότε
820 2629 1244 2702 πληρωθήσεται
1271 2632 1304 2701 ἡ
1338 2629 1563 2699 γλῶσσα
1592 2633 1624 2701 ὴ
1635 2632 1751 2702 μῶν

156 2719 562 2786 ἀγαλλιάσεως·
603 2719 848 2792 ἐπλήσθη
891 2720 949 2773 δὲ
1001 2723 1179 2792 χαρᾶς
1231 2721 1327 2773 καὶ
1374 2721 1435 2773 τὸ
1482 2720 1749 2774 Φιλιππου

157 2814 345 2884 στόμα,
395 2814 486 2866 ὅτε
526 2812 744 2880 ἀνοίξας
789 2814 849 2866 τὸ
880 2814 1054 2885 στόμα
1087 2813 1275 2879 αὐτοῦ,
1314 2816 1407 2868 καὶ
1445 2814 1752 2886 ἀρξάμενος

156 2905 255 2959 dab
276 2904 395 2969 τοῦ,
441 2905 538 2970 Ὠς
562 2906 861 2972 πρόϐατον
880 2905 981 2959 ἐπὶ
1009 2904 1259 2975 σφαγὴν
1296 2904 1479 2975 ἤχθη,
1514 2908 1751 2977 εὐηγγε-

155 2997 333 3050 λίσατο
362 2996 455 3049 τὸν
497 2995 705 3067 Ἰησοῦν
732 2996 811 3067 τῷ
841 2996 1081 3068 εὐνούχῳ
1109 2996 1348 3050 Αἰθίοπι.

249 3088 623 3158 Ἐμεγτὶλυνε
652 3090 866 3158 Κύριος
888 3089 998 3143 τοῦ
1030 3089 1281 3158 ποιῆσαι
1299 3093 1430 3159 μεθ’
1462 3089 1651 3160 ἡμῶν.

230 3180 517 3249 Ἀνωτέρω
553 3179 651 3249 μὲν
674 3178 750 3242 ὡς
776 3178 875 3250 ἤδη
910 3179 1249 3251 ἐπιστροφῆς
1279 3179 1387 3233 ἀπὸ
1417 3180 1516 3250 τῆς
1547 3182 1751 3251 αίχμα-

1855 1993 2103 2047 cutiones
2137 1999 2299 2046 sunt:
2350 1988 2483 2044 Cum
2528 2005 2780 2059 ponemus
2830 1989 2912 2041 ori
2969 1988 3268 2041 custodiam
3290 1988 3333 2052 0;
3369 1998 3445 2051 et,

1857 2081 1931 2138 0s
1955 2082 2093 2152 justi
2120 2083 2409 2136 meditatur
2442 2082 2762 2149 sapientiam
2788 2081 2862 2132 "z
2887 2088 2965 2143 et,
2995 2079 3153 2147 Aperi
3189 2094 3246 2131 os
3276 2088 3444 2137 tuum,

1855 2174 1985 2226 dicit
2019 2173 2275 2227 Dominus
2298 2174 2372 2236 “;
2411 2173 2627 2240 aliaque
2652 2170 2957 2237 lmjusmodi
2985 2169 3206 2234 :veluti,
3250 2168 3320 2221 Os
3354 2184 3451 2220 nc-

1854 2276 2023 2319 strum
2052 2274 2195 2333 patet
2218 2266 2289 2318 ad
2318 2280 2429 2327 vos,
2454 2263 2718 2319 Corinthii
2744 2266 2809 2317 “.
2842 2264 2978 2319 Tum
3010 2278 3137 2317 vere
3161 2263 3443 2316 dicemus:

1858 2357 2006 2411 Tunc
2033 2358 2287 2425 repletum
2316 2366 2392 2411 est
2424 2358 2623 2426 gaudio
2659 2373 2718 2410 os
2747 2367 3005 2409 nostrum.
3040 2354 3107 2408 Et
3141 2353 3330 2423 paucis
3365 2354 3448 2405 iu—

1856 2451 2105 2521 terjectis
2127 2470 2141 2506 :
2163 2450 2301 2506 Cum
2337 2449 2762 2504 custodierimus
2785 2450 2904 2502 vias
2939 2457 3179 2510 nostras,
3209 2462 3274 2501 ne
3308 2445 3450 2502 forte

1855 2558 2182 2612 peccemus,
2224 2552 2357 2597 tunc
2390 2542 2571 2613 lingua
2621 2551 2807 2596 nostra
2854 2540 3154 2612 replebitur
3202 2538 3446 2593 exsulta-

1857 2637 2026 2694 tione.
2057 2635 2271 2691 Gaudio
2307 2650 2525 2704 quoque
2557 2633 2790 2704 Philippi
2829 2648 2892 2689 os
2929 2632 3281 2695 redundavit,
3320 2646 3445 2685 cum

1853 2726 1985 2781 illud
2024 2727 2298 2797 aperiens,
2334 2726 2705 2795 incipiensque
2727 2740 2757 2779 a
2785 2725 2968 2779 verbis
3003 2724 3133 2789 illis,
3170 2723 3446 2793 Tanquam

1854 2819 1963 2873 ovis
2017 2820 2087 2871 ad
2126 2820 2443 2873 occisionem
2488 2817 2680 2872 ductus
2736 2828 2815 2873 est
2863 2818 2924 2882 ",
2955 2816 3139 2872 Jesuia
3195 2807 3449 2870 eunucho

1854 2911 2095 2982 xEthiopi
2118 2911 2512 2981 evangelizavit
2542 2910 2632 2963 ¹³⁶.

1891 3004 2060 3061 Vens.
2092 3004 2145 3057 5.
2187 3002 2556 3074 Magniﬁcavit
2594 3002 2862 3056 Dominus
2897 3002 3071 3071 facere
3111 3001 3405 3054 nobiscum.

1926 3095 2191 3166 Superius
2236 3110 2337 3151 ceu
2378 3105 2504 3164 post
2545 3092 2779 3147 reditum
2834 3109 2863 3146 a
2908 3094 3263 3164 captivitate,
3314 3091 3443 3147 dicti

1860 3188 2013 3243 fuere
2054 3190 2165 3242 duo
2203 3187 2482 3242 versiculi.
2530 3186 2682 3241 Nunc
2714 3196 2971 3254 tanquam
3010 3184 3189 3239 adhuc
3238 3184 3294 3237 in
3350 3199 3445 3238 ca-

154 3269 352 3333 λωσίας
399 3270 717 3341 γινομένης,
775 3270 1021 3341 εἴρηνται
1063 3272 1112 3323 οἱ
1160 3270 1254 3323 δύο
1298 3271 1505 3341 στίχοι·
1565 3270 1662 3324 νῦν
1690 3271 1748 3324 δὲ

1864 3283 2115 3349 ptivitate
2140 3281 2417 3344 detentus,
2448 3281 2566 3335 haec
2594 3280 2667 3335 ait
2690 3278 2964 3350 Propheta
2984 3278 3005 3344 ;’
3034 3289 3194 3332 antea
3223 3277 3445 3348 quidem

153 3362 225 3426 ὡς
258 3362 338 3415 ἔτι
366 3364 426 3414 ὲν
455 3360 805 3432 αἰχμαλωσίᾳ
830 3360 926 3423 ὢν,
966 3360 1142 3415 ταῦτά
1170 3377 1335 3431 φησιν
1365 3364 1393 3415 ό
1430 3362 1746 3432 Προφήτης,

154 3453 211 3504 τὸ
239 3452 616 3525 μὲνπρότερον
635 3452 1015 3523 προφητεύων,
1042 3449 1362 3523 οἷμαι,περὶ
1385 3453 1495 3508 τῶν
1524 3455 1753 3508 ἀποστό-

155 3542 280 3608 λων,
314 3543 375 3596 τὸ
405 3544 464 3597 δὲ
495 3543 749 3615 δεύτερον
778 3545 842 3596 ἐκ
870 3542 1167 3615 προσώπου
1194 3545 1368 3613 λέγων
1399 3545 1509 3598 τῶν
1543 3545 1714 3600 ὲθνῶν
1734 3564 1746 3577 ·

154 3634 262 3688 τῶν
277 3635 381 3708 γάρ
402 3638 460 3690 ὲν
475 3637 589 3699 τοῖς
612 3634 821 3689 ἔθνεσίν
842 3637 990 3690 ἐστιν
1019 3637 1087 3691 τά
1103 3638 1212 3691 ἀπὸ
1240 3635 1360 3701 τοῦ,
1393 3636 1752 3706 Ἐμετάλιινε

155 3728 365 3794 Κύριος
394 3727 504 3782 τοῦ
545 3728 797 3797 ποιῆσαι
832 3732 963 3799 μεθ’
989 3730 1180 3802 ἡμῶν,
1220 3731 1327 3796 ἕως
1373 3732 1491 3797 τοῦ,
1523 3734 1605 3799 ὡς
1631 3749 1751 3802 χει-

152 3818 415 3889 μὰρῤους
445 3822 517 3875 ἐν
550 3820 634 3888 τῷ
666 3824 837 3890 νότῳ.

222 3912 638 3982 Ἑπίστρεψον,
666 3915 874 3982 Κύριε,
900 3915 1018 3985 τὴν
1044 3916 1467 3985 αἰχμαλωσίαν
1504 3913 1691 3983 ἡμῶν.

240 4002 571 4067 ’Δχολούθως
598 4004 694 4057 καὶ
720 4002 895 4058 ταῦτα
927 4004 1279 4076 προσέθηκαν
1321 4009 1434 4069 τοίς
1467 4002 1709 4076 πρώτοις
1732 4022 1745 4033 ·

158 4095 220 4149 οὐ
243 4095 347 4165 γάρ
374 4093 854 4167 ἀναισθητοῦντες,
874 4098 1029 4167 φησὶ,
1048 4097 1147 4168 τῆς
1175 4098 1254 4161 είς
1283 4098 1430 4168 ἡμᾶς
1463 4096 1564 4167 ἢδη
1593 4112 1751 4163 γενο-

164 4186 322 4257 μένης
356 4186 698 4258 εὐεργεσίας,
740 4188 915 4244 ταῢτά
947 4204 1153 4262 φαμεν,
1183 4186 1299 4240 ἀλλ’
1329 4184 1745 4258 ὁμολογοῦντες,

159 4278 234 4331 ὅτι
262 4278 478 4349 μεγάλα
525 4277 626 4349 μὲν
660 4278 883 4350 ἐποίησε
931 4278 1048 4351 μεθ’
1093 4277 1253 4351 ἡμῶν
1277 4278 1307 4330 ό
1340 4277 1496 4342 Θεὸς,
1527 4278 1621 4331 καὶ
1648 4277 1748 4349 ἤδη

160 4371 459 4443 γεγόναμεν
508 4373 569 4424 ὲν
623 4372 966 4446 εὐφροσύνῃ·
1009 4372 1154 4427 οὕτω
1199 4374 1258 4427 δὲ
1310 4372 1548 4444 ἔχοντες,
1600 4373 1751 4443 ὅμως

162 4460 291 4534 ὑπὲρ
322 4463 433 4516 τῶν
469 4462 818 4518 καταλοίπων
853 4463 1032 4535 μελῶν
1058 4464 1217 4535 ἡμῶν
1243 4463 1480 4535 δεόμεθα
1511 4464 1604 4519 καὶ
1640 4465 1751 4517 ίκε-

160 4554 379 4623 τεύομεν
404 4554 657 4623 λέγοντες
681 4572 693 4585 ·
743 4555 1164 4625 Ἐ’πίστρεψον,
1183 4555 1385 4624 Κύριε,
1404 4554 1521 4622 τὴν
1539 4557 1752 4624 αἰχμα-

161 4644 383 4697 λωσίαν
415 4643 587 4713 ἡμῶν
608 4646 690 4711 ὡς
716 4645 1076 4715 χειμάρῤους
1107 4644 1179 4698 ἐν
1216 4642 1297 4710 τῷ
1326 4646 1482 4712 νότῳ
1500 4661 1514 4675 ·
1547 4644 1747 4698 ἄτοπον

160 4735 258 4807 γὰρ
276 4738 405 4800 τοὺς
433 4738 543 4807 μὲν
570 4738 667 4808 τῆς
715 4737 867 4802 θείας
895 4737 1149 4806 γνώσεως
1195 4737 1618 4810 ἐστερημένους,
1646 4738 1747 4809 τὴν

159 4827 229 4891 εἰς
284 4829 436 4899 ἡμᾶς
496 4830 872 4901 γεγενημένην
923 4828 1338 4901 φιλανθρωπίαν
1397 4829 1703 4900 θαυμάζειν
1727 4870 1741 4891 ,

159 4918 294 4987 ἡμᾶς
314 4919 375 4972 δὲ
394 4918 527 4984 τοὺς
545 4921 644 4992 τῆς
659 4922 943 4985 εὐσεϐείας
985 4922 1375 4993 τετυχηκότας,
1419 4921 1745 4993 ἀχαριστίαν

158 5013 346 5065 νοσεῖν-

367 5104 436 5156 οι
466 5103 821 5173 σπείροντες
850 5104 922 5156 ἐν
952 5104 1271 5173 δάκρυσιν,
1305 5121 1358 5157 κ.
1399 5121 1450 5157 τ.
1484 5104 1533 5156 λ.

228 5194 288 5247 Ὀ
315 5193 564 5266 σπείρων
593 5197 653 5248 ὲν
677 5195 932 5267 δάκρυσι,
964 5199 1045 5261 είς
1066 5197 1128 5252 τὸ
1153 5195 1372 5268 πνεῦμα
1395 5195 1611 5268 σπείρει
1635 5194 1744 5249 τῶν

156 5284 239 5337 ἐπὶ
284 5288 401 5349 τοῖς
450 5285 682 5357 δάκρυσι
715 5288 1169 5360 μακαριζομένων
1190 5309 1202 5320 ·
1228 5291 1293 5343 ’ὲν
1323 5290 1641 5359 ἀγαλλιάσει
1687 5289 1744 5342 δὲ

155 5376 354 5449 θερίζει
384 5377 534 5450 ζωὴν
560 5378 801 5446 αίώνιον,
829 5384 859 5435 ό
887 5383 1174 5453 τυγγάνων
1213 5383 1315 5456 ἤδη
1347 5382 1441 5435 τοῦ
1472 5382 1638 5452 γελᾷν
1666 5381 1744 5452 τῷ

154 5470 445 5541 πνεύματι.
460 5502 528 5511 -
544 5470 671 5535 Τοῖς
696 5475 825 5545 περὶ
845 5472 954 5527 τῶν
974 5472 1180 5529 λοιπῶν
1206 5474 1566 5546 αἰχμαλώτων
1591 5475 1746 5544 αἰτή-

156 5577 273 5615 σασι
307 5563 370 5617 τὸ
391 5563 549 5617 Θείον
564 5565 920 5638 ἀποκρίνεται
937 5566 1019 5631 τὸ,
1033 5567 1323 5641 Μακάριοι
1346 5570 1401 5621 οὶ
1422 5567 1742 5632 κλαίοντες

1866 3375 1935 3429 de
1986 3373 2273 3441 apostolis,
2315 3384 2374 3427 ut
2422 3384 2575 3444 puto,
2612 3374 2918 3428 vaticinans
2942 3413 2957 3435 ,
2982 3371 3177 3425 deinde
3215 3386 3344 3425 vero
3378 3383 3445 3424 ex

1858 3466 2203 3521 ethnicorum
2243 3480 2474 3536 persona
2518 3466 2767 3534 loquens.
2815 3464 3066 3534 Namque
3097 3464 3445 3518 ethnicorum

1855 3568 1980 3613 sunt
1999 3562 2187 3625 verba,
2208 3575 2237 3613 a
2273 3558 2638 3629 Magniﬁcauit
2668 3558 2928 3615 Dominus
2944 3560 3125 3629 facere
3148 3557 3444 3619 nobiscum,

1855 3664 2028 3721 usque
2060 3650 2125 3706 ad
2146 3693 2161 3717 ,
2200 3651 2333 3704 sicut
2365 3662 2571 3707 torrens
2614 3656 2670 3707 in
2708 3661 2908 3707 austro.

1886 3920 2051 3973 Vens.
2083 3918 2137 3971 4.
2176 3918 2451 3982 Converte,
2484 3917 2725 3983 Domine,
2756 3917 3111 3985 captivitatem
3150 3928 3406 3970 nostram.

1924 4011 2301 4065 Consentanea
2324 4009 2759 4079 praecedentibus
2778 4012 2894 4065 haec
2908 4009 3028 4079 subj
3040 4019 3265 4079 ungunt.
3289 4007 3363 4061 lla
3375 4009 3446 4063 ud

1854 4102 2118 4171 equidem
2142 4101 2331 4159 collati
2372 4101 2532 4157 nobis
2558 4101 2812 4157 beneficii
2841 4102 3187 4155 immemores
3218 4102 3331 4152 tunc
3366 4099 3446 4151 «ιί-

1854 4200 2068 4262 cimus,
2105 4194 2200 4251 sed
2232 4195 2463 4266 grandia
2509 4196 2795 4250 nobiscum
2828 4192 3026 4249 fecisse
3054 4193 3225 4248 Demn
3270 4189 3446 4245 faten-

1856 4301 1959 4356 tes,
1988 4289 2187 4361 gauttio
2213 4285 2515 4343 efferimur.
2557 4285 2745 4341 Nihilo
2783 4294 2966 4340 tamen
2998 4284 3181 4339 minus
3221 4296 3321 4352 pro
3356 4298 3445 4337 re-

1852 4378 2324 4452 liquisimembris
2363 4376 2571 4431 nostris
2612 4390 2875 4443 oramus,
2933 4375 3321 4445 supplicesque
3362 4374 3449 4427 di-

1853 4476 2063 4530 cimus:
2093 4472 2369 4535 Converte,
2387 4469 2633 4534 Domine,
2656 4470 3017 4537 captivitatem
3048 4477 3309 4530 nostram,
3341 4467 3448 4519 sic-

1854 4576 1912 4621 ut
1942 4577 2146 4621 torrens
2177 4565 2233 4617 in
2263 4570 2473 4616 austro.
2500 4561 2816 4615 Ahsurdum
2855 4559 3001 4613 enim
3033 4558 3195 4623 foret,
3235 4559 3281 4613 si
3318 4559 3446 4613 dum

1856 4657 2063 4713 ethnici
2099 4656 2298 4710 divina:
2347 4654 2554 4708 notitiae
2588 4653 2797 4722 ignari,
2844 4650 3195 4706 clementiam
3243 4651 3298 4705 in
3349 4663 3450 4703 nos

1855 4749 2108 4805 collatam
2150 4748 2532 4809 admirantur,
2582 4758 2683 4797 nos
2722 4758 2911 4797 veram
2954 4740 3283 4811 religionem
3329 4755 3448 4796 sor-

1865 4840 1973 4904 titi,
2013 4837 2215 4910 ingrati
2243 4837 2410 4892 animi
2454 4835 2647 4890 morbo
2676 4832 3071 4887 laboraremus.

2022 5104 2189 5159 Vsus.
2227 5104 2281 5157 5.
2318 5102 2422 5167 Qui
2460 5101 2723 5155 seminant
2761 5101 2817 5152 in
2845 5098 3121 5168 lacrymis,
3164 5106 3268 5149 etc.

1924 5198 2027 5266 Qui
2058 5195 2294 5252 seminat
2326 5195 2379 5249 in
2408 5193 2690 5264 lacrymis,
2722 5190 3025 5246 secundum
3061 5189 3317 5257 spiritum
3355 5200 3447 5241 se-

1854 5291 2028 5345 minat
2060 5288 2278 5343 illorum
2301 5285 2393 5356 qui
2422 5286 2493 5341 ob
2521 5285 2793 5356 lacrymas
2819 5282 2963 5338 beati
2986 5282 3281 5344 dicuntur;
3315 5292 3441 5332 cum

1850 5382 2211 5438 exsultatione
2227 5389 2407 5436 autem
2430 5380 2597 5433 vitam
2620 5389 2881 5433 aeternam
2893 5377 3081 5444 metit;
3107 5373 3306 5443 quippe
3330 5373 3445 5441 qui,

1850 5484 1911 5530 ut
1954 5475 2149 5543 spiritu
2201 5474 2410 5539 rideat,
2441 5471 2555 5541 jam
2604 5466 2933 5527 consecutus
2981 5479 3086 5522 est.
3122 5494 3191 5507 —
3226 5466 3295 5519 Iis
3353 5465 3446 5533 qui

1852 5579 1953 5636 pro
1987 5564 2215 5635 reliquis
2244 5564 2476 5634 captivis
2499 5572 2747 5627 orarunt.
2780 5563 2924 5617 Deus
2953 5558 3247 5629 respondet
3283 5555 3450 5612 etiam

218 5673 237 5745 Ῐ
288 5672 438 5728 P-al.
484 5689 727 5741 cum,
765 5676 815 5731 Ι.
893 5677 915 5710 ³
960 5675 1105 5734 Psal.
1157 5694 1336 5743 cxxv,
1383 5678 1438 5732 2.
1534 5682 1554 5712 ⁸
1605 5678 1747 5734 Psal.
1784 5693 2019 5744 xxxvm,
2054 5678 2111 5732 2.
2192 5680 2235 5710 ⁸ο
2270 5677 2417 5733 Psal.
2468 5694 2657 5745 xxxvi,
2708 5677 2797 5734 50.
2878 5676 2919 5707 “
2956 5673 3102 5731 Psal.
3164 5676 3451 5739 undi.

156 5740 255 5796 “lt
289 5746 417 5797 cur.
464 5759 543 5810 vn,
581 5747 668 5800 Η.
716 5740 792 5780 ί¹³
824 5747 932 5805 lsa.
966 5763 1085 5813 LIII,
1122 5749 1176 5803 7.
1260 5740 1473 5807 "‘Act.
1519 5765 1649 5815 vui,
1683 5749 1780 5805 '55.

223 5861 299 5929 (ὁ)
335 5858 414 5916 lta
442 5862 601 5919 codd.

1926 5862 2003 5933 (ἓν)
2037 5860 2200 5917 Deest
2239 5858 2466 5929 aliquid.
