4014 6472
622 391 693 450 ιο
1303 388 1569 447 EUSEBII
1603 384 2079 444 ωελιιιειιειδ
2112 386 2264 443 ουρ.
2304 385 2481 442 PARS
2519 385 2609 444 ill.
2649 414 2719 428 -
2751 383 3158 441 EXEGETICA.
3777 378 3842 436 ΞΟ

622 510 718 568 illo
745 529 760 565 :
796 508 948 565 Beati
980 511 1075 581 qui
1101 509 1301 581 lugent,
1339 510 1464 581 quis
1491 506 1734 581 ridebunt
1758 508 1823 562 “.
1851 508 2005 576 Quod
2053 508 2097 563 si
2141 507 2174 562 ii

2283 505 2372 562 ὅτι
2401 506 2569 562 αὐτοί
2591 504 2947 577 γελάσονται
2963 523 2978 537 ’
3012 507 3151 575 ὅπερ
3174 506 3223 558 εἰ
3250 504 3567 574 ποιήσουσιν
3592 503 3717 556 οἰεδ
3742 502 3843 557 Βα-

624 604 829 657 facient
864 601 957 673 qui
985 600 1255 673 Babylone
1283 602 1461 655 adhuc
1497 608 1646 667 sunt,
1684 600 1881 657 bonam
1910 615 2061 670 spem
2101 600 2182 655 lu-

622 694 799 761 gendo
841 700 1130 757 serentes,
1163 690 1416 757 gaudium
1466 698 1702 756 metent;
1754 689 2007 762 lacrymis
2045 705 2182 761 quas

624 783 880 837 fuderunt
901 797 1136 837 amorem
1168 781 1405 852 indepti,
1440 792 1495 836 et
1543 781 1745 838 reditus
1790 781 2040 852 gaudium
2090 797 2179 837 re-

622 873 858 943 cepturi.
889 873 956 929 Et
997 873 1042 928 si
1074 873 1292 943 quidem
1338 886 1563 943 germen
1593 862 1808 942 aliquod
1839 884 1978 927 verre
2010 873 2183 943 pieta-

626 965 698 1020 tis
738 962 1128 1025 servaverint,
1171 962 1381 1017 animas
1443 975 1574 1017 snas
1617 960 1784 1018 veluti
1834 960 2175 1028 escoleutes,

622 1061 852 1117 multum
900 1059 953 1113 in
1001 1058 1177 1113 reditu
1222 1057 1457 1113 fructum
1516 1057 1833 1129 percipient.
1883 1054 2065 1127 Usque
2112 1058 2180 1112 ad

624 1154 729 1210 boc
766 1152 1054 1222 septimum
1085 1148 1359 1206 canticum
1387 1189 1405 1215 ,
1436 1150 1503 1205 de
1530 1149 1758 1220 captivis
1797 1146 1997 1205 Judais
2040 1149 2183 1205 vati-

623 1242 767 1299 cinia
793 1242 1032 1299 fuerunt.

1107 1327 1424 1388 PSALIIUS
1450 1327 1683 1385 CXXVI.

694 1420 999 1477 Secundum
1048 1420 1364 1479 liebraicam
1405 1421 1700 1478 editionem
1745 1435 2043 1494 omnesque
2092 1422 2181 1477 iu-.

623 1521 911 1581 terpretes,
940 1525 1176 1582 praesens
1225 1512 1496 1567 canticum
1535 1508 1841 1569 Salomonis
1865 1524 1950 1569 est
1989 1512 2173 1582 (sicuti

619 1601 728 1657 alii'
750 1603 873 1657 aliis
896 1601 1261 1657 inscribuntur
1291 1603 1606 1660 auctoribus
1635 1604 1875 1676 psalmi),
1906 1606 2053 1675 quod
2088 1606 2176 1662 di-

617 1700 762 1747 ctum
800 1692 898 1747 fuit
922 1707 988 1748 eo
1018 1702 1255 1764 tempore
1281 1706 1391 1762 quo
1415 1692 1672 1765 templum
1700 1694 2003 1751 vdil'lcavit.
2038 1695 2174 1753 Nam

617 1798 738 1837 eum
772 1780 945 1839 Judaei
993 1783 1064 1839 ob
1089 1784 1208 1852 ejus
1232 1781 1445 1839 εὐωεῆ
1493 1784 1688 1840 molem
1727 1784 1883 1841 valde
1922 1788 2170 1856 superbi-

2281 595 2500 661 συλῶνι,
2531 595 2742 666 ἀγαθὰς
2772 596 2991 661 ἐλπίδας
3035 594 3103 648 δι’
3132 588 3206 648 ὧν
3238 594 3480 647 κλλαίουσι
3514 592 3841 664 σπείροντες,

2279 687 2550 759 θεριοῦσιν
2603 685 2921 757 ἀγαλλίασιν
2945 702 2959 716 σ
3031 682 3152 738 ἀντὶ
3201 683 3451 755 δακρύων
3499 682 3645 753 ἃπερ
3697 681 3845 751 ισχον

2278 774 2652 847 ἀγαπώμενοι,
2676 774 2949 847 δεξόμενοι
2978 774 3075 845 τὴν
3097 773 3196 844 τῆς
3218 772 3478 826 ἐπανόδου
3506 770 3685 845 χαράν
3707 786 3723 800 ·
3756 770 3846 823 καὶ

2278 870 2326 922 εἰ
2354 867 2475 921 τότε
2500 866 2673 940 βραχύ
2701 884 2755 921 τι
2788 867 3007 937 σπέρμα
3032 863 3339 928 θεωεὸείας
3369 864 3687 933 ἐφύλαττον,
3715 861 3848 916 ἀλλὰ

2276 957 2375 1022 τὰς
2388 957 2596 1013 εαυτῶν
2618 959 2735 1011 ἐκεῖ
2758 956 2935 1028 ψυχὰς
2950 956 3387 1028 γεωργήσαντες,
3418 952 3649 1018 πολλοὺς
3681 955 3846 1007 επαν-

2280 1051 2449 1114 ιόντες
2474 1050 2680 1105 οίσουσι
2736 1050 2863 1114 τοὺς
2892 1049 3157 1121 καρπούς.
3192 1047 3372 1119 Μέχρι
3397 1045 3497 1117 τῆς
3531 1047 3583 1111 ζ’
3612 1044 3759 1116 ᾠδῆς
3784 1041 3848 1095 τὰ

2278 1137 2542 1211 περὶτῶν
2580 1141 2647 1193 εκ
2692 1138 2990 1210 περιτομῆς
3024 1134 3384 1208 αἰχμαλώτων
3422 1131 3845 1207 προεθεσπίσθη.

2806 1312 3100 1368 “mox
3122 1312 3314 1379 Ρκςν.

2343 1402 2499 1458 Κατὰ
2525 1401 2588 1457 τὸ
2627 1401 2912 1473 Ἑδραῖκὸν
2937 1402 3031 1455 καί
3055 1401 3181 1465 τοὺς
3207 1398 3653 1473 ἑρμηνεύσαντας
3679 1397 3848 1459 ἄτεκν-

2272 1509 2391 1559 τας,
2425 1496 2458 1564 ἠ
2495 1493 2745 1565 παροῦσα
2773 1491 2870 1546 νῦν
2899 1492 3010 1563 ᾠδὴ
3049 1491 3392 1563 Σολομῶντός
3454 1496 3603 1546 ἐστιν
3642 1490 3852 1565 (ῶσπερ

2272 1584 2421 1639 ἄλλοι
2451 1584 2626 1638 ἄλλων
2659 1584 2796 1639 εἰσὶν
2826 1584 3294 1655 ἐπιγεγραμμένοι
3318 1583 3546 1655 ψαλμοὶ)
3580 1599 3852 1655 προφητι-

2273 1678 2385 1739 κῶς
2404 1677 2496 1731 ὑπ’
2516 1676 2681 1731 αὑτοῦ
2696 1676 2945 1748 λεχθεῖσα
2958 1676 3195 1749 ὁπηνίκα
3208 1676 3298 1731 τὸν
3313 1676 3441 1732 ναὸν
3455 1675 3848 1740 κατεσκεύαζε·

2270 1767 2382 1821 τῶν
2428 1765 2539 1838 γὰρ
2590 1767 2863 1822 Ἰουδαίων
2896 1768 3442 1840 μεγαλοφρονούντων
3488 1769 3585 1823 ἐπὶ
3625 1769 3710 1841 τῷ
3750 1767 3853 1840 τῆς

616 1882 759 1939 rem,
804 1874 920 1943 ipse
968 1873 1149 1930 divino
1180 1872 1386 1945 Spiritu
1422 1874 1725 1946 praevidens
1767 1890 2073 1945 supremam
2106 1878 2172 1931 il-

2279 1859 2616 1931 κατασκευῆς
2670 1858 2885 1931 ὀχυρῷ,
2941 1859 3071 1932 θείῳ
3120 1860 3399 1932 Πνεύματι
3454 1861 3696 1934 συνορῶν
3753 1860 3854 1932 τὴν

618 1964 726 2020 lius
754 1965 1164 2035 desolationem,
1215 1981 1425 2023 necnon
1462 1965 1696 2024 futuram
1722 1967 2017 2025 Ecclesiam
2054 1984 2175 2041 qua:

622 2069 653 2110 tt
707 2055 936 2111 Domino
973 2066 1084 2113 toto
1119 2058 1252 2114 orbe
1286 2066 1547 2112 terrarum
1571 2058 1885 2115 adiﬁcanda
1912 2073 2029 2115 erat
2050 2101 2065 2125 ,
2099 2062 2174 2117 ia-

619 2158 707 2201 cta
734 2162 856 2201 cum
888 2156 1171 2204 exstructo
1196 2148 1395 2219 templo
1419 2151 1842 2220 comparatione,
1865 2151 2009 2207 illam
2034 2167 2175 2220 prae-

618 2235 724 2292 fert
766 2239 1043 2308 magisque
1083 2240 1408 2305 admiratur,
1453 2254 1566 2295 rem
1606 2251 1929 2311 praesentem
1964 2243 2177 2315 vitupe-

617 2341 750 2382 rans
782 2344 878 2383 ceu
924 2329 1294 2399 temporalem,
1321 2346 1497 2401 neque
1547 2331 1630 2387 vel
1661 2332 1934 2405 paulisper
1973 2336 2176 2404 absque

618 2415 715 2469 Dei
759 2417 1003 2473 custodia
1042 2420 1376 2475 duraturam.
1406 2418 1537 2486 Quae
1569 2435 1711 2476 nunc
1746 2432 2049 2493 opportune
2087 2439 2177 2479 ce-

613 2507 750 2575 cinit
768 2508 964 2564 ludatis
988 2508 1261 2581 Babylone
1289 2511 1573 2583 regressis,
1615 2522 1671 2569 et
1697 2515 2016 2570 restituendi
2046 2524 2177 2571 tetu-

613 2599 687 2670 pli
724 2602 1003 2669 studiosis,
1047 2612 1212 2672 atque
1247 2603 1317 2659 ob
1347 2619 1468 2661 eam
1503 2620 1616 2661 rem
1664 2603 1804 2661 fastu
1853 2606 2031 2663 elatis.
2081 2607 2175 2664 Ait

617 2706 749 2765 ergo
774 2706 789 2744 :
826 2692 889 2750 Si
915 2704 1091 2751 tamen
1118 2695 1375 2751 Dontinus
1406 2697 1754 2763 custodierit;
1785 2712 1912 2752 nam
1952 2701 2176 2754 custode

614 2784 925 2849 recedente,
963 2784 1237 2841 desertum
1280 2786 1404 2848 fiet.
1444 2796 1499 2842 et
1544 2788 1749 2856 quavis
1780 2788 2058 2845 hominum
2089 2803 2177 2844 se-

530 2928 533 2933 .
613 2870 817 2927 (inlitas
860 2886 998 2927 vana
1051 2875 1177 2929 erit.
1230 2873 1297 2928 Et
1348 2876 1531 2943 templi
1579 2876 1797 2945 quidem
1847 2884 2173 2933 structorem

613 2960 747 3017 dicit
797 2961 1117 3029 Dominum;
1175 2966 1323 3020 urbis
1366 2976 1545 3020 autem
1594 2966 1951 3023 cdiilcatores
1998 2968 2174 3023 homi-

614 3067 733 3116 nes,
774 3058 869 3107 sed
913 3054 1081 3112 Deum
1110 3060 1408 3114 custodem.
1444 3056 1585 3115 Utile
1620 3056 1721 3115 hoc
1749 3059 1948 3115 dictum
1984 3061 2177 3117 adver-

614 3157 712 3200 sus
738 3147 1003 3216 superbiae
1034 3148 1407 3213 cogitationes.

780 3321 939 3378 Vsus.
979 3322 1035 3379 2.
1077 3322 1181 3390 Qui
1218 3325 1550 3380 manducetis
1574 3342 1761 3394 ponent
1789 3324 2012 3381 doloris.

687 3437 983 3493 Tlneodotio
1014 3446 1070 3492 et
1096 3438 1282 3506 quinta
1300 3438 1488 3504 editio,
1512 3456 1699 3507 ponent
1720 3440 2007 3503 idolorum,
2035 3442 2174 3496 scri-

612 3538 860 3600 pserunt.
900 3527 966 3583 Et
996 3530 1207 3593 merito.
1243 3543 1475 3599 namque
1516 3527 1813 3586 Hebralcus
1856 3538 2039 3586 textus
2078 3533 2175 3586 ha-

614 3623 727 3685 bet,
756 3618 1046 3689 irreligiose
1076 3634 1249 3689 agere,
1293 3619 1560 3688 quomodo
1583 3618 1707 3673 aliis
1757 3620 1922 3675 etiam
1959 3620 2011 3674 in
2038 3618 2172 3675 locis

614 3710 817 3766 idolum
851 3708 1265 3778 interpretatum
1310 3710 1574 3765 ridemus.
1606 3709 1868 3766 Praevidet
1907 3720 2089 3765 autem
2120 3711 2173 3765 in

613 3802 805 3872 spiritu
842 3799 1095 3857 Salomon
1140 3805 1254 3857 fore
1300 3812 1359 3857 ut
1401 3802 1491 3870 qui
1530 3802 1786 3872 templum
1829 3817 1858 3856 a
1888 3816 1947 3858 se
1984 3802 2175 3857 condi-

616 3904 729 3948 tum
779 3894 1044 3957 iucolent.
1082 3893 1240 3949 idolis
1287 3894 1560 3958 studeant,
1612 3896 1883 3949 damonas
1928 3894 2066 3949 intra
2113 3894 2175 3947 il-

617 3984 706 4040 λιιι
752 3986 1011 4041 colentes.
1069 3985 1157 4040 Ait
1208 3999 1335 4055 ergo
1386 4000 1444 4040 se
1481 3997 1601 4056 post
1652 3986 1995 4049 abscessum,
2047 3985 2175 4040 illuc

613 4077 792 4130 denuo
830 4077 1167 4144 rediturum,
1216 4087 1381 4147 atque
1424 4076 1475 4131 id
1516 4090 1583 4132 ex
1630 4076 1911 4132 intervallo
1960 4090 2175 4143 semper

615 4165 911 4220 iacturum.
954 4165 1093 4233 Quid
1132 4168 1275 4223 enim
1305 4170 1527 4241 prodest
1582 4167 1756 4222 loctuu
1801 4166 2057 4222 honorari
2104 4166 2174 4220 ab

615 4257 708 4320 iis,
742 4257 832 4325 qui
870 4258 942 4312 ob
982 4257 1339 4315 idololatriam
1378 4259 1558 4328 procul
1606 4274 1665 4314 se
1695 4259 1803 4314 Deo
1846 4257 2175 4313 removent!

618 4347 771 4403 Unde
811 4347 1169 4418 Symmachus
1197 4349 1368 4405 dixit:
1407 4348 1611 4405 Vanum
1651 4359 1726 4406 est
1771 4351 1913 4405 vobis
1950 4350 2169 4404 matuti-

614 4452 708 4491 nos
766 4453 980 4507 surgere
1032 4439 1103 4493 ad
1162 4439 1539 4507 habitandum,
1586 4442 1663 4496 uel
1711 4441 1778 4494 ad
1828 4441 2045 4511 hymnos
2086 4442 2170 4496 di-

612 4529 827 4581 esndos.

1091 4619 1412 4677 PSALMUS
1439 4619 1693 4677 CXXVII.

682 4706 1059 4765 Consentanee
1096 4712 1362 4780 superiori
1405 4714 1621 4768 cantico
1668 4713 1880 4770 vocatio
1929 4716 2167 4787 gentium

612 4799 666 4856 In
708 4802 960 4872 praesenti
993 4803 1336 4873 praedicatur.
1364 4804 1465 4872 Qui
1490 4820 1620 4877 ergo
1647 4807 1840 4861 timent
1868 4807 2170 4874 Dominum,

614 4892 815 4946 diversi
859 4906 981 4948 esse
1026 4894 1279 4950 dicuntur
1324 4897 1391 4951 ab
1440 4898 1677 4963 Israele,
1722 4910 1777 4953 et
1828 4916 1858 4954 a
1910 4901 2173 4956 nobiliore

617 4984 756 5051 apud
788 4982 1041 5038 lsraelem
1080 4988 1291 5049 ordine,
1337 4988 1388 5041 id
1436 4998 1519 5042 est
1560 4992 1899 5047 sacerdotali.
1944 4994 2174 5047 Demon-

618 5084 793 5127 straut
843 5073 893 5127 id
946 5076 1110 5130 verba
1166 5077 1300 5133 illa:
1353 5079 1572 5135 lsraelis
1629 5085 1814 5137 domus
1851 5086 2075 5154 speravit
2117 5084 2172 5138 in

619 5161 842 5218 Domino
869 5164 933 5219 ".
973 5166 1039 5223 Et
1084 5179 1310 5237 postea:
1360 5170 1618 5228 Timentes
1663 5177 1950 5230 Dominum
1992 5192 2173 5245 spera-

612 5266 794 5308 verunt
827 5254 882 5310 in
911 5272 973 5310 eo
995 5256 1059 5310 ".
1091 5257 1157 5312 Et
1188 5274 1407 5315 rursus:
1451 5258 1705 5318 Dominus
1748 5266 1914 5319 nostri
1952 5280 2170 5327 memor,

614 5346 871 5400 benedixit
902 5348 1073 5403 nobis.
1103 5348 1379 5405 Benedixit
1411 5351 1589 5407 domui
1620 5352 1858 5420 Israelis,
1908 5356 2171 5410 benedixit

613 5436 789 5487 dottzui
844 5435 1067 5491 Aaronis
1120 5439 1185 5494 ".
1240 5440 1302 5493 Et
1342 5458 1505 5497 mox:
1549 5441 1828 5497 Benedixit
1872 5445 2170 5498 timentibus

614 5524 898 5578 Dominum
935 5526 998 5580 ι’.
1036 5525 1117 5581 Εκ
1147 5543 1338 5585 norma
1374 5532 1539 5602 igitur
1563 5534 1938 5600 pmdictarum
1973 5534 2168 5589 dictio-

688 5678 733 5709 “
767 5679 894 5737 Luc.
928 5697 1007 5744 Vl,
1044 5682 1132 5736 2|.
1211 5686 1254 5717 "
1279 5686 1418 5746 Psal.
1451 5705 1602 5752 cxm,
1627 5690 1681 5747 9.

686 5801 761 5867 (6)
783 5801 863 5852 Al.
896 5802 1325 5873 προθεσπίζεται.

1759 5694 1801 5724 ¹⁶
1828 5693 1954 5748 ibid.
1984 5694 2068 5748 ll.

2204 4532 2252 4589 Ι)

2273 1952 2506 2022 ισχόιτην
2541 1950 2779 2025 ἐρημίαν
2825 1950 3013 2016 αὐτοῦ,
3059 1952 3155 2006 καὶ
3194 1950 3295 2025 τὴν
3343 1952 3449 2007 ὑπὸ
3495 1952 3591 2007 τοῦ
3640 1952 3853 2024 Κυρίου

2277 2041 2574 2113 μέλλουσαν
2602 2042 2929 2114 Ἐκκλησίαν
2979 2043 3102 2098 καθ’
3152 2043 3279 2116 δλης
3320 2042 3720 2115 οἰκοδομεῖσθαι
3753 2043 3856 2115 τῆς

2272 2133 2614 2206 οἰκουμένης,
2635 2134 3076 2206 ἀντιπαρατιθεὶς
3102 2138 3167 2207 τῇ
3194 2137 3325 2209 παρ’
3345 2135 3511 2190 αὐτοῦ
3534 2138 3855 2209 κατασκευῇ

2272 2224 2367 2278 τοῦ
2394 2224 2545 2293 ναοῦ,
2575 2227 2791 2300 εκείνην
2815 2244 2877 2281 τε
2908 2227 3189 2299 προκρίνει
3221 2228 3317 2283 καὶ
3350 2228 3720 2300 ύπεράγαται.
3753 2228 3857 2300 τὴν

2271 2318 2392 2371 τότε
2443 2318 2744 2390 παρουσίαν
2789 2318 3027 2390 ἐλέγχων
3073 2318 3150 2384 ὡς
3195 2319 3530 2392 πρόσκαιρον
3565 2321 3660 2375 καὶ
3715 2319 3858 2391 μηδι

2273 2411 2410 2481 πρὸς
2443 2408 2615 2481 βραχῦ
2647 2410 3040 2482 συνισταμένην
3072 2409 3199 2464 ἄνευ
3227 2409 3363 2464 Θεοῦ
3394 2410 3674 2483 φυλακῆςο
3706 2410 3860 2484 ἅπερ

2274 2498 2369 2555 νῦν
2398 2503 2477 2565 εἰς
2509 2502 2699 2573 καιρὸν
2733 2496 2834 2575 ᾖσε
2876 2501 2985 2555 τῶν
3026 2503 3091 2556 ἑκ
3141 2502 3462 2568 Βαϐυλῶνος
3495 2502 3861 2568 επανιόντων,

2274 2592 2682 2647 ἐσπουδακότων
2713 2594 2843 2667 περὶ
2861 2593 2962 2666 τὴν
2985 2594 3267 2649 ἀνάκτισιν
3293 2594 3387 2649 τοῦ
3410 2593 3564 2659 ναοῦ,
3600 2596 3697 2651 καὶ
3721 2611 3864 2667 φρο-

2273 2684 2507 2740 νούντων
2537 2684 2630 2739 ἐπὶ
2646 2684 2820 2756 τούτῳ
2837 2684 3047 2756 μεγάλα
3061 2684 3207 2755 η-μέν.
3240 2686 3304 2739 Εἰ
3328 2685 3436 2757 γάρ
3462 2704 3646 2758 φησιν,
3676 2686 3861 2741 Ἕστ⁶

2273 2777 2352 2831 ἂν
2381 2781 2414 2831 ὀ
2450 2779 2663 2847 Κύριος
2692 2776 2967 2848 φυλάττῃ
2994 2820 3010 2842 ,
3036 2777 3132 2833 τοῦ
3176 2780 3233 2834 δὲ
3281 2779 3518 2849 φύλακος
3558 2778 3861 2853 ἀναχωρή-

2276 2884 2486 2933 σαντος,
2510 2868 2715 2939 ἔρημος
2741 2869 2915 2932 ἔσται,
2956 2870 3191 2940 ματαίας
3222 2864 3485 2942 ἐσομένης
3511 2870 3612 2941 τῆς
3652 2870 3716 2935 ιε
3757 2871 3863 2924 ἁν-

2274 2959 2508 3031 θρὼπων
2535 2960 2803 3031 σπουδῆς·
2836 2961 2931 3016 ἐπὶ
2991 2963 3090 3033 μὲν
3123 2961 3214 3016 τοῦ
3244 2960 3396 3027 ναοῦ,
3424 2962 3708 3034 οἰκοδόμον
3743 2963 3867 3016 εἰσ-

2274 3051 2397 3119 άγει
2429 3053 2521 3105 τὺν
2556 3052 2760 3123 Κύριον
2779 3069 2792 3083 ·
2824 3053 2917 3106 ἐπὶ
2946 3053 3004 3107 δὲ
3032 3052 3132 3123 τῆς
3147 3054 3374 3118 πόλεως,
3393 3052 3715 3125 ἀνθρώπους
3754 3054 3864 3125 μὲν

2273 3141 2607 3213 οἰκοῶμους,
2636 3140 2853 3211 φύλακα
2883 3141 2939 3197 δὲ
2965 3144 3059 3198 τὸν
3091 3144 3225 3198 Θεόν
3245 3161 3259 3175 ο
3292 3145 3562 3217 χρήσιμον
3588 3145 3653 3200 τὸ
3684 3146 3865 3219 ῥητὸν

2274 3233 2409 3305 πρὸς
2437 3235 2563 3297 τοὺς
2588 3234 2687 3304 τῆς
2716 3233 3092 3305 ὑπερηφανίας
3116 3234 3427 3306 λογισμούς.

2614 3328 2680 3379 Ol
2706 3325 3013 3392 ἐσθίοντες
3043 3325 3225 3394 ἄρτον
3255 3325 3500 3395 ὀδύνης.

2339 3434 2649 3497 Θεοδοτίων.
2680 3438 2775 3492 καὶ
2810 3439 2843 3508 η
2881 3443 2923 3491 ε’
2961 3437 3143 3506 ἄρτον
3171 3438 3434 3495 εἰδώλων
3469 3439 3739 3507 ἐξέδωκαν
3773 3445 3862 3498 εἰ·

2273 3527 2442 3592 κότως
2460 3544 2474 3559 ⁸
2505 3528 2565 3583 τὸ
2594 3527 2703 3600 γὰρ
2743 3528 3031 3601 Ἐὅραῖκὸν
3056 3531 3117 3584 τὸ
3140 3531 3382 3587 ἀσεϐεῖν
3407 3533 3539 3604 ἔχει,
3583 3535 3722 3607 ὅπερ
3755 3536 3867 3591 καὶ

2272 3618 2331 3671 ἐν
2380 3616 2585 3690 ἑτέροις
2639 3617 2894 3673 εἴδωλον
2940 3619 3331 3691 ἑρμηνεύεται·
3387 3624 3599 3694 προορᾷ
3645 3622 3704 3677 δὲ
3775 3625 3865 3695 τῷ

2276 3709 2545 3779 πνεύματι
2584 3708 2855 3779 Σολομῶν,
2904 3711 2979 3775 ὡς
3021 3712 3070 3765 οἰ
3125 3711 3408 3783 μέλλοντες
3434 3713 3602 3767 οἰκεῖν
3626 3713 3719 3768 τὸν
3758 3715 3865 3770 ὑπ’

2272 3798 2435 3853 αὑτοῦ
2466 3799 2749 3872 γινόμενον
2782 3796 2948 3865 οἷκον,
2983 3802 3223 3867 εἰδώλοις
3251 3803 3691 3875 προσκείσονται,
3725 3807 3863 3861 δαί-

2278 3908 2400 3963 μοσι
2440 3890 2788 3964 λατρεύοντες
2828 3896 2886 3947 ἐν
2923 3894 3103 3966 αὐτῷ’
3142 3896 3288 3965 λέγει
3325 3898 3524 3963 τοίνυν,
3570 3899 3706 3969 μετὰ
3748 3901 3866 3973 τὴν

2273 3982 2618 4055 ἀναχώρησιν
2644 3979 2801 4048 αὖθις
2824 3987 2916 4039 ἐπὶ
2942 3986 3129 4041 τοῦτον
3178 3986 3374 4053 ἐλθεῖν,
3410 3990 3505 4043 καὶ
3529 3990 3686 4044 τοῦτο
3717 4008 3863 4047 συν-

2272 4076 2410 4145 εχῶς
2436 4078 2498 4129 ὲκ
2518 4077 2919 4149 διαλειμμάτων
2944 4082 3132 4132 ποιεῖν’
3150 4078 3203 4132 τί
3227 4079 3333 4151 γὰρ
3357 4081 3549 4150 ὄφελος
3569 4081 3659 4135 τὸν
3682 4083 3866 4139 τόπον

2268 4170 2454 4241 τιμᾷ-θ,
2483 4170 2595 4233 τοῖς
2619 4169 2706 4225 διὰ
2733 4171 2831 4243 τῆς
2856 4170 3295 4244 εἰδωλολατρείας
3325 4174 3690 4245 μακρύνουσιν
3720 4174 3863 4230 lau-

2272 4260 2396 4323 τοὺς
2431 4258 2526 4313 τοῦ
2559 4259 2724 4325 Θεοῦ;
2763 4261 2925 4314 Ὅθεν
2966 4262 2997 4314 ό
3048 4260 3340 4333 Σύμμαχος
3390 4264 3495 4335 ἔφη
3517 4283 3531 4297 ’
3579 4258 3865 4322 Μάταιον

2274 4351 2418 4420 ὑμῖν
2445 4351 2514 4416 se
2547 4352 2761 4422 ὄρθρου
2787 4352 3149 4409 ἀνίστασθαι
3180 4357 3267 4423 εἰς
3291 4355 3359 4410 τὸ
3384 4356 3648 4423 οἰκῆσαι,
3682 4358 3723 4429 ἢ
3757 4363 3867 4428 εις

2270 4442 2338 4496 τὸ
2362 4442 2649 4513 ὑμνῆσαι.

2808 4619 3097 4674 ΨΑΛΜΟΣ
3128 4621 3219 4673 PK
3227 4622 3297 4676 Z'.

2357 4709 2687 4774 ’Δκολούθως
2737 4713 2805 4782 τῇ
2857 4713 2962 4783 πρὸ
3011 4711 3213 4782 ταύτης
3268 4709 3379 4783 ᾠδῇ
3422 4713 3455 4783 ἡ
3502 4712 3694 4785 κλησις
3734 4716 3864 4771 τῶν

2271 4799 2440 4855 ἐθνῶν
2466 4800 2555 4853 διὰ
2579 4800 2780 4871 ταύτης
2806 4800 3137 4873 κηρύσσεται
3167 4801 3262 4871 (6)·
3289 4803 3339 4855 οἰ
3360 4801 3491 4870 γοῦν
3518 4801 3864 4874 φοϐούμενοι

2272 4892 2363 4945 τὸν
2389 4892 2613 4963 Κύριον,
2652 4892 2826 4965 ιτεροι
2854 4893 3101 4963 λέγονται
3126 4888 3265 4948 εἶναι
3288 4894 3441 4967 παρὰ
3471 4895 3561 4949 τὸν
3604 4896 3862 4970 Ἰσραὴλ,

2274 4984 2369 5035 καὶ
2406 4982 2557 5054 παρὰ
2597 4983 2660 5036 τὸ
2696 4986 2939 5056 κρεῖττον
2982 4987 3041 5038 ὲν
3085 4984 3164 5057 τῷ
3204 4985 3419 5057 Ἰσραὴλ
3458 4986 3667 5058 τάγμα,
3700 4988 3867 5060 λέγω

2274 5071 2331 5126 δὲ
2350 5073 2408 5126 τὸ
2432 5073 2701 5144 ἰερατικόν
2719 5090 2734 5108 ·
2756 5073 2906 5145 δηλοῖ
2924 5074 2982 5128 δὲ
3006 5074 3204 5129 τοῦτοό
3220 5077 3440 5145 φάσκων
3461 5077 3617 5147 λόγος
3630 5095 3643 5107 ·
3668 5075 3868 5149 Οἶκος

2290 5163 2533 5231 Ἰσραὴλ
2572 5162 2835 5233 ἤλπισεν
2871 5166 2970 5219 ἐπὶ
3016 5167 3268 5235 Κύριον
3304 5169 3399 5221 καὶ
3451 5169 3592 5240 μετὰ
3634 5170 3859 5227 ταῦτα·

2150 5694 2193 5726 ¹⁷
2217 5692 2342 5749 ibid.
2378 5692 2459 5748 η.
2544 5693 2734 5749 Il'ibitl.
2766 5695 2849 5749 I3.
