4014 6400
210 373 282 430 25
1353 371 1860 430 COMMENTARIA
1901 376 1969 432 IN
2007 377 2348 439 PSALMOS.
3429 395 3501 451 26

784 491 1076 545 ΨΑΛΜΟΣ
1106 491 1234 544 PA'.

291 582 629 645 ’Δκολούθως
654 584 687 652 ή
863 586 896 654 ἡ
927 582 1176 655 παροῦσα
1202 582 1299 635 καὶ
1325 584 1358 653 ἠ
1393 584 1498 655 πρὸ
1522 584 1694 655 αὐτῆς
1715 582 1810 635 τοῦ

204 676 262 728 ἐν
288 676 484 746 Κυρίῳ
509 674 932 744 τετελειωμένου
969 673 1470 746 ταπεινοφροσύνης
1507 674 1690 743 φωνὰς
1715 691 1812 727 πε-

204 769 488 837 ριέχουσα,
525 765 621 818 καὶ
658 764 892 835 μάλιστα
935 763 1029 818 τοῦ
1061 765 1360 836 δυναμένου
1402 765 1607 834 λέγειν·
1647 765 1810 819 Ἕνε-

204 875 308 911 κεν
330 858 440 911 τοῦ
489 858 786 924 ὀνόματός
821 873 941 911 σου
974 855 1266 926 ὑπέμεινα
1298 873 1392 921 σε,
1423 858 1624 925 Κύριε.
1665 857 1723 910 '0
1751 856 1807 909 δὲ

201 952 365 1004 Δαυῒδ
394 953 474 1014 ὡς
497 951 645 1014 εἰκὸς
678 950 1012 1022 μεμαθηκὼς
1052 951 1161 1004 ἀπὸ
1183 951 1292 1003 τῶν
1320 949 1411 1002 τοῦ
1443 951 1601 1018 ἁγίου
1631 949 1806 1001 Πνεύ-

203 1061 372 1113 ματος
408 1043 627 1112 φωνῶν,
645 1044 726 1096 ὅτι
746 1043 1066 1113 τιςίλασμὸς
1087 1043 1237 1114 παρᾶ
1257 1043 1336 1113 τῷ
1357 1042 1497 1113 Θεῷ,
1518 1043 1613 1095 καὶ
1635 1041 1803 1114 πολλὴ

199 1138 329 1208 παρ’
391 1136 546 1207 αὑτῷ
612 1135 882 1206 λύτρωσις
941 1136 989 1186 εἰ
1043 1134 1407 1195 πιστεύσειεν,
1488 1134 1804 1201 ἀναγκαίως

198 1229 390 1282 ἑαυτὸν
410 1226 812 1298 προσφέρειτῷ
829 1228 1116 1297 Λυτρωτῇ·
1143 1225 1224 1278 διδ
1255 1227 1347 1279 καὶ
1376 1225 1798 1296 ἐπιγέγραπταιο

200 1320 310 1374 Τοῦ
350 1319 538 1372 Δαυῒὸ
577 1322 663 1384 είς
705 1317 1079 1385 παραίτησιν
1110 1315 1660 1385 πλημμελημάτων,
1695 1317 1801 1382 τὰς

194 1411 353 1477 ἰδίας
419 1410 889 1479 ἐξαριθμοῦντος
954 1408 1379 1477 ἀνδραγαθίας.
1426 1409 1501 1460 Οὺ
1577 1406 1798 1460 πώποτε

189 1503 324 1574 γὰρ,
360 1503 552 1573 φησιν,
585 1500 835 1572 ἐπήρθην
867 1499 1050 1562 καθὼς
1079 1499 1263 1569 ἄρχων
1295 1498 1382 1550 ἐπ’
1413 1499 1564 1562 ἔθνος
1592 1498 1758 1552 αὑτοῦ
1779 1514 1792 1528 ·

187 1596 313 1649 οὕτε
355 1597 464 1666 μὴν
504 1593 821 1664 ὲχαυνὼθην
854 1591 1052 1662 βλέψας
1080 1591 1186 1658 ἔξω
1214 1591 1371 1654 Θεοῦ,
1405 1594 1498 1644 καὶ
1536 1592 1635 1661 τῆς
1663 1590 1797 1662 πρὸς

186 1690 276 1740 τὸν
308 1686 480 1740 αὐτοῦ
518 1685 684 1755 φόδον
715 1684 1029 1746 συστάσεως
1063 1682 1358 1751 καθυφείς·
1392 1683 1516 1735 οὔτε
1549 1681 1709 1735 πάλιν
1737 1685 1794 1734 ὲν

1835 500 1884 556 A

2415 499 2745 559 PSALIIUS
2783 501 3000 558 CXXX.

1993 588 2248 661 Congrue
2291 605 2535 660 praesens
2558 595 2699 658 oua,
2739 594 2976 664 itemque
3014 598 3352 667 praecedens,
3399 602 3501 655 ho—

1913 680 2079 736 minis
2132 681 2185 735 in
2242 681 2354 738 Deo
2417 683 2650 752 perfecti
2723 685 2956 740 humiles
3017 702 3180 743 voces
3235 693 3497 755 continet,

1911 773 2295 842 praecipueque
2328 775 2448 843 ejus
2480 776 2572 844 qui
2597 778 2774 843 possit
2805 776 3020 834 dicere:
3059 779 3288 848 Propter
3312 800 3501 838 nomen

1911 871 2064 915 tuum
2088 863 2322 917 sustinui
2359 872 2430 929 le,
2457 864 2680 919 Domine
2714 865 2781 920 ³⁸.
2825 867 2994 922 David
3023 880 3208 925 autem
3252 871 3496 942 edoctus,

1911 963 1968 1006 ut
2003 954 2262 1010 credibile
2314 966 2418 1015 est.
2470 972 2497 1009 a
2534 958 2716 1013 sancti
2748 957 2988 1028 Spiritus
3032 963 3293 1032 oraculis,
3337 967 3498 1020 mises

1905 1045 2200 1124 ricordiam
2265 1048 2406 1116 apud
2442 1045 2612 1101 Deum
2666 1049 2898 1104 inveniri
2963 1054 3356 1124 copiosamque
3406 1073 3495 1112 re-

1907 1123 2292 1204 demptionem,
2329 1138 2376 1193 si
2409 1139 2576 1194 modo
2602 1140 2873 1206 crederet,
2911 1146 3229 1200 necessario
3257 1123 3494 1216 seipsum

1905 1228 2128 1282 exhibet
2156 1226 2530 1299 Bedemptori.
2581 1230 2764 1297 Quare
2794 1240 2848 1287 et
2871 1234 3191 1290 inscribitur
3212 1255 3236 1299 ι
3270 1237 3493 1295 Davidis

1905 1319 1974 1371 ad
2028 1319 2450 1389 deprecationem
2509 1333 2879 1391 peccatorum,
2936 1342 3020 1380 res
3077 1343 3111 1382 a
3173 1344 3228 1383 se
3289 1334 3495 1402 egregie

1903 1420 2081 1479 gestas
2122 1412 2462 1469 recenseatis.
2524 1411 2812 1484 Nunquam
2857 1417 3037 1483 enim,
3088 1419 3298 1490 inquit,
3353 1421 3496 1476 fastu
3604 1411 3608 1414 ’

1903 1501 2085 1556 elatus
2120 1516 2263 1567 sum,
2296 1517 2393 1558 ceu
2435 1503 2616 1572 gentis
2649 1505 2948 1576 princeps;
2981 1522 3158 1578 neque
3193 1510 3269 1565 ita
3297 1526 3491 1583 super-

1897 1591 1986 1645 bia
2023 1593 2195 1646 tumui
2230 1602 2289 1646 ut
2326 1594 2419 1649 Dei
2453 1596 2800 1664 praesentiam
2829 1612 2938 1653 non
2978 1610 3313 1670 spectarem,
3352 1604 3488 1658 etin

1899 1697 1965 1736 co
2006 1683 2248 1738 timendo
2271 1687 2644 1740 constantiam
2679 1689 3016 1745 amitterem.
3039 1689 3228 1762 Neque
3269 1695 3397 1748 item
3432 1696 3488 1749 in

186 1783 372 1850 τρυφῇ
406 1778 682 1840 πλουσίως
732 1776 981 1845 διεξῆγον
1023 1775 1115 1827 τὸν
1161 1775 1275 1844 βίον
1300 1792 1312 1804 ·
1362 1775 1482 1828 οὐδέ
1516 1793 1566 1828 τι
1610 1777 1776 1845 μεῖζογ

1899 1775 2116 1830 deliciis
2147 1775 2436 1831 allluenter
2470 1778 2621 1844 vixi;
2657 1796 2838 1850 neque
2886 1783 2953 1837 de
2982 1799 3068 1838 me
3103 1787 3348 1855 meisque
3399 1803 3489 1842 re-
3555 1791 3568 1804 ‘

184 1834 491 1942 ἑξρδνησα,
522 1834 677 1939 φησι,
713 1834 845 1934 περί
871 1834 1130 1938 έμαυτοῦ,
1161 1834 1270 1922 τῶν
1299 1834 1750 1937 προσόντωνὲμοί
1774 1888 1776 1894 ·

1899 1865 2000 1918 bus
2036 1875 2234 1934 praeter
2267 1869 2592 1924 modestiam
2631 1873 2816 1926 sensi:
2861 1875 3008 1944 quod
3048 1834 3274 1930 faciunt1
3316 1879 3352 1933 ii
3393 1879 3485 1948 qui

182 1963 358 2014 ὁποῖοί
403 1962 551 2023 τινές
607 1962 747 2013 είσιν
785 1960 834 2011 oi
889 1960 1101 2012 συνετοὶ
1145 1961 1279 2030 παρ’
1309 1961 1541 2024 ἑαυτοῖς,
1583 1961 1675 2012 καί
1707 1963 1791 2013 έν-

181 2053 356 2109 ὡπιον
387 2051 572 2106 αὐτῶν
597 2053 979 2122 ἐπιστήμονες.

412 2143 758 2197 Ἑλπισάτω
799 2143 1038 2210 Ἰσραὴλ
1060 2144 1157 2197 ἐπὶ
1194 2143 1302 2196 τὸν
1333 2144 1554 2210 Κύριον

253 2237 474 2306 Ὠσπερ
501 2235 636 2303 ἐγὼ,
673 2237 839 2306 φησιν
863 2237 892 2288 ὁ
923 2235 1176 2305 βασιλεὺς
1208 2234 1390 2298 Δαυῒδ,
1418 2234 1676 2298 τοσοῦτος
1709 2233 1784 2287 ὢν

182 2327 274 2380 καὶ
297 2327 548 2391 τοιοῦτος
575 2329 736 2400 ἀνὴρ,
773 2321 1031 2381 ταπεινὸν
1061 2328 1298 2397 ἐμαυτὸν
1329 2328 1660 2399 κατέστησα,
1693 2330 1787 2381 καὶ

181 2422 535 2489 προσήγαγον
566 2419 800 2490 ἐμαυτὸν
827 2418 906 2488 τῷ
929 2418 1141 2490 ἱλασμῷ
1174 2420 1268 2472 καὶ⁵
1294 2418 1374 2488 τῷ
1408 2420 1667 2490 Λυτρωτῇ
1693 2419 1784 2471 καὶ

179 2511 415 2582 Σωτῆρι,
455 2509 630 2575 οὕτως
672 2513 766 2565 καί
798 2510 876 2581 τῷ
908 2510 1080 2581 λοιπῷ
1119 2510 1334 2582 Ἰσραὴλ
1378 2509 1782 2580 ἐπαγγέλλομαι

184 2600 538 2673 θαρσούντως
577 2601 862 2673 προσιέναι
905 2601 983 2671 τῷ
1023 2600 1276 2672 ἱλασμῷο
1321 2600 1564 2672 ἀκριϐῶς
1603 2600 1779 2665 είδὼς,

179 2693 258 2746 ὅτι
288 2693 458 2757 αὐτὸς
483 2693 822 2765 λυτρῶσεται
846 2693 938 2747 τὸν
975 2693 1210 2765 Ἰσραὴλ,
1246 2694 1295 2746 ει
1323 2693 1663 2766 προσδράμοι
1692 2695 1783 2747 αὺ-

177 2786 272 2857 τῷ,
307 2789 374 2840 ὲκ
400 2785 595 2840 πασῶν
617 2784 726 2839 τῶν
751 2785 992 2856 ἀνομιῶν
1021 2786 1212 2839 αὑτοῦ.

728 2875 1024 2934 ΨΑΛΜΟΣ
1057 2877 1137 2930 ΡΛ
1147 2877 1227 2930 A'.

413 2971 639 3035 Ὠιιοσε
660 2969 873 3036 Κύρίος
903 2967 983 3032 τῷ
1020 2969 1202 3022 Δαυῒδ
1226 2969 1536 3034 ἀλήθειαν.

255 3061 615 3131 Ὀμωμοκότι
642 3060 698 3112 δὲ
728 3060 806 3130 τῷ
835 3059 1017 3124 Δαυῖδ,
1062 3059 1422 3132 ἀντώμοσενὸ
1445 3059 1578 3124 Θεὸς
1612 3061 1776 3133 ζητή-

1896 1954 2117 2009 sibimet
2147 1956 2247 2025 ipsi
2295 1957 2544 2013 videntur
2571 1960 2845 2030 ingeniosi
2886 1980 2952 2019 ac
2987 1967 3284 2036 sapientes.

2173 2136 2334 2191 Vens.
2367 2139 2421 2192 5.
2450 2139 2637 2208 Speret
2670 2141 2843 2198 Israel
2870 2147 2923 2198 in
2954 2144 3198 2202 Domino.

1977 2227 2131 2282 Sicut
2169 2231 2314 2284 enim
2347 2245 2468 2300 ego,
2526 2233 2604 2285 ait
2643 2249 2739 2288 rex
2793 2234 2987 2300 David,
3025 2238 3147 2292 talis
3188 2248 3482 2312 tantusque

1893 2322 1977 2374 vir
2009 2321 2268 2375 humilem
2300 2337 2385 2375 tne
2426 2323 2551 2389 feci,
2601 2340 2798 2394 meque
2822 2327 2996 2382 obtuli
3051 2331 3478 2400 misericordias,

1890 2411 2358 2482 Redemptorique
2395 2429 2460 2467 ac
2486 2413 2809 2482 Servatori;
2843 2419 2916 2472 ita
2949 2419 3161 2490 reliquo
3200 2424 3364 2477 etiam
3399 2423 3477 2480 ls-

1887 2506 2021 2560 raeli
2056 2505 2320 2560 denuntio
2365 2518 2424 2559 ut
2451 2507 2791 2564 conﬁdenter
2826 2512 2896 2565 ad
2927 2513 3360 2569 misericordiam
3391 2532 3476 2570 ac-

1885 2596 2065 2649 cedat.
2101 2595 2235 2649 Nam
2266 2595 2437 2664 probe
2469 2596 2606 2660 scio,
2666 2597 2785 2653 fore
2830 2609 2889 2652 ut
2921 2599 3063 2655 Deus
3098 2600 3353 2658 Israelem
3391 2618 3472 2658 re-

1885 2689 2077 2754 dimat,
2109 2688 2156 2743 si
2192 2690 2260 2742 ad
2299 2704 2423 2744 eum
2466 2689 2801 2752 conlurerit,
2827 2707 2895 2745 ex
2934 2693 3192 2748 omnibus
3217 2696 3475 2764 iniquita-

1884 2781 2027 2836 tibus
2075 2780 2212 2848 ejus.

2377 2871 2709 2928 PSALMUS
2748 2871 2990 2930 CXXXI.

1991 2962 2156 3017 Vsus.
2196 2962 2286 3016 H.
2315 2961 2528 3016 Iuravit
2564 2965 2818 3018 Dominus
2846 2965 3039 3018 ιοαυίάὶ
3063 2967 3356 3024 veritatem.

1950 3053 2168 3109 Juranti
2221 3054 2408 3110 Davidi
2445 3056 2683 3110 vicissim
2711 3056 2918 3126 juravit
2965 3056 3128 3122 Deus,
3173 3061 3222 3112 ei
3260 3060 3351 3127 qui
3389 3059 3468 3112 lo-

179 3169 331 3207 σαντι
363 3154 458 3206 τὸν
486 3152 652 3205 τόπον
693 3152 904 3222 μαθεῖν,
929 3151 1137 3222 δωρεὰν
1167 3152 1290 3216 δοὺς
1310 3154 1371 3207 τὸ
1396 3155 1490 3207 καὶ
1520 3154 1577 3221 ἐξ
1607 3155 1770 3208 αὐτοῦ

1894 3164 2000 3201 :um
2045 3162 2381 3218 cognoscere
2415 3150 2633 3212 avebat,
2669 3151 2910 3219 gratuito
2948 3151 3160 3204 donans
3193 3167 3466 3223 praeroga-

175 3244 480 3323 προελθεῖν·
503 3245 638 3299 Ἰνα
649 3243 745 3298 διὰ
760 3244 870 3298 δύο
886 3245 1247 3314 πραγμάτων
1262 3247 1732 3315 ἀμεταθέτων,ὡς
1747 3248 1776 3300 δ

1894 3241 2052 3293 tivam
2074 3251 2130 3293 ut
2159 3248 2213 3295 et
2243 3240 2471 3309 ipsemet
2491 3240 2607 3307 ejus
2632 3243 2805 3309 stirpe
2823 3243 3103 3306 oriretur;
3127 3240 3195 3295 Ut
3220 3259 3310 3310 per
3332 3244 3468 3299 duas

179 3338 390 3401 Παῦλος
405 3354 592 3407 φησιν.
605 3337 676 3390 ὲν
690 3338 780 3401 οἷς
795 3337 987 3391 ἁδύνα
999 3355 1107 3391 τον
1119 3340 1468 3406 ψεύσασθαι
1482 3339 1589 3393 τὸν
1604 3340 1772 3406 Θεὸν,

178 3431 440 3500 ισχυρὰν
462 3427 870 3497 παράκλησιν,
900 3429 1029 3502 περὶ
1057 3422 1132 3482 ὧν
1161 3428 1380 3500 ηὔξατο,
1406 3429 1698 3499 λάϐωμεν.

187 3601 280 3654 Ἐκ
315 3599 552 3668 καρποῦ
593 3598 705 3668 τῆς
747 3602 980 3666 κοιλίας
1025 3616 1142 3654 σου
1202 3602 1461 3672 θήσομαι
1506 3602 1605 3655 ἐπὶ
1664 3601 1772 3656 τοῦ

788 3672 1004 3738 θρόνου
1028 3686 1165 3726 σου.

256 3761 480 3832 Ἐπειδὴ
513 3762 600 3825 σὺ,
631 3763 818 3833 φησιν,
853 3761 998 3815 οὕτω
1030 3762 1329 3826 πιστεύσας
1369 3762 1594 3816 τοιαῦτα
1621 3763 1773 3835 ηὔξω

176 3855 401 3923 γνῶναι,
440 3853 766 3924 βουλόμενος
812 3853 1000 3925 μαθεῖν
1033 3857 1163 3926 περὶ
1217 3854 1310 3908 τοῦ
1342 3855 1508 3907 τόπου
1545 3855 1648 3924 τῆς
1691 3859 1772 3920 εἰς

174 3947 495 4018 ἀνθρώπους
534 3947 770 4015 ἀφίξεως
803 3945 898 3999 τοῦ
947 3947 1221 4018 Σωτῆρος,
1255 3945 1410 4016 δέχου
1450 3947 1514 4017 δὴ
1550 3947 1642 4000 καὶ
1676 3946 1772 3999 αὺ-

173 4041 261 4103 es;
301 4041 405 4112 τὴν
443 4037 801 4106 ἐπαγγελίαν,
843 4039 938 4091 καὶ
980 4037 1132 4106 γίνου
1175 4037 1422 4101 διάκονος
1447 4040 1545 4109 τῆς
1591 4056 1768 4110 σωτη-

173 4133 287 4202 ρίου
315 4131 610 4199 γενέσεως.
645 4130 743 4193 Σὸς
763 4130 872 4199 γὰρ
900 4129 1051 4183 ἔσται
1086 4130 1297 4201 καρπὸς
1325 4131 1352 4181 ὁ
1384 4129 1767 4200 γενησόμενος,

172 4225 233 4275 ἐκ
261 4224 359 4290 σῆς
387 4220 645 4291 διαδοχῆς
669 4221 764 4274 καὶ
805 4223 868 4272 ὲκ
901 4219 994 4272 σοῦ
1028 4221 1340 4290 σπέρματος
1371 4220 1769 4291 προελευσόμε-

173 4333 256 4377 νος
279 4335 290 4346 ο
321 4315 403 4368 διὸ
425 4315 522 4367 καὶ
555 4314 703 4384 αὐτῷ
728 4313 1011 4383 δοθήσεται
1036 4312 1170 4365 ὡσεὶ
1199 4313 1607 4384 ὲπηγγελμένος
1638 4313 1764 4385 θρό-

169 4422 275 4470 νος,
304 4406 396 4460 διὰ
430 4407 492 4457 τὸ
523 4404 726 4475 μηδένα
754 4405 938 4474 ἓτερον
985 4405 1018 4476 ἢ
1055 4406 1214 4476 μόνον
1241 4405 1332 4458 τὸν
1372 4407 1437 4458 ὲκ
1485 4405 1576 4458 σοῦ
1632 4423 1765 4476 προ-

1884 3350 1966 3387 res
2007 3333 2330 3396 immobiles,
2381 3345 2552 3403 prout
2604 3333 2812 3387 Paulus
2852 3335 2950 3396 ait,
2987 3335 3178 3402 quibus
3223 3336 3468 3404 impossi-

1878 3426 1978 3479 bile
2011 3436 2088 3479 est
2123 3425 2335 3478 mentiri
2367 3423 2559 3488 Deum,
2587 3426 2820 3478 validum
2851 3425 3102 3478 solatium
3125 3426 3188 3492 “,
3220 3429 3362 3481 circa
3395 3441 3462 3484 ea

1877 3535 2000 3587 qua:
2032 3518 2264 3588 quisque
2306 3520 2462 3588 petit,
2493 3518 2805 3574 habeamus.

1877 3610 2047 3664 Vens.
2087 3609 2176 3665 il.
2224 3608 2304 3663 De
2358 3611 2536 3680 {ructu
2567 3613 2765 3666 uentris
2807 3613 2884 3665 tui
2913 3627 3106 3681 ponam
3135 3628 3293 3681 super
3317 3613 3464 3666 thro-

2514 3698 2637 3734 num
2669 3694 2842 3738 tuum.

1945 3770 2212 3838 Quoniam
2281 3783 2364 3836 tu,
2423 3773 2629 3843 inquit,
2689 3773 2765 3828 ita
2829 3774 3084 3841 credens,
3131 3788 3464 3846 cognoscere

1875 3865 1990 3920 haec
2020 3867 2243 3932 optasti,
2285 3881 2484 3934 nempe
2511 3866 2690 3922 locum
2717 3881 2824 3938 quo
2860 3871 2928 3922 ad
2971 3868 3223 3924 homines
3269 3877 3464 3920 ventu-

1875 3974 1969 4013 rus
2026 3968 2109 4014 est
2152 3958 2424 4026 Salvator,
2487 3961 2674 4029 accipe
2725 3962 2864 4016 hanc
2918 3963 3195 4025 notitiam,
3247 3971 3302 4014 et
3343 3969 3462 4014 esto

1873 4051 2128 4105 salutaris
2179 4049 2296 4118 ejus
2341 4052 2647 4106 nativitatis
2697 4053 2972 4107 minister.
3031 4052 3270 4108 Fructus
3315 4053 3458 4106 enim

1878 4154 2000 4197 tuus
2029 4144 2133 4196 erit
2155 4143 2247 4212 qui
2283 4143 2500 4198 futurus
2525 4154 2634 4212 est,
2655 4159 2722 4198 ex
2755 4152 2845 4198 tua
2873 4146 3134 4214 progenie
3165 4159 3230 4198 ac
3253 4144 3461 4197 semine

1871 4245 2280 4302 proventurus:
2319 4235 2556 4304 ideoque
2589 4247 2644 4290 et
2685 4236 2788 4308 ipsi
2829 4237 3052 4291 dabitur
3080 4241 3312 4291 thronus
3345 4251 3464 4304 pro-

1871 4329 2092 4395 missus,
2137 4330 2264 4398 quia
2319 4345 2479 4385 nemo
2523 4340 2606 4386 est
2634 4333 2810 4396 alius,
2856 4341 3053 4401 praeter
3107 4331 3258 4383 illum
3304 4345 3369 4384 ex
3406 4340 3458 4384 te

1873 4422 2170 4488 oriturum,
2201 4423 2294 4490 qui
2327 4424 2384 4476 in
2419 4424 2695 4491 promisso
2720 4423 2920 4480 throno
2943 4425 3134 4479 sedere
3159 4434 3457 4476 mereatur.

170 4498 545 4568 ελευσόμενον,
576 4497 726 4563 ἄξιον
765 4494 901 4550 εἶναι
944 4497 1038 4550 τοῦ
1065 4497 1149 4550 σοὶ
1182 4498 1598 4568 ἐπηγγελμένον
1635 4497 1758 4570 θρό-

1894 4511 2048 4577 Quare
2083 4521 2139 4565 et
2190 4511 2412 4567 Gabriel
2445 4513 2626 4566 Mariae
2666 4515 2844 4568 dixit:
2887 4513 2955 4566 Et
3001 4512 3147 4565 dabit
3190 4510 3271 4564 illi
3317 4510 3458 4563 Deus

171 4608 277 4643 νου.
311 4587 614 4657 Τοιγαροῦν
645 4589 738 4641 καὶ
765 4592 794 4642 ὁ
825 4587 1064 4661 Γαϐριὴλ
1099 4590 1235 4660 πρὸς
1259 4590 1359 4661 τὴν
1393 4591 1628 4660 Μαριάμ
1656 4608 1760 4661 φη-

174 4700 254 4736 σι·
281 4683 389 4736 Καὶ
427 4681 608 4734 δώσει
630 4679 791 4746 αὐτῷ
816 4683 848 4734 ό
884 4681 1030 4746 Θεὸς
1064 4679 1172 4733 τὸν
1203 4681 1421 4749 θρόνον
1440 4681 1621 4735 Δαυῒδ
1653 4683 1758 4736 τοῦ

171 4777 386 4845 πατρὸς
405 4775 617 4837 αὑτοῦ,
648 4774 744 4827 καί
792 4774 1156 4838 ,βασιλεύσει
1191 4774 1290 4828 ἐπί
1315 4773 1421 4827 τὸν
1449 4771 1620 4828 οἷκον
1659 4775 1760 4828 Ἰα-

172 4866 286 4920 κὼϐ
309 4869 400 4933 εις
434 4865 539 4919 τὸν
569 4865 778 4919 αἰῶνα.

182 4959 308 5013 Ἐὰν
335 4957 724 5028 φυλάξωνται
756 4960 812 5012 οι
854 4959 977 5014 vlol
1005 4973 1122 5013 σου
1144 4957 1258 5025 τὴν
1286 4957 1582 5026 διαθήκην
1613 4976 1752 5026 μου.

231 5049 680 5121 Καθεσθήσονται
713 5052 801 5103 ἐπ’
835 5051 996 5105 αὑτὸν
1034 5050 1234 5122 δηλαδὴ
1275 5050 1364 5102 τὸν
1395 5050 1488 5103 τοῦ
1521 5049 1756 5121 Χριστοῦ

169 5144 348 5216 Θρόνον
385 5145 436 5197 οἱ
472 5141 645 5204 αὑτοῦ,
691 5144 930 5214 μαθηταὶ
963 5144 1056 5198 καὶ
1087 5143 1355 5213 διάδοχον
1405 5142 1546 5212 πλὴν
1585 5143 1759 5206 οὐδεὶς

172 5237 356 5307 φθόνος
387 5239 482 5291 καὶ
514 5238 626 5298 τοῖς
657 5239 768 5299 σοῖς
796 5239 953 5300 υἱοῖς.
983 5230 1027 5289 ὦ
1061 5234 1244 5300 Δαυῒδ,
1278 5236 1526 5286 τουτέστι
1554 5237 1664 5296 τοῖς
1694 5236 1758 5286 έκ

169 5329 490 5400 περιτομῆς,
521 5327 615 5382 καὶ
654 5329 702 5381 εί
735 5326 1122 5398 παραδέξοιντο
1163 5327 1255 5379 τὸν
1292 5327 1547 5397 Χριστδν,
1586 5328 1679 5379 καὶ
1708 5329 1756 5380 εί

170 5423 484 5492 φυλάξοιντο
515 5421 613 5492 τὴν
663 5419 926 5490 διαθήκην
963 5437 1061 5490 μου
1092 5419 1185 5472 καὶ
1221 5418 1289 5472 τὰ
1318 5419 1595 5491 μαρτύριά
1626 5437 1752 5490 μου,

169 5517 222 5569 οὔ
258 5516 326 5568 τὰ
370 5512 462 5566 διὰ
504 5513 606 5582 τῆς
655 5511 879 5585 πρώτης
919 5511 1239 5582 νομοθεσίας
1284 5512 1566 5582 δεδομένα,
1615 5511 1751 5566 ἀλλὰ

169 5606 331 5661 ταῦτα
361 5606 398 5660 ἃ.
425 5605 622 5671 διδάξω
642 5606 860 5670 αὐτοὺς,
894 5604 1152 5674 μέλλοντα
1181 5605 1363 5668 αὐτοῖς
1393 5603 1618 5676 ὕστερόν
1651 5623 1750 5658 πο-

169 5713 224 5751 τε
251 5696 731 5770 παραδοθήσεσθαι
778 5697 866 5750 διὰ
903 5696 1002 5766 τῆς
1029 5697 1220 5766 καινῆς
1255 5695 1539 5768 διαθήκηςσ
1573 5697 1621 5749 εἰ
1647 5695 1756 5768 γὰρ

240 5839 282 5871 ⁸³
308 5838 449 5893 Psal.
488 5855 678 5908 τηις,
707 5840 758 5894 .i.
837 5839 1061 5895 "Hebr.
1095 5855 1166 5905 vr,
1198 5839 1283 5896 18.
1363 5842 1406 5873 ³⁵
1435 5842 1568 5898 Luc.
1615 5859 1650 5908 ι,
1682 5843 1769 5897 52.

1869 4605 2115 4657 thronum
2155 4602 2373 4658 Davidis
2413 4607 2580 4674 patris
2613 4608 2753 4673 ejus,
2779 4605 3120 4676 regnabitque
3171 4619 3330 4672 super
3370 4605 3459 4656 do-

1867 4713 2012 4750 mum
2056 4695 2225 4750 Jacob
2264 4699 2318 4751 in
2350 4697 2691 4753 a’lernum”.
2939 4708 2948 4716 ’

1869 4955 2038 5012 Vens.
2065 4959 2154 5013 ιε.
2178 4957 2234 5015 Si
2260 4961 2602 5017 custodieriut
2619 4962 2721 5031 ﬁlii
2748 4963 2826 5016 tui
2852 4970 3218 5016 testamentum
3258 4977 3454 5020 meum.

1940 5047 2220 5105 Sedebunt
2276 5067 2443 5122 super
2505 5055 2625 5122 ipso
2688 5055 2943 5109 videlicet
2995 5051 3198 5107 Christi
3258 5057 3456 5108 throno

1869 5138 2122 5209 discipuli
2170 5142 2291 5210 ejus
2316 5158 2382 5198 ac
2414 5159 2787 5200 successores.
2829 5142 3217 5198 Verumtamen
3269 5159 3337 5197 ne
3378 5145 3453 5198 tui

1869 5230 2088 5299 quidem
2127 5232 2246 5302 ﬁlii,
2272 5250 2306 5291 ο
2345 5236 2538 5302 David,
2572 5236 2682 5291 ulla
2736 5251 2794 5290 rc
2839 5235 3256 5300 fraudabuutur,
3291 5235 3342 5290 id
3372 5246 3457 5290 est

1866 5323 2313 5383 circumcisionis
2347 5328 2590 5394 asseclae,
2630 5331 2674 5384 si
2707 5331 2865 5383 modo
2905 5327 3183 5385 Christum
3233 5342 3456 5397 recepe-

1866 5416 2001 5484 rint,
2045 5428 2101 5473 et
2127 5431 2343 5489 pactum
2395 5437 2576 5476 meum
2621 5438 2689 5478 ac
2737 5421 3047 5477 testimonia
3089 5421 3451 5484 servaverint,

1865 5525 1972 5564 non
2003 5512 2094 5566 illa
2121 5513 2187 5568 ad
2213 5516 2458 5585 priorem
2512 5515 2912 5586 legislationem
2955 5513 3312 5584 pertinentia,
3354 5516 3450 5567 sed

1862 5619 1925 5658 ea
1964 5621 2085 5676 qua:
2118 5608 2316 5664 deinde
2348 5610 2494 5679 ipsos
2524 5609 2754 5673 docebo,
2796 5621 3024 5679 qumque
3060 5606 3183 5662 novi
3227 5605 3451 5661 fmderis

1868 5706 2115 5768 tempore
2170 5702 2430 5759 tradenda
2472 5711 2621 5761 sunt.
2658 5701 2896 5760 Omnino
2937 5701 2983 5758 si
3034 5701 3149 5756 haec
3194 5710 3452 5759 servave-
