4014 6382
496 388 569 446 Si
1170 378 1442 440 EUSEBII
1476 368 1958 437 CESARIENSIS
1993 363 2148 423 OPP.
2186 359 2367 417 PARS
2404 358 2493 415 Ill.
2528 389 2595 401 —
2632 350 3040 410 EXEGETICA.
3686 341 3758 397 62

502 505 645 557 lente
673 502 782 555 Deo
813 499 880 554 ad
907 499 1276 555 exsistendum
1306 498 1589 567 perducta.
1639 493 1696 547 Si
1728 489 1857 561 quid
1886 497 2068 541 tamen

2197 475 2590 550 ιελήματιθεοῦ
2604 471 2945 543 γεγενημένα
2964 486 2977 499 ·
3009 469 3057 521 εί
3090 466 3146 519 δέ
3171 465 3224 518 τί
3258 464 3405 515 ἐστιν
3433 461 3491 513 ὲν
3515 457 3754 530 οὐρανῷ,

500 601 587 649 est
626 594 679 647 in
717 593 881 655 cmlo,
916 590 1074 645 veluti
1102 590 1365 657 spiritalia
1400 585 1675 656 nequitiae,
1702 591 1798 635 aut
1830 580 1884 633 in
1913 586 2079 637 terra,

502 684 668 739 veluti
719 683 968 738 homines
1012 688 1343 749 peccatores,
1396 686 1491 731 aut
1537 677 1590 731 in
1639 671 1902 735 maribus,
1936 669 2084 725 velut

500 774 754 829 draconis
796 770 1127 841 improbitas,
1161 777 1253 823 aut
1293 770 1344 822 in
1386 768 1618 840 abyssis,
1648 765 1797 821 velut
1818 760 2080 831 iniquitas

502 865 857 922 scelestarum
914 862 1148 925 illorum,
1199 860 1293 931 qui
1342 860 1467 914 illuc
1520 859 1672 913 abire
1712 854 1849 925 iussi
1909 860 2078 915 sunt;

504 956 663 1024 haec,
724 958 977 1027 inquam,
1026 955 1167 1009 Deus
1219 969 1326 1008 non
1379 952 1560 1007 eﬂecit
1617 950 1899 1004 voluntate
1957 960 2076 1000 sua.

510 1049 751 1118 Namque
778 1062 845 1102 ex
878 1060 976 1102 ore
1004 1043 1218 1099 Domini
1253 1046 1395 1101 haud
1431 1041 1722 1114 prodibunt
1750 1037 1886 1092 mala
1921 1034 2080 1092 simul

433 1137 437 1141 ’
500 1151 559 1197 et
611 1142 831 1198 bonum.

616 1230 781 1288 Vnus.
811 1233 870 1288 7.
906 1232 1010 1298 Qui
1042 1231 1219 1286 educit
1251 1234 1429 1283 ventos
1456 1227 1520 1279 de
1553 1223 1817 1279 thesauris
1850 1222 1980 1275 suis.

582 1326 713 1380 Dum
764 1326 854 1382 hic
901 1325 1037 1382 dicit
1095 1330 1421 1386 thesauros,
1482 1322 1629 1377 haud
1677 1334 1809 1373 sane
1878 1317 2081 1371 indicat

507 1420 769 1488 quosdam
822 1432 943 1474 esse
998 1424 1282 1471 ventorum
1323 1414 1647 1477 thesauros,
1695 1409 1790 1464 sed
1836 1406 2080 1476 iubentis

506 1511 689 1581 potius
719 1509 1078 1571 celeritatem,
1111 1516 1167 1560 et
1200 1508 1277 1559 rei
1322 1518 1588 1575 possessa:
1621 1509 1867 1573 paratam
1908 1496 2081 1551 facili-

508 1612 699 1658 tatem.
743 1603 895 1658 Sicut
927 1602 1070 1657 enim
1101 1600 1192 1669 qui
1227 1600 1540 1653 thesaurum
1593 1595 1733 1666 apud
1780 1608 1839 1648 se
1888 1589 2076 1654 habet,

508 1693 761 1763 expedite
813 1693 1136 1757 admodum,
1190 1690 1620 1759 quotiescunque
1684 1684 1830 1749 vult,
1883 1690 2078 1735 cuncta

2180 574 2255 637 ὼς
2292 572 2359 625 τά
2392 565 2733 636 πνευματικὰ
2762 564 2861 629 τῆς
2894 559 3176 631 πονηρίας,
3213 558 3246 627 ἢ
3278 559 3335 609 ὲν
3377 558 3443 627 τῇ
3487 558 3557 626 γῇ
3592 555 3667 617 ὡς
3704 554 3758 607 oi

2181 662 2494 736 ἁμαρτωλοὶ
2508 656 2855 730 ἀνθρωποι,ἢ
2892 656 2949 705 ὲν
2978 656 3098 714 ταῖς
3139 650 3458 717 θαλάσσαις,
3493 647 3569 711 ὡς
3599 648 3631 718 ἠ
3660 645 3758 699 τοῦ

2180 756 2471 828 δράκοντος
2500 749 2687 814 κακία,
2719 749 2752 819 ἢ
2789 750 2846 799 ὲν
2896 747 3016 807 ταῖς
3053 742 3314 805 ἀδύσσοις
3342 740 3419 803 ὡς
3458 741 3492 810 ή
3525 738 3764 808 πονηρία

2178 847 2287 901 τῶν
2339 840 2834 916 προστασσομένων
2874 837 2991 888 ἐκεῖ
3036 833 3289 887 ἀπελθεῖν
3342 827 3546 892 κακῶν,
3601 826 3765 880 τοῦτο

2178 940 2277 1007 οὐχ
2303 939 2332 988 6
2364 935 2494 998 Θεὸς
2522 932 2742 1002 ἐποίησε
2770 927 2846 997 τῷ
2875 926 3141 996 θελήματι
3174 922 3337 977 αὑτοῦ
3362 938 3375 951 ο
3409 924 3472 974 ὲκ
3502 919 3610 989 γὰρ
3639 918 3766 971 στό-

2183 1042 2351 1096 ματος
2394 1021 2597 1093 Κυρίου
2648 1021 2749 1073 οὐκ
2815 1016 3159 1083 ἐξελεύσεται
3210 1024 3281 1067 τα
3341 1010 3489 1066 κακά
3542 1009 3639 1063 καὶ
3694 1006 3766 1064 τὸ

2180 1116 2403 1186 ἀγαθόν.

2332 1210 2385 1260 '0
2413 1204 2645 1275 ἐξάγων
2674 1202 2933 1271 ἀνέμους
2958 1200 3027 1253 ἐκ
3060 1194 3379 1264 θησαυρῶν
3409 1194 3615 1249 αὐτοῦ.

2251 1299 2323 1351 Τὸ
2347 1299 2522 1350 εἰπεῖν
2554 1298 2618 1349 ὲκ
2649 1292 2961 1365 θησαυρῶν,
2987 1290 3047 1342 οὐ
3073 1288 3231 1342 τοῦτο
3274 1286 3424 1357 δηλοῖ
3450 1288 3532 1339 ὃτι
3557 1285 3769 1356 θησαυ-

2184 1389 2265 1460 ροί
2300 1389 2443 1451 τινές
2475 1388 2581 1440 είσι
2608 1385 2715 1439 τῶν
2749 1383 2985 1453 ἀνέμων,
3027 1380 3161 1435 ἀλλὰ
3190 1378 3251 1431 τὸ
3282 1378 3499 1444 ἕτοιμον
3522 1374 3615 1428 τοῦ
3641 1378 3767 1428 επι-

2178 1481 2485 1541 τάττοντος,
2519 1477 2579 1530 τὸ
2610 1473 2832 1527 εὔκολον
2870 1472 2969 1542 τῆς
3021 1470 3266 1539 κτήσεως
3312 1463 3767 1536 παρεσκευασμέ-

2181 1586 2302 1623 νον·
2356 1568 2543 1638 ὢσπερ
2590 1566 2661 1621 ἂν.
2708 1566 2736 1616 6
2789 1564 2845 1615 ἐν
2896 1558 3155 1631 Θησαυρῷ
3204 1558 3341 1627 ἔχων
3395 1556 3533 1625 μετά
3579 1553 3766 1616 ἀδείας

2180 1658 2364 1726 ἐξάγει
2397 1657 2572 1710 πάντα
2596 1653 2689 1707 καὶ
2710 1655 2797 1706 ὅτε
2826 1649 3097 1721 βούλεται,
3127 1647 3301 1710 οὕτως
3326 1646 3421 1697 καὶ
3442 1646 3471 1697 6
3496 1644 3587 1697 τοῦ
3619 1661 3761 1697 παν-

514 1736 761 1763 ..-νυν-ν
813 1736 1136 1757 -....,ν.......,
1191 1736 1617 1759 γυνπνη-Ἰη
1724 1736 1830 1749 _,-,

514 1783 643 1837 inde
678 1784 920 1853 profert;
969 1782 1041 1839 ita
1075 1789 1130 1835 et
1150 1781 1390 1834 omnium
1430 1776 1661 1831 Creator
1689 1784 1880 1829 cuncta
1922 1770 2081 1825 facile

2197 1753 2269 1815 ςδς
2307 1748 2645 1821 Δημιουργὸς
2680 1746 2854 1799 πάντα
2880 1740 3113 1802 εὐκόλως
3146 1739 3367 1809 ἐποίησε
3397 1740 3489 1790 καὶ
3512 1740 3577 1808 τῇ
3602 1736 3763 1805 φύσει

505 1872 705 1939 effecit,
736 1882 790 1927 et
818 1873 883 1926 ad
910 1872 1289 1926 exsistentiam
1316 1868 1583 1938 perduxit.

616 1963 782 2017 Vens.
816 1963 870 2017 8.
921 1962 1027 2027 Qui
1065 1964 1322 2032 percussit
1351 1958 1700 2030 primogenita
1732 1954 1973 2026 £gypti.

579 2056 716 2122 Quia
750 2055 989 2109 nonnulli
1035 2054 1303 2109 mundana
1338 2050 1707 2105 tantummodo
1743 2064 1807 2103 ac
1838 2046 2082 2101 caelestia

506 2149 701 2203 dicunt
740 2146 1077 2217 providentia
1123 2145 1215 2199 Dei
1264 2140 1579 2209 gubernari,
1605 2141 1945 2194 demonstrat
1992 2138 2085 2190 hu-

514 2254 671 2293 mana
704 2252 918 2307 quoque
953 2252 1097 2291 cura:
1131 2250 1251 2291 esse
1277 2234 1477 2300 eidem,
1517 2232 1606 2301 qui
1636 2240 1691 2284 et
1719 2244 1863 2284 nunc
1892 2228 2085 2296 impios

512 2329 689 2396 punit,
735 2336 790 2381 et
840 2327 1048 2396 piorum
1098 2341 1275 2396 genus
1322 2323 1578 2394 protegit.
1627 2322 1732 2375 Sed
1770 2320 1913 2375 enim
1956 2318 2082 2372 olim

513 2418 731 2485 quidem
760 2417 937 2486 portio
966 2424 1085 2471 erat
1114 2416 1348 2481 Domini,
1376 2415 1427 2468 id
1462 2425 1545 2469 est
1574 2413 1670 2467 Dei
1702 2412 1885 2479 Verbi,
1918 2424 2085 2479 popu-

514 2509 600 2563 lus
643 2508 761 2575 ejus
811 2506 1015 2571 Jacob,
1059 2506 1330 2561 funiculus
1368 2506 1704 2560 hmreditatis
1752 2504 1869 2574 ejus
1897 2501 2080 2575 Israel.

515 2596 806 2664 Postquam
844 2612 971 2651 vero
1004 2597 1075 2651 ob
1115 2612 1267 2651 suam
1312 2572 1792 2666 irreligiositatem
1827 2593 1914 2646 ille
1962 2572 2085 2660 pro-

513 2687 696 2755 lapsus
740 2694 854 2751 est,
906 2687 1107 2741 dictum
1152 2685 1253 2739 fuit
1302 2686 1594 2739 humanato
1624 2683 1806 2738 Verbo
1845 2702 1858 2737 :
1898 2682 2022 2736 Pete
2053 2700 2084 2735 a

514 2794 614 2842 me,
647 2787 694 2831 et
726 2778 860 2831 dabo
893 2778 986 2830 tibi
1015 2786 1190 2846 gentes
1221 2776 1577 2830 hereditatem
1610 2786 1753 2828 tuam
1776 2774 1842 2826 ".

622 2953 784 3008 Vens.
819 2954 907 3008 45.
937 2953 1179 3019 Domine,
1211 2970 1397 3007 nomen
1432 2963 1577 3005 tuum
1617 2953 1671 3005 in
1705 2963 1981 3005 reternum.

586 3046 726 3099 Nihil
754 3055 1034 3115 tantopere
1068 3046 1135 3099 ad
1163 3046 1399 3099 divinam
1432 3044 1835 3098 Providentiam
1853 3053 2084 3112 spectat.

2110 1831 2153 1885 Β
2184 1843 2519 1914 παρέδωκεν.

2364 1936 2470 2000 Ὃς
2498 1929 2757 1995 ἐπάταξε
2780 1928 2852 1982 τὰ
2877 1926 3223 1995 πρωτότοκα
3249 1922 3574 1993 Αἰγύπτου.

2267 2024 2484 2095 Ἐπειδὴ
2535 2023 2592 2076 δὲ
2641 2021 2709 2073 τὰ
2765 2018 2994 2073 καθόλου
3043 2017 3136 2070 καὶ
3174 2012 3403 2085 οὐράνιά
3444 2010 3575 2080 φασί
3620 2025 3766 2073 τινες

2185 2119 2413 2191 προνοίᾳ
2446 2114 2761 2170 διοικεῖσθαι
2799 2113 2935 2184 μόνῃ
2969 2108 3124 2173 Θεοῦ,
3176 2108 3446 2161 δείκνυσιν
3488 2104 3563 2167 ὡς
3612 2101 3767 2173 μέλει

2186 2213 2279 2266 καὶ
2324 2211 2432 2264 τῶν
2485 2206 2839 2280 ἀνθρωπίνων
2884 2201 3053 2273 αὐτῷ,
3105 2202 3200 2254 καὶ
3251 2198 3344 2252 νῦν
3377 2197 3503 2258 τοὺς
3547 2193 3768 2255 ἀσεϐεῖς

2186 2302 2465 2365 κολάζοντι
2517 2301 2610 2351 καὶ
2653 2296 2761 2349 τῶν
2811 2294 3048 2348 εὐσεϐῶν
3090 2290 3441 2361 οίκειουμένῳ
3481 2287 3542 2339 τὸ
3582 2285 3762 2354 γένος.

2199 2394 2356 2448 Ἀλλά
2390 2392 2556 2445 πάλαι
2588 2391 2685 2461 μὲν
2718 2385 2784 2459 ἧν
2822 2389 2977 2457 μερὶς
3011 2385 3237 2456 Κυρίου,
3272 2380 3470 2453 δηλαδὴ
3498 2377 3591 2431 τοῦ
3627 2374 3765 2429 Θεοῦ

2184 2488 2379 2555 Λόγου,
2414 2485 2541 2547 λαὸς
2588 2481 2750 2535 αὐτοῦ
2806 2478 3019 2543 Ἰακὼϐ,
3069 2478 3355 2548 σχοίνιτμα
3401 2470 3769 2542 κληρονομίας

2186 2580 2349 2633 αὐτοῦ
2401 2576 2655 2646 Ἰσραήλ·
2705 2573 2892 2643 ἐπειδὴ
2935 2572 2991 2624 δὲ
3036 2570 3102 2623 δι’
3143 2569 3209 2639 ἣν
3256 2567 3477 2637 ἔδρασεν
3507 2562 3767 2616 ἀσέϐειαν

2186 2674 2388 2732 ἐκεῖνος
2430 2666 2803 2726 ἐκπέπτωκεν,
2839 2661 3317 2733 ὲνανθρωπήσαντι
3361 2657 3629 2709 λέλεκται·
3665 2654 3770 2708 Αἴ-

2185 2777 2362 2827 τησαι
2397 2757 2531 2825 παρ’
2556 2757 2722 2825 ἐμοῦ,
2772 2752 2871 2807 καὶ
2896 2751 3065 2805 δώσω
3093 2766 3189 2802 σοι
3221 2748 3365 2814 ἔθνη
3399 2745 3515 2812 τὴν
3547 2747 3767 2812 κληρο-

2185 2848 2401 2915 νομίαν
2434 2860 2572 2897 σου.

2397 2938 2595 3004 Κύριε,
2630 2935 2694 2988 τὸ
2729 2930 2914 3002 ὄνομά
2944 2944 3060 2983 σου
3092 2932 3182 2995 εις
3214 2927 3319 2981 τὸν
3346 2925 3551 2980 αἰῶνα.

2260 3030 2423 3083 Οὐδὲν
2456 3028 2596 3081 οὕτω
2619 3028 2718 3098 τῆς
2740 3025 2889 3088 θείας
2915 3021 3197 3095 Προνοίας,
3221 3021 3296 3079 ὡς
3323 3020 3382 3071 τὸ
3405 3017 3611 3081 διδάξαι
3642 3017 3770 3079 τοὺς

514 3153 677 3207 quam
718 3138 911 3191 docere
952 3136 1221 3197 homines.
1258 3149 1322 3189 ne
1353 3150 1533 3189 rerum
1574 3136 1712 3188 hanc
1749 3133 2074 3187 universita-

2197 3122 2508 3193 ἀνθρώπους
2546 3118 2620 3189 μὴ
2664 3118 2955 3171 ἀδέσποτον
2984 3112 3121 3168 εἶναι
3157 3114 3217 3165 τὸ
3262 3114 3401 3165 πᾶν
3445 3110 3565 3161 ὅθεν
3592 3109 3687 3161 καὶ
3734 3110 3768 3177 ἡ

518 3239 623 3283 tem
654 3230 770 3283 sine
806 3228 1169 3297 gubernatore
1202 3241 1322 3281 esse
1353 3226 1598 3280 credant.
1646 3225 1822 3288 Quare
1863 3232 1918 3278 et
1953 3239 2084 3278 con-

520 3323 672 3375 tinua
700 3320 839 3390 apud
877 3335 975 3374 nos
1017 3328 1099 3374 est
1136 3318 1229 3372 Dei
1264 3319 1545 3379 memoria,
1572 3317 1725 3383 cujus
1758 3317 2091 3386 magnitudi-

518 3427 639 3466 nem
688 3428 717 3465 a
752 3411 1049 3478 majoribus
1096 3409 1241 3463 servi
1276 3408 1390 3477 ejus
1425 3407 1632 3470 edoui,
1685 3408 1974 3475 praesentia
2015 3407 2094 3461 di-

508 3520 641 3559 cere
676 3506 893 3559 discunt
926 3513 980 3557 et
1009 3503 1233 3565 audent,
1286 3502 1421 3554 satis
1465 3500 1621 3570 gnari
1672 3499 1786 3552 fore
1821 3506 1877 3553 ut
1911 3513 2092 3553 recre-

517 3606 703 3662 entur,
735 3597 861 3665 quia
905 3594 1170 3662 judicium
1204 3594 1295 3647 Iiet
1326 3594 1392 3647 de
1423 3594 1630 3661 reliquo
1662 3592 1879 3661 populo,
1906 3607 2091 3646 eorum

518 3704 680 3744 eausa
729 3687 821 3757 qui
859 3686 953 3740 Dei
1004 3700 1199 3739 nomen
1244 3685 1421 3739 sciunt
1456 3694 1511 3738 et
1549 3685 1809 3737 memoria
1856 3694 2091 3739 versant.

516 3780 624 3837 Pro
652 3780 733 3835 eis
778 3780 993 3847 itaque,
1040 3785 1297 3845 tanquam
1329 3791 1429 3847 pro
1469 3777 1644 3830 servis
1679 3776 1836 3830 venia
1890 3779 2099 3846 egenti-

520 3874 652 3931 bus.
691 3872 1041 3939 deprecatur.

631 3961 789 4015 Vens.
827 3960 914 4015 15.
947 3960 1101 4013 Mala
1130 3960 1361 4029 gentium
1392 3966 1678 4027 argentum,
1699 3967 1749 4012 et
1779 3975 1990 4011 aurum.

594 4053 858 4107 Absoluto
896 4050 1201 4120 theologico
1232 4051 1376 4103 circa
1411 4050 1695 4104 Domimun
1739 4063 2011 4112 sermone,
2047 4057 2102 4103 et

522 4146 876 4217 providentia:
910 4143 1028 4211 ejus
1056 4145 1270 4211 magnis
1301 4144 1558 4211 cperibus
1589 4143 1944 4204 enumeratis,
1980 4152 2099 4194 tan—

523 4254 685 4306 quam
732 4236 908 4291 adhuc
955 4250 1142 4290 scrvos
1193 4250 1287 4289 eos
1329 4236 1632 4303 alloquens,
1677 4234 1765 4303 qui
1812 4250 1878 4287 ex
1915 4249 2101 4288 errore

523 4329 871 4401 polytbeismi
914 4342 1086 4395 nuper
1129 4336 1517 4389 accesserant,
1564 4325 1750 4393 objicit
1795 4336 2099 4393 putatorum

522 4423 652 4474 olim
683 4422 750 4474 ab
781 4420 917 4489 ipsis
953 4420 1180 4473 deorum
1224 4418 1711 4486 vituperationem;
1743 4427 2100 4473 consentanee

2193 3213 2446 3284 διηνεκὴς
2475 3209 2641 3264 αὑτοῦ
2694 3210 2878 3280 μνήμη
2923 3206 3228 3276 καθέστηκε
3259 3202 3387 3273 παρ’
3424 3204 3575 3271 ἡμῖν,
3608 3193 3669 3252 οὗ
3710 3200 3773 3252 τὸ

2198 3306 2427 3377 μέγεθος
2476 3304 2564 3357 διὰ
2609 3304 2717 3356 τῶν
2771 3300 3150 3372 προλαϐόντων
3198 3300 3248 3351 οί
3286 3295 3460 3347 δοῦλοι
3506 3293 3772 3364 μαθόντες

2195 3405 2377 3469 αὑτοῦ,
2414 3406 2481 3458 τὰ
2512 3402 2751 3472 παρόντα
2784 3400 2961 3468 λέγειν
2988 3397 3329 3451 διδάσκονται
3356 3392 3449 3445 καὶ
3483 3389 3771 3462 παραθαρ-

2198 3496 2467 3568 ρύνονται.
2509 3492 2766 3564 μαθόντες
2802 3489 2875 3552 ὼς
2903 3490 2988 3541 ἐπ’
3019 3488 3201 3549 αὐτοῖς
3235 3480 3771 3555 παρακληθήσονται,

2195 3589 2294 3657 τῆς
2341 3587 2572 3657 κρίσεως
2614 3580 3021 3648 ἀκολουθούσης
3065 3580 3177 3639 τοῖς
3222 3576 3427 3638 λοιποῖς
3476 3571 3571 3625 τοῦ
3616 3570 3769 3634 λαοῦ,

2195 3682 2306 3742 τοῖς
2334 3676 2669 3745 ἐπεγνωκόσι
2700 3674 2760 3726 τὸ
2791 3672 2959 3741 ὄνομα
2993 3670 3179 3729 αὑτοῦ,
3215 3668 3309 3719 καὶ
3334 3666 3396 3718 τὸ
3429 3664 3773 3735 μνημόσυνον

2197 3770 2408 3838 ἔχουσιν
2432 3783 2445 3795 ⁸
2483 3767 2567 3817 ἐπ’
2598 3764 2825 3824 ἐκείνοις
2871 3762 2927 3813 δὲ
2960 3761 3035 3821 ὡς
3066 3758 3129 3811 ἂν
3163 3759 3253 3810 ἐπὶ
3285 3754 3489 3817 δούλοις
3524 3752 3771 3822 συγγνῶ-

2202 3876 2306 3930 μης
2327 3855 2689 3925 ἐπιδεομένοις
2718 3852 3132 3921 παρακαλεῖται.

2275 3948 2351 4002 Τὰ
2379 3947 2597 4000 είδωλα
2628 3943 2746 3997 τῶν
2773 3941 2964 3996 ἐθνῶν
2991 3941 3275 4009 ἀργύριον
3301 3936 3401 3989 καὶ
3426 3935 3704 4005 χρυσίον.

2268 4037 2595 4099 Συντελέσας
2627 4036 2723 4105 τὴν
2756 4034 2882 4106 περὶ
2924 4032 3019 4085 τοῦ
3074 4031 3279 4102 Κυρίου
3331 4027 3632 4094 θεολογίαν,
3682 4024 3778 4078 καὶ

2198 4131 2295 4199 τῆς
2344 4127 2596 4198 προνοίας
2646 4122 2809 4177 αὑτοῦ
2852 4122 2951 4185 τὰς
3004 4119 3402 4191 μεγαλουργίας
3451 4114 3775 4178 καταλέξας,

2200 4223 2273 4283 ὼς
2308 4220 2386 4271 ἔτι
2421 4216 2624 4279 δούλοις
2660 4213 2865 4285 ὁμιλῶν
2895 4214 3007 4272 τοῖς
3042 4215 3104 4264 ὲκ
3138 4210 3235 4279 τῆς
3272 4206 3536 4261 πολυθέου
3570 4205 3779 4274 πλάνης

2199 4314 2323 4383 ἄρτι
2348 4307 2826 4382 προσεληλυθόσιν,
2850 4300 3307 4373 ἀντιπαραϐάλλει
3324 4298 3429 4351 τῶν
3454 4297 3620 4350 πάλαι
3650 4294 3778 4365 παρ’

2202 4406 2382 4466 αὐτοῖς
2423 4400 2824 4471 νενομισμένων
2863 4396 2999 4448 θεῶν
3048 4395 3139 4447 τὸν
3194 4393 3433 4461 ἔλεγχον,
3473 4386 3783 4448 ἀκολούθως

525 4513 780 4569 nimirum
830 4511 913 4566 his
960 4526 1080 4580 qua:
1124 4525 1290 4579 supra
1338 4510 1572 4571 dixerat,
1623 4524 1827 4575 nempe,
1870 4507 1977 4577 Ego
2008 4526 2090 4561 co-

2198 4493 2278 4561 οἷς
2329 4495 2586 4566 ἀνωτέρω
2617 4494 2828 4563 εἰρήκει
2847 4509 2860 4521 ·
2892 4492 2994 4555 ὅτι,
3035 4494 3037 4498 ’
3061 4485 3207 4557 Ἐγὼ
3236 4484 3469 4553 ἔγνωκα
3488 4481 3575 4534 ὅτι
3599 4480 3783 4549 μένας

524 4606 681 4676 g’noui
712 4598 1106 4673 quoOnagnus
1138 4611 1213 4655 est
1238 4600 1520 4656 Dominus.
1554 4598 1619 4652 Et
1654 4599 1902 4652 Dominus
1931 4609 2103 4654 noster

522 4712 687 4764 supra
744 4709 920 4747 omnes
965 4693 1084 4746 deos
1112 4693 1180 4748 ⁸⁸.
1239 4691 1497 4744 Dominus
1534 4702 1717 4745 noster
1765 4690 1879 4745 ba:c
1918 4700 1972 4744 et
2016 4692 2101 4745 illa

525 4786 679 4850 fecit,
717 4795 828 4839 tum
863 4782 1158 4837 universim
1187 4790 1302 4836 tum
1327 4781 1489 4836 etiam
1522 4780 1819 4849 partiatim.
1851 4779 2101 4835 Gentium

526 4887 706 4931 autem
744 4875 839 4940 dii,
883 4873 1079 4943 quibus
1109 4888 1208 4927 vos
1244 4888 1458 4941 quoque
1485 4872 1697 4941 decepti
1725 4886 1913 4925 errore
1943 4880 2100 4925 antea

528 4964 854 5028 credebatis,
890 4963 1029 5017 nihil
1067 4972 1222 5016 erant
1254 4962 1400 5016 aliud
1426 4977 1585 5031 quam
1628 4972 1838 5015 mortua
1867 4969 1922 5014 et
1956 4971 2099 5014 Inuta

528 5055 838 5110 simulacra.
881 5056 1028 5110 Scite
1062 5063 1240 5108 autem
1278 5062 1333 5108 et
1360 5054 1717 5121 Symmachus
1742 5067 1860 5123 pro,
1905 5051 2100 5106 similes

527 5147 634 5200 illis
674 5148 805 5215 ﬁant
836 5148 926 5217 qui
967 5147 1169 5216 faciunt
1199 5162 1280 5209 ea,
1311 5147 1698 5215 interpretatus
1743 5160 1828 5201 εει
1873 5146 2098 5201 dicens:

528 5240 662 5293 velut
686 5238 802 5307 ipsa
824 5240 955 5306 ﬁant
986 5240 1075 5306 qui
1098 5238 1297 5306 faciunt
1322 5254 1405 5302 ea,
1433 5247 1480 5291 et
1506 5240 1798 5308 quicunque
1820 5238 1948 5307 ipsis
1976 5255 2103 5291 con-

530 5329 729 5397 ﬁdunt.
769 5329 973 5382 Revera
1014 5327 1158 5380 enim
1192 5327 1282 5397 qui
1317 5326 1627 5380 inanimatis
1657 5328 1819 5380 rebus
1848 5336 2101 5395 tanquam

534 5421 638 5473 diis
664 5420 974 5483 attendunt,
1008 5418 1376 5488 lapidescente
1421 5416 1621 5480 anima,
1656 5416 1797 5470 idem
1829 5418 2104 5486 patiuntur

534 5510 678 5580 quod
720 5511 819 5563 abs
862 5525 922 5565 se
962 5509 1103 5564 culta
1144 5509 1309 5575 idola,
1346 5522 1538 5575 nempe
1574 5506 1758 5561 oculos
1797 5508 2003 5563 habent
2048 5519 2103 5563 et

536 5616 640 5654 non
675 5600 878 5666 vident,
912 5616 1070 5656 aures
1098 5599 1300 5653 habent
1330 5609 1386 5653 et
1420 5612 1525 5651 non
1559 5597 1807 5652 audiunt.

609 5798 651 5831 ³¹
680 5796 823 5855 Psal.
852 5814 909 5862 ιι,
941 5798 992 5851 8.
1071 5797 1113 5828 ⁵⁸
1147 5795 1281 5850 Psal.
1320 5809 1536 5857 cxxxn‘,
1573 5792 1625 5846 5.

2203 4588 2437 4653 Κύριος,
2482 4583 2583 4637 καὶ
2639 4585 2671 4635 ὀ
2710 4582 2923 4648 Κύριος
2969 4575 3137 4646 ἡμῶν
3168 4572 3329 4641 παρὰ
3370 4569 3600 4633 πάντας
3638 4567 3783 4632 τοὺς

2204 4681 2377 4744 θεούς
2400 4695 2412 4707 ·
2447 4680 2474 4730 ὁ
2508 4677 2605 4747 μὲν
2634 4676 2741 4745 γὰρ
2780 4671 2985 4741 Κύριος
3030 4666 3187 4737 ἡμῶν
3213 4665 3339 4718 τάδε
3378 4662 3472 4716 καὶ
3499 4660 3624 4714 τάδε
3670 4659 3783 4728 εἱρ-

2204 4770 2410 4839 γάσατο
2443 4768 2499 4820 ἐν
2528 4784 2587 4818 τε
2626 4768 2737 4827 τοῖς
2770 4761 2995 4815 καθόλου
3042 4759 3135 4811 καὶ¹
3184 4760 3242 4809 ὲν
3276 4757 3387 4817 τοῖς
3420 4752 3513 4805 ἐπὶ
3547 4751 3778 4823 μέρους·

2208 4864 2256 4915 οί
2284 4862 2339 4913 δὲ
2382 4860 2490 4913 τῶν
2532 4856 2703 4911 ἐθνῶν
2736 4856 2865 4917 θεοὶ,
2894 4852 2987 4916 οὒς
3015 4852 3110 4905 καλ⁵
3148 4848 3302 4901 αὐτοὶ
3350 4841 3783 4912 πεπλανημένως

2208 4952 2485 5023 ἐνομίζετε
2516 4949 2798 5021 πρότερον,
2836 4944 2989 4999 οὐδὲν
3028 4939 3167 5013 ἦσαν
3191 4941 3376 5010 ἕτερον
3406 4938 3439 5007 ἢ
3474 4934 3662 4988 εἴδωλα
3697 4948 3785 4984 νε-

2209 5046 2315 5115 κρά
2352 5043 2444 5096 καὶ
2481 5040 2662 5109 κωφά.
2701 5036 3014 5108 Χαριέντως
3044 5033 3101 5086 δὲ
3132 5032 3226 5084 καὶ
3269 5032 3297 5083 6
3339 5028 3633 5098 Σύμμαχος
3662 5024 3784 5078 ἀντὶ

2174 5136 2323 5199 τοῦ,
2370 5134 2560 5204 ὅμοιοι
2604 5129 2807 5195 αὐτοῖς
2854 5126 3119 5197 γένοιντο
3164 5126 3217 5175 οἱ
3260 5119 3571 5183 ποιοῦντες
3607 5115 3782 5182 αὐτὰ,

2204 5230 2547 5299 ἡρμήνευσεν
2572 5222 2762 5287 εἰπὼν,
2802 5222 2881 5286 ὡς
2910 5218 3062 5273 αὐτὰ
3084 5215 3353 5285 γένοιντο
3387 5214 3437 5263 οὶ
3468 5207 3787 5272 ποιοῦντες

2207 5320 2375 5383 αὐτὰ,
2408 5319 2505 5371 καὶ
2541 5315 2659 5381 πᾶς
2684 5319 2715 5369 ό
2742 5311 3037 5376 πεποιθὼς
3074 5306 3296 5373 αὐτοῖς.
3329 5304 3439 5357 Καὶ
3468 5302 3577 5371 γὰρ
3613 5300 3783 5383 ὅντως

2207 5406 2255 5457 οἱ
2291 5382 2404 5467 τοῖς
2432 5401 2658 5471 ἀψύχοις
2689 5399 2763 5461 ὡς
2795 5398 2938 5458 θεοῖς
2973 5393 3346 5465 προσέχοντες,
3375 5387 3564 5455 ὥσπερ
3597 5382 3787 5436 ἀπολι-

2208 5495 2469 5557 θωθέντες
2502 5494 2601 5562 τὴν
2634 5490 2829 5560 ψυχὴν,
2869 5486 2965 5540 καὶ
3007 5482 3159 5537 αὐτοὶ
3191 5481 3252 5533 τὸ
3281 5477 3412 5532 αὐτὸ
3451 5471 3784 5527 πεπόνθασιν

2206 5592 2318 5649 τοῖς
2352 5582 2841 5657 προσκυνουμένοις
2875 5580 2963 5631 ὑπ’
3005 5574 3202 5636 αὐτῶν,
3230 5568 3539 5640 ὀφθαλμοὺς
3566 5563 3784 5635 ἔχοντες

2208 5684 2297 5739 καὶ
2323 5683 2383 5736 οὑ
2408 5681 2713 5750 βλέποντες,
2740 5671 2851 5729 ὦτα
2876 5673 3085 5744 ἔχοντες
3112 5670 3203 5724 καὶ
3228 5667 3329 5719 οὐκ
3356 5660 3663 5723 ἀκούοντες.
