4014 6388
241 415 312 474 εδ
1391 411 1900 470 COMMENTARIA
1940 410 2010 467 IN
2048 409 2392 468 PSALMOS.
3472 407 3544 464 54

331 527 565 597 Ὅμοιοι
593 525 800 592 αὐτοῖς
826 526 1098 594 γένοιντο
1127 527 1180 578 oi
1216 525 1536 592 ποιοῦντες
1563 525 1738 580 αὐτά.

301 619 367 672 Oi
420 618 522 687 μὲν
569 615 964 688 προειρημένοι
1027 616 1204 685 ὅμοιοι
1263 616 1604 685 γενήσονται,
1653 615 1687 687 ἢ
1739 614 1834 670 καὶ

230 709 491 778 γεγόνασι
523 712 640 772 τοῖς
670 706 880 761 έαυτῶν
911 707 1054 771 Θεοῖς
1073 725 1084 736 ·
1114 709 1162 761 oi
1194 707 1252 760 δὲ
1277 710 1356 772 είς
1385 708 1476 762 τὸν
1502 709 1700 780 κλῆρον
1729 726 1835 761 πα-

233 798 604 871 ραληφθέντες
634 798 730 851 τοῦ
763 797 924 862 Θεοῦ,
950 797 1045 852 καὶ
1068 796 1200 861 λαὸς
1237 797 1404 852 αὐτοῦ
1449 799 1830 870 χρηματίσαν-

229 908 340 954 τες,
372 892 792 961 Ε’ὺλογήσατε,
819 891 974 962 φησὶ,
997 890 1106 944 τόν
1121 892 1363 957 Κύριον.
1381 891 1659 944 τουτέστιν
1681 893 1832 944 ἀνευ-

230 986 548 1054 φημήσατε,
587 983 656 1037 τά
699 983 908 1054 μεγάλα
938 982 1162 1046 ἑαυτοὺς
1186 981 1548 1052 ὠφελοῦντεςο
1579 982 1828 1036 καλεῖται

227 1075 283 1128 δὲ
299 1074 520 1146 πρῶτον
537 1076 630 1128 ἐπὶ
642 1073 742 1146 τὴν
766 1075 1015 1145 εὐλογίαν
1039 1079 1067 1130 ό
1084 1075 1184 1148 (9')
1203 1076 1338 1131 Θεοῦ
1355 1077 1537 1142 λαδς,ό
1555 1077 1720 1131 καλού
1729 1095 1826 1149 με-

227 1182 312 1230 νος
344 1163 496 1229 οἶκος
545 1167 784 1238 Ἰσραὴλ,
837 1167 898 1220 τὸ
930 1167 1271 1240 ὑποϐεϐηκὸς
1308 1169 1496 1240 τάγμα
1541 1168 1639 1224 τοῦ
1689 1169 1828 1240 πλή-

225 1259 348 1321 θους
369 1276 382 1287 ·
412 1257 668 1330 δεύτερον
706 1259 764 1311 δὲ
790 1259 934 1313 κατά
963 1260 1232 1314 ἀνάϐασιν
1253 1261 1348 1315 καὶ
1375 1260 1650 1333 ὑπεροχὴν
1675 1257 1825 1326 οἶκος

235 1349 450 1422 ’Δαρὼν
471 1368 484 1381 ·
515 1353 612 1405 καὶ
649 1352 836 1423 τρίτον
866 1353 899 1422 ἡ
934 1352 1074 1423 φυλὴ
1107 1355 1257 1406 πᾶσα
1288 1356 1322 1424 ή
1350 1353 1600 1426 ἱερατικὴ
1625 1354 1822 1407 καλου-

222 1443 358 1514 μένη
385 1438 536 1506 οἶκος
578 1443 743 1496 Λευῖ·
791 1444 887 1496 καὶ
930 1442 1068 1513 μετά
1110 1446 1319 1508 πάντας
1349 1443 1608 1515 ἀνωτέρω
1640 1447 1688 1498 oi
1723 1462 1821 1514 φο-

219 1534 477 1606 ϐούμενοι
518 1536 610 1588 τὸν
636 1534 877 1607 Κύριον·
912 1531 1056 1590 οῦτοι
1083 1535 1141 1589 δὲ
1172 1532 1316 1608 ἦσαν
1355 1538 1494 1607 πρὸς
1517 1536 1611 1600 οὓς
1639 1538 1667 1589 ό
1712 1539 1822 1600 πᾶς

219 1625 389 1697 ῦμνος
437 1626 926 1698 προσπεφώνηταιθ
977 1629 1026 1681 oi
1067 1628 1132 1698 δὴ
1177 1629 1238 1682 ὲν
1283 1629 1428 1701 ἀρχῇ
1475 1627 1569 1681 τοῦ
1617 1629 1821 1693 παντὸς

214 1717 437 1787 ψαλμοῦ
459 1718 844 1789 ὠνομασμένοι
863 1717 1059 1784 δοῦλοι,
1081 1718 1284 1790 δηλαδὴ
1298 1721 1349 1772 οἱ
1376 1720 1435 1786 ἐξ
1465 1718 1634 1773 ἐθνῶν
1651 1737 1820 1791 προσ-

220 1810 394 1872 ιόντες
436 1812 505 1880 τῇ
557 1810 757 1863 πίστει.
798 1811 861 1864 Ei
918 1811 1024 1884 γάρ
1082 1811 1146 1865 τὸ
1185 1813 1295 1865 πᾶν
1352 1812 1620 1866 Ἰουδαίων
1666 1812 1818 1876 ἔθνος

1867 535 1918 591 Α

2091 526 2258 580 Vsus.
2293 526 2382 580 18.
2424 522 2639 580 Similes
2672 521 2780 576 illis
2813 522 2947 592 [iant
2981 521 3072 591 qui
3102 521 3306 592 faciunt
3336 537 3421 576 ea.

2009 619 2261 674 Praedicu
2295 618 2600 672 idololatra:
2648 615 2861 670 similes
2910 615 3065 678 ﬁent,
3112 615 3202 668 vel
3245 615 3360 684 jam
3412 620 3544 669 sunt

1935 710 2090 774 facti,
2125 711 2230 764 diis
2258 710 2396 764 suis.
2435 708 2608 763 Secus
2651 722 2804 772 vero,
2840 706 2932 776 qui
2977 706 3031 760 in
3077 716 3279 759 sortem
3308 704 3402 758 Dei
3449 717 3540 758 as-

1933 801 2137 869 sumpti
2165 801 2324 864 estis,
2355 807 2412 853 et
2439 796 2670 867 populus
2701 797 2820 864 ejus
2849 792 3174 858 censemini,
3205 790 3533 855 Benedicite,

1933 892 2133 960 inquit,
2163 890 2434 954 Domino;
2473 890 2525 942 id
2543 899 2648 951 est,
2675 885 3008 947 collaudate,
3049 899 3157 938 non
3196 882 3314 936 sine
3338 895 3535 950 magna

1931 983 2170 1036 utilitate
2200 991 2406 1036 vestra.
2439 979 2658 1034 Primus
2687 988 2870 1033 autem
2901 978 2968 1031 ad
3003 976 3333 1030 laudandum
3372 987 3536 1026 voca-

1932 1083 2021 1127 tur
2054 1073 2148 1128 Dei
2196 1071 2447 1142 populus,
2483 1071 2576 1139 qui
2623 1071 2822 1124 dicitur
2849 1069 3045 1123 domus
3089 1065 3309 1120 lsraelis
3333 1103 3351 1131 ,
3395 1066 3533 1118 ordo

1929 1165 2158 1221 inferior
2187 1165 2381 1231 plebis.
2429 1163 2684 1218 Secundo
2717 1161 2859 1225 loco,
2899 1161 2976 1214 uti
3018 1159 3222 1228 gradus
3260 1154 3533 1212 excelsior

1925 1267 1982 1314 et.
2007 1261 2276 1323 eminens,
2313 1258 2509 1313 domus
2536 1256 2789 1310 Aaronis.
2820 1252 3010 1308 Tertio
3033 1247 3390 1305 sacerdomlis
3413 1247 3535 1300 uni-

1925 1367 2083 1407 versa
2109 1351 2303 1405 domus
2323 1350 2477 1405 Levi.
2506 1349 2790 1404 Postremo
2811 1346 3045 1414 denique
3069 1355 3325 1412 tanquam
3354 1339 3531 1394 omni-

1925 1443 2026 1498 bus
2059 1443 2403 1498 sublimiores
2429 1443 2522 1511 qui
2554 1444 2744 1495 timent
2766 1439 3077 1493 Dominum.
3117 1435 3179 1490 lli
3215 1443 3363 1498 sunt,
3388 1446 3530 1500 quos

1925 1534 2213 1589 universus
2239 1536 2473 1603 hymnus
2494 1532 2808 1600 allaquitur.
2836 1529 2938 1596 Qui
2965 1537 3148 1583 autem
3175 1526 3331 1580 initio
3361 1523 3529 1577 totius

1924 1626 2114 1695 psalmi
2145 1624 2492 1694 appellantur
2521 1628 2692 1688 servi,
2730 1623 2767 1676 ii
2804 1630 2932 1675 sunt
2958 1619 3050 1688 qui
3085 1634 3152 1673 ex
3189 1615 3426 1671 ethnicis
3457 1615 3527 1668 ad

1924 1719 2083 1770 tidem
2119 1726 2490 1772 accesserunt.
2519 1714 2652 1768 Nam
2683 1716 2727 1770 si
2754 1715 3006 1768 universa
3030 1711 3340 1767 Judaeorum
3377 1707 3529 1761 natio

1923 1810 2200 1874 prtedictis
2235 1808 2411 1862 tribus
2439 1808 2725 1862 ordinibus
2771 1802 3273 1875 comprehenditur,
3310 1799 3528 1855 lsraelis

214 1878 610 1976 περιείληπται
648 1903 737 1958 διὰ
781 1903 889 1957 τῶν
929 1878 1240 1977 εἰρημένων
1286 1904 1456 1977 τριῶν
1499 1905 1817 1974 ταγμάτων,

1925 1902 2198 1967 videlicet,
2240 1911 2297 1956 et
2337 1901 2668 1955 familiarum
2728 1901 2963 1955 Aaronis
3011 1913 3074 1952 ac
3107 1895 3278 1960 Levi;
3328 1894 3524 1962 reliqui

213 1995 308 2057 τοῦ
355 2011 418 2047 τε
473 1994 708 2066 Ἰσραὴλ,
753 1994 850 2047 καὶ
890 1994 985 2047 τοῦ
1031 1993 1184 2048 οῐκου
1245 1993 1479 2066 Ἀαρὼν,
1522 1996 1616 2048 καὶ
1665 1995 1818 2048 οἴκου

216 2089 372 2153 Λευῒ,
409 2089 591 2159 ἕτεροι
622 2089 775 2161 παρά
797 2088 1020 2154 τούτους
1047 2089 1191 2154 τίνες
1217 2089 1284 2143 ἂν
1323 2085 1435 2144 εἷεν
1465 2090 1515 2144 oi
1549 2090 1820 2160 φοϐούμε-

213 2199 293 2235 νοι
324 2182 420 2235 τὸν
458 2181 687 2253 Κύριον,
720 2183 768 2234 εί
810 2181 884 2254 μὴ
926 2180 986 2246 ἐξ
1019 2181 1190 2236 ὲθνῶν
1222 2180 1300 2252 τῷ
1343 2179 1438 2236 τοῦ
1490 2182 1627 2236 Θεοῦ
1674 2183 1819 2254 λόγῳ

216 2271 723 2344 προσεληλυθότες,
751 2273 802 2325 οῖ
836 2273 931 2325 καὶ
966 2273 1312 2336 διδάσκονται
1336 2273 1599 2342 εὐλογεῖν·
1623 2276 1818 2328 Εὐλο-

214 2360 400 2429 γητὸς
418 2362 639 2429 Κύριος
664 2362 734 2415 ἐκ
755 2360 932 2425 Σιὼν,
949 2364 984 2415 ὁ
1010 2361 1305 2416 κατοικῶν
1333 2362 1754 2432 Ἰερουσαλὴμ,
1780 2364 1814 2435 ἢ

214 2455 314 2525 τὴν
354 2455 445 2508 ἀεὶ
499 2455 768 2526 μένουσαν
814 2455 910 2509 τοῦ
943 2456 1079 2510 Θεοῦ
1129 2457 1304 2522 πόλιν,
1349 2459 1408 2511 ὲν
1455 2453 1489 2533 ᾖ
1528 2459 1590 2512 τὸ
1617 2459 1816 2531 ἀληθὲς

215 2550 386 2600 νοοῖτο
423 2547 491 2601 ἂν
518 2549 939 2620 κατοικητήριον
971 2548 1066 2602 τοῦ
1095 2548 1231 2602 Θεοῦ
1262 2548 1397 2621 (l0).

750 2641 1044 2694 ΨΑΛΜΟΣ
1093 2643 1263 2697 ΡΛΕ’.

398 2731 485 2798 Τῷ
511 2733 839 2802 ποιήσαντι
870 2733 1179 2803 θαυμάσια
1199 2733 1438 2805 μεγάλα
1451 2737 1639 2805 μόνῳ.

281 2823 614 2896 Θαυμαστὸν
658 2825 714 2878 δὲ
756 2825 850 2878 καὶ
879 2825 1018 2896 πρὸς
1043 2824 1210 2891 λέξιν,
1241 2827 1290 2879 εί
1325 2827 1555 2900 οὐρανὸς
1594 2829 1693 2899 μὲν
1719 2829 1814 2882 καὶ

217 2917 351 2989 μόνῃ
368 2916 473 2987 θέᾳ
498 2918 600 2987 τὴν
623 2916 816 2986 σοφίαν
843 2915 1038 2988 δηλοῦν
1058 2915 1153 2969 τοῦ
1173 2916 1282 2988 (ίο)
1311 2918 1470 2982 Θεοῦ,
1502 2919 1724 2990 μεγέθει
1753 2938 1814 2974 τε

211 3008 308 3062 καὶ
339 3008 532 3060 κάλλει
559 3008 654 3061 καὶ
680 3008 1021 3079 πολυχρονίῳ
1052 3011 1224 3080 μονῇ·
1256 3009 1325 3082 γῆ
1370 3009 1430 3064 δὲ
1473 3011 1813 3082 πανταχόθεν

216 3099 657 3170 περικλυζομένη
701 3103 814 3163 τοῖς
857 3100 1015 3154 ῦδασι
1065 3100 1162 3153 καὶ
1213 3101 1475 3156 σύστασιν
1517 3103 1618 3175 τὴν
1674 3105 1812 3158 ίδίαν

215 3190 590 3256 φυλάττουσαν
607 3204 619 3216 ·
649 3191 784 3242 πᾶσι
806 3189 864 3243 δὲ
884 3188 975 3242 τὸν
995 3188 1214 3244 αίὼνιον
1239 3190 1388 3244 ἔλεον
1411 3194 1440 3244 ό
1468 3193 1812 3264 μελογράφος
1839 3220 1883 3278 C

218 3278 556 3345 συνέζευξεν,
583 3280 771 3352 ἐπειδὴ
799 3282 861 3333 οὐ
884 3280 973 3335 διὰ
997 3282 1189 3353 χρείαν
1212 3282 1421 3338 οἰκείαν
1441 3287 1469 3337 ό
1493 3285 1647 3350 Θεὸς,
1673 3285 1812 3339 ἀλλὰ

217 3369 302 3424 διὰ
334 3371 505 3441 μόνην
535 3370 946 3443 φιλανθρωπίαν
970 3371 1403 3446 ἐδημιούργησεν
1429 3376 1666 3429 ἅπαντα.

613 3570 698 3638 Τῷ
725 3571 1059 3636 πατάξαντι
1090 3573 1418 3644 Αἴγυπτον.

283 3665 346 3718 Ei
381 3664 458 3736 μὴ
490 3664 772 3729 πέπεισαι,
815 3667 968 3736 φησὶ,
1007 3667 1240 3738 προνοίᾳ
1278 3666 1414 3720 Θεοῦ
1453 3671 1548 3722 καὶ
1585 3670 1812 3740 δυνάμει

215 3758 304 3812 τὸν
328 3747 646 3828 σύμπαντα⁸
661 3757 866 3828 κόσμον
899 3759 993 3812 καὶ
1017 3757 1088 3811 τὰ
1121 3757 1312 3812 τούτου
1343 3759 1485 3831 μέρη
1521 3757 1840 3834 διακυϐερ-¹

223 3850 432 3913 -δὶσθαι,
471 3850 529 3901 ὲν
561 3849 850 3920 ἀμφιϐόλῳ
881 3851 939 3904 δὲ
965 3850 1110 3921 ἔχεις
1151 3853 1225 3922 μή
1258 3869 1334 3923 πη
1364 3852 1435 3906 τὰ
1473 3855 1615 3907 κατά
1647 3856 1813 3926 μέρος

217 3943 309 3997 καὶ
340 3943 409 3997 τὰ
439 3942 761 4015 ἀνθρώπινα
806 3944 1115 4013 παρορᾶται
1151 3945 1244 3996 ὑπ’
1283 3945 1472 4007 αὐτοῦ,
1506 3946 1699 4014 γνῶθι,
1731 3949 1814 4001 ὅτι

218 4035 443 4089 καὶτῶν
470 4037 565 4088 ἐπὶ
593 4035 698 4106 γῆς
732 4034 830 4104 οὐχ
854 4031 1016 4106 ἦττον
1054 4036 1087 4106 ἢ
1115 4035 1226 4089 τῶν
1259 4038 1382 4090 κατ’
1421 4038 1650 4109 οὐρανὸν
1680 4057 1816 4110 προς

219 4135 364 4185 νοεῖ·
401 4130 729 4201 μετέρχεται
759 4129 892 4198 γοῦν
927 4129 1067 4184 κατὰ
1097 4132 1323 4201 χρόνους
1357 4129 1466 4183 τῶν
1508 4130 1814 4202 ἀνθρώπων

219 4221 338 4274 καθ’
364 4221 677 4292 ὑπερϐολὴν
701 4220 894 4284 ἀθέους
920 4222 1017 4275 καὶ
1042 4221 1281 4287 ἀσεϐεῖς,
1311 4221 1502 4294 ῶσπερ
1531 4223 1664 4275 ποτὲ
1688 4225 1814 4287 τοὺς

213 4313 550 4382 Αἰγυπτίους
577 4311 865 4382 μετῆλθεν,
898 4314 991 4365 καὶ
1020 4312 1191 4382 αὐτὴν
1215 4312 1312 4382 τὴν
1344 4313 1650 4380 Αἰγυπτίαν
1677 4314 1811 4384 γῆν.

217 4405 554 4477 Προῖπαται
600 4403 658 4456 δὲ
709 4404 870 4458 πάλιν
899 4404 992 4457 καὶ
1023 4405 1339 4474 ὑπερμαχεῖ
1379 4403 1490 4456 τῶν
1522 4403 1811 4472 θεοφιλῶν,

216 4498 306 4549 καὶ
334 4496 398 4549 οὐ
431 4495 611 4566 μόνων
635 4495 838 4559 αὐτῶν,
865 4494 1002 4548 ἀλλὰ
1024 4497 1118 4548 καὶ
1142 4494 1251 4548 τῶν
1274 4495 1482 4549 τούτων
1505 4497 1810 4565 ἀπογόνων,

1923 2009 2035 2064 pra:
2077 1994 2161 2048 his
2195 1995 2452 2049 timentes
2487 1992 2796 2057 Dominum,
2831 1992 3053 2062 quinam
3082 1999 3245 2045 erunt
3281 1988 3385 2042 nisi
3427 1988 3521 2056 qui

1921 2103 1989 2143 ex
2047 2089 2284 2143 ethnicis
2339 2088 2405 2143 ad
2460 2085 2556 2141 Dei
2619 2087 2921 2140 doctrinam
2980 2067 3370 2138 accesserunt?
3427 2081 3522 2150 qui

1921 2181 2086 2235 etiam
2121 2181 2388 2235 docentur
2416 2180 2496 2234 sic
2523 2180 2847 2232 benedicere
2876 2195 2890 2230 :
2924 2175 3237 2230 Benedictus
3261 2173 3521 2227 Dominus

1919 2287 1986 2324 ex
2025 2270 2202 2335 Sion,
2243 2272 2335 2340 qui
2381 2270 2584 2323 habitat
2643 2267 2986 2330 Jerusalem,
3050 2267 3166 2320 sive
3213 2273 3520 2320 manentem

1920 2375 2134 2430 semper
2170 2362 2265 2417 Dei
2297 2363 2608 2425 civitatem,
2644 2361 2696 2414 in
2738 2373 2847 2429 qua
2894 2373 3021 2412 vera
3061 2358 3156 2413 Dei
3200 2354 3522 2427 intelligitur

1919 2453 2206 2509 habitatio.

2407 2630 2735 2687 PSALMUS
2775 2629 3041 2686 CXXXV.

2045 2724 2209 2779 Vens.
2233 2723 2289 2788 4.
2327 2721 2397 2777 Ei
2419 2724 2508 2793 qui
2533 2723 2663 2793 facit
2697 2724 2967 2777 mirabilia
2993 2737 3186 2791 magna
3215 2718 3384 2776 solus.

1993 2814 2136 2870 Sane
2180 2816 2247 2870 ad
2298 2815 2536 2870 litteram
2590 2815 2840 2870 mirabile
2890 2823 3011 2878 est,
3076 2812 3518 2883 quandoquidem

1917 2909 2117 2963 ccelum
2157 2909 2277 2962 solo
2317 2909 2514 2962 intuitu
2559 2909 2883 2977 sapientiam
2920 2908 3012 2961 Dei
3045 2905 3420 2976 magnitudine
3453 2919 3520 2960 ac

1918 3000 2326 3070 pulchritudine
2361 3016 2484 3066 sua,
2523 3010 2577 3055 et
2618 3013 2726 3054 tam
2763 3000 3000 3068 spatiosa
3036 2999 3254 3053 aevitate
3287 2999 3517 3052 demon-

1917 3102 2054 3146 strat
2097 3111 2111 3147 :
2154 3103 2302 3147 terra
2359 3104 2539 3147 autem
2589 3091 2918 3146 alluentihus
2975 3091 3215 3158 undique
3261 3089 3518 3143 ﬂuctibus

1918 3186 2229 3240 firmitatem
2281 3201 2434 3240 suam
2495 3186 2758 3240 retinens.
2812 3184 2908 3238 llis
2948 3183 3202 3238 onmibus
3251 3190 3516 3236 aeternam

1917 3278 2349 3332 miscricordiam
2397 3278 2645 3332 melodus
2689 3277 2975 3339 innexuit,
3029 3276 3297 3344 siquidem
3372 3274 3518 3328 haud

1916 3369 1988 3423 ob
2017 3369 2251 3437 aliquem
2299 3384 2458 3423 suum
2511 3383 2666 3422 usum
2696 3366 2880 3430 Deus,
2925 3367 3020 3420 sed
3064 3367 3135 3421 ob
3174 3366 3344 3422 solum
3383 3380 3518 3437 erga

1918 3458 2170 3513 homines
2208 3458 2599 3528 benignitatem
2630 3460 2812 3511 omnia
2857 3457 3088 3512 ereavit.

2183 3570 2353 3627 Vsus.
2385 3572 2473 3628 10.
2511 3572 2618 3637 Qui
2647 3573 2904 3640 percussit
2930 3569 3248 3641 Egyplum.

1990 3661 2047 3717 Si
2094 3661 2235 3717 forte
2281 3664 2426 3717 haud
2460 3664 2662 3727 credis,
2697 3664 2893 3732 inquit,
2926 3665 3017 3717 Dei
3060 3659 3397 3732 providentia
3450 3675 3517 3716 ac

1917 3755 2118 3808 virtute
2161 3755 2480 3809 universum
2533 3756 2795 3808 mundum
2828 3753 3054 3823 ejusque
3102 3765 3283 3823 partes
3314 3753 3515 3823 guber-

1918 3848 2072 3910 nari,
2122 3847 2451 3915 dubitasque
2500 3863 2586 3900 res
2640 3845 2958 3915 singillatim
3014 3847 3282 3900 humanas
3333 3845 3401 3898 ab
3449 3861 3517 3899 eo

1918 3936 2153 3992 fortasse
2198 3938 2417 4007 negligi,
2462 3938 2625 3990 velim
2673 3937 2838 4002 scias,
2889 3937 3066 4005 ipsum
3106 3951 3195 3991 res
3237 3937 3378 3989 haud
3411 3938 3513 3988 mi-

1917 4043 2021 4084 nus
2049 4041 2294 4085 terrenas
2325 4045 2484 4098 quam
2521 4029 2771 4084 cudestcs
2809 4044 3024 4083 curare.
3057 4028 3196 4098 Ergo
3231 4029 3515 4099 persequi-

1917 4131 2026 4187 tur,
2055 4122 2390 4191 temporibus
2419 4123 2649 4185 idoneis,
2681 4123 2930 4176 homines
2955 4125 3258 4190 prazsertim
3288 4125 3515 4193 insigni-

1919 4223 2004 4269 ter
2038 4214 2375 4284 irreligiosos
2428 4223 2482 4268 et
2535 4213 2767 4281 impios;
2810 4213 2972 4266 sicuti
3015 4213 3311 4282 aliquando
3346 4214 3517 4286 Egy-

1917 4307 2044 4375 ptiis
2078 4320 2378 4374 eorumque
2427 4305 2632 4374 regioni
2682 4305 2949 4358 incubuit.
2986 4303 3232 4377 Protegit
3271 4307 3514 4362 vicissim

1919 4410 2081 4468 atque
2119 4397 2362 4453 defendit
2407 4397 2638 4452 dilectos
2685 4413 2842 4460 suos,
2905 4413 3083 4466 neque
3134 4399 3232 4452 hos
3281 4409 3514 4465 tantum,

1917 4503 2105 4543 verum
2136 4489 2302 4542 etiam
2341 4488 2580 4555 ipsorum
2632 4495 2916 4554 posteros;
2966 4488 3126 4540 sicuti
3161 4503 3352 4557 reapse
3386 4488 3517 4544 fecit

214 4588 405 4660 ὥσπερ
449 4587 561 4639 τῶν
598 4587 686 4640 διὰ
719 4587 999 4651 Μωῦσέως
1045 4587 1510 4660 ἡλευθερωμένων
1542 4589 1665 4641 τότε
1710 4589 1814 4658 τῆς

1925 4583 2120 4650 ereptis
2152 4591 2280 4634 tunc
2312 4595 2410 4649 per
2432 4579 2670 4650 Moysetu
2704 4579 2772 4631 ab
2795 4577 3177 4650 Egyptiorum
3209 4583 3511 4646 servitute;

217 4683 344 4752 παρ’
376 4681 700 4749 Αἰγυπτίοις
740 4679 1005 4743 δουλείας,
1043 4678 1138 4742 οὒς
1177 4678 1553 4750 ⁴ἠλευθέρωσεν
1595 4680 1760 4742 αὐτὸς
1787 4681 1816 4732 ό

214 4775 306 4826 ἐπὶ
336 4773 561 4826 πάντων
585 4771 740 4834 Θεὸς,
765 4771 866 4824 οὐκ
895 4770 1074 4833 ἄλλως
1105 4770 1138 4839 ἢ
1173 4772 1520 4843 ἐκτεταμένη
1547 4773 1694 4844 χειρὶ
1720 4773 1815 4824 καὶ

217 4864 428 4936 inopi?)
467 4863 713 4934 βραχίονι
758 4862 1135 4934 χρησάμενοςο
1163 4865 1248 4934 είη
1280 4863 1324 4915 δ’
1354 4863 1420 4919 ἂν
1452 4857 1609 4928 οὗτος
1646 4865 1674 4916 ὁ
1719 4863 1814 4917 τοῦ

283 5002 389 5070 (9')
443 5001 610 5055 Deest
640 5001 756 5054 τοῦ.
797 5001 956 5056 Εοιτ.

281 5074 398 5140 (l0)
443 5073 499 5124 In
531 5072 812 5125 codicibus
836 5072 898 5125 D.
925 5073 962 5126 f.
999 5071 1127 5127 237.
1166 5073 1222 5135 b,
1253 5081 1308 5129 et
1331 5072 1398 5128 G.
1433 5073 1470 5128 f.
1514 5073 1643 5137 207,
1686 5073 1808 5129 aliis

213 5146 417 5208 partim
457 5142 638 5194 verbis
667 5141 807 5195 idem
838 5141 951 5196 fere
977 5141 1343 5209 fragmentum
1381 5144 1660 5198 scribitur.
1689 5145 1805 5197 ΕΥ-

215 5212 482 5266 ΣΕΒΙΟΥ.
511 5209 697 5281 Ταῦτα
718 5212 815 5280 μὲν
837 5211 945 5280 εἴη,
967 5214 1122 5281 φασὶ,
1140 5217 1254 5276 τοῖς
1275 5213 1490 5267 ποιοῦσι
1509 5215 1578 5268 τὰ
1591 5216 1803 5268 εἴδωλα·

214 5287 242 5337 ὀ
264 5284 322 5336 δὲ
355 5282 487 5345 λαὸς
515 5280 614 5354 τοῦ
646 5282 849 5354 Κυρίου
884 5280 988 5336 καί
1016 5287 1045 5338 ὁ
1078 5283 1277 5354 κλῆρος
1301 5285 1467 5354 αὐτοῦ
1488 5286 1810 5340 ἀπολαυέτω

215 5354 315 5428 τῆς
368 5353 664 5428 εἱς-αὑτὸν
700 5351 992 5428 Δεὑφςιῃιίας
1016 5371 1030 5384 ⁸
1071 5351 1289 5428 πρῶτον
1335 5351 1810 5428 όᾼοῖκοςήΊο-ραὴλ

215 5419 405 5494 τάγμα
429 5423 492 5475 τὸ
517 5419 887 5492 ὑποϐεϐηκός·
921 5419 1041 5478 εἶτα
1063 5419 1126 5477 τό
1154 5426 1256 5478 ύπε
1335 5426 1507 5497 νέχον,
1527 5419 1686 5490 οἶκος
1715 5419 1809 5480 τοῦ

230 5495 444 5566 ’Λαρων
467 5510 480 5522 ·
513 5489 636 5546 εἶτα
672 5494 779 5566 τῶν
811 5494 1002 5564 ἱερέων
1029 5497 1062 5566 ἠ
1095 5497 1245 5548 πᾶσα
1264 5442 1446 5566 ﬁexa,
1476 5494 1623 5560 οἶκος
1656 5499 1808 5550 Ἀευῖ·

681 5516 779 5546 των
811 5516 1002 5558 ιερεων
1029 5516 1062 5558 η
1095 5516 1245 5548 πασα
1269 5516 1446 5558 ιφυΑη,
1476 5516 1623 5558 οικος
1656 5516 1808 5550 Λευι-

236 5511 444 5563 ’Λαρων
467 5511 480 5522 ·
513 5511 636 5546 ειτα
672 5511 779 5546 των
811 5511 1002 5564 ιερεων
1029 5511 1062 5566 η
1095 5511 1245 5548 πασα
1269 5511 1446 5568 ιφυλη,
1476 5511 1623 5560 οικος
1656 5511 1808 5550 Λευῖ-

219 5567 312 5641 καὶ
339 5564 856 5641 πάήωνκάνώτερον
881 5567 930 5618 οἱ
959 5566 1124 5641 φοϐού
1135 5583 1281 5636 μενοι
1300 5567 1391 5620 τὸν
1409 5569 1642 5641 Κύριον,
1674 5570 1813 5641 πρὸς

219 5635 312 5715 eis
335 5639 373 5715 ἑ
418 5636 528 5698 ταῖς
557 5633 738 5715 Pero;
769 5633 1295 5715 έτροξτπεφείινήῖαιέ.
1335 5640 1430 5715 sat
1469 5633 1590 5693 κάτ’
1631 5633 1813 5710 ίάρὶιέις

221 5706 528 5777 ἐρρέθησαν
552 5699 749 5768 δοῦλοι,
781 5699 847 5760 δι”
876 5699 952 5761 ὧν
973 5699 1096 5769 τοὺς
1126 5699 1191 5773 ἐξ
1242 5706 1410 5760 ἐθνῶν
1455 5699 1815 5762 πεπιστεύἶιόξ

223 5793 318 5836 τας
350 5776 651 5850 ἐδήλωσεν·
681 5777 824 5850 τίνες
862 5779 971 5849 γὰρ
1003 5780 1052 5850 oi.
1087 5777 1414 5850 φοϐούμενοι
1448 5781 1538 5833 τὸν
1584 5781 1811 5850 Κύριον,

227 5848 372 5917 παρὰ
405 5847 474 5902 τά
507 5848 637 5919 τρία
664 5847 922 5919 τάγματα
944 5847 1052 5902 τῶν
1086 5847 1384 5917 Ἰουδαίων;
1413 5849 1630 5905 novas
1667 5847 1814 5920 λέγει

1920 4691 2057 4746 quos
2113 4675 2226 4744 ipse
2275 4675 2577 4729 communis
2631 4673 2775 4727 Deus
2831 4673 3087 4727 liberavit
3138 4675 3278 4728 haud
3330 4675 3511 4740 aliter,

1925 4785 2085 4838 quam
2137 4783 2300 4821 manu
2353 4782 2448 4820 sua
2491 4776 2738 4829 extenta,
2778 4767 3113 4835 hrachioque
3159 4767 3285 4822 forti
3333 4779 3511 4822 utens.

1923 4861 2021 4916 Est
2071 4868 2250 4914 autem
2301 4858 2406 4914 hoc
2453 4859 2629 4928 ipsum
2670 4858 2766 4912 Dei
2813 4855 3068 4924 Verbum,
3121 4872 3218 4926 per
3265 4859 3406 4926 quod
3460 4867 3517 4911 et

1921 5000 2444 5071 καὶςιερουσαλὴμ,
2471 4999 2571 5069 τὴν
2599 5000 2686 5051 ἀεὶ
2720 4997 3114 5071 μένουσανῌτοῦ
3159 4995 3295 5071 Θεοῦ
3335 4995 3511 5071 πόλιν,

1921 5018 2015 5056 και
2066 5018 2131 5054 ἰε
2171 5018 2444 5071 ουσαΑημ,
2471 5018 2571 5069 την
2599 5018 2686 5051 αει
2720 5018 2990 5069 μενουσαν
3020 5018 3114 5051 του
3159 5018 3295 5050 σεου
3335 5018 3510 5059 ποΛιν,

1917 5076 1974 5145 ὲν
2104 5018 2168 5123 τε
2194 5072 2410 5145 ἀληθὲς
2460 5073 2883 5145 κατοικητῄριον
2923 5067 3231 5145 τοῦ-Θεοῦ·
3267 5067 3425 5145 ’κατά
3453 5068 3510 5121 δὲ

1915 5133 2121 5213 νόηὲιν,
2158 5144 2208 5195 οἱ
2233 5133 2530 5213 διορατικοὶ
2568 5133 2842 5213 μὲνόἶᾷξος
2870 5140 2968 5213 τοῦ
3008 5138 3231 5213 Ἰσραὴλ
3257 5137 3513 5213 ὀψόμενοι

1918 5208 2136 5285 καθαρᾷ
2173 5208 2383 5285 καρδίᾳ
2432 5208 2595 5285 Θεόνο
2642 5211 2775 5285 οὐδὲ
2809 5210 3029 5285 τελείως
3071 5208 3190 5262 καὶὴ
3220 5208 3514 5285 ίερατικῶς

1918 5269 2083 5337 αὐτὸν
2104 5269 2192 5336 ἀεὶ
2217 5269 2639 5355 θεραπεύοντες,
2661 5277 2813 5363 οἶκος
2853 5281 3063 5363 Ἀαρών
3081 5297 3093 5309 ·
3149 5279 3245 5363 καὶ
3274 5269 3337 5360 οἱ
3390 5278 3514 5361 τού-

1919 5372 2028 5424 τιον
2061 5349 2454 5424 ὑποδεέστερον
2482 5354 2600 5424 μὲν,
2625 5349 3120 5424 ἐξυπηρετούμενοι
3162 5350 3219 5402 δὲ
3262 5349 3510 5424 τῷ-ναῷ,

1921 5421 2069 5487 οἶκος
2098 5423 2250 5487 Λευῒ,
2277 5417 2372 5487 οὓς
2403 5417 2583 5486 ἄν’τις
2611 5417 2917 5493 νεωκόρους
2961 5417 3271 5493 καλέσειενο
3313 5417 3438 5474 εἶτα
3461 5417 3510 5473 οἱ

1921 5497 1979 5560 ἐξ
2004 5495 2309 5564 ἀλλογενῶν
2332 5495 2481 5564 φόϐῳ
2514 5493 2647 5545 Θεοῦ
2688 5491 3102 5564 προστιθέμενοι
3123 5509 3155 5564 Ἀ
3175 5491 3377 5564 πάντες
3415 5494 3514 5564 μὲν

1920 5567 2013 5624 οὖν
2043 5561 2378 5634 εὐλογοῦσιν,
2417 5561 2695 5632 ἀναλόγως
2733 5561 2792 5615 δὲ
2840 5561 3092 5634 ἕκαστοι·
3138 5561 3288 5631 δηλοῖ
3325 5563 3383 5614 δὲ
3419 5561 3513 5614 καὶ

1912 5633 2362 5715 ’τὴν-Ἐκκλησίαν
2406 5634 2784 5715 Ἰερουσαλὴμ,
2825 5636 2925 5706 τὴν
2955 5633 3030 5715 μὴ
3060 5633 3288 5715 έχουσαν
3321 5634 3510 5715 σπῖλον

1908 5710 1952 5780 ζῆ
1973 5703 1984 5711 ’
2007 5703 2231 5778 ῥυτίδα,
2263 5709 2359 5780 τῂν
2415 5703 2639 5780 εἰρήνην
2674 5703 2916 5780 Δὁρῶσαν,
3069 5704 3276 5780 ’[ησοῦς
3325 5703 3510 5757 δίδωσι

1904 5761 2092 5848 ίὶίέγων
2115 5795 2127 5807 ·
2161 5761 2425 5845 Είρήίκνην
2449 5761 2565 5844 alii}
2589 5761 2743 5848 iam?
2778 5761 2991 5848 δίδωμί
3009 5761 3170 5844 ὐμῗῆ

1994 5847 2130 5921 (10⁸)
2175 5848 2432 5915 Δηλοῦν.
2469 5848 2626 5902 Forte
2653 5847 2821 5918 δηλοῖ.
2866 5847 3020 5900 Εῡιτ.
