4014 6382
470 434 543 494 33
1142 413 1415 478 EUSEBII
1451 409 1924 474 CESABIENSIS
1958 405 2114 465 OPP.
2153 401 2334 459 PARS
2367 398 2457 459 Ill.
2496 430 2565 444 —
2604 391 3018 454 EXEGETICA.
3662 378 3739 436 ω

473 553 603 609 olltn
646 558 702 606 et
772 558 916 601 nunc
964 553 1131 596 etiam
1178 553 1371 594 cuncta

475 640 777 713 benignitas
803 635 900 691 Dei
930 634 1119 703 optimi
1150 631 1384 686 confert.

688 816 853 872 Vsus.
884 814 971 869 l9.
1007 812 1147 867 Seon
1176 823 1348 879 regem
1377 804 1833 860 Anton-[urorum

545 906 898 979 Interpretari
928 903 1164 960 solemus
1185 900 1534 954 Amorrlmos
1561 895 1778 966 quidem
1808 893 2051 965 loquaces

478 1008 888 1071 exasperant“;
934 1005 989 1049 et
1030 993 1223 1048 horum
1270 1004 1449 1061 regem
1491 987 1656 1049 Seon,
1714 986 2054 1040 tentatloucm

482 1100 536 1145 et
556 1085 1026 1144 mccrbationcnt.
1052 1077 1298 1149 Namque
1318 1077 1568 1133 homines
1584 1075 1887 1145 sophistica:
1909 1071 2057 1126 l'ran-

483 1181 569 1236 dis
609 1178 764 1249 periti
810 1190 1003 1246 aspere
1051 1187 1192 1243 sepe
1238 1171 1553 1241 loquuntur,
1597 1168 1908 1238 pariterque
1940 1164 2053 1217 rel-

646 558 702 606 et
772 558 916 601 nunc
964 540 1131 596 etiam
1178 546 1371 594 cuncta
1421 533 1737 593 hominibus
1779 526 2080 586 beneflciai

2181 518 2278 575 ιεοῢ
2307 519 2479 589 Λόγος
2503 515 2638 588 (ll),
2663 514 2731 569 δι’
2762 506 2826 567 οὗ
2851 511 2947 566 καὶ
2972 508 3139 564 πάλαι
3161 506 3256 606 καὶ
3276 502 3373 606 νῦν
3399 502 3497 567 τὰς
3526 503 3623 606 είς⁸
3636 499 3739 606 ,άν-

2146 610 2397 683 θρὼπους
2436 604 2757 679 εὐεργεσίας
2798 605 2832 674 ἡ
2865 596 3245 671 φιλανθρωπία
3275 594 3369 650 τοῦ
3414 591 3736 661 παωγάθου

2146 701 2281 757 Θεοῦ
2311 698 2726 773 κατειργάσατο.

2358 792 2471 847 Τὸν
2494 788 2667 858 Σηὼν
2692 784 2961 853 βασιλέα
2989 780 3109 836 τῶν
3139 778 3514 851 Ἄμορῤαίων.

2231 880 2659 953 Ἐρμηνεύονται
2685 876 2743 931 δέ
2789 875 3105 946 ’Δμορραῖοι
3135 871 3235 942 μὲν
3257 865 3509 936 mutui
3549 879 3745 932 παρα-

2152 973 2589 1042 πικραίγοντες,
2624 968 2719 1023 καὶ
2748 967 2779 1020 6
2807 964 3013 1019 τούτων
3037 960 3292 1033 βασιλεὺς
3324 956 3501 1030 Σηὼν,
3531 969 3743 1022 πειρα-

2154 1066 2310 1135 σμὸς
2336 1064 2429 1118 καὶ
2458 1059 2866 1131 παροργισμός
2887 1072 2901 1087 ·
2930 1056 2979 1108 oi
3017 1052 3179 1108 δεινοὶ
3207 1051 3317 1124 γὰρ
3357 1049 3495 1121 πρὸς
3519 1046 3747 1116 ἀπάτην

2158 1156 2476 1227 σοφιστικὴν
2496 1147 3022 1223 καταπικραίνοντές
3041 1146 3182 1199 εἰσιν
3208 1141 3452 1212 λαλητοὶ,
3477 1139 3603 1202 τοὺς
3626 1139 3750 1193 ὅσοι

486 1231 1125 1337 lenttveritatis'quoque
1165 1274 1436 1317 amatores
1486 1258 1879 1313 l‘raudnlenter‘
1908 1254 2055 1324 loqui

2181 1250 2257 1319 τῆς
2283 1247 2539 1319 ἀληθείας
2566 1244 2706 1299 είσὶν
2733 1241 2963 1312 ἐρασταὶ
2998 1238 3244 1299 θέλοντες
3277 1235 3370 1288 ἐπὶ
3398 1231 3751 1337 ἀπάτηςῆλα-

485 1371 544 1415 et
602 1361 881 1422 cecinere,
916 1318 1099 1426 jatque
1148 1354 1372 1408 omnino
1426 1350 1561 1405 nihil
1614 1348 1758 1402 aliud
1814 1355 2061 1415 spectant

2181 1318 2381 1394 κεῖσθαι
2406 1337 2501 1391 καὶ
2541 1333 2785 1407 ᾄδεσθαι,
2843 1326 3127 1400 πειράζειν
3164 1340 3223 1379 τε
3257 1325 3352 1377 καὶ
3387 1318 3750 1426 παροργίζειν

486 1465 648 1519 quam
675 1458 735 1504 ut
761 1414 957 1502 vexerit
980 1414 1141 1514 atque
1162 1453 1506 1512 exasperent.
1534 1439 1707 1494 Basan
1732 1414 1884 1503 vero,
1915 1437 2059 1507 quod

2181 1430 2374 1501 ἱχοντες
2399 1430 2492 1481 τὸν
2536 1426 2758 1481 σκοπόν.
2807 1423 2990 1478 Βασάν
3021 1421 3077 1475 δέ
3109 1418 3415 1487 αἰσχύνην
3462 1414 3748 1524 μεθερμη-

484 1505 832 1613 ἱξιηοηιίηίαηι
867 1505 1165 1607 signiﬁcat,
1201 1505 1571 1606 improborum
1602 1531 1906 1602 pudendam
1936 1505 2059 1582 ina-

2181 1521 2449 1591 ιευομὲνη,
2496 1518 2596 1591 τὴν
2638 1518 2764 1581 τοὺς
2802 1516 3006 1579 κακοὺς
3044 1510 3512 1581 καταισχύνουσαν
3546 1505 3752 1560 κακίαν

488 1599 663 1688 litiam
699 1599 958 1687 denotat":
988 1632 1139 1697 cujus
1182 1645 1277 1684 rex
1306 1628 1387 1683 0n
1424 1641 1549 1682 cum
1585 1627 1725 1681 Seon
1763 1624 2060 1685 occiditur;

2181 1614 2313 1685 ἱηλοῐ
2333 1630 2344 1641 -
2369 1607 2439 1684 ἧς
2462 1612 2489 1663 ὁ
2518 1610 2768 1682 βασιλεὺς
2793 1609 2910 1671 Ὧν,
2939 1608 3035 1661 σὺν
3058 1604 3137 1676 τῷ
3155 1601 3308 1673 Σηὼν
3334 1599 3746 1655 ἀποκτίννυταν

491 1733 553 1780 ut
605 1724 785 1779 lsraeli
838 1734 981 1777 terra
1041 1692 1204 1791 quam
1249 1717 1391 1775 male
1444 1717 1745 1773 retinebant
1796 1717 2062 1778 tradatur,

2181 1706 2312 1766 ὃπως
2344 1701 2424 1771 τῷ
2460 1700 2677 1773 Ἰσραὴλ
2701 1702 2735 1771 ἡ
2763 1700 2857 1769 γῆ,
2884 1699 2949 1770 ῆν
2976 1696 3161 1759 κακῶς
3188 1692 3472 1765 ἐκράτουν,
3500 1704 3751 1798 σοφιστι-

491 1818 584 1887 qui
629 1817 822 1874 callido
867 1824 923 1869 et
972 1781 1158 1884 iniquo
1206 1826 1497 1881 possessu,
1549 1810 1891 1879 malignoqtte
1942 1822 2064 1862 eam

2181 1794 2280 1857 ιιῶς
2300 1793 2395 1847 καὶ
2424 1793 2561 1864 μετά
2598 1792 2877 1863 μοχθηρᾶς
2899 1791 3066 1858 ἕξεως
3089 1788 3216 1860 περὶ
3238 1784 3467 1889 τὴν
3488 1781 3757 1889 πραγμά-

493 1908 938 1963 administrantes
992 1905 1230 1975 ingenio,
1281 1918 1509 1973 regnare
1566 1902 1911 1956 videbantur.
1966 1898 2065 1954 Ve-

2181 1902 2274 1939 των
2302 1884 2670 1956 διατρίϐοντες
2699 1881 2881 1951 φύσιν,
2904 1878 3186 1940 δοκοῦντες
3228 1873 3531 1948 βασιλεύειν
3556 1871 3750 1941 αὑτῆςο

494 2009 799 2053 rumtamen
844 1998 986 2052 dicta
1027 2005 1170 2051 terra
1218 1996 1305 2051 his
1349 2006 1533 2063 erepta
1588 1996 1820 2049 traditur
1859 1996 1910 2049 in
1940 2010 2063 2050 sor-

496 2097 602 2142 tem
634 2087 849 2150 lsraeli,
886 2085 1029 2141 ﬁdeli
1069 2098 1231 2141 servo
1274 2083 1418 2140 illius
1463 2084 1554 2152 qui
1602 2099 1782 2138 rerum
1822 2084 2063 2138 omnium

496 2189 690 2235 ItiClOl’
726 2189 831 2236 est.

568 2270 731 2327 Vsus.
760 2272 849 2328 25.
877 2270 1016 2337 Quia
1049 2273 1104 2325 in
1134 2270 1436 2325 humilitate
1462 2277 1641 2321 nostra
1674 2282 1870 2320 memor
1888 2266 2007 2335 fuit.

1041 2341 1207 2395 nostri
1235 2340 1514 2394 Dominus.

566 2433 623 2489 In
644 2434 1013 2503 superioribus
1040 2447 1255 2503 quoque
1287 2433 1439 2486 varie
1474 2432 1908 2486 demonstratum
1940 2426 2065 2489 fuit,

500 2541 609 2581 non
633 2541 755 2581 eum
787 2526 876 2595 qui
927 2527 994 2581 de
1043 2524 1270 2580 Judaico
1321 2538 1521 2594 genere
1548 2525 1765 2587 oritur,
1814 2520 2068 2575 lsraeletn

500 2628 645 2677 esse,
681 2614 775 2668 sed
806 2628 929 2668 eum
959 2614 1049 2681 qui
1076 2616 1322 2669 moribus
1347 2613 1546 2684 dignus
1577 2614 1680 2666 hoc
1709 2612 1927 2665 nomine
1963 2622 2067 2665 est.

504 2703 630 2759 Non
658 2705 794 2758 enim
827 2720 1002 2758 ontrtcs
1038 2705 1125 2774 qui
1171 2704 1235 2758 de
1278 2704 1477 2758 lsraele
1506 2713 1628 2757 sunt
1655 2742 1672 2764 ,
1721 2703 1775 2755 Iti
1814 2712 1939 2755 sunt
1981 2702 2069 2757 Is-

503 2794 616 2847 rael
645 2794 689 2825 “
724 2809 737 2845 :
770 2810 933 2864 neque
963 2794 1059 2845 illa
1098 2810 1215 2863 qua:
1247 2794 1449 2862 publice
1474 2794 1531 2861 ﬁt
1556 2833 1573 2857 ,
1617 2794 1947 2847 circumcisio
1973 2804 2069 2858 est,

502 2896 561 2939 ut
593 2886 670 2941 ait
697 2886 988 2955 Apostolus
1013 2924 1031 2949 ,
1062 2888 1151 2940 sed
1180 2887 1234 2939 in
1260 2888 1467 2941 occulto
1511 2889 1685 2955 potius
1730 2885 1951 2941 Judwus
1976 2926 1989 2948 ,
2022 2897 2070 2940 et

502 2978 677 3031 cordis
721 2976 1091 3040 circumcisio,
1140 2994 1243 3032 non
1288 2980 1575 3033 secundum
1596 2979 1846 3041 litteram,
1883 2981 1971 3031 sed
2018 2978 2075 3032 in

502 3067 687 3131 spiritu
713 3083 732 3120 :
764 3067 915 3135 cujus
950 3068 1066 3120 laus
1102 3083 1205 3121 non
1229 3084 1294 3121 ea:
1321 3069 1639 3131 hominibus,
1669 3071 1759 3123 sed
1789 3085 1854 3122 ea:
1885 3068 2071 3122 Deo".

506 3151 617 3208 Nos
668 3169 881 3224 quoque
930 3158 1096 3225 igitur
1124 3158 1216 3226 qui
1264 3172 1331 3213 ex
1374 3159 1607 3213 ethnicis
1657 3160 1907 3213 venimus
1952 3166 2073 3227 (nos

508 3244 653 3298 enim
697 3260 887 3316 reapse
940 3247 1297 3302 circumcisio
1336 3264 1525 3304 sumus
1571 3264 1839 3317 verusque
1890 3250 2074 3319 Israel)

2181 3220 2429 3292 τρώσατο
2460 3223 2524 3275 ἐκ
2560 3220 2670 3273 τῶν
2703 3219 2915 3290 ἐχθρῶν

510 3356 630 3405 nos,
661 3343 880 3411 inquam
909 3384 923 3406 ,
952 3344 1134 3412 potius
1164 3359 1229 3398 ex
1262 3344 1498 3399 inimicis
1528 3344 1793 3409 liberavit,
1826 3360 1986 3414 quam
2015 3346 2081 3399 il-

508 3432 611 3487 los.
649 3433 859 3488 Etenim
912 3434 986 3489 illi
1014 3450 1077 3489 ex
1129 3435 1360 3506 Ευριο
1400 3437 1764 3499 discedentes,
1794 3452 2083 3505 corporeos

512 3525 763 3596 fugerunt
792 3526 1471 3597 tyrannos.Verumtameu
1498 3529 1682 3597 pravis
1710 3530 1950 3584 moribus
1973 3531 2084 3583 ani-

513 3637 629 3673 mas
658 3635 784 3674 suas
814 3619 1119 3676 inﬁcientes
1142 3660 1158 3685 ,
1184 3620 1559 3674 occubuerunt
1589 3621 1641 3673 in
1673 3620 1888 3675 deserto
1921 3621 2084 3677 idolo-

514 3708 687 3762 latria:
718 3708 903 3764 dediti.
930 3706 1040 3762 Nos
1066 3717 1247 3761 autem
1284 3714 1469 3761 revera
1517 3710 1750 3762 redemit
1778 3710 1845 3763 de
1888 3711 2084 3766 anima:

513 3810 714 3851 nostra:
765 3796 1011 3850 bosdlms
1035 3837 1051 3863 ,
1088 3812 1405 3867 memorque
1455 3799 1623 3851 nostri
1659 3799 1834 3869 magis
1892 3801 1991 3854 luit
2026 3801 2080 3854 in

515 3886 817 3941 humilitate
869 3896 1053 3941 nostra
1107 3902 1268 3955 quam
1308 3887 1540 3945 illorum.
1578 3887 1825 3957 Namque
1860 3890 1933 3943 illi
1964 3891 2085 3958 qni-

516 3975 639 4031 dem
670 3990 897 4045 corpore
927 3977 1235 4033 serviebant
1262 3976 1547 4049 Egyptiis.
1581 3991 1779 4034 nostra:
1811 3996 1941 4035 vero
1971 3983 2087 4035 aui-

520 4081 620 4120 mas
648 4066 879 4121 ludibrio
901 4078 1061 4122 erant
1085 4068 1442 4132 daemonibus,
1477 4079 1532 4123 et
1560 4069 1661 4124 sub
1696 4070 1853 4124 malis
1883 4072 2087 4141 spiriti-

516 4156 619 4214 bus
652 4158 919 4211 humiliati
950 4173 1183 4215 eramus.
1219 4158 1390 4213 Tanta
1423 4175 1552 4214 vero
1581 4171 1665 4215 est
1716 4161 2085 4216 misericordia

516 4247 637 4311 Dei,
671 4258 727 4303 ut
748 4264 853 4303 non
885 4248 1059 4303 solum
1087 4250 1295 4319 piorum
1330 4265 1513 4305 curam
1544 4262 1717 4321 gerat,
1751 4264 1803 4306 et
1833 4252 1935 4306 sibi
1960 4267 2086 4321 pro-

518 4340 903 4409 pinquantibus
938 4341 1211 4407 consulat,
1255 4355 1440 4396 verum
1469 4343 1634 4397 etiam
1661 4352 1948 4399 terrestres
1971 4360 2089 4399 ont-

518 4448 616 4488 nes
642 4433 981 4501 providentia
1008 4446 1104 4486 sua
1137 4433 1559 4502 complectatur,
1595 4450 1769 4505 neque
1796 4429 2087 4491 rationales

520 4523 691 4579 solum
721 4524 817 4579 sed
864 4526 1031 4579 etiam
1087 4524 1434 4581 irrationales
1462 4565 1478 4590 ,
1506 4528 1825 4595 cunctisque
1852 4529 1905 4582 iu
1942 4538 2083 4582 terra
2116 4556 2166 4615 ι)

521 4616 776 4669 alimenta
821 4616 1185 4672 auirnantibus
1232 4616 1511 4687 praebeat,
1560 4619 1849 4688 unicuique
1902 4620 2087 4690 generi

520 4706 737 4770 idonea,
785 4713 841 4761 et
876 4706 1001 4759 vitae
1049 4707 1361 4761 necessaria
1386 4708 1695 4777 suppeditet
1726 4722 1743 4761 :
1782 4716 1837 4760 et
1870 4724 1967 4763 nos
1996 4709 2091 4763 de-

519 4812 667 4851 mum
704 4797 756 4850 in
787 4796 954 4851 caelos
991 4797 1114 4851 hinc
1142 4797 1461 4853 transferat.
1508 4797 1873 4864 Quamobrem
1912 4815 2091 4853 sermo

522 4887 821 4942 Psalmistte
846 4899 1126 4957 postquam
1149 4890 1304 4955 dixit,
1333 4886 1440 4955 Qui
1462 4889 1552 4942 dat
1581 4906 1754 4943 escam
1777 4892 1921 4944 omni
1944 4892 2089 4943 carni

523 4993 625 5035 nos
658 4980 709 5033 in
753 4979 952 5033 ctelutn
1005 4979 1359 5046 transmittit,
1409 4995 1597 5034 rursus
1638 4981 1828 5037 dicens
1863 4999 1875 5033 :
1909 4980 2083 5044 Con/i-

522 5073 704 5126 muiui
738 5071 869 5135 Deo,
898 5072 1033 5137 caeli,
1067 5072 1317 5144 quoniam
1344 5075 1399 5127 in
1437 5084 1691 5127 internum
1732 5074 2093 5127 misericordia

519 5164 658 5234 ejus.

722 5326 725 5327 ν
978 5253 1297 5312 PSALMUS
1344 5252 1629 5309 CXXXVI.

592 5347 752 5403 Caret
799 5347 890 5402 bic
941 5348 1182 5419 psalmus
1239 5348 1396 5402 titulo
1449 5348 1592 5417 apud
1640 5346 1928 5416 Hebraeos;
1966 5364 2088 5403 nam

597 5531 647 5566 “
675 5532 833 5589 Rom.
862 5549 937 5597 ix,
962 5532 1015 5587 6.
1094 5530 1140 5564 “
1179 5532 1337 5586 Rom.
1366 5548 1427 5599 ιι,
1456 5531 1550 5599 28,
1588 5528 1679 5585 29.

598 5672 930 5745 (“Hiccole
958 5672 1180 5745 omnino
1211 5672 1463 5745 adnotata
1497 5685 1529 5724 a
1564 5669 1725 5745 nobis
1759 5671 1811 5745 in
1849 5680 2083 5745 tractatu

530 5740 803 5814 SQCy'rilli
854 5743 927 5814 De
982 5741 1155 5796 Maria
1188 5743 1429 5814 deipara,
1464 5756 1597 5814 cap.
1646 5740 1816 5814 5,_de
1864 5742 2091 5814 Domino

524 5809 677 5877 Jesn,
719 5828 816 5883 pro
862 5812 1048 5877 Josue,
1081 5809 1392 5868 exeuntium
1442 5809 1675 5882 Egypto
1720 5811 2091 5867 lsraelitarum

2164 1976 2277 2030 ἀλλ’
2327 1974 2689 2047 ἀφαιρεθεῖσα
2732 1972 2911 2029 αὐτῶν
2961 1974 2995 2041 ἡ
3054 1968 3468 2043 ἐρμηνευομένη
3520 1964 3615 2036 γῆ,
3671 1962 3757 2026 είς

2166 2068 2495 2139 κατάσχεσιν
2526 2066 2604 2137 τῷ
2655 2064 2872 2136 Ἰσραὴλ
2910 2062 3109 2118 δίδοται
3145 2063 3238 2116 ἐπὶ
3273 2060 3353 2132 τῷ
3394 2057 3758 2130 κληρονομεῖν

2166 2161 2356 2233 αὐτὴν,
2394 2158 2564 2230 δούλῳ
2589 2158 2797 2227 γνησίῳ
2822 2154 2915 2209 τοῦ
2946 2156 3163 2209 πάντων
3206 2152 3382 2207 αίτίου
3404 2149 3752 2221 τυγχάνοντι.

2172 2252 2301 2305 Ὅτι
2342 2251 2412 2304 ἐν
2449 2248 2527 2319 τῇ
2575 2246 2930 2371 ταπεινώίέει
2978 2243 3147 2314 ἡμῶν
3203 2241 3475 2313 ἐμνήσθη
3505 2234 3689 2312 ξήμῶγ
3723 2240 3760 2292 ὁ

2891 2334 3077 2371 υοιος.

2891 2334 3077 2383 υριος.

2241 2409 2352 2462 Καὶ
2396 2410 2452 2460 ἐν
2496 2411 2609 2471 τοῖς
2638 2405 2896 2477 ἀνωτέρω
2942 2405 3214 2475 διαφόρως
3255 2402 3605 2456 ἐπεδείκνυτο
3654 2399 3762 2453 Ἰσ-

2173 2498 2330 2570 ραὴλ,
2360 2500 2419 2551 οὐ
2470 2500 2528 2552 τὸ
2570 2499 2726 2566 γένος
2777 2498 2887 2553 τῶν
2951 2496 3220 2550 Ἰουδαίων
3259 2496 3543 2565 ὑπάρχων,
3580 2490 3697 2546 ἀλλ’
3729 2490 3761 2543 6

2171 2588 2379 2641 τοιόσδε
2407 2590 2505 2657 τῆς
2523 2587 2831 2652 θεοσεϐείας
2851 2586 3072 2659 τρόποις
3090 2586 3219 2657 (12)·
3233 2587 3316 2639 Οὐ
3338 2584 3448 2653 γὰρ
3462 2582 3689 2648 πάντες
3703 2582 3760 2635 οι

2169 2678 2239 2742 ἐξ
2267 2676 2532 2746 Ἰσραὴλ.
2554 2672 2721 2732 οὗτοι
2750 2675 3019 2745 Ἰσραήλο
3045 2675 3189 2729 οὐδὲ
3202 2676 3240 2742 ἠ
3254 2674 3325 2726 ἐν
3338 2673 3420 2740 τῷ
3434 2670 3669 2741 φανερῷ
3688 2671 3763 2723 ἐν

2170 2770 2355 2837 σαρκὶ
2385 2766 2691 2838 περιτομὴ,
2733 2767 2876 2821 κατά
2902 2764 3348 2826 τὸνἈπόστολον,
3380 2762 3519 2816 ἀλλ’
3543 2760 3659 2815 ὀὲν
3680 2758 3763 2825 τῷ

2171 2857 2417 2927 κρυπτῷ
2446 2856 2735 2923 Ἰουδαῖος
2755 2898 2769 2923 ,
2800 2856 2897 2909 καὶ
2919 2852 3201 2923 περιτομὴ
3222 2851 3471 2922 καρδίας
3486 2853 3557 2905 οὐ
3578 2848 3763 2921 πράμ-

2166 2968 2309 3019 ματι
2321 2948 2483 3003 ἀλλὰ
2498 2948 2803 3016 πνεύματιο
2819 2942 2891 3003 οὗ
2907 2950 2939 3000 ό
2951 2945 3199 3009 ἔπαινος
3207 2945 3319 2997 οὐκ
3334 2942 3404 3007 ἐξ
3416 2940 3762 3012 ἀνθρώπων,

2173 3039 2310 3093 ἀλλ’
2331 3038 2399 3091 ἐκ
2423 3037 2530 3091 τοῦ
2550 3037 2717 3091 Θεοῦ·
2745 3036 2839 3090 καὶ
2865 3036 3013 3105 ἡμᾶς
3026 3030 3119 3087 οὖν
3150 3034 3277 3097 τοὺς
3297 3031 3358 3096 ἐξ
3384 3032 3552 3085 ἐθνῶν
3580 3032 3767 3102 (ἡμεῖς

2174 3132 2282 3199 γάρ
2321 3132 2489 3200 ἐσμεν
2526 3131 2558 3201 ἡ
2610 3128 2879 3200 περιτομὴ
2913 3127 3007 3179 καὶ
3040 3123 3292 3195 ἀληθινὸς
3349 3122 3614 3194 Ἰσραὴλ),
3645 3121 3769 3175 ἐλυ-

2958 3218 3115 3291 ἡμῶν
3168 3217 3368 3289 μᾶλλον
3406 3215 3439 3287 ἢ
3485 3214 3763 3278 ἐκείνους·

2181 3315 2230 3367 oi
2268 3314 2365 3384 μὲν
2393 3313 2503 3383 γὰρ
2536 3312 2595 3377 ἐξ
2624 3313 2901 3381 Αἰγύπτου
2946 3309 3317 3383 προελθόντες,
3353 3310 3481 3371 τοὺς
3528 3323 3770 3378 σωματι-

2183 3407 2312 3468 κοὺς
2355 3404 2614 3472 ἐξέφυγον
2669 3404 3001 3474 τυράννουςσ
3059 3402 3388 3471 ἐπαγόμενοι
3431 3401 3488 3453 δὲ
3540 3403 3597 3455 ἐν
3647 3402 3773 3464 ταῖς

2182 3493 2389 3548 ἑαυτῶν
2420 3493 2621 3563 ψυχαῖς
2641 3495 2767 3556 τοὺς
2793 3492 3009 3555 ἀσεϐεῖς
3039 3492 3295 3562 τρόπους,
3322 3488 3679 3544 πεπτώκασιν
3709 3492 3769 3543 ἐν

2182 3590 2248 3657 τῇ
2285 3587 2476 3657 ἐρήμῳ
2501 3585 3076 3654 είδωλολατρήσαντες,
3123 3584 3300 3654 Ἠμᾶς
3322 3582 3378 3636 δὲ
3402 3581 3618 3653 ἀληθῶς
3652 3580 3773 3635 ἐλυ-

2184 3676 2429 3748 τρώσατο
2484 3679 2551 3731 ἐκ
2601 3676 2709 3729 τῶν
2772 3678 2871 3745 τῆς
2938 3674 3117 3745 ψυχῆς
3172 3675 3330 3746 ἡμῶν
3389 3672 3623 3746 ἐχθρῶν,
3677 3674 3772 3727 καὶ

2183 3768 2426 3840 ἐμνήσθη
2476 3767 2633 3839 ἡμῶν
2684 3770 2741 3821 ἐν
2782 3769 2848 3837 τῇ
2896 3766 3226 3819 ταπεινώσει
3270 3765 3428 3837 ημῶν
3481 3764 3682 3834 μᾶλλον
3735 3764 3770 3836 ἢ

2183 3860 2410 3915 ἐκείνων
2434 3876 2447 3889 ο
2485 3861 2535 3912 oi
2574 3859 2673 3929 μὲν
2715 3858 2825 3927 γὰρ
2866 3856 3114 3928 σώμασιν
3145 3857 3424 3911 ἐδούλευον
3458 3861 3579 3921 τοῖς
3601 3859 3771 3927 Δίγυ-

2187 3951 2385 4014 πτίοις,
2413 3950 2573 4019 ἡμεῖς
2615 3946 2672 4001 δὲ
2705 3951 2827 4010 ταῖς
2855 3947 3056 4017 ψυχαῖς
3091 3947 3283 4011 αὐταῖς
3326 3948 3597 4019 δαιμόνων
3630 3944 3774 4020 ἧμιν

2187 4042 2433 4111 παίγνια,
2468 4042 2562 4094 καὶ
2603 4039 2707 4093 ὑπὸ
2733 4042 2847 4102 τοῖς
2882 4043 3138 4112 πονηροῖς
3177 4040 3485 4110 πνεύμασιν
3521 4036 3666 4112 ἦμεν
3694 4056 3777 4092 τε·

2187 4134 2597 4204 ταπεινωμένοι.
2640 4130 2903 4185 Τοσοῦτον
2934 4132 2992 4185 δέ
3035 4135 3151 4185 ἐστι
3195 4132 3256 4185 τὸ
3297 4132 3445 4196 ἔλεος
3476 4132 3572 4185 τοῦ
3612 4130 3771 4194 Θεοῦ,

2186 4225 2264 4289 ὡς
2292 4226 2367 4297 μὴ
2410 4226 2569 4294 μόνον
2602 4221 2857 4295 κήδεσθαι
2893 4224 3002 4277 τῶν
3039 4223 3329 4289 θεοσεϐὦν,
3359 4225 3454 4279 καὶ
3485 4224 3594 4277 τῶν
3625 4223 3774 4293 αύτῷ

2188 4316 2598 4389 πλησιαζόντων
2644 4315 2973 4385 φροντίζειν,
3024 4316 3162 4370 ἀλλά
3209 4317 3303 4371 καὶ
3351 4316 3571 4387 πάντων
3625 4316 3777 4383 ἅπαξ

2186 4409 2376 4472 ἁπλῶς
2411 4408 2520 4462 τῶν
2554 4408 2648 4462 ἐπὶ
2680 4409 2782 4478 γῆς
2822 4409 2920 4478 τὴν
2955 4409 3211 4479 πρόνοιαν
3246 4409 3538 4474 ποιεῖσθαι,
3568 4410 3671 4465 ,καὶ
3712 4411 3774 4464 οὐ

2186 4500 2424 4570 λογικῶν
2474 4500 2649 4571 μόνων
2703 4498 2842 4553 ἀλλά
2884 4501 2979 4553 καὶ
3025 4500 3255 4569 ἀλόγων,
3308 4502 3384 4565 ὡς
3425 4504 3777 4576 ἐπιχορηγεῖν

2190 4592 2397 4663 τροφὰς
2424 4593 2557 4645 πᾶσι
2582 4593 2698 4655 τοῖς
2732 4591 2826 4645 ἐπὶ
2854 4592 2957 4663 γῆς
2990 4590 3176 4659 ζώοις,
3204 4592 3417 4662 ἑκάστῳ
3446 4610 3507 4646 τε
3532 4594 3678 4661 γίνει
3708 4594 3777 4647 τὰ

2191 4685 2495 4756 πρόσφορα,
2544 4685 2637 4738 καὶ
2687 4685 2754 4738 τὰ
2806 4685 3116 4756 κατάλληλα
3163 4684 3301 4757 πρὸς
3346 4687 3448 4755 τὴν
3482 4685 3625 4757 ζωὴν
3675 4685 3776 4740 δω-

2196 4776 2439 4847 ρεῖσθαι,
2481 4776 2733 4831 ἐντεῦθέν
2790 4794 2849 4830 τε
2907 4777 3070 4831 πάλιν
3126 4779 3207 4841 είς
3257 4778 3487 4850 οὐρανὸν
3546 4778 3774 4849 διήκειν.

2192 4868 2393 4939 Διόπερ
2440 4868 2468 4920 ό
2492 4867 2650 4937 λόγος
2693 4869 2831 4939 μετά
2874 4870 2934 4922 τὸ
2978 4868 3167 4937 φάναι,
3208 4869 3271 4924 '0
3302 4868 3511 4936 διδοὺς
3546 4870 3780 4939 τροφὴν

2195 4959 2363 5029 πάσῃ
2409 4961 2621 5028 σαρκὶ,
2656 4961 2971 5031 ἀναπέμπει
3014 4963 3162 5031 ἡμᾶς
3209 4963 3289 5025 είς
3328 4962 3590 5033 οὐρανὸν,
3625 4957 3779 5025 αὖθις

2197 5048 2370 5118 λέγων
2388 5067 2402 5082 ο
2438 5050 2931 5121 Ἐξομολογεῖσθε
2961 5051 3042 5116 τῷ
3074 5051 3200 5119 Θεῷ
3242 5052 3354 5107 τοῦ
3383 5053 3667 5122 οὐρανοῦ,
3690 5053 3779 5108 ὅτι

2195 5143 2283 5208 είς
2299 5142 2407 5195 τὸν
2419 5140 2605 5196 αἰῶνα
2620 5143 2689 5196 τὸ
2705 5144 2878 5211 ἔλεος
2894 5144 3102 5199 αὐτοῦ.

2723 5237 3017 5291 ars/mos
3060 5237 3245 5304 me".

2280 5327 2339 5381 Ὀ
2390 5326 2582 5400 παρὼν
2636 5328 2881 5401 ψαλμδς,
2931 5330 3306 5402 ἀνεπίγραφος
3360 5331 3599 5403 ὑπάρχει
3649 5330 3779 5401 παρ’

2198 5667 2356 5723 duce.
2386 5665 2521 5721 Nam
2580 5675 2637 5721 et
2699 5665 2965 5721 Eusebius
3029 5664 3351 5735 conspirare
3413 5678 3536 5719 cum
3594 5660 3783 5735 Cyrilll

2199 5738 2540 5806 aliorumque
2571 5737 2843 5791 sententia
2877 5735 3110 5792 videtur.

2273 5806 2388 5879 (ιε)
2420 5806 2557 5864 Cod.
2585 5807 2808 5880 τρόπος.
