4014 6412
189 391 255 449 ἵῖ
1331 404 1756 462 COMMENTAB

1878 405 1948 461 IN
1986 405 2331 468 PSALMOS.
3425 418 3498 474 38

196 510 493 583 Ἑϐραίοις,
543 516 638 570 καὶ
683 515 806 571 οὔτε
844 517 989 584 τίνος
1029 521 1148 576 ἐστὶ
1176 524 1620 597 προγέγραπται,
1668 525 1756 580 οὔτ

1904 539 2081 595 neque
2111 526 2230 598 cjus
2257 540 2450 585 auctor
2496 531 2831 599 inscribitur,
2874 547 3051 604 neque
3077 536 3233 603 cuius
3268 541 3493 608 generis

186 602 341 656 ποίου
370 606 632 676 τυγχάνει
658 607 867 674 εἴδουςο
906 611 1024 666 ἀλλ’
1052 612 1171 667 ἐστι
1209 616 1341 687 ψιλὴ
1374 618 1683 689 προφητεία
1722 623 1787 674 ἐκ

184 696 483 765 προσώπου
528 698 640 753 τῶν
686 702 743 754 ἐν
788 702 1069 759 Βαϐυλῶνι
1116 707 1430 780 γενομένων
1476 709 1745 783 λεγομένη
1768 731 1781 744 ·

184 786 275 839 καὶ
300 787 469 843 τοῦτο
492 789 551 843 δέ
578 792 880 863 σημειώσει
907 795 986 861 ὡς
1014 797 1071 851 ἐν
1097 815 1240 853 τισιν
1266 800 1375 854 τῶν
1403 802 1781 875 ἀντιγράφων,

184 879 325 932 κατά
354 882 487 946 τοὺς
501 881 926 958 Ἑϐδομήκοντα,
958 891 1362 964 ἐπιγέγραπται
1401 896 1656 967 Ἀγγαίου
1690 898 1785 953 καὶ

182 968 481 1043 Ζαχαρίου.

180 1061 493 1132 Μακάριος
538 1064 609 1133 ὃς
658 1067 1075 1195 ἀνταποδέέῗῗ
1120 1089 1220 1129 σοι
1277 1074 1346 1130 τὸ
1390 1077 1782 1152 ἀνταπόδομά

255 1221 314 1276 ’0
366 1228 726 1299 μακαρισμὸς
771 1231 853 1293 είς
910 1232 1151 1299 ἐκείνους
1204 1240 1600 1311 περιστήσεται
1651 1242 1779 1307 τοὺς

171 1313 535 1381 ἀποδιδόντας
582 1321 650 1372 τά
682 1322 947 1392 ἀμοιϐαῖα
990 1330 1056 1398 τῇ
1102 1326 1406 1393 Βαϐυλῶνι,
1438 1332 1533 1386 καὶ
1572 1332 1665 1388 τὸν
1709 1336 1778 1390 τά

170 1408 342 1479 νήπια
358 1411 550 1464 αὐτῶν
566 1416 1024 1486 προσαράσσοντα
1043 1422 1111 1491 τῇ
1132 1419 1309 1494 πέτρᾳ
1333 1424 1429 1476 καὶ
1445 1425 1776 1493 ἀναιροῦντα

169 1498 312 1590 αύτά
330 1517 344 1529 ·
384 1504 486 1555 καὶ
515 1505 624 1577 γὰρ
653 1504 733 1575 τῷ
766 1507 912 1572 ὄντι,
934 1509 997 1563 τὸ
1026 1510 1126 1581 μὲν
1158 1511 1377 1583 πρῶτον
1410 1517 1681 1589 μακάριον
1706 1514 1775 1590 ἦν

166 1589 227 1643 τὺ
279 1592 359 1664 μὴ
406 1594 711 1651 θεάσασθαί
755 1595 887 1653 ποτε
917 1601 1015 1671 τὴν
1055 1602 1380 1671 Βαϐυλῶνα,
1419 1608 1555 1678 μηδὲ
1602 1611 1659 1662 ἐν
1703 1589 1771 1682 τῇ

169 1684 436 1755 συγχύσει
483 1688 736 1755 γενέσθαι
778 1692 890 1747 τῶν
933 1695 1136 1765 ταύτης
1170 1698 1395 1752 κακῶν*
1444 1702 1491 1754 εί
1528 1701 1585 1755 δὲ
1625 1703 1773 1768 ἅπαξ

163 1788 249 1835 τις
275 1774 501 1840 γένοιτο
534 1778 593 1830 ἐν
624 1780 764 1851 αὐτῇ
795 1782 1091 1838 ἀποπεσὼν
1118 1787 1229 1841 τῶν
1264 1788 1611 1859 κρειττόνων,
1661 1810 1769 1862 μα-

1890 632 2113 673 carmen
2147 620 2259 686 sit,
2291 622 2517 683 dicitur.
2570 625 2749 683 Porro
2774 637 2860 682 est
2895 628 3125 696 simplex
3160 633 3446 701 prophetia
3475 670 3495 700 ,

1888 724 2012 772 qua:
2086 714 2347 768 recitatur
2383 729 2450 770 ex
2515 720 2856 788 captivorum
2909 718 3187 791 Babylone
3236 737 3494 790 persona.

1890 802 2022 870 Ejus
2062 803 2142 857 rei
2187 806 2450 861 indicium
2475 817 2578 872 est,
2609 808 2757 878 quod
2795 808 2849 862 in
2886 808 3097 877 aliquot
3137 808 3491 882 Septuaginta

1886 894 2253 965 interpretum
2316 900 2726 970 exemplaribus
2782 900 3108 957 inscribitur
3177 905 3381 974 Aggzeo
3434 916 3493 961 et

1888 985 2189 1041 Zachariae.

1920 1078 2089 1135 Vsus.
2125 1081 2180 1137 8.
2230 1079 2432 1138 Beatus
2465 1085 2557 1154 qui
2606 1086 2864 1194 retrib'uel
2910 1086 3008 1140 tibi
3053 1088 3452 1145 retributionem

2587 1165 2734 1194 [unus

2586 1165 2735 1209 luam
2764 1165 2777 1211 ί

1952 1242 2242 1299 Beatitudo
2288 1244 2395 1299 illis
2428 1257 2731 1317 reputatur,
2781 1249 2872 1319 qui
2908 1250 3169 1305 talionem
3220 1251 3483 1324 Babyloni

1882 1335 2129 1403 reddent,
2154 1346 2207 1390 et
2238 1338 2328 1406 qui
2360 1337 2615 1407 parvulos
2639 1338 2756 1408 ejus
2786 1351 2953 1411 petra:
2978 1342 3151 1398 illisos
3180 1348 3479 1401 necahuut.

1884 1426 2093 1482 Revera
2153 1430 2299 1482 enim
2353 1430 2405 1483 in
2444 1430 2636 1498 primis
2692 1434 2909 1487 beatum
2958 1433 3150 1489 fuisset
3203 1428 3481 1506 nunquam

1878 1534 2105 1574 cernere
2134 1519 2469 1591 Babylonem
2498 1561 2516 1587 ,
2551 1537 2731 1592 neque
2762 1524 2815 1576 in
2846 1524 3112 1580 malorum
3147 1526 3267 1593 ejus
3307 1527 3485 1580 collu-

1878 1612 1964 1666 vie
1994 1612 2227 1667 versari.
2266 1612 2373 1667 Sed
2415 1620 2704 1682 postquam
2751 1614 2950 1683 aliquis
2977 1619 3343 1686 prosperitate
3383 1620 3480 1675 de-

1868 1702 2047 1772 jectus
2074 1744 2089 1770 ,
2120 1702 2227 1756 illic
2252 1703 2592 1768 exstitisset,
2630 1702 2822 1759 beatus
2850 1722 2983 1761 sane
3016 1715 3389 1774 reputaretur.
3427 1708 3475 1763 si

1873 1807 1994 1861 quae
2020 1807 2213 1862 passus
2246 1805 2391 1847 esset
2420 1832 2433 1855 ,
2474 1793 2706 1848 invicem
2743 1795 3069 1850 retribueret
3092 1834 3110 1861 ,
3141 1808 3199 1851 et
3234 1796 3475 1868 Babylo-

165 1864 357 1937 κάριος
386 1869 458 1921 ἂν
505 1869 593 1941 εἴη
626 1873 675 1925 εί
712 1872 748 1926 ἀ
792 1874 1059 1932 πέπονθεν
1113 1881 1414 1951 ποιήσειεν,
1456 1882 1549 1935 καὶ
1593 1885 1756 1938 ἀνταιι

1876 1885 1995 1939 nios
2051 1885 2295 1939 vicissim
2332 1888 2840 1958 captivaret,atque
2875 1888 3021 1957 ipsas
3044 1888 3474 1961 Babyloniorum

164 1959 587 2031 χμαλωτήσειεν
610 1966 738 2029 τοῦς
770 1966 1167 2035 Βαϐυλωνίους,
1203 1973 1297 2025 καὶ
1326 1974 1498 2038 αύτάς
1526 1975 1626 2040 τὰς
1660 1976 1767 2030 τῶν

1870 1980 2083 2035 animas
2112 1981 2178 2033 ad
2216 1979 2308 2035 Dci
2345 1983 2598 2037 timorem
2635 1979 2984 2035 transferret.
3017 1980 3174 2049 Quod
3201 1984 3245 2037 si
3273 1994 3326 2037 et
3353 1984 3474 2039 illo-

164 2050 533 2107 Βαϐυλωνίων
562 2054 741 2127 ψυχὰς
777 2061 1079 2130 μεταγάγοι
1112 2063 1206 2116 ἐπὶ
1238 2063 1331 2117 τὸν
1364 2066 1460 2119 τοῦ
1504 2067 1638 2120 Θεοῦ
1672 2068 1756 2138 φό-

1872 2088 1990 2124 rum
2020 2072 2286 2141 parvulos
2321 2073 2465 2127 haud
2495 2074 2686 2127 siverit
2712 2072 3031 2127 adolescere
3061 2114 3076 2136 ,
3114 2074 3210 2128 sed
3251 2074 3471 2131 illiserit

164 2141 274 2194 δον.
320 2144 388 2197 Ei
432 2144 491 2199 δὲ
540 2146 633 2201 καὶ
679 2149 749 2203 τά
802 2151 973 2223 νήπια
1016 2154 1199 2207 αὐτῶν
1235 2156 1311 2227 μὴ
1355 2162 1756 2230 συγχωρήσειεν

1871 2174 2060 2234 petrae,
2099 2165 2272 2220 multo
2315 2166 2423 2219 erit
2455 2166 2686 2221 felicior.
2714 2164 2831 2220 Jam
2864 2182 2995 2222 vero
3018 2166 3315 2240 Babylonis
3344 2186 3471 2238 par-

162 2234 421 2305 αὑξῆσαι,
458 2236 597 2291 ἀλλά
644 2241 987 2311 συντρίψειεν
1029 2244 1167 2325 πρὸς
1202 2249 1269 2319 τῇ
1312 2248 1511 2320 πέτρᾳ,
1548 2250 1756 2305 πολλῶν

1871 2258 2046 2323 vulos,
2079 2269 2227 2313 recte
2256 2257 2526 2329 intelliges
2557 2262 2816 2330 nequitiae
2847 2261 3079 2327 semina,
3108 2270 3161 2317 et
3189 2264 3467 2317 variorum

159 2324 225 2379 ἄν
260 2327 482 2396 γένοιτο
522 2332 959 2405 μακαριώτερος.
1001 2324 1326 2402 Βαϐυλῶνος
1367 2339 1426 2393 δὲ
1476 2342 1645 2413 νήπια
1694 2344 1763 2397 τὰ

162 2414 461 2487 σπέρματα
500 2419 604 2489 τῆς
646 2422 868 2489 κακίας,
906 2424 1127 2491 καὶτὰς
1152 2427 1330 2498 ἀρχάς
1360 2430 1470 2483 τῶν
1506 2448 1763 2503 συγχυτι-

161 2507 269 2561 κῶν
332 2512 779 2583 ἁμαρτημάτων,
819 2517 921 2570 οὐκ
981 2517 1047 2571 ἂν
1086 2520 1359 2593 ἁμάρτοις
1397 2523 1599 2578 είπῶν·
1626 2525 1661 2579 ἃ
1694 2526 1759 2598 δὴ

157 2598 232 2672 τῷ
267 2600 417 2673 λόγῳ
450 2602 529 2675 τῷ
569 2606 823 2678 σωτηρίῳ
862 2608 916 2679 (ἡ
954 2609 1129 2682 πέτρα
1174 2612 1284 2684 γάρ
1324 2610 1393 2685 ἦν
1430 2617 1459 2668 ὁ
1504 2617 1759 2689 Χριστὸς)

158 2694 408 2766 ἀναιρεῖν
450 2696 590 2767 πρὸς
622 2698 684 2751 τὸ
732 2700 808 2772 μὴ
834 2700 1021 2767 αὖξειν
1043 2746 1057 2770 ,
1087 2704 1227 2776 μηδὲ
1261 2708 1341 2769 είς
1382 2706 1521 2778 ἔργα
1556 2711 1758 2783 προέρ-

157 2786 345 2857 mea.
383 2789 683 2869 σπουδάσει
714 2794 744 2844 ὁ
778 2794 835 2845 ὲν
866 2793 1077 2862 τούτοις
1116 2797 1575 2870 μακαριζόμενος.

714 2884 1007 2941 ΨΛΛΜυΣ
1038 2888 1204 2942 ΡΛΖ’.

167 2970 731 3045 Ἐξομολογήσομαί
755 2992 875 3043 σοι,
906 2979 1103 3047 Κύριε,
1130 2980 1201 3035 ἐν
1228 2981 1341 3051 ὅλῃ
1370 2982 1584 3051 καρδίᾳ
1612 3003 1752 3055 μου.

228 3128 444 3199 Ὠσπερ
470 3132 499 3183 ὁ
527 3129 733 3194 τέλειος
764 3131 825 3197 ἐξ
854 3132 982 3205 ὅλης
1007 3131 1191 3205 ψυχῆς
1223 3137 1319 3190 κα)⁵
1343 3137 1628 3209 δυνάμεως
1658 3142 1752 3193 καὶ

1864 2344 2230 2415 scaturigines
2260 2358 2647 2416 peccatorum,
2686 2364 2807 2417 quae
2858 2349 3173 2407 Servatoris
3199 2352 3471 2407 doctrinis

1866 2431 2013 2499 (nam
2065 2444 2215 2503 petra
2271 2446 2354 2489 est
2382 2434 2663 2507 Christus)
2704 2440 2958 2494 occidere
2985 2480 2999 2502 ,
3032 2454 3099 2493 ne
3149 2441 3469 2497 adolescant

1864 2528 2028 2587 atque
2060 2519 2112 2573 in
2142 2532 2329 2577 actum
2377 2536 2713 2596 erumpant,
2748 2529 2965 2583 curabit
2997 2530 3044 2584 is
3087 2533 3178 2599 qui
3210 2531 3313 2587 hoc
3344 2531 3468 2588 loco

1864 2610 2057 2666 beatus
2084 2614 2433 2681 prmdicatur.

2318 2878 2644 2938 PSALMUS
2682 2882 2995 2939 CXXXVII.

1896 2967 2063 3023 Vens.
2113 2969 2163 3023 l.
2211 2969 2517 3039 Conﬁtebor
2550 2974 2675 3037 tibi,
2717 2974 2982 3042 Domine,
3023 2976 3077 3030 iu
3122 2986 3232 3031 toto
3269 2980 3429 3033 corde

2593 3061 2732 3097 meo.

1932 3128 2112 3184 Sicuti
2140 3129 2418 3200 perfectus
2456 3133 2624 3188 homo
2645 3173 2661 3198 ,
2693 3134 2859 3187 Deum
2887 3142 2997 3187 tota
3024 3138 3229 3203 anima,
3255 3140 3460 3204 nervis,

159 3220 343 3292 ίσχύος
370 3223 568 3295 ἀγαπᾷ
594 3223 687 3277 τὸν
710 3224 864 3288 Θεὸν,
895 3227 957 3279 οὐ
984 3226 1228 3282 διασπῶν
1252 3230 1352 3293 τάς
1375 3230 1636 3302 δυνάμεις
1657 3234 1755 3304 τῆς

1871 3236 1924 3275 ιθ
1955 3222 2162 3276 viribus
2197 3233 2345 3278 amat
2373 3264 2387 3288 ,
2421 3224 2563 3279 haud
2592 3226 2845 3293 equidem
2878 3227 3085 3281 amoris
3113 3229 3197 3282 sui
3237 3230 3465 3284 faculta-

157 3313 353 3368 ἐαυτοῦ
402 3316 627 3388 ἀγάπης
672 3318 803 3387 περὶ
838 3317 965 3371 ἀλλο
996 3336 1073 3383 τι,
1112 3318 1228 3391 ἀλλ’
1262 3319 1400 3385 ὅλως
1438 3323 1753 3395 ἀνηρτημέ-

155 3421 245 3470 νος
279 3407 447 3479 μόνον
484 3406 581 3461 τοῦ
612 3407 769 3472 Θεοῦ,
800 3407 973 3475 οὕτως
1013 3413 1106 3466 καὶ
1133 3414 1296 3478 αὐτὸς
1327 3416 1387 3468 ὲν
1419 3416 1518 3488 ὅλῃ
1556 3418 1754 3489 καρδίᾳ

155 3501 558 3573 ὲξομολογεῖται
611 3504 951 3574 εὐχαριστῶν
998 3505 1079 3575 τῷ
1124 3506 1265 3589 Θεῷ.
1314 3507 1546 3580 Θαρσῶν
1593 3510 1649 3563 δὲ
1686 3514 1751 3582 τῇ

152 3592 375 3664 τοιαύτῃ
410 3590 582 3646 αὑτοῦ
616 3592 931 3666 παρρησίᾳ,
958 3594 1053 3648 καὶ
1097 3593 1277 3661 είδὼς,
1310 3596 1394 3649 ὅτι
1423 3598 1482 3649 ἐν
1532 3598 1753 3669 μεγάλῳ

151 3685 366 3759 θεάτρῳ
408 3684 489 3756 τῷ
532 3684 644 3737 τῶν
684 3685 986 3758 ἀνθρώπων
1020 3686 1140 3759 βίῳ,
1178 3686 1340 3743 θείων
1374 3689 1625 3757 ἀγγέλων
1657 3692 1753 3745 καὶ

152 3771 487 3843 λειτουργῶν
530 3772 666 3827 Θεοῦ
710 3772 1052 3846 ἐφορώντων,
1096 3778 1193 3831 καὶ
1233 3776 1524 3848 θεωμένων
1558 3781 1654 3845 τὰς
1692 3784 1751 3834 ἐν

150 3864 269 3937 Θεῷ
317 3866 607 3937 προκοπὰς
640 3867 839 3931 αὑτοῦ,
886 3868 986 3941 τὴν
1026 3871 1413 3942 προσήκουσαν
1456 3872 1749 3929 ἀποδίδωσι

150 3958 226 4029 τῷ
257 3957 381 4029 Θεῷ
419 3958 704 4029 λατρείαν,
742 3961 836 4014 καί
883 3978 1073 4033 φησιν’
1109 3962 1221 4016 Kal
1252 3964 1535 4019 ἐναντίον
1579 3966 1751 4038 ἀγγέ-

148 4053 270 4104 λων
296 4048 482 4119 ψαλῶ
507 4066 628 4104 σοι.

295 4141 724 4211 Προσκυνῄσω
753 4144 905 4212 πρὸς
931 4143 1041 4199 τὸν
1064 4143 1220 4199 ναὸν·
1250 4146 1424 4214 ἅγιόν
1447 4164 1587 4203 σου.
1608 4188 1609 4193 η

216 4234 561 4307 Προσκυνεῑν
612 4236 1009 4305 ἐπαγγέλλεται
1055 4238 1198 4313 πρὸς
1241 4242 1369 4296 ναὸν
1422 4240 1598 4311 ἀγιον,
1647 4243 1747 4315 τὴν

160 4323 493 4399 Ἐκκλησίαν
515 4325 713 4398 δηλῶν,
756 4326 792 4399 ἢ
842 4327 942 4400 τὴν
975 4329 1299 4400 ἐπουράνιον
1366 4331 1744 4405 Ἰερουσαλὴμ,

146 4413 211 4491 ἧς
236 4419 416 4484 τύπος
446 4420 477 4472 ὁ
506 4418 601 4472 ἐπὶ
628 4417 732 4488 γῆς
764 4419 979 4491 ὑπῆρχε
1009 4420 1139 4485 ναός
1161 4438 1174 4452 ”
1213 4415 1334 4475 εἶτα
1358 4422 1519 4495 χάριν
1553 4423 1745 4495 ὁμολο-

1846 4323 1982 4378 siam
2033 4324 2344 4393 denotans,
2395 4324 2479 4380 vel
2529 4324 2811 4381 cmlestem
2870 4324 3215 4392 Jerusalem,

1859 3326 1939 3370 tes
1971 3315 2290 3371 distrahens
2319 3319 2385 3371 ad
2422 3319 2569 3371 aliud
2595 3320 2816 3387 quidvis
2842 3359 2858 3385 ,
2893 3320 2988 3374 sed
3016 3335 3045 3373 a
3076 3320 3190 3376 solo
3225 3322 3337 3377 Deo
3367 3327 3461 3377 tle-

1855 3407 2130 3475 peudens;
2182 3408 2265 3461 sic
2316 3416 2374 3461 et
2431 3408 2718 3464 Psalmista
2776 3420 2888 3465 toto
2937 3412 3104 3467 corde
3137 3416 3456 3479 conlitetur,

1853 3496 2061 3567 gratias
2091 3514 2259 3567 agens
2302 3499 2430 3553 Deo.
2458 3498 2594 3553 Tum
2622 3501 2799 3556 elatus
2832 3501 2935 3557 hac
2966 3518 3061 3557 sua
3099 3502 3295 3560 fiducia
3321 3546 3339 3574 ,
3376 3509 3456 3561 vi-

1852 3588 2093 3657 densque
2142 3604 2202 3642 se
2241 3589 2293 3643 in
2344 3604 2540 3659 magno
2577 3592 2828 3645 lunname
2869 3593 2990 3645 vita:
3046 3594 3285 3654 theatro.
3336 3611 3459 3650 nec-

1854 3694 1960 3735 non
2018 3680 2324 3735 ctelestium
2367 3684 2686 3752 angelorum
2718 3723 2735 3747 ,
2770 3684 2863 3752 qui
2913 3682 3085 3751 ipsius
3112 3687 3252 3755 apud
3286 3684 3455 3740 Deum

1854 3768 2156 3841 profectum
2192 3782 2443 3841 spectant
2467 3813 2482 3837 ,
2514 3776 2925 3829 convenientem
2962 3776 3071 3829 Deo
3104 3778 3297 3832 tribuit
3338 3780 3454 3833 cnl-
3542 3849 3550 3854 δ

1850 3872 1965 3919 tum
1992 3905 2006 3928 .
2055 3866 2239 3935 aitque
2274 3882 2289 3919 :
2332 3865 2396 3920 Et
2440 3867 2496 3921 in
2542 3882 2823 3937 conspectu
2862 3870 3175 3940 angelorum
3220 3870 3454 3941 psallam

1850 3956 1966 4011 tibi.

1946 4136 2113 4195 Vens.
2141 4138 2196 4194 ‘2.
2226 4138 2477 4195 Adorabo
2508 4141 2580 4195 ad
2607 4140 2860 4210 templum
2893 4153 3141 4198 sanctum
3174 4153 3345 4199 tuum.

1917 4232 2285 4286 Adoraturum
2323 4248 2384 4288 se
2420 4232 2650 4303 spondet
2681 4233 2735 4286 iu
2766 4244 2963 4289 sancto
2994 4234 3228 4304 templo,
3262 4234 3453 4290 Eccle-

3292 4330 3449 4397 cujus

1846 4426 1965 4471 erat
1999 4426 2159 4488 typus
2189 4426 2449 4473 terrestre
2488 4417 2770 4487 templum.
2807 4419 3012 4474 Deinde
3044 4418 3274 4487 gratiam
3324 4437 3448 4489 prn-

146 4517 230 4584 γετ
259 4513 626 4581 καταξιωθεὶς
654 4512 806 4567 ἐλέου
838 4515 934 4567 καὶ
958 4513 1221 4585 ἀληθείας
1255 4515 1411 4569 Θεοῦ.
1457 4515 1602 4568 Ἀνθ’
1624 4508 1685 4569 οὗ
1714 4518 1743 4571 ό

1871 4511 2055 4575 itetur,
2090 4512 2219 4581 quia
2251 4513 2448 4585 dignus
2479 4514 2551 4567 sit
2595 4514 2819 4569 habitus
2862 4513 3236 4569 misericordia
3266 4524 3321 4568 et
3352 4530 3445 4567 Vr-

146 4582 467 4677 Σύμμαχος,
501 4605 638 4674 περὶ
665 4605 774 4660 τοῦ
800 4604 1014 4673 ἐλέους
1036 4582 1155 4660 σου
1179 4607 1280 4662 καί
1308 4606 1418 4674 τῆς
1450 4608 1741 4675 ἀληθείας

1871 4604 2013 4656 itate
2044 4604 2159 4659 Dei.
2206 4582 2333 4659 Pro:
2360 4606 2559 4675 quibus
2603 4606 2790 4660 verbis
2822 4605 3203 4677 Symmachus,
3230 4616 3446 4676 proptrr

145 4717 279 4766 σου,
334 4700 527 4769 λέγει’
589 4699 770 4769 τυχὼν
821 4701 931 4773 γὰρ
983 4700 1139 4755 ἐλέου
1194 4699 1352 4765 Θεοῦ,
1404 4701 1593 4755 τύπων
1645 4702 1742 4756 καὶ

148 4792 433 4864 συμϐόλων
464 4791 851 4865 ἀπήλλακται,
883 4795 942 4846 ἐν
987 4792 1260 4865 ποεύματι
1292 4793 1351 4847 δὲ
1383 4795 1477 4847 καὶ
1511 4793 1741 4866 ἀληθείᾳ

145 4884 429 4957 λατρεύειν
458 4884 579 4955 Θεῷ
606 4884 962 4956 κατηξιωται.
1400 4922 1405 4927 .

152 5060 864 5133 Ἐξομολοτησάσθωσάν
891 5077 992 5133 σοι
1010 5102 1026 5129 ,
1057 5064 1256 5133 Κύριε,
1288 5061 1512 5128 πάντες
1541 5064 1596 5115 ol
1620 5062 1737 5127 ,ϐα-

678 5132 875 5198 σιλεῖς
911 5131 1025 5200 τῆς
1066 5132 1198 5203 γῆς.

206 5225 482 5289 Πολλάκις
516 5226 999 5297 παρετηρήσαμεν,
1026 5226 1109 5278 ὅτι
1132 5224 1242 5279 τῶν
1262 5224 1492 5297 ψαλμῶν
1524 5227 1571 5279 οἱ
1598 5226 1736 5295 μήτε

146 5311 329 5385 ὕμνον,
372 5313 513 5384 μήτε
542 5312 705 5384 ᾠδὴν,
734 5315 870 5384 μήτε
902 5313 1136 5384 ψαλμὸν,
1161 5316 1195 5385 ἡ
1223 5332 1276 5368 τι
1302 5316 1489 5388 ἕτερον
1520 5316 1736 5386 ἔχοντες

144 5405 492 5479 προγραφὴν,
522 5404 685 5459 ἄλλου
720 5406 869 5477 παρά
900 5406 1072 5461 ταῦτα
1104 5409 1430 5479 τυχχάνουσι
1464 5411 1737 5482 χαρακτῆο

148 5513 251 5567 ρος.
285 5499 474 5559 ὁποῖος
497 5497 527 5548 ὁ
553 5494 746 5565 παρὼν
776 5497 1121 5568 προφητικῆς
1153 5497 1395 5567 μετέχων
1425 5497 1728 5567 δυνάμεως·

144 5585 225 5642 διὰ
244 5588 355 5660 γὰρ
387 5586 501 5640 τῶν
538 5585 918 5657 προλαϐόντων
942 5587 1476 5659 ἐξομολογησάμενος
1494 5590 1522 5641 ὁ
1546 5588 1729 5653 Δαυῖδ,

1849 4696 2273 4749 misericordiam
2305 4707 2449 4750 tuam
2487 4708 2535 4750 et
2576 4700 2856 4750 veritatem
2885 4706 3033 4752 tuam
3061 4739 3077 4765 ,
3115 4698 3269 4753 dicit.
3304 4697 3440 4752 Nam

1848 4785 1943 4840 Dei
1982 4786 2414 4841 misericordiam
2449 4788 2681 4858 adeptus
2705 4829 2722 4853 ,
2758 4789 2905 4857 typis
2950 4787 3325 4859 symbolisque
3353 4805 3441 4845 St.-

1847 4879 2038 4945 positis
2065 4918 2081 4943 ,
2110 4881 2163 4933 in
2192 4879 2390 4949 spiritu
2420 4894 2486 4936 ac
2526 4880 2759 4937 veritate
2791 4882 2964 4937 Deum
2998 4882 3233 4935 adorare
3271 4882 3442 4949 impc-

1848 4968 2036 5023 travit.

1901 5064 2071 5120 Vens.
2101 5060 2158 5115 4.
2177 5059 2549 5130 Con/iteantur
2582 5064 2679 5117 tibi
2698 5104 2712 5127 ,
2742 5063 2967 5118 Domine
2988 5103 3003 5128 ,
3029 5078 3207 5116 omnes
3238 5077 3384 5130 reges

2555 5143 2735 5189 teme.

1912 5224 2069 5297 Stepe
2098 5225 2510 5283 observavimus
2539 5225 2778 5294 psalmos
2809 5223 2929 5279 illos
2960 5224 3055 5294 qui
3089 5234 3270 5292 neque
3296 5234 3431 5273 can.

1842 5319 1931 5375 tici
1958 5335 2137 5389 neque
2166 5318 2407 5391 psalmi,
2470 5332 2649 5388 neque
2694 5317 2998 5388 quamlibet
3042 5315 3205 5369 aliam
3242 5314 3437 5366 inscri—

1841 5414 2077 5484 ptionem
2109 5412 2334 5475 habent,
2362 5409 2638 5465 diversum
2660 5409 2727 5463 ab
2756 5409 2843 5464 bis
2873 5410 3243 5465 characterem
3273 5418 3434 5473 gere-

1840 5520 1897 5557 re
1923 5545 1938 5567 ,
1974 5502 2278 5572 cujusmodi
2316 5511 2402 5557 est
2440 5501 2529 5557 hic
2569 5501 2892 5571 prophetica
2920 5501 3130 5554 virtute
3169 5497 3433 5552 imbutus.

1837 5592 1973 5647 Nam
2008 5593 2294 5661 superiore
2321 5593 2668 5647 confessione
2704 5590 2846 5647 facta
2880 5590 3079 5655 David,
3107 5589 3296 5658 Atqui,
3332 5590 3432 5652 ait,

158 5678 292 5732 Ἀλλ’
345 5679 447 5731 οὐκ
502 5677 635 5745 ἐγὼ,
696 5680 849 5751 φησὶ,
896 5680 957 5733 ἐν
1008 5679 1306 5751 βασιλεῦσι.
1332 5682 1491 5751 μόνος
1534 5682 1729 5736 τούτου

1876 5700 1943 5737 0n
1989 5700 2091 5754 ego
2122 5684 2273 5740 solus
2317 5685 2462 5739 inter
2488 5698 2643 5754 reges
2669 5684 2756 5739 his
2785 5681 3160 5754 praerogativis
3184 5696 3303 5734 sum
3333 5680 3430 5733 de-

149 5771 507 5843 κατηξιὼθην,
539 5770 779 5825 πλεῖστοι
806 5772 863 5825 δὲ
895 5771 1127 5827 τοιοῦτοι
1155 5775 1498 5845 γενήσονται,
1532 5774 1732 5846 δηλαδὴ

152 5866 278 5933 μετά
311 5867 369 5919 τὸ
399 5869 668 5937 κήρυγμα
702 5865 794 5920 τοῦ
830 5866 1113 5939 Σωτῆροςο
1160 5868 1254 5922 καὶ
1286 5866 1517 5938 μάλιστα
1545 5870 1630 5921 ὅτε
1673 5868 1735 5921 τὸ

1843 5788 2104 5842 coratus,
2141 5777 2235 5831 sed
2284 5776 2503 5846 plurimi
2548 5777 2775 5844 posti-iac
2828 5784 3034 5840 erunt,
3083 5788 3279 5841 nempe
3311 5778 3429 5841 post

1845 5867 2160 5923 Servatoris
2211 5867 2713 5937 przedicationem;
2777 5871 3049 5937 praecipue
3111 5881 3241 5921 vero
3304 5878 3430 5919 cum
