4014 6388
559 461 629 516 59
1194 436 1460 497 EUSEDII
1498 420 1969 491 CIESARIENSIS
2001 418 2149 474 OPP.
2192 411 2375 468 PARS
2413 410 2501 465 III.
2544 438 2611 448 —
2652 396 3065 457 EXEGETICA.
3756 382 3820 437 Μ)

788 624 1052 714 adventus
1083 624 1359 707 acciderit.
1396 643 1546 697 Tunc
1570 638 1712 693 enim
1740 645 1935 698 magna
1965 640 2127 723 appa:

567 714 914 822 relii-thgloria
944 741 1179 801 Domini.
1226 737 1465 803 Namque
1511 726 1832 797 imperativo
1861 720 2017 776 modo
2046 714 2129 769 vel

564 816 824 915 optativa,
854 840 1032 893 futura
1062 830 1326 888 interdum
1354 827 1680 879 denotamur
1707 816 1999 874 secundum
2035 825 2129 879 pe-

565 903 823 992 culiarem
849 928 1195 983 Hebraeorum
1241 912 1712 973 consuetudinem.
1747 936 1819 948 —
1851 903 2129 958 Vaticina-

570 1032 659 1075 tnr
707 1018 954 1073 dill‘nsum
1006 1012 1071 1065 iri
1121 1023 1218 1077 per
1248 1018 1440 1060 omnes
1472 1011 1662 1073 gentes
1707 997 1801 1053 Dei
1851 992 2130 1053 notitiam;

568 1111 759 1167 Cuncti
795 1107 957 1166 enim,
993 1100 1189 1169 inquit,
1223 1110 1381 1165 reges
1405 1103 1566 1148 terra;
1591 1086 1986 1144 conﬁtebuntur
2017 1079 2131 1139 tibi,

572 1204 895 1267 audientque
922 1193 1105 1248 omnia
1136 1189 1298 1243 verba
1342 1184 1455 1238 oris
1484 1181 1577 1235 Dei
1606 1218 1621 1244 ,
1666 1188 1719 1233 et
1752 1174 2051 1230 cantabunt
2081 1170 2134 1222 in

570 1296 676 1347 viis
718 1261 951 1345 Domini.
1004 1282 1127 1336 Haec
1177 1288 1356 1332 autem
1389 1272 1602 1328 nonnisi
1657 1275 1777 1338 post
1827 1261 2139 1318 Servatoris

576 1383 744 1440 nostri
788 1376 1226 1451 praedicationem
1259 1368 1464 1422 exitum
1500 1370 1653 1416 nacta
1698 1368 1845 1412 sunt.
1882 1354 1997 1409 Vite
2042 1368 2139 1406 au-

577 1487 686 1529 tem
724 1443 952 1524 virtutes
1002 1470 1168 1523 sunt,
1217 1470 1337 1526 qua:
1384 1453 1451 1507 ad
1503 1452 1596 1506 Dei
1646 1448 1893 1505 notitiam
1942 1443 2140 1515 perdu-

578 1572 727 1618 CUDI.

646 1737 812 1790 Vatis.
847 1734 898 1788 6.
937 1730 1186 1786 Excelsus
1217 1727 1474 1781 Dominus
1513 1736 1559 1778 et
1589 1720 1812 1774 humilia
1844 1717 2075 1784 respicit.

657 1827 787 1894 Quae
829 1824 1176 1892 propheticus
1228 1818 1454 1887 spiritus
1506 1814 1563 1867 in
1616 1814 1730 1881 ipso
1759 1817 1813 1863 et
1851 1823 1946 1877 per
1975 1806 2147 1874 ipsum

586 1917 798 1970 locutus
854 1914 1070 1973 fuerat,
1120 1908 1283 1962 David
1337 1917 1705 1974 cognoscens,
1763 1899 1971 1953 Iactatur
2022 1894 2143 1962 quia

588 2007 730 2059 Deus
757 2001 977 2056 humilia
1026 1998 1290 2068 respicit,
1326 2004 1379 2049 et
1410 1990 1679 2063 pressuris
1725 1988 1844 2056 ejus
1875 1993 2148 2054 protector

590 2099 762 2152 adest.

687 2213 846 2268 Vens.
880 2211 933 2264 7.
965 2208 1023 2264 Si
1044 2206 1376 2261 ambularem
1405 2204 1461 2255 in
1487 2200 1655 2253 medio
1681 2195 2061 2255 tribulationis,

1104 2274 1380 2343 viviﬁcabia
1412 2288 1512 2336 me,
1542 2279 1647 2324 etc.

664 2371 874 2427 Clarius
908 2367 1265 2438 Symmachus
1293 2361 1433 2415 dixit
1463 2378 1476 2412 :
1507 2358 1571 2413 Si
1604 2354 1938 2409 ambulauero
1974 2352 2029 2404 in
2053 2365 2157 2401 me-

594 2462 681 2513 dio
714 2456 1066 2511 tribulationis
1091 2493 1107 2517 ,
1150 2448 1479 2506 conservabis
1520 2462 1601 2497 me
1628 2458 1645 2494 :
1676 2450 1861 2495 contra
1905 2440 2157 2492 anhelan-

600 2563 674 2604 tes
710 2550 946 2603 inimicos
982 2561 1123 2598 meos
1172 2557 1384 2595 manum
1432 2550 1574 2592 tuam
1608 2534 1875 2593 extendes,
1910 2529 2160 2583 seruabit-

600 2656 698 2709 que
756 2653 834 2689 me
884 2637 1097 2689 dextera
1139 2641 1250 2685 tua.
1290 2628 1545 2682 Dominus
1588 2640 1695 2678 rem
1734 2639 1828 2692 pro
1871 2637 1953 2673 me
1995 2616 2162 2684 conﬁ-

600 2733 720 2783 ciet.

1042 2873 1165 2931 PSA
1175 2872 1360 2929 LMUS
1397 2866 1729 2927 CXXXVIII.

673 2968 838 3023 Vens.
865 2968 917 3021 I.
953 2966 1193 3030 Domine,
1223 2962 1451 3031 probasti
1475 2976 1576 3025 me,
1610 2970 1657 3011 et
1689 2955 1973 3025 cognovisti
1995 2969 2096 3007 me.

677 3060 938 3126 Quoniam
967 3058 1125 3125 igitur
1153 3063 1349 3107 nostra:
1373 3065 1587 3120 quoque
1612 3051 1733 3103 vitae
1766 3058 1977 3114 tempus
2009 3044 2172 3098 habet

609 3152 853 3207 dimensa
912 3165 941 3203 a
990 3150 1100 3203 Deo
1152 3144 1430 3201 intervalla
1459 3182 1473 3205 ,
1522 3142 1833 3196 universum
1877 3138 2004 3191 vita:
2038 3150 2172 3190 mea:

2223 528 2493 596 πλήρωμα
2523 518 2629 573 τῶν
2659 513 2828 569 ἐθνῶν
2862 508 3098 581 εἰσέλθῃ,
3136 507 3229 560 καὶ
3257 508 3291 578 ἡ
3317 505 3553 575 δευτέρα
3585 497 3683 551 τοῦ
3706 498 3821 550 Σω-

2228 584 2392 688 τῆρος
2420 584 2643 680 γένηται
2693 602 2981 674 παρουσία·
3004 599 3127 651 τότε
3154 597 3263 667 γὰρ
3285 594 3590 665 ὀφθήσεται
3616 584 3826 688 μεγάλη

2228 676 2322 761 τοῦ
2356 676 2564 772 Κύρίου
2598 700 2632 769 ἡ
2675 696 2833 761 δόξαι
2868 687 3283 760 προστακτικῶς
3315 687 3370 739 δὲ
3410 685 3505 739 καὶ
3556 676 3829 739 εὐκτικῶς

2231 795 2342 849 ἔσθ’
2404 765 2493 845 ὅτε
2550 765 2631 841 τὰ*
2671 784 2928 856 μέλλοντα
2989 777 3275 847 δηλοῦται,
3336 774 3480 829 κατά
3535 787 3666 824 τινα
3725 765 3833 820 τῶν

2245 884 2510 955 Ἐϐραίων
2554 877 2864 947 συνήθειαν.
2908 902 2977 911 -
3004 866 3347 939 Προφητεύει
3378 866 3507 937 περὶ⁵
3540 862 3646 932 τῆς
3700 858 3829 955 μελ-

2233 946 2435 1045 λούσης
2465 946 2831 1036 ὲξαπλοῦσθαι
2870 964 2948 1025 είς
2997 961 3175 1013 πάντα
3215 956 3344 1027 ἔθνη
3383 956 3478 1009 τοῦ
3508 951 3649 1007 Θεοῦ

2238 1038 2400 1130 σεωςί
2421 1065 2614 1117 Ἔσται
2653 1058 2783 1129 γὰρ,
2815 1056 3001 1125 φησὶν,
3024 1052 3114 1105 ὅτε
3145 1050 3344 1111 πάντες
3374 1048 3425 1101 οἱ
3460 1044 3705 1117 βασιλεῖς

2237 1128 2866 1229 γῆςνὲξομολογήσονταί
2910 1161 2991 1196 σοι
3028 1142 3121 1194 καὶ
3171 1140 3492 1193 ἀκούσονται
3536 1134 3723 1187 πάντα
3766 1128 3838 1181 τὶ

2241 1251 2461 1318 ῥήματα
2483 1223 2594 1297 τοῦ
2628 1241 2894 1309 στόματος
2923 1234 3081 1297 Θεοῦ,
3116 1231 3210 1285 καὶ
3241 1231 3323 1284 ὅτι
3366 1230 3592 1301 ᾄσονται
3625 1226 3686 1277 ὲν
3712 1223 3836 1284 ταῖς

2241 1313 2379 1396 όδοίς
2419 1330 2647 1401 Κυρίου.
2676 1325 2862 1380 Ταῦτα
2889 1324 2947 1376 δὲ
2977 1322 3077 1376 οὑκ
3117 1319 3305 1373 ἄλλοτε
3340 1319 3374 1389 ἢ
3418 1316 3555 1387 μετὰ
3580 1315 3646 1368 τὸ
3675 1313 3838 1379 εὐαγ-

2242 1423 2456 1493 γελικὺν
2486 1423 2747 1490 κήρυγμα
2780 1415 2872 1469 τοῦ
2903 1413 3157 1482 Σωτῆρος
3185 1414 3217 1481 ἡ
3228 1410 3343 1480 μῶν
3376 1409 3565 1469 τέλους
3601 1404 3839 1475 τετύχη-

2246 1534 2360 1570 κεν.
2403 1513 2542 1567 Ὀδοὶ
2590 1511 2645 1563 δέ
2678 1511 2814 1561 είσιν
2847 1507 2903 1559 αἱ
2950 1502 3171 1575 ἀρεταὶ,
3205 1503 3260 1554 αί
3292 1500 3555 1570 φέρουσαι
3596 1496 3699 1549 ἐπὶ
3739 1493 3840 1562 τὴν

2246 1610 2447 1675 γνῶσιν
2473 1601 2567 1655 τοῦ
2600 1597 2757 1653 Θεοῦ.

2403 1689 2673 1759 ’Υψηλὸς
2704 1686 2940 1753 Κύριος,
2974 1682 3071 1735 καί
3105 1680 3177 1734 τὰ
3211 1680 3461 1733 ταπεινὰ
3480 1673 3695 1747 ἐφορᾷ.

2322 1783 2404 1837 Τὰ
2436 1782 2540 1835 ὑπὸ
2565 1778 2659 1833 τοῦ
2688 1775 3026 1849 προφητικοῦ
3054 1774 3365 1843 πνεύματος
3392 1773 3450 1824 ὲν
3476 1769 3628 1839 αὐτῷ
3651 1767 3753 1824 καὶ
3772 1764 3841 1821 δι’

2176 1889 2218 1941 Β
2246 1871 2409 1926 αὑτοῦ
2437 1868 2736 1940 λαληθέντα
2768 1864 2954 1935 μαθὼν
2980 1865 3008 1916 ὁ
3038 1864 3217 1928 Δαυῖδ,
3251 1863 3444 1933 θαρῤΞί
3469 1862 3544 1924 ὡς
3578 1856 3831 1929 ἐφορῶν-

2250 1982 2339 2024 τος
2364 1964 2435 2015 τὰ
2463 1958 2694 2012 ταπεινὰ
2726 1956 2818 2008 τοῦ
2846 1954 3013 2020 Θεοῦ,
3055 1955 3131 2016 ὡς
3155 1956 3215 2006 ὲν
3253 1957 3375 2017 ταῖς
3403 1952 3651 2021 θλίψεσιν
3690 1948 3845 2020 αὐτῷ

2260 2052 2747 2122 συνασπιζομένου.

2266 2168 2399 2220 Ἐὰν
2420 2162 2687 2231 πορευθῶ
2714 2163 2782 2216 ἐν
2799 2164 2968 2232 μέσῳ
2996 2162 3277 2230 θλίψεως,
3306 2155 3491 2225 ζήσῃς
3510 2171 3609 2224 με,
3631 2171 3690 2207 κ.
3713 2171 3768 2206 τ.
3794 2151 3843 2206 λ.

2329 2314 2666 2384 Σαφέστερον
2708 2312 2765 2365 δὲ
2796 2312 2826 2363 ὁ
2864 2311 3156 2382 Σύμμαχος
3201 2308 3338 2378 ἔφη·
3393 2305 3535 2360 Ἐὰν
3568 2299 3848 2372 πορευθῶ

2256 2404 2355 2458 διὰ
2395 2403 2594 2472 μέσης
2646 2403 2940 2469 θλίψεως,
2986 2402 3340 2467 περισώσεις
3382 2413 3491 2466 με⁸
3547 2392 3699 2448 κατὰ
3734 2389 3850 2459 τῆς

2258 2493 2571 2561 ἀναπνοῆς
2622 2491 2741 2547 τῶν
2775 2490 3004 2560 ἐχθρῶν
3031 2508 3151 2559 μου
3191 2488 3453 2554 ἐκτενεῖς
3491 2484 3658 2555 χεῖρά
3704 2498 3847 2545 σου,

2261 2588 2359 2640 καὶ
2399 2586 2585 2639 σώσει
2628 2601 2705 2653 με
2743 2585 2783 2651 ἡ
2828 2582 2997 2645 δεξιά
3046 2596 3197 2635 σου·
3250 2582 3467 2648 Κύριος
3507 2574 3851 2635 ἐπιτελέσαι

2262 2676 2415 2744 ὑπὲρ
2444 2676 2611 2745 ἐμοῦ.

2801 2835 3092 2889 ΨΔΛΜΟΣ
3127 2835 3301 2888 PAH’.

2446 2955 2645 3021 Κύριε,
2679 2949 3042 3019 ἐδοκίμασας
3076 2966 3183 3018 με,
3224 2946 3325 3001 καὶ
3357 2945 3544 3015 ἔγνως
3573 2962 3667 3015 με.

2355 3046 2509 3099 Ἐπεὶ¹
2532 3045 2710 3097 τοίνυν
2738 3044 2832 3095 καὶ
2869 3046 2898 3096 ό
2922 3044 3111 3113 χρόνος
3136 3043 3234 3111 τῆς
3266 3038 3539 3111 ἡμετέρας
3567 3034 3714 3108 ζωῆς
3740 3032 3853 3105 ἔχει

2275 3137 2397 3191 τινὰ
2455 3136 2797 3204 διαστήματα
2853 3132 3240 3204 μεμετρημένα
3288 3128 3439 3201 παρὰ
3480 3127 3627 3198 Θεῷ,
3675 3126 3855 3180 πάντα

614 3252 824 3309 tempus
847 3281 862 3305 ,
896 3240 1067 3308 inquit
1090 3278 1104 3302 ,
1139 3238 1385 3305 viamque
1434 3234 1698 3288 hactenus
1728 3227 2028 3284 confectam
2059 3225 2171 3294 ipse

2279 3246 2379 3299 μου
2412 3230 2512 3299 τῆς
2544 3225 2688 3293 ζωῆς
2730 3225 2821 3278 τὸν
2864 3226 3092 3295 χρόνον,
3127 3222 3278 3292 φησὶ,
3328 3222 3422 3275 καὶ
3465 3221 3564 3293 τὴν
3614 3220 3736 3273 ὁδὸν
3786 3217 3854 3289 ἢν

614 3342 883 3388 δοτυιοιυε
914 3347 991 3384 08.

684 3421 847 3476 Vsus.
881 3422 932 3475 6.
964 3420 1220 3475 Mirabilis
1250 3418 1392 3488 facta
1431 3425 1509 3471 est
1541 3415 1759 3470 scientia
1792 3422 1883 3465 tua
1917 3427 1982 3465 ea:
2005 3425 2103 3463 me.

688 3515 942 3581 Superat,
968 3511 1164 3580 inquit,
1194 3510 1337 3565 vires
1369 3523 1536 3571 meas,
1566 3514 1620 3560 et
1643 3513 1795 3559 extra
1826 3516 1998 3557 meam
2027 3514 2178 3553 com-

616 3604 1024 3673 prehensionem
1056 3609 1140 3655 est
1187 3602 1374 3653 horum
1403 3597 1656 3668 cognitio,
1708 3596 1781 3648 ita
1816 3602 1875 3647 ut
1912 3607 1975 3648 ea
2004 3606 2180 3661 neque

620 3696 923 3763 excogitare
944 3707 1115 3761 neque
1138 3704 1397 3746 enarrare
1426 3703 1639 3758 queam.
1658 3685 2017 3753 Quantumvis
2037 3682 2181 3737 enim

622 3787 851 3852 dixero,
898 3798 962 3838 ea
1008 3798 1175 3852 parva
1227 3796 1289 3835 ac
1333 3781 1557 3834 minima
1594 3793 1700 3847 prae
1730 3775 1911 3832 divina
1944 3773 2183 3843 potentia

624 3876 864 3941 fuerint,
903 3874 1056 3941 cujus
1104 3869 1513 3938 comprehensio
1550 3883 1725 3922 meam
1777 3866 1915 3936 fugit
1953 3864 2186 3919 tenuita-

626 3977 758 4029 tem,
793 3967 900 4019 imo
932 3965 1169 4017 omnium
1200 3962 1395 4016 virium
1430 3958 1727 4017 defectum.

674 4078 838 4132 Vsus.
869 4076 956 4131 16.
997 4074 1364 4143 Imperfectum
1392 4090 1562 4127 meum
1585 4072 1823 4126 viderunt
1862 4067 2002 4122 oculi
2037 4066 2136 4119 tui.

700 4168 853 4234 Quod
893 4168 1128 4220 nondum
1170 4164 1504 4233 feci,inquit.
1544 4172 1797 4232 tanquam
1834 4159 1948 4230 jam
1983 4157 2187 4211 factum

630 4258 884 4323 intueris;
916 4266 971 4310 et
1006 4257 1237 4309 nondum
1278 4263 1471 4319 natos,
1500 4264 1750 4321 tanquam
1782 4251 1892 4321 jam
1926 4251 1980 4303 in
2012 4248 2189 4303 lucem

633 4347 810 4401 editos
848 4347 1009 4401 nosti.
1038 4343 1222 4397 Potest
1254 4352 1429 4397 autem
1456 4341 1743 4411 dupliciter
1771 4338 1998 4408 intelligi
2032 4336 2191 4391 inno-

636 4437 809 4491 centia
837 4450 977 4498 mea,
1008 4442 1064 4486 et
1094 4431 1310 4485 malitiae
1352 4430 1590 4484 carentia
1617 4466 1633 4492 ,
1666 4425 1810 4481 nulla
1834 4424 2079 4494 indigens
2111 4422 2194 4475 in-

2280 3316 2494 3388 διῆλθον
2524 3314 2682 3375 αὐτὸς
2718 3312 3047 3382 ἐξιχνίασας.

2473 3401 2925 3473 Ἐθαυμαστώθη
2956 3404 2995 3470 ὴ
3023 3399 3247 3471 γνῶσίς
3268 3414 3383 3454 σου
3419 3398 3487 3463 ἐξ
3512 3396 3676 3468 ἐμοῦ.

2365 3497 2681 3558 Ἐπιϐαίνει,
2714 3494 2866 3565 φησὶ,
2893 3492 2990 3564 τὴν
3029 3492 3167 3563 ἐμὴν
3192 3492 3439 3561 δύναμιν,
3475 3492 3568 3543 καὶ
3602 3486 3861 3545 ἐπέκεινὰ

2285 3590 2431 3641 ἐστιν
2458 3590 2556 3659 τῆς
2580 3588 2718 3658 ὲμῆς
2742 3583 3093 3655 καταλήψεως
3128 3584 3161 3651 ἡ
3191 3582 3395 3635 τούτων
3426 3580 3647 3649 γνῶσις,
3677 3580 3757 3643 ὡς
3787 3578 3861 3649 μὴ

2287 3679 2543 3733 δύνασθαί
2579 3694 2645 3748 με
2674 3676 2917 3746 ἐξευρεῖν
2955 3674 3088 3745 μηδὲ
3120 3672 3355 3737 ἐξειπεῖν
3383 3673 3543 3726 αὑτά.
3580 3673 3722 3725 Ὅσα
3755 3670 3862 3740 γὰρ

2288 3769 2354 3822 ἂν
2394 3768 2554 3832 εἴπω,
2592 3767 2763 3838 μικρὰ
2810 3766 2905 3819 καὶ
2952 3765 3207 3834 ἐλάχιστα
3255 3763 3511 3834 τυγχάνει
3543 3765 3641 3833 τῆς
3674 3762 3864 3831 θεῖκῆς

2291 3861 2591 3930 δυνάμεως,
2625 3853 2691 3929 ἦς
2736 3858 3041 3927 κατάληψις
3083 3856 3179 3928 τὴν
3217 3857 3354 3928 ὲμὴν
3389 3855 3731 3928 σμικρότητα
3772 3854 3866 3908 καὶ

2292 3949 2536 4003 ούθενίαν
2566 3947 2866 4017 διαφεύγει.

2322 4054 2325 4057 ’
2391 4058 2850 4127 Ἀκατέργαστόν
2876 4074 2995 4126 μου
3033 4052 3195 4111 εἶδον
3233 4059 3287 4110 ol
3323 4055 3618 4125 ὀφθαλμοί
3656 4068 3797 4109 σου.

2366 4151 2439 4205 Τὸ
2472 4151 2634 4221 μήπω
2652 4150 2893 4221 πραχθέν
2914 4167 3021 4220 μοι,
3041 4148 3224 4219 φησὶν,
3245 4148 3319 4211 ὼς
3342 4148 3443 4220 ἥδη
3473 4147 3722 4201 τελεσθὲν
3740 4145 3871 4201 καθ-

2296 4246 2448 4317 ορᾷς,
2482 4243 2577 4295 καὶ
2603 4243 2729 4304 τοὺς
2754 4239 2891 4303 τέως
2918 4240 2991 4313 μὴ
3020 4238 3331 4309 τεχθέντας,
3359 4240 3434 4302 ὡς
3460 4238 3558 4310 ἤδη
3580 4237 3869 4308 τεχθέντας

2298 4336 2605 4390 ἐπίστασαι.
2641 4335 2871 4387 Δύναται
2905 4332 2962 4384 δὲ
2997 4329 3233 4385 νοεῖσθαι
3263 4331 3426 4400 διχῶς
3451 4330 3513 4383 τὸ
3547 4330 3754 4384 ἄκακον
3782 4330 3873 4382 καὶ

2300 4427 2591 4498 ἀπόνηρον,
2638 4426 2731 4478 καὶ
2751 4422 3100 4489 ἀνεξέταστόν
3142 4438 3275 4493 μου·
3315 4421 3471 4493 ἔργον
3508 4420 3617 4492 γὰρ
3656 4424 3689 4492 ἡ
3724 4420 3875 4492 περί-

637 4526 949 4597 quisitione.
990 4523 1122 4578 Nam
1164 4524 1376 4578 curiosa
1411 4520 1763 4577 observantia
1804 4517 1908 4572 dici
1941 4530 2075 4583 opus
2106 4529 2171 4583 po

2300 4535 2416 4571 νοια
2453 4516 2705 4584 λέγεσθαι
2740 4513 2970 4581 ὀφείλει·
3020 4511 3427 4581 ἀητέργαστος
3471 4510 3528 4563 δέ
3571 4512 3688 4563 ἐστι
3729 4507 3874 4581 ψυχὴ

639 4628 739 4671 test
783 4636 796 4671 :
834 4628 918 4671 est
964 4625 1140 4672 autem
1192 4614 1501 4683 imperfecta
1554 4612 1761 4673 anima,
1799 4623 1917 4677 quae
1959 4606 2195 4662 nondum

639 4710 837 4764 virtute
874 4715 928 4761 et
966 4707 1191 4762 scientia
1227 4707 1513 4759 informata
1550 4703 1735 4759 fuerit.

780 4839 945 4893 Vens.
974 4837 1055 4892 l9.
1089 4836 1200 4889 Viri
1231 4837 1571 4906 sangnimtm,
1591 4832 1847 4906 declinato
1876 4848 1905 4883 a
1936 4846 2037 4884 me.

741 4910 906 4963 Vens.
932 4910 1024 4962 ΞΟ.
1065 4904 1345 4976 Accipient
1366 4910 1417 4957 in
1452 4904 1683 4957 vanitate
1707 4904 1937 4955 civitates
1966 4911 2103 4952 tuas.

719 5001 849 5055 Cum
874 5000 1095 5053 dixisset
1119 4999 1190 5068 (ν.
1219 4997 1305 5067 l7)
1325 5014 1338 5051 :
1360 4995 1619 5049 Miltioero
1644 4993 1796 5047 nimis
1822 4991 2064 5045 honorati
2088 4997 2203 5042 sunt

650 5095 805 5148 amici
848 5094 964 5160 tui,
1010 5090 1191 5155 Deus;
1242 5089 1435 5143 merito
1474 5086 1722 5140 inimicos
1776 5085 1869 5139 Dei
1911 5086 2209 5137 detestatur

650 5193 809 5249 atque
832 5196 859 5233 a
902 5194 959 5234 se
982 5186 1240 5233 removet.
1271 5177 1382 5230 Imo
1409 5192 1527 5229 cum
1552 5176 1681 5229 item
1701 5176 1920 5229 dixisset
1940 5172 2057 5226 fore
2080 5182 2201 5225 tem.

652 5292 773 5341 pus,
797 5288 901 5343 quo
930 5282 1239 5341 peccatores
1268 5270 1407 5323 Deus
1442 5268 1557 5337 ipse
1593 5267 1895 5329 interﬁciet,
1924 5266 2032 5333 jam
2070 5280 2209 5317 nunc

653 5365 773 5418 illos
795 5363 979 5431 procul
1008 5377 1065 5415 se
1100 5371 1268 5426 arcet,
1303 5376 1371 5413 ne
1410 5357 1538 5428 quid
1564 5358 1759 5412 habeat
1782 5372 1901 5411 cum
1932 5356 2037 5410 illis
2065 5370 2210 5409 com—

653 5470 857 5519 mune,
903 5468 1077 5521 neque
1115 5467 1177 5506 ex
1216 5454 1452 5520 ipsorum
1484 5450 1881 5519 propinquitate
1925 5448 2211 5504 detrimen-

659 5556 771 5600 tum
820 5546 1017 5613 capiat.
1055 5542 1292 5609 Namque
1324 5541 1387 5595 ad
1440 5541 1803 5595 contentiosos
1852 5553 2129 5593 sermones
2159 5548 2213 5591 et

661 5634 1097 5697 controversias,
1146 5631 1416 5685 incassum
1466 5637 1589 5683 tuas
1639 5630 1883 5684 civitates
1923 5629 2211 5697 accipient,

661 5725 924 5780 vocabulo
996 5724 1266 5776 civitatum
1344 5723 1549 5776 divinas
1622 5720 1927 5789 Scripturas
1997 5720 2215 5790 signiﬁ-

665 5831 795 5871 cans
821 5858 835 5883 ,
878 5829 1011 5885 quas
1041 5814 1234 5870 frustra
1280 5825 1497 5869 sumunt
1543 5813 1856 5869 heterodoxi
1884 5853 1897 5877 ,
1942 5822 1993 5869 et
2023 5829 2129 5870 non
2162 5823 2218 5867 ut

2297 4612 2330 4679 ἡ
2367 4610 2530 4680 μήπω
2558 4608 2623 4660 δι’
2656 4607 2857 4678 ἀρετῆς
2886 4604 3233 4676 μορφωθεῖσα
3265 4604 3358 4655 καὶ
3389 4602 3661 4672 γνώσεως.

2306 4829 2543 4899 Ἄνδρες
2587 4826 2863 4897 αἱμάτων,
2901 4826 3216 4899 exutum
3255 4826 3353 4899 ἀπ’
3380 4824 3548 4893 ἐμοῦ.
3572 4824 3879 4893 Λήψονται

2570 4902 2656 4963 εις
2687 4899 3051 4967 ματαιότητα
3088 4897 3195 4960 τὰς
3232 4898 3440 4959 πόλεις
3474 4909 3611 4949 σου.

2381 4989 2585 5055 Εἰπὼν,
2604 4989 2759 5057 Ἐμοὶ
2785 4988 2853 5040 δὲ
2881 4990 3022 5041 λίαν
3062 4988 3432 5057 ἐτιμήθησαν
3479 4991 3531 5040 οἱ
3561 4986 3726 5055 φίλοι
3745 5001 3881 5049 σου,

2314 5088 2346 5138 ό
2380 5083 2543 5147 Θεὸς,
2575 5082 2797 5143 εἰκότως
2829 5081 2951 5143 τοὺς
2983 5079 3207 5151 ἐχθροὺς
3240 5080 3333 5132 τοῦ
3378 5078 3512 5131 Θεοῦ
3544 5081 3885 5149 παραιτεῖται

2314 5178 2405 5229 καὶ
2455 5174 2745 5228 ἀπελαύνει
2799 5172 3019 5225 ἑαυτοῦ⁸
3065 5172 3199 5225 ἀλλὰ
3251 5172 3343 5224 καὶ
3389 5170 3765 5241 μνημονεύσας
3807 5171 3885 5221 ὅτι

2315 5264 2463 5317 ἔσται
2490 5281 2573 5327 τις
2596 5262 2783 5333 καιρὸς
2811 5264 2865 5313 ὲν
2899 5254 2942 5328 ᾧ
2973 5262 3097 5324 τοὺς
3124 5261 3479 5331 ἁμαρτωλοὺς
3519 5259 3677 5321 αὐτὸς
3699 5261 3727 5311 ό
3757 5257 3885 5317 Θεὸς

2316 5354 2619 5413 ἀποκτενεῖ,
2645 5350 2891 5403 ἐντεῦθεν
2925 5351 3026 5420 ἤδη
3058 5350 3150 5403 καὶ
3176 5349 3397 5411 τούτους
3444 5346 3637 5400 ἑαυτοῦ
3668 5346 3883 5417 μακρὰν

2317 5443 2548 5505 ἐλαύνει,
2584 5443 2657 5504 ὡς
2683 5442 2747 5494 ἂν
2793 5440 2865 5511 μὴ
2895 5441 3146 5502 κοινωνὸς
3177 5440 3352 5492 αὐτῶν
3394 5440 3620 5507 γένοιτο,
3658 5439 3793 5509 μηδὲ
3828 5440 3887 5490 ἐκ

2317 5536 2409 5590 τοῦ
2462 5534 2780 5606 πλησιάζειν
2832 5534 3074 5605 μετάσχῃ
3123 5534 3221 5603 τῆς
3269 5535 3396 5603 παρ’
3436 5531 3614 5584 αὐτῶν
3665 5530 3883 5602 βλάϐης.

2332 5631 2482 5681 Ἐπεὶ
2519 5629 2574 5680 δὲ
2613 5628 2705 5679 καὶ
2742 5630 2820 5689 είς
2859 5628 3164 5698 ἐριστικοὺς
3210 5626 3399 5694 λόγους
3419 5626 3509 5677 καὶ
3546 5625 3747 5695 ἔριδας,
3790 5626 3884 5687 τὰς

2324 5722 2418 5783 σὰς
2458 5722 2534 5781 εἰς
2565 5719 2897 5789 ματαιότητα
2935 5718 3191 5787 λήψονται
3218 5718 3418 5780 πόλεις,
3444 5718 3542 5779 τὰς
3572 5717 3720 5779 θείας
3752 5717 3886 5787 Γρα-

2329 5814 2432 5883 φὰς
2462 5814 2643 5875 πόλεις
2680 5813 3141 5883 χρηματιζούσας,
3172 5812 3413 5882 ματαίως
3445 5811 3501 5863 δὲ
3529 5810 3729 5872 ταύτας
3753 5809 3886 5882 λαμο
