4014 6460
573 443 644 499 43
1247 440 1511 498 EUSEBII
1553 438 2028 497 C£SARIENSIS
2064 437 2217 495 Ol’P.
2261 436 2436 493 PARS
2472 436 2563 494 Ill.
2603 468 2671 477 ——~
2714 434 3131 492 EXEGETICA.
3240 498 3241 501 η
3780 430 3845 484 Η

1100 550 1420 607 PSALMUS
1452 549 1613 606 CXL.

640 645 887 706 Paulinus
907 645 998 700 hic
1020 659 1205 715 parem
1234 656 1297 697 ac
1328 642 1574 712 superior
1608 641 1826 697 titulum
1863 639 2022 713 gerit.
2049 638 2146 695 Est

571 752 751 797 autem
799 737 1038 800 stidis,
1084 734 1437 804 eamdemque
1482 734 1591 787 vim
1649 734 1829 805 prccis
1876 733 2142 788 continet.

571 834 685 890 lloc
724 842 904 888 tamen
934 829 1160 900 amplius
1192 826 1381 892 habet,
1419 828 1562 897 quod
1596 826 1770 898 magis
1806 836 1890 882 est
1924 826 2148 897 dogma-

571 927 733 988 ticus,
784 933 838 977 et
859 922 1011 992 plura
1042 930 1207 990 atque
1237 919 1456 974 utiliora
1500 920 1602 976 sub
1636 918 1790 974 initio
1836 918 2013 974 docet.
2054 917 2146 972 Ait

568 1018 736 1089 igitur
767 1038 780 1072 :
807 1012 1063 1070 Clamavi.
1095 1012 1247 1067 Haud
1276 1026 1409 1067 sane
1432 1025 1625 1083 magna
1657 1025 1789 1066 voce
1819 1018 1875 1065 et
1905 1007 2147 1064 clamore

568 1122 728 1162 usum
752 1118 871 1159 esse
896 1102 1260 1174 psalmistam,
1279 1102 1503 1157 credere
1528 1102 1722 1165 decet;
1758 1114 1885 1156 nam
1916 1098 2142 1155 silentes

570 1211 787 1269 quoque
812 1196 964 1251 audit
1002 1196 1162 1251 Deus.
1212 1193 1305 1250 Sic
1346 1194 1511 1249 etiam
1557 1193 1729 1265 Moysi
1776 1192 2011 1248 traditur
2063 1192 2144 1247 di-

567 1300 713 1345 ctum
732 1305 749 1346 :
770 1288 913 1355 Quid
938 1287 1005 1341 ad
1023 1302 1103 1341 me
1126 1285 1419 1342 clamas“?
1440 1283 1546 1340 Sed
1566 1285 1659 1355 qui
1681 1297 1873 1354 magna
1893 1283 2143 1354 damnata

568 1397 599 1435 a
629 1380 740 1437 Deo
776 1380 1061 1445 didicerat,
1100 1378 1300 1435 eximio
1336 1378 1505 1433 animi
1543 1375 1740 1433 sﬂ‘ectu
1783 1374 1997 1447 ﬁdeque
2041 1374 2141 1429 sli-

565 1473 696 1543 quid
719 1488 749 1527 a
775 1472 886 1528 Deo
922 1480 1130 1543 petens,
1178 1470 1251 1524 ita
1297 1469 1364 1523 ad
1392 1483 1516 1524 eum
1555 1467 1848 1524 clamabat.
1881 1464 2060 1533 Quare
2085 1474 2137 1522 et

568 1563 801 1621 ﬁdenter
830 1563 909 1617 ait
941 1560 1246 1630 :Quouiam
1273 1559 1396 1616 talis
1430 1574 1574 1626 sum,
1622 1568 1677 1616 et
1721 1558 1793 1614 ita
1822 1558 2021 1623 clamo,
2056 1569 2140 1612 st-

568 1657 733 1711 tende
758 1655 876 1710 voci
910 1668 1045 1709 mez
1071 1654 1197 1709 dum
1227 1652 1295 1707 ad
1334 1664 1385 1708 te
1413 1644 1609 1707 clamo.
1657 1649 1867 1721 Quippe
1896 1651 1991 1720 qui
2039 1664 2138 1719 pu-

568 1762 684 1802 ram
722 1747 894 1802 habeo
920 1760 1029 1799 non
1058 1754 1293 1799 mentem
1318 1742 1714 1807 tantummodo,
1754 1741 1849 1796 sed
1876 1750 1932 1795 et
1960 1739 2136 1795 labio-

2811 547 3105 603 ΨΑΛΜΟΣ
3138 545 3273 599 PM'.

2331 639 2665 705 ’Δκολούθως
2699 638 2779 710 τῷ
2809 640 3105 711 προάγοντι
3140 635 3341 709 ψαλμῷ
3360 634 3457 691 καὶ
3470 628 3630 698 οὗτος
3658 634 3835 702 ἐπιγί-

2246 748 2489 803 γραπται
2509 750 2523 763 ·
2559 731 2676 786 ἐστι
2699 732 2762 785 δὲ
2788 731 2885 786 τοῦ
2913 732 3101 796 Δαυῖδ,
3130 732 3228 785 καὶ
3250 728 3351 804 τὴν
3382 729 3555 799 αὐτὴν
3595 727 3711 799 ἔχει
3746 727 3844 799 τῆς

2246 826 2556 898 προσευχῆς
2582 826 2833 897 δύναμιν.
2872 824 3026 896 Ἔχει
3046 822 3104 877 δέ
3133 839 3187 876 τι
3204 822 3371 877 πλέον
3403 816 3561 885 οὗτος
3586 821 3836 891 δόγματι·

2246 919 2485 992 κάπερος
2504 919 2603 985 ὣν,
2632 921 2727 975 καὶ
2746 918 2970 973 πλείονα
2985 918 3082 973 καὶ
3105 914 3612 989 ὠφελιμώτεραδιὰ
3630 914 3733 987 τῆς
3747 914 3843 987 ἀρ-

2245 1012 2348 1083 χῆς
2368 1011 2661 1068 παιδεύων·
2685 1012 2780 1066 καὶ
2796 1011 2981 1083 φησιν·
3010 1008 3361 1083 Ἐκέκραξαο
3378 1009 3440 1064 οὐ
3452 1009 3674 1072 πάντως
3688 1006 3845 1080 φωνῇ

2245 1105 2459 1177 μεγάλῃ
2490 1106 2585 1159 καὶ
2618 1104 2715 1177 βοῇ
2752 1102 3057 1176 κεχρῆσθαι
3087 1102 3252 1157 αὑτὸν
3280 1103 3551 1174 προσήκει
3592 1100 3846 1172 ὑπολαμ-

2244 1196 2452 1252 ϐάνειν·
2499 1197 2593 1251 καὶ
2621 1194 2951 1251 σιωπώντων
2978 1193 3086 1267 γὰρ
3111 1193 3302 1249 ἀκούει
3330 1196 3361 1249 6
3382 1192 3518 1259 Θεός
3540 1210 3553 1224 ο
3579 1191 3727 1247 οὕτω
3745 1192 3847 1247 καὶ

2242 1288 2452 1362 Minuci]
2481 1289 2698 1359 λέγεται
2729 1287 3013 1361 εἰρηκέναι
3036 1304 3051 1319 ⁶
3094 1282 3336 1354 Τίβοᾷς
3368 1285 3523 1355 πρὸς
3542 1284 3663 1356 uti;
3698 1284 3844 1339 Ἀλλ’

2237 1382 2271 1435 δ
2298 1382 2510 1451 μεγάλα
2539 1381 2786 1453 δόγματα
2815 1381 2944 1453 περὶ
2986 1378 3124 1435 Θεοῦ
3170 1377 3533 1451 κεκτημένος,
3564 1376 3844 1450 ὑπερϐαλ-

2240 1474 2409 1547 λούσῃ
2434 1490 2495 1528 τε
2521 1472 2760 1528 διαθέσει
2780 1473 2875 1527 καὶ
2898 1472 3081 1525 πίστει
3115 1471 3285 1527 αίτων
3304 1486 3360 1524 τι
3386 1469 3539 1542 παρὰ
3564 1467 3661 1524 τοῦ
3677 1467 3840 1534 Θεοῦ,

2238 1564 2413 1629 οὕτως
2452 1562 2719 1635 ὲκίκραξε
2759 1563 2897 1637 πρὸς
2928 1563 3093 1617 αὐτόν
3111 1578 3126 1594 ο
3159 1561 3242 1617 διδ
3268 1562 3365 1617 καὶ
3391 1561 3610 1635 θαρσῶν
3632 1579 3800 1635 φησιν
3821 1578 3840 1594 ο

2240 1656 2459 1731 Ἐπειδὴ
2496 1655 2740 1723 τοιοῦτός
2778 1659 2914 1728 ειμι,
2948 1656 3044 1711 καὶ
3075 1654 3302 1710 τοιαῦτα
3335 1654 3464 1727 βοῶ,
3495 1656 3739 1729 πρόσχες
3770 1657 3842 1728 τῇ

2238 1753 2389 1822 φωνῇ
2434 1766 2535 1821 μου
2575 1750 2636 1805 ὲν
2660 1749 2739 1821 τῷ
2774 1749 3111 1822 κεκραγέναι
3147 1767 3217 1822 με
3252 1749 3390 1823 πρὸς
3426 1749 3522 1804 σέ·
3553 1749 3631 1814 ὡς
3666 1748 3843 1804 καθα-

566 1852 688 1891 rum
707 1851 897 1893 vocem
938 1849 969 1889 a
1014 1833 1315 1901 mendacio,
1359 1832 1598 1905 periurio
1623 1842 1678 1888 et
1716 1830 1985 1887 convicio.
2037 1828 2136 1887 llis

2243 1842 2343 1915 ρὰν
2373 1841 2512 1914 ἔχων
2539 1842 2601 1896 οὑ
2656 1842 2817 1914 μόνον
2849 1842 2950 1917 τὴν
2979 1842 3241 1908 διάνοιαν,
3293 1842 3430 1897 ἀλλὰ
3480 1842 3577 1896 καὶ
3614 1841 3714 1914 τὴν
3750 1840 3844 1896 διὰ

564 1930 730 1985 etiam
759 1937 1153 2000 consequenter
1181 1927 1369 1982 addit:

570 2115 728 2171 Vsus.
783 2114 840 2169 2.
903 2113 1139 2168 Elevatio
1206 2127 1453 2192 manuum
1519 2126 1754 2164 mearum
1820 2108 2142 2177 sacriﬁcium

1170 2194 1531 2251 vespertinum.

632 2276 744 2333 Hoc
776 2274 1038 2348 intelliges
1070 2288 1136 2330 ex
1163 2274 1307 2329 dicto
1332 2273 1575 2345 Apostoli
1603 2292 1615 2328 :
1660 2271 1791 2327 Volo
1826 2282 1964 2328 viros
1986 2285 2140 2326 orare

559 2374 787 2420 tevantes
825 2380 988 2435 puras
1032 2379 1243 2425 manus,
1301 2364 1415 2418 sine
1472 2364 1556 2416 ira
1599 2372 1650 2416 et
1692 2361 2137 2417 murmurationi-

559 2460 654 2511 bus
686 2456 732 2488 “
765 2474 781 2512 :
812 2470 1049 2525 namque
1072 2465 1127 2511 et
1151 2454 1242 2510 ille
1269 2464 1376 2509 tam
1411 2457 1803 2525 cogitationum
1834 2455 1964 2511 facit
1987 2470 2139 2510 men-

559 2548 760 2603 tionem
802 2563 965 2601 auam
1013 2557 1259 2602 actuum.
1324 2546 1521 2601 Verum
1577 2546 1726 2615 impii
1787 2560 2134 2616 nequaquam

560 2653 752 2693 manus
772 2636 1079 2692 sustolluut.
1099 2637 1221 2691 ltleo
1250 2637 1454 2691 dictum
1485 2646 1564 2691 est
1591 2636 1695 2691 illis
1727 2654 1739 2691 :
1771 2634 1903 2691 Cum
1947 2652 2135 2689 manus

558 2742 753 2785 ποιείτω
779 2731 848 2784 ad
885 2746 965 2783 me
989 2731 1298 2793 extendetis,
1329 2729 1521 2798 faciem
1546 2744 1718 2783 meam
1746 2745 1780 2782 a
1820 2729 1960 2783 vobis
1988 2743 2137 2781 acer-

556 2834 663 2877 tam
710 2823 775 2875 ⁸⁸.
819 2824 1043 2892 Oportet
1091 2836 1223 2877 vero
1271 2822 1323 2876 in
1376 2822 1543 2875 altum
1596 2834 1750 2876 actus
1808 2821 2132 2886 sustollere,

556 2921 716 2982 atque
736 2925 829 2967 eos
847 2922 1008 2982 prout
1036 2911 1144 2967 Deo
1177 2912 1437 2982 placuerit
1463 2912 1741 2981 perlicere.

562 3190 721 3249 Vens.
742 3192 798 3247 4.
830 3189 913 3244 Ne
938 3189 1164 3243 declines
1192 3203 1285 3240 cor
1304 3202 1473 3239 meum
1500 3184 1571 3237 ad
1599 3182 1819 3237 malitia
1842 3199 2126 3246 sermones,

732 3266 800 3317 ad
835 3260 1161 3316 excusandas
1205 3256 1570 3312 excusationes
1609 3255 1665 3307 in
1702 3255 1949 3325 peccatis.

626 3426 704 3481 Ne
726 3421 964 3480 subverti
1000 3419 1147 3475 sinas
1181 3426 1341 3487 atque
1390 3416 1444 3470 in
1489 3413 1823 3471 contrarium
1876 3410 2129 3468 inclinari

555 3520 811 3575 donatam
844 3522 1011 3569 semel
1056 3528 1087 3568 a
1138 3522 1189 3567 te
1223 3509 1355 3564 mihi
1387 3518 1648 3563 mentem.
1692 3504 1821 3572 Pro,
1864 3504 1932 3557 ad
1971 3519 2132 3558 excu-

554 3610 751 3668 sandas
778 3607 1139 3661 excusationes
1170 3604 1225 3657 in
1259 3599 1506 3669 peccatis,
1545 3597 1912 3669 Symmachus
1939 3595 2131 3662 edidit,

557 3702 627 3754 ad
655 3697 960 3768 cogitandus
986 3696 1194 3766 iniquas
1236 3692 1602 3764 cogitationes,
1644 3688 1845 3745 clarius
1882 3689 2131 3758 equidem

553 3790 808 3848 dictionis
834 3799 1068 3844 mentem
1114 3787 1444 3856 exprimens.
1485 3782 1691 3840 Deinde
1727 3781 2019 3838 Psalmista
2067 3782 2134 3834 ad

552 3884 763 3957 praxim
797 3881 1091 3938 revertitur
1132 3880 1346 3946 dicens,
1374 3894 1497 3933 cum
1533 3878 1834 3932 hominibus
1864 3876 2136 3945 aperanti--

555 3979 649 4031 bus
682 3976 1036 4044 iniquitatem,
1087 3981 1136 4027 et
1182 3987 1289 4025 non
1338 3970 1646 4025 combinabo
1691 3985 1812 4022 cum
1841 3967 2015 4022 electis
2047 3982 2135 4021 eo-

551 4081 694 4119 rum.
725 4063 830 4119 Pro
860 4079 965 4132 quo
995 4075 1186 4117 rursus
1211 4059 1574 4130 Symmachus
1611 4057 1814 4114 clarius
1862 4058 2135 4126 interpre-

556 4168 700 4213 tatus
760 4166 847 4213 est
902 4155 1090 4209 dicens
1143 4172 1156 4208 :
1217 4151 1352 4206 Cum
1408 4152 1709 4206 hominibus
1790 4149 2135 4220 operantibus

551 4250 917 4319 iniquitatem,
970 4263 1034 4301 ne
1080 4246 1323 4299 dulcibus
1388 4246 1599 4313 quidem
1652 4247 1887 4314 ipsorum
1943 4259 2135 4298 conve-

552 4358 691 4397 scar.
742 4338 866 4394 Non
904 4355 1014 4406 ero,
1068 4337 1265 4408 inquit,
1317 4350 1435 4389 cunt
1481 4335 1619 4400 istis,
1668 4339 1714 4389 si
1754 4345 1832 4402 tu,
1888 4333 2133 4399 Domine,

553 4434 851 4489 custodiam
902 4433 982 4485 ori
1036 4444 1149 4483 meo
1190 4429 1454 4497 posueris,
1496 4438 1544 4481 et
1590 4436 1950 4495 prwparatum
2008 4426 2136 4479 mihi

550 4531 855 4581 thesaurum
890 4522 1296 4577 conservaveris.
1336 4519 1502 4575 Electi
1551 4534 1715 4589 porro
1763 4534 1978 4583 eorum,
2011 4532 2134 4572 cre-

2169 1907 2213 1965 B
2242 1907 2349 1989 τῶν
2368 1907 2590 2005 χειλέων
2613 1907 2796 2007 φωνὴν
2819 1907 2928 1989 dub
2952 1934 3202 2005 ψεύδους,
3232 1934 3519 2007 ἐπιορκίας
3531 1952 3591 1988 τε
3619 1907 3714 1990 καὶ
3737 1934 3841 1989 λοι-

2241 2027 2447 2101 δορίας.
2476 2022 2573 2091 Οἷς
2590 2028 2687 2081 καὶ
2708 2027 3026 2093 ἀκολούθως
3051 2028 3334 2101 ἐπήγαγεν
3355 2044 3369 2058 ·

2354 2120 2644 2191 Ἔπαρσις
2670 2119 2787 2175 τῶν
2815 2119 3029 2191 χειρῶν
3065 2138 3190 2192 μου
3217 2121 3399 2176 θυσία
3427 2119 3741 2191 ἐσπερινή.

2308 2282 2545 2358 Νοήσεις
2573 2280 2629 2334 δὲ
2672 2278 2832 2334 τοῦτο
2868 2279 2979 2334 ἀπὸ
3015 2277 3111 2333 τοῦ
3149 2279 3328 2349 λέγειν
3363 2279 3457 2333 τὸν
3489 2276 3841 2333 Ἀπόστολονυ

2240 2374 2542 2443 Βούλομαι
2575 2370 2717 2437 τοὺς
2755 2370 2980 2441 ἄνδρας
3007 2372 3450 2441 προσεύχεσθαι
3481 2372 3845 2441 ἐπαίροντας

2240 2467 2452 2532 ὁσίους
2502 2463 2727 2535 χεῖρας,
2773 2463 2952 2534 χωρὶς
2998 2462 3179 2533 ὁρτῆς
3218 2463 3317 2518 καὶ
3348 2462 3841 2534 διαγοηνσμῶν·

2239 2560 2491 2622 κάκεῖνος
2519 2559 2630 2629 γὰρ
2652 2555 2791 2626 ὁμοῦ
2818 2557 2911 2610 καὶ
2937 2556 3046 2610 τῶν
3078 2556 3220 2611 κατὰ
3241 2556 3480 2611 διάνοιαν
3502 2556 3846 2629 ἐμνημόνευ-

2241 2668 2323 2717 σε,
2354 2650 2449 2705 καὶ
2493 2648 2605 2703 τῶν
2633 2648 2775 2703 κατὰ
2827 2648 3030 2721 πρᾶξιν
3055 2665 3069 2679 ο
3124 2652 3175 2702 oi.
3217 2648 3274 2705 δὲ
3311 2649 3529 2714 ἀσεϐεῖς
3577 2650 3845 2703 οὐδέποτε

2236 2747 2423 2818 χεῖρας
2466 2742 2787 2812 ὲπαίρουσι’
2845 2741 2928 2794 διὸ
2977 2740 3225 2795 λέλεκται
3271 2742 3410 2815 πρὸς
3453 2741 3671 2805 αὐτούς·
3707 2740 3844 2798 ὀῖ’

2238 2836 2317 2891 ἂν
2337 2835 2447 2899 τὰς
2486 2834 2691 2905 χεῖρας
2725 2834 3028 2903 ἐκτείνητε
3058 2833 3208 2903 πρὸς
3240 2835 3339 2905 μὲ,
3376 2836 3740 2905 ἁποστρέψω
3770 2838 3843 2891 τὸ

2236 2928 2569 2997 πρόσωπόν
2594 2945 2715 2997 μου
2742 2928 2845 2996 ἀφ’
2872 2925 3042 2997 ὑμῶν
3062 2943 3077 2959 ο
3121 2926 3372 2998 ἐπαίρειν
3394 2928 3451 2981 δὲ
3484 2928 3566 2981 δεῖ
3599 2930 3679 2992 εἰς
3702 2926 3845 2998 ὕψος

2234 3018 2335 3083 τὰς
2366 3017 2614 3090 πράξεις,
2648 3021 2744 3072 καὶ
2789 3017 3131 3089 ἀρεσκόντως
3167 3017 3338 3082 αὐτὰς
3371 3018 3449 3091 τῷ
3495 3018 3615 3092 Θεῷ
3656 3022 3844 3076 ἐπιτε-

2236 3111 2369 3165 λεῖν.

2237 3204 2333 3270 Μὴ
2372 3204 2669 3271 ἐκκλίνῃς
2712 3202 2826 3270 τὴν
2864 3202 3116 3275 καρδίαν
3157 3221 3277 3273 μου
3323 3205 3412 3275 είς
3458 3206 3684 3275 λόγους
3726 3219 3842 3259 πο-

2156 3256 2203 3317 c
2306 3256 2536 3344 mag,
2703 3256 3631 3344 usosM‘zi-saoazspoeeasgs;
3656 3256 3843 3347 me

2303 3347 2475 3411 τίαις.

2303 3440 2395 3510 Μὴ
2428 3440 2789 3512 συγχωρήσῃς
2820 3438 3252 3510 παρατραπῆναι
3305 3440 3400 3493 καὶ
3429 3438 3842 3512 παρακλιθῆναι

2234 3531 2314 3594 εἰς
2349 3532 2410 3584 τὸ
2450 3533 2694 3586 ἐναντίον
2714 3520 2817 3603 τὴν
2859 3532 3008 3596 ἆπαξ
3051 3531 3240 3597 ἁπλῶς
3290 3532 3843 3588 κατασκευασθεῖσαν

2238 3640 2339 3694 μου
2377 3624 2616 3679 διάνοιαν
2642 3642 2655 3655 °
2706 3625 2828 3680 ἀντὶ
2862 3626 2917 3679 δὲ
2948 3624 3063 3690 τοῦ,
3096 3624 3569 3695 προφασίζεσθαι
3609 3627 3843 3695 προφά-

2235 3731 2367 3781 σεις
2398 3716 2469 3770 ἐν
2514 3717 2842 3786 ἁμαρτίαις,
2892 3719 2920 3770 ὁ
2962 3716 3279 3788 Σύμμαχος,
3318 3717 3554 3771 ἐννοεῖν
3597 3717 3844 3782 ἐννοίας

2236 3809 2622 3878 παρανόμους
2659 3808 2921 3875 ἐξέδωκε,
2965 3809 3298 3879 σαφέστερον
3343 3809 3693 3881 ἑρμηνεύσας
3736 3809 3842 3881 τὴν

2237 3899 2471 3971 θεωρίαν
2520 3898 2615 3953 τοῦ
2661 3899 2843 3967 λόγου.
2879 3896 3012 3953 Εἶτα
3064 3900 3225 3954 πάλιν
3263 3900 3581 3971 μεταϐαίνει
3633 3901 3727 3953 ἐπὶ
3776 3901 3842 3955 τὸ

2238 3990 2543 4062 πρακτικὸν
2587 3991 2835 4059 φάσκων,
2879 3991 3003 4045 σὺν
3045 3989 3380 4061 ἀνθρώποις
3421 3991 3843 4069 ὲρτιιζομέγοις

2237 4083 2352 4149 τὴν
2380 4082 2654 4151 ἀνομίαν,
2678 4083 2775 4135 καὶ
2798 4085 2870 4137 οὐ
2889 4083 2976 4153 μὴ
2999 4082 3332 4137 συνδυάσω
3353 4084 3505 4153 μετὰ
3526 4084 3645 4139 τῶν
3663 4086 3842 4140 ἐκλε-

2238 4171 2399 4225 κτῶν
2431 4170 2650 4227 αὐτῶν.
2709 4172 2849 4227 Ἀνθ’
2877 4168 2937 4228 οὗ
2972 4173 3131 4227 πάλιν
3172 4176 3201 4227 ὁ
3232 4173 3529 4246 Σύμμαχος
3564 4175 3837 4245 σαφέστε-

2241 4283 2331 4337 ρον
2370 4268 2715 4338 ἡρμήνευσεν
2753 4267 2944 4333 εἰπὼν,
2985 4269 3112 4323 Σὺν
3157 4270 3493 4339 ἀνθρώποις
3524 4270 3841 4341 ἐργαζομέ-

2236 4377 2366 4425 νοις
2401 4359 2659 4425 ἀδικίαν,
2694 4359 2851 4429 μηδὲ
2887 4360 3256 4433 συμφάνοιμι
3298 4362 3372 4417 τὰ
3410 4362 3562 4431 ἡδέα
3609 4362 3837 4419 αὐτῶν.

2242 4452 2365 4505 Οὐκ
2400 4451 2611 4519 ἔσομαι
2644 4452 2775 4521 γὰρ,
2802 4452 2988 4524 φησὶν,
3013 4453 3134 4524 ἅμα
3162 4456 3418 4521 τούτοις,
3440 4456 3550 4508 ἐὰν
3579 4454 3683 4519 σὺ,
3713 4456 3837 4509 Κύ-

2230 4559 2348 4610 ριε,
2392 4542 2678 4611 φυλακὴν
2703 4541 2783 4607 τῷ
2805 4545 3058 4613 στόματι
3082 4545 3266 4612 θείης,
3291 4546 3389 4599 καὶ
3416 4544 3523 4599 τὸν
3538 4560 3842 4615 προκατα-

552 4616 712 4671 dendi
744 4624 870 4670 sunt
901 4601 976 4667 illi
1018 4612 1109 4682 qui
1148 4612 1415 4667 malorum
1462 4618 1683 4664 actuum
1728 4624 1953 4664 suorum
1993 4624 2133 4678 prae-

2242 4601 2654 4687 σκευασθέντα
2675 4601 2777 4703 μοί
2800 4601 3525 4704 θησῖαυρὸνδιατηρήσῃς.
3561 4601 3839 4690 ’ἐκλεκτοὶ

556 4719 735 4763 textus
757 4716 1028 4777 quaerunt,
1054 4706 1145 4775 qui
1177 4705 1391 4775 pejores
1416 4711 1543 4760 sunt
1567 4704 1672 4759 illis
1705 4703 1795 4772 qui
1837 4701 1955 4758 sine
1998 4718 2137 4773 prae-

557 4808 705 4857 textu
730 4799 1017 4871 palamque
1042 4808 1290 4869 peccant.

557 5019 719 5074 Vens.
759 5016 811 5072 6.
857 5015 1103 5084 Absorpti
1146 5016 1449 5083 suntjuncti
1484 5025 1648 5085 petra:
1684 5013 1892 5085 judices
1932 5030 2133 5069 eorum.

629 5109 984 5180 Symmachus
1012 5120 1193 5163 autem
1227 5131 1239 5162 ;
1271 5107 1458 5160 Adhuc
1490 5108 1630 5161 enim
1654 5110 1825 5161 oratio
1856 5123 1970 5160 mea
1990 5108 2137 5159 intra

554 5200 814 5270 nequitias
840 5199 1054 5252 illorum
1088 5213 1106 5251 :
1148 5197 1431 5251 evellentur
1460 5208 1620 5265 petra
1660 5198 1901 5251 manibus
1927 5196 2136 5265 judices

551 5309 734 5347 eorum
764 5306 781 5345 :
808 5290 1023 5344 audient
1057 5291 1213 5343 verba
1249 5304 1363 5342 mea
1406 5287 1732 5343 dulcissima.
1780 5288 1954 5343 Siculi
1993 5288 2136 5357 agri-

553 5384 670 5437 cola
715 5399 832 5436 cum
879 5393 1074 5435 terram
1124 5382 1344 5451 Irangit,
1403 5382 1474 5434 ita
1502 5399 1625 5435 ossa
1668 5392 1837 5437 uestra
1878 5383 2136 5451 dissipata

550 5484 669 5527 sunt
705 5488 850 5525 secus
884 5471 1106 5539 inferos.
1140 5470 1295 5527 Nunc
1338 5487 1468 5526 vero
1502 5474 1765 5528 rationem
1802 5474 2004 5538 reddit,
2033 5487 2132 5528 cur

551 5580 673 5618 cum
712 5566 1093 5633 peccatoribus
1134 5579 1240 5618 non
1289 5565 1565 5620 combinet
1597 5584 1610 5620 :
1644 5564 1840 5620 sullicit
1876 5565 2021 5620 enim
2064 5564 2129 5618 il-

553 5656 726 5711 lorum
754 5658 992 5713 societas
1022 5659 1087 5711 ad
1121 5656 1357 5711 animam
1397 5672 1576 5710 meam
1616 5656 2009 5727 dissipandam,
2039 5667 2125 5711 at-

552 5764 658 5823 que
680 5749 746 5803 ad
784 5751 1022 5818 ipsorum
1060 5752 1356 5810 nequitiam
1401 5750 1532 5804 mihi
1575 5750 1977 5805 insinuandam.
2004 5750 2125 5805 Jatn

622 5937 667 5967 “
710 5934 1098 5999 l'1x0tl.xtv,ll‘i.
1178 5936 1220 5967 ⁵⁸
1248 5934 1263 5988 l
1306 5934 1443 5990 Tim.
1469 5951 1534 6003 ll,
1564 5934 1614 5991 8.
1710 5936 1755 5967 “
1778 5935 1877 5993 lsa.
1911 5954 1946 6005 I,
1980 5936 2063 5991 l5.

2236 4726 2292 4780 δὲ
2316 4726 2519 4780 τούτων
2544 4721 2652 4780 εἷεν
2678 4728 2728 4780 οἱ
2757 4727 3123 4797 σκηπτόμενοι
3154 4729 3458 4799 προφάσεις
3484 4729 3568 4797 ἐφ’
3590 4722 3671 4792 οἷς
3696 4729 3839 4801 δρῶ-

2240 4837 2291 4873 σι
2326 4819 2539 4884 κακῶς·
2578 4821 2840 4892 χειρόνων
2868 4819 3035 4874 ὄντων
3066 4820 3175 4876 τῶν
3203 4822 3331 4876 ἄνευ
3360 4823 3707 4895 προφάσεως,
3741 4824 3838 4877 καὶ

2238 4915 2696 4980 ἀνεπικαλύπτως
2724 4916 3090 4987 ἀνομούντων.

2237 5011 2674 5077 Κατεπόθησαν
2711 5010 2969 5079 ἐχόμενα
3020 5009 3241 5081 πέτρας
3278 5012 3333 5064 οἱ
3365 5011 3559 5080 κριταί
3610 5011 3833 5065 αὐτῶν.

2316 5108 2373 5163 '0
2404 5109 2460 5162 δὲ
2493 5108 2817 5181 Σύμμαχος·
2861 5111 2984 5165 Ἔτι
3028 5111 3139 5183 τὰρ
3166 5108 3266 5163 καὶ
3302 5108 3341 5176 ἡ
3363 5107 3674 5178 προσευχὴ
3708 5128 3837 5179 μου

2233 5194 2405 5259 ἐντὸς
2425 5192 2546 5249 τῶν
2584 5193 2812 5249 κακιῶν
2847 5194 3080 5253 αὐτῶν·
3104 5193 3537 5262 ἐκτιλήσονται
3557 5193 3627 5247 ὲν
3658 5194 3835 5263 χερσί

2234 5290 2454 5359 πέτρας
2488 5292 2542 5343 οί
2580 5289 2775 5359 κριταὶ
2808 5288 3040 5344 αὐτῶν⁹
3073 5289 3439 5344 ἀκούσονται
3472 5287 3689 5355 ῥήσεις
3711 5306 3836 5357 μου

2232 5355 2489 5445 ἡδίστας
2514 5396 2526 5411 ·
2550 5355 2755 5447 ὥσπερ
2776 5380 3030 5449 γεωργὸς
3062 5379 3158 5433 ὅτ’
3181 5379 3256 5432 ἂν
3285 5378 3501 5448 ρήσσῃ
3540 5379 3657 5448 τὴν
3687 5355 3830 5450 γῆν,

2237 5472 2318 5536 ὡς
2362 5472 2738 5541 ἐσκορπίσθη
2781 5470 2949 5541 ὑμῶν
2983 5471 3057 5525 τὰ
3100 5470 3251 5527 ὀστᾶ
3293 5471 3453 5542 παρὰ
3496 5472 3602 5526 τὸν
3648 5472 3826 5540 ᾅδην.

2239 5565 2349 5637 Τὴν
2381 5564 2561 5619 αἰτίαν
2588 5564 2647 5619 δὲ
2671 5564 2765 5619 νῦν
2800 5564 2994 5633 ἐπάγει
3035 5563 3127 5618 τοῦ
3167 5566 3241 5636 μὴ
3288 5565 3605 5629 συνδυάζειν
3649 5566 3831 5636 ἁμαρ-

2235 5657 2425 5722 τωλοῖς
2444 5675 2455 5688 ³
2488 5656 2649 5729 ἱκανὴ
2680 5657 2789 5729 γὰρ
2820 5656 3002 5711 αὐτῶν
3030 5658 3063 5730 ὴ
3087 5657 3362 5723 κοινωνία,
3394 5659 3550 5729 φησι,
3574 5656 3825 5728 διασκορ-

2236 5753 2394 5808 πίσαι
2428 5769 2529 5826 μου
2564 5752 2661 5823 τὴν
2701 5751 2901 5824 ψυχὴν,
2937 5751 3034 5806 καὶ
3066 5749 3177 5805 τῶν
3216 5750 3426 5806 κακιῶν
3460 5750 3639 5806 αὐτῶν
3682 5751 3834 5806 ἔνδον
