4014 6442
592 450 663 505 .37
1257 443 1525 501 EUSEBII
1564 437 2043 498 CESARIENSIS
2080 437 2234 493 ΟΡΡ.
2275 435 2456 493 PARS
2493 435 2584 492 ill.
2619 467 2690 477 ——-
2729 435 3147 491 EXEGETICA.
3791 428 3861 481 ικ

586 566 717 624 dicit
750 562 860 619 Deo
889 580 902 616 :
934 569 988 617 et
1017 568 1073 617 tu
1094 558 1389 629 cognovisti
1412 559 1637 615 semitas
1659 570 1833 613 meas.

872 831 1032 888 Vna.
1057 830 1110 887 6.
1139 829 1221 884 Διί
1256 838 1324 894 te,
1356 827 1601 895 Domine,
1633 828 1882 884 clamavi.

657 927 866 985 Rursus
898 926 1000 980 hoc
1037 923 1199 979 etiam
1231 921 1351 978 loco
1389 920 1629 977 clamare
1680 933 1740 975 se
1790 919 2011 987 fatetur,
2052 934 2157 974 non

584 1018 929 1090 simpliciter,
955 1013 1049 1069 sed
1079 1012 1146 1067 ad
1174 1011 1478 1066 Dominum.
1501 1010 1716 1081 Alioqui
1742 1023 1844 1065 nec
1872 1008 1990 1063 ﬁeri
2009 1019 2161 1078 pote-

586 1121 672 1168 rat
698 1119 758 1166 ut
784 1122 972 1165 vocem
1001 1104 1297 1169 attolleret,
1336 1112 1605 1173 prasente
1645 1103 1822 1158 hoste.
1871 1100 1990 1157 Jam
2028 1116 2159 1157 vero

588 1206 642 1259 in
685 1201 795 1257 Deo
829 1196 1202 1254 tantummodo
1246 1209 1395 1266 spem
1441 1208 1595 1249 suam
1645 1194 1955 1264 reposuisse
1988 1193 2159 1249 conii-

588 1307 726 1360 teus,
759 1308 789 1349 a
817 1305 982 1361 scopo
1017 1305 1126 1346 non
1167 1286 1469 1353 aberravit;
1498 1286 1699 1343 etenim
1724 1301 1850 1357 spes
1883 1302 1990 1342 non
2027 1302 2160 1343 con-

586 1386 783 1442 fundit.
824 1383 957 1439 Nam
982 1381 1084 1439 etsi
1108 1380 1291 1451 aliqua
1324 1380 1625 1436 viventium
1676 1388 1821 1435 terra
1869 1379 1963 1447 sit,
2009 1380 2160 1448 equi-

584 1480 731 1545 dem,
759 1477 957 1547 inquit,
982 1474 1159 1531 fateor
1200 1487 1373 1528 meam
1411 1480 1464 1527 te
1504 1471 1679 1527 solum
1711 1486 1831 1528 esse
1868 1486 2041 1542 spem.
2073 1471 2155 1526 Tu

584 1573 730 1629 enim
765 1584 890 1641 spes
933 1582 1053 1625 mea
1084 1580 1143 1623 es
1172 1567 1224 1621 in
1258 1574 1404 1621 terra
1446 1565 1779 1631 viventium,
1832 1565 1908 1619 ita
1942 1573 2020 1629 ut,
2051 1564 2155 1619 nisi

588 1674 642 1720 te
664 1663 945 1724 haberem,
984 1658 1129 1715 haud
1160 1658 1271 1728 jam
1312 1656 1620 1713 viventibus
1656 1665 1811 1713 terrae
1841 1655 2031 1712 incolis
2062 1655 2157 1710 ad—

586 1768 927 1811 numerarer.
953 1749 1122 1806 Porro
1151 1748 1444 1804 viventium
1472 1758 1641 1815 terra,
1666 1762 2009 1819 nequaquam
2039 1747 2155 1801 hac

2188 560 2237 617 Α
2261 552 2402 617 ὁδοῖς
2450 547 2541 615 αἷς
2576 551 2845 616 ἐϐάδιζεν,
2889 550 3093 615 ἀδίκως
3150 516 3508 620 ἐλαυνόμενος
3558 544 3653 599 καὶ⁵
3700 544 3862 598 πολε-

2266 644 2554 718 μούμενος,
2591 644 2726 716 φησὶ
2771 642 2851 714 τῷ
2874 641 2996 714 Θεῷ
3018 659 3031 673 ·
3082 641 3179 697 καὶ
3205 642 3272 696 σὺ
3300 640 3470 711 ἐγνως
3506 636 3607 702 τὰς
3640 636 3862 710 τρίϐους

2266 755 2393 810 μου.

2633 827 2791 899 Πρὸς
2816 825 2912 891 σὲ,
2936 826 3133 896 Κύριε,
3159 824 3480 896 ἐκέκραξα.

2333 920 2504 975 Πάλιν
2531 920 2625 974 καὶ
2664 920 2902 974 ἐνταῦθα
2934 916 3164 991 κράζειν
3203 918 3475 989 ὁμολογεῖ,
3511 917 3611 990 οὐχ
3639 914 3856 982 ἁπλῶς,

2260 1012 2397 1067 ἀλλὰ
2424 1012 2562 1087 πρὸς
2590 1012 2685 1066 τὸν
2710 1012 2917 1085 Κύριον
2936 1030 2951 1043 ο
2990 1011 3168 1076 ἄλλως
3195 1010 3307 1082 γὰρ
3328 1011 3589 1066 ἀδύνατον
3612 1005 3681 1082 ἦν
3704 1008 3862 1081 αὐτῷ

2259 1104 2447 1178 φωνὴν
2481 1106 2725 1175 ἀφιίναι,
2768 1104 2997 1177 πλησίον
3041 1103 3314 1177 παρόντος
3352 1102 3450 1158 τοῦ
3496 1101 3725 1176 ἐχθροῦ’
3757 1100 3863 1175 τὴν

2261 1197 2434 1269 μόνην
2465 1196 2523 1251 δὲ
2565 1195 2753 1251 ἐλπίδα
2781 1194 2950 1251 αὑτοῦ
2995 1196 3087 1250 τὸν
3116 1194 3249 1249 Θεδν
3293 1194 3438 1266 ἐχειν
3490 1194 3857 1267 ὁμολογήσας,

2257 1290 2359 1343 οὐκ
2384 1288 2612 1355 ἐξέπεσε
2638 1287 2736 1343 τοῦ
2775 1288 2982 1343 σκοποῦ
3004 1306 3018 1319 ·
3065 1290 3100 1360 ή
3137 1288 3248 1361 γὰρ
3277 1288 3432 1352 ἐλπὶς
3461 1287 3524 1343 οὐ
3558 1285 3862 1357 καταισχύ-

2257 1398 2357 1434 νει·
2379 1380 2513 1435 ἀλλά
2540 1380 2635 1434 καὶ
2660 1378 2716 1434 ετ
2740 1399 2827 1446 τις
2855 1380 3007 1435 ἐσται
3031 1384 3102 1454 γῆ
3133 1378 3373 1445 ζώντων,
3403 1378 3673 1451 ὁμολογῶ,
3697 1380 3855 1450 φησὶ,

2260 1472 2529 1544 μηδεμίαν
2556 1472 2702 1543 ἐχειν
2730 1476 2915 1545 χώραν
2945 1474 3003 1527 ἐν
3026 1472 3201 1545 ταύτῃ
3232 1472 3265 1545 ἢ
3298 1471 3359 1526 σὲ
3390 1472 3551 1543 μόνον
3578 1470 3678 1543 τὴν
3713 1472 3859 1544 ἐμὴν

2257 1564 2482 1620 ἐλπίδαο
2520 1567 2586 1619 σὺ
2611 1565 2721 1638 γὰρ
2744 1562 2794 1619 εἶ
2827 1565 2982 1631 Θεὸς,
3010 1568 3044 1638 ή
3074 1548 3234 1638 ξιερις
3263 1582 3366 1636 μου
3400 1565 3459 1618 ιν
3493 1565 3564 1635 γῇ
3598 1562 3819 1627 ζώντων
3839 1580 3856 1593 -

2256 1657 2331 1722 ὡς
2365 1660 2412 1711 εἰ
2448 1656 2523 1729 μὴ
2551 1658 2612 1711 σὲ
2648 1654 2815 1730 ε’ίχον,
2837 1660 2938 1713 οὐκ
2962 1657 3029 1712 ἂν
3056 1656 3351 1728 ἐξετάσθην
3380 1656 3511 1710 ποτὲ
3539 1655 3596 1708 ἐν
3626 1658 3698 1727 γῇ
3721 1652 3860 1720 ζών-

2254 1766 2382 1803 των.
2428 1747 2653 1804 Ζώντων
2701 1750 2760 1806 δὲ
2803 1751 2896 1822 γῆ,
2928 1752 3027 1821 οὐχ
3065 1752 3099 1822 ἡ
3137 1749 3454 1822 πατουμένη
3497 1746 3593 1802 νῦν
3623 1748 3761 1821 πρὸς
3788 1748 3858 1820 ή-

583 1857 670 1905 est
714 1859 837 1918 quae
864 1859 895 1900 a
925 1843 1081 1901 nobis
1127 1840 1394 1906 calcatur,
1446 1842 1638 1896 mortis
1685 1842 1831 1895 enim
1877 1856 1941 1895 ea
1973 1839 2154 1909 potius

2269 1840 2399 1913 μῶν,
2429 1841 2661 1896 θανάτου
2691 1841 2802 1914 γὰρ
2835 1842 2908 1912 γῆ
2934 1842 3027 1895 καὶ
3051 1840 3261 1914 νεκρῶν
3288 1838 3453 1909 αῦτη,
3473 1838 3588 1893 ἀλλ’
3621 1840 3691 1910 ἢν
3724 1837 3861 1911 κλη-

586 1910 749 1996 terra.
782 1948 888 2004 est,
942 1936 1038 1993 sed
1081 1950 1243 2007 quam
1292 1934 1456 1991 mites
1486 1932 1902 1997 haereditahunt,
1943 1931 1999 1986 in
2049 1946 2153 2000 qua

2269 1910 2662 2007 ρονομήσουσιν
2702 1910 2753 1987 οἱ
2770 1910 2780 1914 -
2797 1910 2990 2006 πραεῖς
3010 1953 3023 1965 -
3075 1910 3163 2003 ἐφς
3259 1930 3461 1998 ζῶντες
3486 1932 3689 1996 πάντες
3713 1910 3860 1986 κατίά

583 2047 775 2088 omnes
802 2031 1045 2086 viventes
1073 2038 1276 2085 aeterna
1304 2041 1425 2082 cum
1464 2025 1573 2080 vita
1608 2024 1874 2080 habitant.

586 2125 753 2182 Vens.
797 2124 852 2180 Β.
902 2120 1151 2177 Nonerat
1194 2119 1284 2192 qui
1325 2126 1654 2192 cognosceret
1704 2132 1808 2170 me.
1848 2144 1919 2155 —
1954 2114 2020 2169 Et
2053 2131 2157 2169 non

888 2203 963 2249 est
997 2194 1087 2262 qui
1118 2191 1349 2261 requirat
1386 2191 1618 2242 animam
1661 2202 1853 2241 meum.

655 2287 713 2343 Si
745 2285 869 2357 quis
895 2286 965 2340 ab
1013 2285 1100 2350 iis,
1132 2284 1225 2354 qui
1267 2280 1517 2338 ecclesiis
1567 2293 1799 2349 praeesse
1840 2276 2159 2333 existimano

584 2389 692 2446 tur,
725 2378 1016 2451 negligitur
1038 2385 1093 2432 et
1120 2374 1435 2431 nullatenus
1472 2371 1795 2441 requiritur,
1838 2370 2158 2440 tempestive

582 2471 689 2528 hoc
717 2469 902 2535 dicet;
957 2477 1013 2523 et
1041 2468 1186 2537 quod
1215 2465 1461 2535 sequitur
1493 2460 1678 2527 addet,
1716 2461 2013 2517 clamorem
2051 2458 2160 2516 sci-

583 2560 712 2615 licet
745 2559 813 2614 ad
837 2559 1028 2623 Deum,
1051 2567 1105 2611 et
1129 2571 1188 2611 se
1226 2570 1330 2610 non
1361 2568 1583 2624 sperare
1606 2568 1636 2608 a
1668 2552 2022 2622 principibus,
2055 2550 2153 2606 sed

584 2666 616 2705 a
644 2649 911 2716 Domino;
955 2657 1012 2705 et
1039 2646 1345 2716 portionem
1375 2659 1435 2698 se
1486 2642 1683 2697 habere
1714 2642 1766 2696 in
1798 2651 1939 2696 terra
1966 2640 2156 2696 viven-

588 2740 744 2808 tium,
774 2755 880 2796 non
918 2748 1099 2795 autem
1128 2738 1182 2791 in
1217 2748 1357 2791 terra
1388 2733 1695 2789 oblivionis.

1090 2827 1412 2886 PSALMUS
1447 2825 1652 2884 CXLII.

652 2925 971 2996 Quicunque
1017 2925 1270 2979 maximis
1314 2920 1705 2977 tentationibus
1743 2917 2157 2989 immodicisque

583 3020 853 3088 pressuris
900 3025 1142 3088 urgetur,
1163 3015 1448 3073 commode
1471 3023 1647 3070 utetur
1678 3010 1932 3083 praesenti
1970 3024 2155 3078 prece.

584 3112 876 3183 Propterea
924 3109 1161 3179 psalmus
1197 3108 1317 3164 sine
1356 3105 1510 3161 titulo
1565 3116 1671 3160 est.
1712 3103 1878 3159 Audit
1933 3102 2153 3174 quidem

586 3218 779 3260 omnes
802 3201 1084 3265 Dominus,
1116 3214 1322 3271 paucos
1349 3207 1527 3253 tamen
1567 3196 1812 3254 exaudit.
1854 3194 2153 3267 Ceteroqui

583 3298 630 3352 si
663 3296 731 3352 iis
752 3297 840 3365 qui
892 3309 991 3351 nos
1038 3300 1199 3349 orant
1255 3306 1443 3346 aurem
1510 3290 1898 3361 prmberemus,
1953 3300 2156 3344 nostra

2254 2024 2355 2096 τὴν
2388 2024 2602 2081 αίώνιον
2627 2024 2774 2099 ζωὴν
2806 2025 3191 2097 διατρίϐουσιν.

2263 2120 2385 2172 οὐκ
2405 2117 2487 2188 ἦν
2516 2120 2549 2173 ό
2577 2117 2992 2189 ἐπιγινώσκων
3012 2117 3309 2189 pta-06x
3334 2116 3507 2170 ἔστιν
3540 2118 3574 2170 ό
3595 2110 3863 2183 ἐκζητῶν

2746 2189 2863 2256 τὴν
2889 2188 3103 2258 ψυχήν
3122 2205 3260 2255 μου·

2342 2280 2402 2334 '0
2431 2280 2537 2334 ὑπὸ
2559 2280 2669 2334 τῶν
2697 2281 3055 2355 προΐστασθαι
3083 2278 3193 2333 τῶν
3220 2277 3527 2350 ἐκκλησιῶν
3558 2277 3862 2349 νομιζομέ-

2255 2389 2365 2427 νων
2389 2372 2759 2444 ἀμελούμενος
2806 2374 2901 2428 καὶ
2936 2372 3183 2445 μηδόλως
3235 2370 3633 2442 ἐκζητούμενος
3675 2368 3861 2424 εὐκαί-

2262 2482 2369 2537 ρως
2395 2463 2555 2519 τοῦτο
2606 2466 2754 2536 ἐρεῖ·
2785 2466 2882 2519 καὶ
2919 2464 2982 2519 τδ
3022 2464 3148 2535 ἑξῆς
3177 2464 3430 2537 ἐπιφέρει
3466 2463 3530 2516 τὸ
3581 2460 3860 2533 κεκραγδς

2258 2556 2394 2628 πρὸς
2419 2557 2511 2610 τὸν
2550 2555 2705 2622 Θεὸν,
2734 2557 2829 2610 καὶ
2865 2556 2940 2627 μὴ
2972 2554 3216 2619 ἐλπίζειν
3239 2557 3334 2610 ἐπὶ
3362 2555 3708 2628 ἡγουμένοις,
3735 2554 3859 2610 ἀλλ’

2258 2649 2351 2702 ἐπὶ
2385 2648 2599 2721 Κυρίῳ,
2630 2649 2727 2703 καὶ
2764 2648 2962 2721 μερίδα
2983 2647 3127 2719 ἔχειν
3161 2649 3221 2704 ἐν
3260 2651 3332 2721 γῇ
3367 2645 3586 2713 ζώντων
3628 2649 3723 2701 καὶ
3752 2648 3862 2705 οὐκ

2259 2743 2320 2795 ἐν
2354 2740 2759 2814 ἐπιλελησμένῃ
2782 2743 2875 2811 γῇ.

2807 2831 3104 2887 ΨΛΛΜΟΣ
3129 2831 3309 2885 PMB’.

2328 2928 2445 2991 Πᾶς
2472 2928 2502 2981 6
2532 2926 2591 2980 ἐν
2632 2925 2908 2997 μεγίστοις
2943 2926 3270 2998 πειρασμοῖς
3296 2923 3391 2978 καὶ
3415 2922 3659 2994 θλίψεσιν
3682 2925 3859 3000 ὕπερ-

2258 3018 2585 3083 θαλλούσαις
2606 3016 3013 3090 ἐξεταζόμενος,
3049 3015 3321 3089 εὐκαίρως
3347 3016 3613 3087 χρήσαιτο
3629 3019 3697 3088 τῇ
3726 3034 3859 3091 προ-

2258 3111 2484 3184 κειμένῃ
2516 3111 2794 3183 προσευχῇ
2817 3126 2831 3140 ·
2875 3108 2956 3163 διδ
3003 3109 3099 3164 καὶ
3132 3108 3510 3182 ἀνεπίγραφος
3546 3111 3576 3163 6
3614 3109 3856 3181 ψαλμός.

2259 3203 2476 3259 Ἀκούει
2495 3202 2595 3275 μὲν
2611 3197 2705 3257 οὖν
2728 3202 2947 3257 πάντων
2961 3203 2990 3255 6
3006 3200 3231 3274 Κύριος,
3252 3201 3449 3271 ὀλίγων
3463 3200 3521 3255 δέ
3543 3201 3821 3256 είσακούει
3837 3219 3855 3234 ·

2258 3296 2355 3350 ἐὰν
2387 3295 2498 3355 τῶν
2539 3294 2811 3366 δεομένων
2846 3292 3004 3365 ἡμῶν
3046 3293 3464 3364 ἐπακούσωμεν,
3518 3294 3861 3365 ἀκουσθησο-

582 3388 787 3453 pariter
821 3399 1011 3457 preces
1053 3384 1394 3465 audirentur.
1439 3381 1601 3438 Certe
1645 3381 1737 3452 qui
1783 3395 1909 3436 cum
1958 3378 2154 3435 iiducia

2269 3388 2399 3459 μεθα
2431 3388 2528 3444 καὶ
2570 3386 2725 3441 αὐτοί
2744 3403 2760 3420 ο
2798 3388 2827 3439 6
2861 3385 3080 3459 θαρσῶν
3115 3387 3172 3441 δὲ
3207 3389 3273 3458 τῇ
3319 3386 3514 3441 ἐαυτοῦ
3571 3390 3856 3465 προσευχῇ

581 3490 724 3544 orat,
782 3479 1082 3534 auditorem
1138 3461 1402 3547 provocat
1452 3477 1647 3530 Deum.
1698 3473 1804 3528 Alii
1855 3472 2010 3526 aiunt
2046 3487 2153 3527 non

2269 3481 2533 3553 ὶκροατὴν
2570 3480 2727 3534 καλεῖ
2765 3479 2858 3533 τὸν
2885 3479 3037 3533 Θεὸν.
3093 3478 3276 3533 Ἀλλοι
3315 3479 3372 3533 δέ
3420 3496 3553 3549 φασι
3589 3461 3665 3552 μή
3712 3473 3857 3533 εἶναι

580 3585 705 3627 esse
750 3570 868 3625 sine
920 3568 1075 3624 titulo
1117 3567 1407 3638 psalmum,
1443 3567 1539 3621 sed
1580 3564 1804 3620 inscribi
1844 3580 1859 3617 :
1908 3560 2156 3649 Paulinus

2269 3571 2633 3643 ἀνεπίγραφον
2660 3571 2753 3625 τὸν
2788 3571 3024 3643 ψαλμὸν,
3059 3572 3173 3626 ἀλλ’
3205 3571 3631 3643 ἐπιγεγράφθαι,
3687 3574 3855 3627 Ψαλ-

587 3662 801 3725 Davs'di,
831 3676 951 3715 eum
1004 3676 1121 3715 eum
1166 3658 1309 3727 [ilius
1343 3666 1738 3728 persequeretur
1776 3667 1797 3706 .'
1844 3654 1936 3710 sed
1969 3668 2073 3709 non
2099 3653 2154 3708 in

2269 3664 2367 3731 κὸς
2401 3662 2481 3729 τῷ
2519 3664 2721 3732 Δαυτδ,
2764 3663 2863 3718 ὅτε
2889 3664 3078 3719 αὑτὸν
3119 3667 3153 3719 ό
3182 3663 3315 3730 υίὸς
3350 3663 3733 3718 κατεδίωκεν.
3774 3665 3855 3718 Οὐ

584 3754 795 3809 cunctis
846 3749 1381 3821 interpretationibus
1432 3748 1536 3803 hoc
1592 3748 1841 3816 ponitur.
1892 3748 2150 3800 Attamen

2269 3756 2343 3810 5ιά
2373 3758 2563 3811 πασῶν
2595 3757 2777 3827 μέντοι
2808 3756 2918 3811 τῶν
2938 3755 3245 3829 ἐρμηνειῶν
3299 3757 3623 3828 πρόσκειται
3654 3755 3850 3809 τοῦτο’

582 3860 705 3916 quae
740 3844 829 3899 hic
850 3843 1129 3903 dicuntur,
1157 3856 1263 3897 non
1297 3847 1620 3910 repugnant.
1652 3837 1758 3894 Sed
1795 3836 1927 3892 nihil
1952 3838 2155 3900 obstat,

583 3934 874 4008 quominus
900 3934 968 3989 de
998 3932 1182 3988 Saulis
1209 3932 1585 4002 persecutione
1608 3931 1724 3985 ha-c
1762 3928 1907 3984 dicta
1935 3926 2154 3984 iuerint.

727 4026 891 4082 Vsus.
920 4026 977 4081 4.
1014 4023 1253 4080 Tutilium
1283 4040 1472 4094 passus
1498 4025 1814 4091 esLspiritus
1844 4038 2011 4078 meus.

658 4118 893 4190 Spiritus
914 4117 1147 4172 hominis
1177 4116 1395 4171 taedium
1420 4115 1650 4185 patitur,
1681 4129 1803 4170 cum
1843 4130 1941 4170 cor
1964 4114 2157 4169 turba-

587 4221 677 4266 tur
729 4222 1103 4264 rememorans
1156 4207 1428 4278 quomodo
1489 4206 1744 4262 inimicus
1796 4206 2160 4275 prostraverit

585 4299 738 4357 humi
764 4299 930 4354 vitam
954 4296 1092 4367 ejus,
1120 4311 1349 4367 eamque
1396 4297 1450 4352 iu
1483 4297 1782 4353 tenebrosis
1828 4296 1967 4352 locis
2022 4310 2158 4351 con-

585 4392 828 4450 stituerit
852 4401 911 4446 ut
932 4401 1177 4446 mortuos
1214 4388 1420 4447 seculi.
1464 4388 1789 4456 Turbatum,
1820 4390 2019 4461 inquit,
2062 4404 2161 4445 cor

586 4498 787 4548 meum,
822 4482 1127 4555 passionem
1163 4481 1310 4536 intus
1335 4480 1625 4545 continuit,
1656 4497 1763 4536 non
1807 4482 1942 4538 adeo
1972 4483 2158 4537 conoi-

2255 3848 2325 3903 τὰ
2354 3847 2409 3901 δέ
2450 3849 2723 3919 λεγόμενα
2753 3850 2854 3903 οὐκ
2885 3849 3174 3923 ἀλλότρια’
3221 3849 3376 3904 οὐδὲν
3402 3848 3460 3902 δὲ
3492 3848 3693 3904 κωλύει
3721 3849 3857 3923 περὶ

2258 3943 2359 4015 τῆς
2390 3942 2495 3996 ὑπὸ
2527 3942 2702 3996 Σαοὺλ
2721 3940 2955 4009 διώξεως
2978 3941 3229 4014 είρῆσθαι
3262 3941 3419 3995 αὑτά.

2503 4032 2861 4103 Ἠκηδίασεν
2881 4034 2976 4088 ἐπ’
3002 4034 3109 4103 ἐμὲ
3128 4034 3192 4088 τὸ
3226 4033 3465 4105 πνεῦμά
3483 4052 3626 4104 μου.

2329 4125 2404 4179 Τὸ
2462 4124 2683 4198 πνεῦμα
2730 4125 2827 4181 τοῦ
2873 4124 3161 4200 ἀνθρώπου
3210 4127 3271 4180 τὸ
3320 4129 3379 4181 ἐν
3425 4126 3578 4198 αὑτῷ
3625 4127 3851 4199 ἀκηδιᾷ,

2258 4217 2475 4272 ἐπειδὰν
2501 4220 2535 4290 ἡ
2567 4218 2765 4290 καρδία
2807 4218 3053 4291 ταραχθῇ
3088 4218 3389 4291 μνησθεῖσα
3432 4217 3550 4283 πῶς
3593 4222 3621 4273 6
3655 4219 3855 4293 ἐχθρὸς

2259 4311 2626 4365 ἐταπείνωσεν
2653 4313 2733 4376 είς
2772 4310 2874 4384 τὴν
2887 4311 2993 4382 γῆν
3033 4312 3135 4383 τὴν
3166 4311 3311 4384 ζωὴν
3349 4311 3541 4382 αὐτῆς,
3572 4312 3665 4365 καὶ
3690 4310 3769 4377 ὡς
3796 4314 3855 4366 ἐ-

2258 4402 2481 4458 κάθισεν
2513 4403 2682 4477 αὐτὴν
2720 4406 2779 4459 ἐν
2810 4407 3102 4468 σκοτεινοῖς
3128 4404 3204 4469 ὡς
3232 4405 3458 4476 νεκροὺς
3492 4403 3687 4468 αἰῶνος
3712 4421 3727 4434 ’
3751 4420 3856 4461 τα·-

2263 4495 2521 4568 ραχθεῖσα
2546 4495 2625 4561 δὲ,
2658 4496 2845 4568 φησὶν,
2877 4499 2911 4569 η
2939 4495 3136 4568 καρδία
3170 4513 3273 4568 μου
3302 4498 3360 4549 ἐν
3384 4498 3545 4568 αὐτῇ,
3577 4495 3725 4551 ἐνδον
3744 4498 3851 4550 ἐπ-

585 4576 743 4641 deus,
787 4584 847 4630 ut
890 4572 1065 4644 palam
1118 4572 1329 4629 cunctis
1372 4572 1652 4629 extraneis
1695 4570 1837 4629 foret
1872 4573 1991 4642 ejus
2042 4581 2157 4628 tur—

2269 4588 2387 4659 ἐσχε
2422 4587 2485 4641 τὸ
2527 4587 2697 4652 πάθος
2725 4588 3007 4652 παντελῶς
3039 4587 3115 4660 μὴ
3140 4587 3471 4651 ἐκπεσοῦσα,
3522 4588 3599 4653 ὡς
3629 4588 3711 4653 είς
3741 4606 3853 4659 φα-

584 4665 752 4721 natio.

764 4868 926 4926 Vens.
951 4869 1005 4925 5.
1044 4868 1246 4925 Memor
1260 4868 1341 4938 [ui
1381 4870 1585 4924 dierum
1617 4870 1981 4941 antiquorum.

659 4962 795 5031 Quia
829 4972 884 5017 et
913 4962 1123 5033 Moyses
1148 4961 1367 5015 mandat
1405 4960 1591 5016 dicetis
1614 4978 1629 5017 :
1653 4960 2161 5017 Recordamiuidie-

588 5075 709 5114 rum
761 5056 943 5113 swculi
976 5056 1063 5122 “;
1128 5061 1183 5107 et
1236 5053 1404 5109 David
1460 5055 1662 5123 pariter
1708 5054 1835 5113 ait:
1884 5062 2158 5111 Annorum

588 5158 904 5206 atomorum
933 5146 1231 5211 utemini,“
1251 5145 1578 5201 considerari
1598 5147 1643 5180 δ’
1672 5164 1688 5214 ;
1725 5156 1871 5203 recte
1889 5147 1995 5204 sibi
2028 5163 2162 5203 eon-

588 5241 772 5297 suleus
804 5240 913 5306 hic,
949 5239 1103 5308 cujus
1132 5252 1227 5293 ωι·
1263 5238 1533 5293 turbatum
1570 5248 1678 5304 est,
1707 5239 1946 5295 recurrit
1978 5222 2161 5295 animo

589 5334 659 5388 ad
690 5332 938 5403 antiquos
959 5332 1075 5388 dies
1097 5346 1246 5398 suos,
1276 5332 1472 5402 quibus
1490 5342 1615 5387 ante
1644 5333 2009 5390 turbationem
2029 5332 2155 5390 felix

588 5436 743 5491 erat,
798 5424 890 5480 vel.
932 5425 1181 5495 antiquas
1229 5424 1491 5480 historias
1532 5424 1586 5480 in
1621 5435 1858 5483 mentem
1892 5438 2153 5483 revocat:

589 5528 973 5588 resumptaque
1000 5533 1181 5573 rerum
1211 5518 1494 5582 memoria,
1521 5517 1815 5574 meditatur
1845 5534 2012 5589 opera
2042 5520 2160 5587 Dei,

588 5618 646 5664 et
697 5624 949 5664 manuum
995 5609 1112 5679 ejus
1158 5607 1414 5677 facturas,
1456 5623 1563 5663 non
1612 5609 1884 5666 modicum
1918 5626 1988 5668 ex
2018 5613 2163 5667 anti-

588 5700 713 5771 quis
756 5699 1074 5756 iectionibus
1126 5701 1371 5756 solamen
1429 5700 1683 5771 capiens,
1733 5702 1861 5759 dum
1913 5719 1981 5762 ex
2029 5706 2164 5777 ipsis

664 5876 707 5906 “
743 5874 898 5929 Deut.
946 5890 1118 5940 xxxii,
1157 5875 1212 5933 7.
1290 5874 1335 5908 ⁵⁸
1382 5874 1524 5933 Psal.
1576 5891 1760 5942 um,
1812 5878 1867 5933 6.

2259 4680 2414 4753 νερδν
2435 4678 2608 4734 ἐλθεῖν
2633 4682 2747 4744 τοῖς
2770 4681 2924 4746 πᾶσι,
2964 4680 3060 4734 καὶ
3088 4682 3201 4744 τοῖς
3222 4679 3379 4742 ἐκτὸς
3409 4678 3720 4750 γνωσθῆναι
3746 4680 3854 4752 τὴν

2260 4773 2521 4843 ταραχήν.

2588 4882 2933 4953 Ἑμνήσθην
2970 4882 3208 4955 ἡμερῶν
3242 4885 3527 4955 ἀρχαίων.

2342 4976 2498 5029 Ἐπεὶ
2531 4976 2626 5029 καί
2643 4976 2928 5048 ὀΜωῦσῆς
2956 4978 3285 5048 προστάττει
3306 4977 3503 5047 λέγων,
3521 4975 3857 5044 Μνήσθητε

2260 5067 2485 5139 ἡμέρας
2519 5066 2767 5135 αίῶνος·
2802 5071 2898 5124 καὶ
2927 5072 2956 5124 6
2996 5069 3161 5125 Δαυῒδ
3216 5071 3381 5125 πάλιν
3414 5071 3573 5143 φησι.
3602 5071 3715 5125 Καὶ
3742 5072 3855 5139 ἐτη

2261 5159 2467 5214 αἰώνια
2497 5160 2833 5230 ἐμνήσθην,
2865 5161 2962 5215 καί
3005 5162 3343 5232 Quali-mons
3362 5179 3376 5194 ·
3414 5164 3640 5226 είκότως
3689 5162 3858 5235 θερα-

2263 5250 2447 5305 πεύων
2485 5252 2678 5305 ἐαυτὸν
2725 5254 2755 5307 6
2781 5251 3075 5328 ταραχθεὶς
3116 5253 3215 5325 τὴν
3269 5253 3520 5326 καρδίαν,
3560 5254 3857 5326 ἀνατρέχει

2262 5338 2358 5393 ἐπὶ
2388 5339 2488 5403 τὰς
2519 5342 2755 5407 παλαιὰς
2786 5341 2954 5397 αὑτοῦ
2986 5342 3223 5416 ἡμέρας,
3256 5344 3356 5409 τὰς
3392 5344 3499 5416 πρὸ
3544 5341 3647 5414 τῆς
3677 5360 3856 5415 ταρα-

2264 5433 2390 5503 χῆς,
2425 5434 2484 5489 ἐν
2513 5429 2602 5497 αἷς
2636 5435 2941 5509 κατώρθου,
2974 5436 3007 5509 ἦ
3034 5438 3129 5491 ἐπὶ
3158 5438 3258 5502 τὰς
3292 5436 3531 5501 παλαιὰς
3569 5438 3817 5511 ἱστορίας
3837 5457 3854 5469 .

2266 5525 2363 5579 καὶ
2404 5526 2504 5597 τὴν
2552 5528 2776 5599 μνήμην
2825 5528 3135 5593 ἀναλαϐὼν,
3181 5528 3381 5602 μελετᾷ
3424 5532 3483 5584 ἐν
3514 5533 3627 5594 τοῖς
3667 5530 3858 5601 ἔργοις

2264 5616 2361 5671 τοῦ
2384 5617 2544 5683 Θεοῦ,
2584 5619 2680 5674 καὶ
2712 5624 2771 5675 ἐν
2811 5624 2923 5685 τοῖς
2968 5622 3240 5694 ποιήμασι
3273 5623 3382 5678 τῶν
3418 5621 3619 5693 χειρῶν
3658 5622 3854 5686 αὑτοῦ,

2265 5710 2329 5764 οὐ
2362 5713 2565 5783 μικρᾶς
2598 5713 2880 5784 τυγχάνων
2921 5714 3277 5787 παραμυθίας
3320 5715 3429 5769 ἀπὸ
3456 5713 3565 5768 τῶν
3604 5714 3860 5770 παλαιῶν
