4014 6444
193 383 266 449 ss
1162 344 1165 345 ί
1349 385 1806 445 conuertunt

1916 384 1972 443 lN
2007 384 2354 445 PSALHOS.
3436 388 3510 445 54

185 508 543 586 βαρυτάτων
575 507 867 583 δνεργείας
894 508 1008 564 τῶν
1034 508 1180 566 κατά
1202 508 1296 565 τὸν
1320 509 1664 584 ἀνθρώπινον
1689 510 1806 582 βίον

1916 514 2095 585 rugam
2126 512 2401 569 vertebat.
2438 510 2656 569 Videsis
2686 510 2854 566 etiam
2902 523 2973 566 ne
3025 509 3168 570 forte
3209 511 3283 569 sit
3342 513 3507 570 Chri-

181 600 429 676 ἐδήλωσε
445 618 463 631 ·
511 602 611 657 καὶ
651 601 901 674 Μωῦσῆς
944 601 1003 655 δὲ
1028 602 1128 667 τάς
1152 606 1341 675 χεῖρας
1363 601 1623 658 ἐκτείνων
1645 602 1800 675 lepo-

182 692 357 752 τοῦτο
392 693 491 750 τὸν
544 692 820 767 ’Δμαλήκ.
871 692 1017 766 Ὅρα
1056 693 1114 749 δὲ
1144 694 1221 767 μὴ
1263 695 1501 765 Χριστὸς
1530 696 1560 749 ὁ
1600 694 1798 764 λέγων,

179 786 620 863 τροπωσάμινος
650 786 783 850 τοὺς
818 785 1089 859 ἀοράτους
1129 784 1363 859 ιχθρούς
1384 803 1400 819 ο
1443 786 1597 859 δηλοῖ
1635 785 1747 860 γάρ
1770 788 1801 841 ὁ

180 878 420 951 ψαλμδς,
452 878 530 942 ὤς
566 876 939 951 δειχθήσεται,
979 876 1079 933 καὶ
1105 876 1339 932 κάθοδον
1382 878 1551 934 αὑτοῦ
1592 877 1695 951 τὴν
1738 876 1800 946 te

181 970 443 1044 ούρανοῦ,
494 971 589 1025 καὶ
629 970 845 1044 τροπὴν
898 969 1192 1042 δαιμόνων,
1229 970 1327 1025 καὶ
1369 970 1564 1043 κλῆσιν
1605 969 1797 1037 ὶθνῶν,

181 1066 279 1119 καὶ
321 1062 419 1117 δύο
463 1062 652 1128 λαούς.

377 1155 445 1210 ὀ
466 1153 846 1211 ὐποτὰσσων
871 1154 981 1209 τὸν
1002 1154 1159 1210 ,λαόν
1180 1172 1304 1225 μου
1347 1155 1454 1209 ὑπ’
1491 1153 1616 1225 ἐμέ.

250 1247 393 1303 Θεοῦ
429 1249 552 1302 ἔστι
586 1247 650 1301 τδ
699 1247 1032 1302 meum
1066 1247 1160 1302 τὸν
1192 1246 1392 1302 ἑαυτοῦ
1428 1247 1560 1303 λαὸν
1586 1245 1802 1319 ἀνθρώ-

186 1356 348 1405 ποις·
375 1340 520 1412 ὅπερ
545 1340 596 1393 εί
623 1340 701 1412 μὴ
740 1341 807 1395 ἐκ
849 1338 987 1394 Θεοῦ
1029 1340 1255 1421 γίνοιτο,
1288 1340 1394 1395 οὐκ
1426 1341 1493 1397 άν
1532 1358 1664 1395 ποτε
1715 1339 1802 1410 γέ-

187 1448 334 1486 νοιτο
350 1431 470 1503 (ῒ8)
486 1448 499 1461 °
528 1430 652 1487 οὐδὲ
667 1431 779 1505 γάρ
801 1431 1046 1504 Μωΰσῆς
1071 1432 1319 1505 ἡγήσατο
1338 1431 1406 1489 ἀν
1422 1431 1518 1488 τοῦ
1541 1432 1799 1488 τοσούτου

188 1524 456 1596 πλήθους,
491 1524 570 1597 μὴ
595 1522 694 1579 τοῦ
722 1523 936 1595 Κυρίου
976 1522 1347 1592 ὑποτάξαντος
1373 1523 1523 1597 αὐτῷ
1547 1526 1639 1581 τδν
1672 1526 1801 1582 ἑαυ-

183 1608 283 1673 τοῦ
318 1616 475 1683 λαὸν,
505 1617 570 1672 ού
594 1617 665 1672 δι’
692 1616 875 1671 ὅπλων
912 1616 947 1687 ἢ
989 1617 1079 1672 διά
1122 1616 1489 1688 παρατάξεως
1518 1616 1800 1691 ἀνθρωπί-

186 1727 309 1782 νης,
336 1708 430 1764 διά
453 1710 512 1765 δὲ
552 1711 651 1782 τῆς
689 1709 1003 1782 κρείττονος
1046 1710 1353 1782 δυνάμεως.

184 1803 393 1873 Κύριε,
436 1802 499 1858 τί
527 1801 705 1857 ἐστιν
744 1801 1078 1873 ἅνθρωπος,
1124 1803 1216 1858 ὅτι
1252 1799 1567 1873 ἐγνώσθης
1600 1801 1801 1869 αὐτῷ;

253 1870 605 1954 ίιυνθάνεται
626 1893 832 1964 δλόγος
851 1870 1401 1968 δρωτηματικῶςντδ,
1426 1895 1480 1949 τί
1519 1870 1672 1950 ἔστιν
1708 1896 1801 1951 ἀν-
1834 1870 1876 1927 Β

187 1988 436 2059 θρωπος,
459 1987 613 2059 ἡμᾶς
636 1985 847 2053 διδάξαι
875 1986 1221 2059 βουλόμενος,
1248 1988 1333 2043 ὅτι
1354 1987 1502 2059 μέγα
1518 2005 1570 2042 τι
1587 1986 1801 2059 ἀνθρω-

185 2096 324 2145 πος·
348 2079 414 2133 οὐ
477 2078 589 2151 γὰρ
645 2079 715 2133 ἀν
759 2078 1009 2152 ὶχὼρησε
1047 2079 1184 2134 Θεοῦ
1222 2079 1448 2149 γνῶσιν,
1489 2079 1597 2134 οὐδ’
1637 2079 1705 2134 ἂν
1753 2082 1803 2134 ὲ-

187 2171 407 2246 μνήσθη
423 2171 597 2228 αὑτοῦ
619 2174 649 2227 ό
665 2171 799 2237 Θεὸς
812 2170 1009 2241 οὕτως,
1118 2173 1213 2228 καὶ
1228 2174 1455 2246 Σωτῆρα
1478 2173 1574 2229 καὶ
1587 2174 1803 2246 Λυτρω-

184 2266 284 2336 τὴν
316 2264 708 2331 ἐξαποστεῖλαι
752 2264 904 2337 αὐτῷ
938 2265 1032 2320 τὸν
1061 2266 1258 2321 ἑαυτοῦ
1291 2266 1487 2336 Λόγον.
1535 2266 1804 2339 Παραινεῖ

182 2357 241 2412 δὲ
271 2360 333 2414 ὲν
368 2356 456 2430 τῷ
484 2357 637 2430 αύτῷ
679 2357 776 2412 καὶ
812 2357 1041 2431 μηδενὸς
1084 2358 1377 2431 ἀνθρώπου
1410 2361 1799 2433 καταφρονεῖν,

184 2452 279 2507 καὶ
316 2452 404 2506 ὅτι
450 2452 643 2524 μηδεὶς
686 2451 839 2520 ἄξιον
864 2452 1127 2524 κατορθοῖ
1144 2452 1246 2523 τῆς
1283 2452 1545 2523 τοιαύτης
1578 2452 1803 2525 εὐεργε-

186 2543 332 2608 σίας.

274 2638 485 2707 Κύριε,
522 2637 739 2691 κλῖνον
770 2638 1071 2708 οὐρανούς
1092 2651 1232 2702 σου,
1265 2638 1367 2692 καὶ
1392 2636 1703 2707 κατάϐηθι.

258 2714 484 2801 Σφόδρα
524 2728 845 2799 ἀναγκαίως
873 2730 968 2785 καὶ
998 2728 1315 2794 ἀκολούθως
1345 2728 1545 2803 [λέγει]
1576 2729 1671 2783 καὶ
1705 2729 1803 2783 αύ-

185 2821 277 2876 τὺν
311 2821 628 2893 καταϐῆναι
664 2822 759 2876 τδν
807 2822 906 2877 τοῦ
938 2822 1077 2877 Θεοῦ
1121 2822 1294 2891 Λόγον
1342 2824 1423 2887 είς
1482 2821 1804 2895 καθαίρεσιν

184 2914 295 2967 τῶν
323 2914 610 2985 πολεμίων
627 2930 641 2944 ⁸
672 2916 723 2968 εί
750 2912 861 2988 γάρ
887 2916 981 2969 καὶ
1006 2915 1076 2971 τὰ
1098 2914 1357 2987 μάλιστα,
1378 2918 1539 2987 φησι,
1558 2914 1804 2969 διδάσκει

183 3006 286 3071 τάς
309 3007 458 3078 ιμάς
482 3010 674 3079 χεῖρας
698 3008 794 3062 καὶ⁵
835 3009 962 3074 τοὺς
997 3008 1299 3073 δακτύλους
1329 3009 1479 3075 ὅπως
1504 3008 1611 3082 χρὴ
1644 3007 1805 3061 πολε-

188 3103 336 3170 μεῖν,
370 3098 514 3152 ἀλλὰ
540 3102 638 3153 καὶ
667 3100 752 3163 τίς
797 3101 950 3172 ἰσχὺς
996 3100 1309 3174 ἀνθρώπου,
1341 3102 1438 3156 καὶ
1476 3100 1618 3173 πόση
1647 3099 1806 3155 δύνα-

1903 614 2045 673 stus,
2110 604 2203 677 qui
2264 605 2403 661 ait:
2456 603 2513 660 in
2572 603 2763 675 l’ugam
2826 601 3131 672 conjiciens
3198 602 3509 663 invisibiles

1906 697 2120 754 hostes.
2150 694 2290 752 Nam
2320 694 2589 766 psalmus,
2620 705 2682 751 ut
2710 694 3205 761 demonstrabitur,
3255 705 3313 752 et
3353 698 3508 755 redi-

1905 798 2023 846 tum
2081 787 2203 859 ejus
2261 788 2332 846 de
2408 784 2599 854 caelo,
2663 797 2721 844 et
2793 786 2979 859 fugam
3036 787 3397 859 damonnm,
3452 798 3508 846 et

1902 878 2147 950 gentium
2192 878 2577 948 vocationem,
2624 878 2765 935 duos
2809 877 3049 951 denique
3098 878 3355 951 populos,
3405 880 3505 937 de-

1902 978 2082 1028 οοιιι.

1974 1155 2146 1212 Vna.
2182 1154 2241 1210 2.
2286 1153 2393 1221 Qui
2412 1152 2649 1209 subdidit
2677 1149 2934 1221 populant
2967 1165 3142 1205 meum
3185 1150 3283 1204 sub
3328 1163 3434 1206 nte.

1976 1247 2075 1305 Dei
2107 1255 2196 1306 est
2218 1247 2482 1319 p0pulum
2505 1260 2665 1301 suum
2697 1244 3013 1300 hominibus
3035 1240 3329 1311 subjicere,
3360 1242 3507 1313 quod

1903 1340 2013 1398 nisi
2041 1356 2072 1397 a
2104 1340 2216 1397 Deo
2242 1340 2355 1404 llat,
2387 1353 2670 1409 nunquam
2728 1336 2842 1394 tiet.
2892 1335 3030 1392 Nam
3074 1348 3253 1407 neque
3294 1333 3508 1406 Moyses

1905 1433 2071 1491 talem
2145 1440 2469 1504 tantamque
2542 1430 2953 1488 multitudinem
3030 1426 3325 1495 rexisset,
3395 1426 3506 1484 nisi

1903 1526 1955 1583 ei
2002 1524 2269 1583 Dominus
2326 1523 2587 1597 populum
2619 1538 2782 1579 suum
2834 1520 3193 1587 subdidisset,
3250 1534 3360 1576 non
3411 1534 3506 1577 ar-

1904 1621 2011 1678 mis
2068 1635 2251 1692 neque
2295 1618 2583 1677 hominum
2636 1616 2929 1684 exercitu,
2986 1616 3081 1673 sed
3132 1614 3362 1672 meliore
3410 1629 3510 1686 po-

1906 1712 2101 1768 tentia.

1903 1802 2073 1869 Vsns,
2107 1802 2163 1857 2.
2191 1802 2436 1869 Domine,
2460 1800 2592 1872 quid
2614 1808 2692 1855 est
2719 1799 2900 1867 homo,
2926 1798 3057 1870 quia
3095 1799 3383 1857 innotuisti
3409 1797 3460 1854 si
3485 1799 3511 1853 2

1976 1895 2378 1965 lnterrogativo
2426 1892 2591 1949 modo
2633 1892 2831 1964 quaerit
2868 1891 3201 1959 Psalmista,
3249 1891 3381 1963 quid
3438 1890 3512 1945 sit

1904 1988 2105 2055 homo;
2140 1986 2341 2044 docere
2366 2000 2467 2041 nos
2492 1984 2705 2049 volens,
2736 1999 2997 2056 magnum
3019 1984 3151 2055 quid
3176 1998 3301 2041 esse
3329 1983 3512 2040 homi-

1904 2096 2055 2137 nem.
2084 2080 2258 2137 Secus
2290 2082 2461 2145 enim,
2500 2093 2677 2150 neque
2706 2078 2825 2148 ipse
2850 2077 2945 2135 Dei
2971 2079 3227 2135 notitiam
3255 2086 3509 2150 caperet,

1905 2189 2083 2245 neque
2113 2174 2263 2230 Deus
2308 2181 2598 2243 tantopere
2648 2171 2771 2243 ejus
2817 2172 3186 2240 meminisset,
3227 2182 3288 2228 ut
3336 2172 3509 2229 etiam

1905 2266 2255 2321 Servatorem
2284 2262 2816 2333 Redemptoremque
2854 2262 2905 2318 ei
2946 2265 3185 2320 mitteret
3226 2264 3509 2333 proprium

1904 2355 2170 2412 Verbum.
2198 2354 2382 2411 Monet
2418 2356 2580 2410 simul
2609 2371 2679 2412 ne
2700 2370 3037 2426 quemquam
3064 2355 3341 2410 hominem
3374 2368 3510 2410 con-

1908 2458 2261 2515 temnamus;
2314 2457 2372 2504 et
2417 2450 2563 2519 quod
2608 2464 2772 2507 nemo
2800 2448 3070 2505 beneﬁcio
3102 2458 3258 2515 tanto
3283 2447 3510 2520 dignum

1905 2541 2112 2611 aliquid
2142 2550 2292 2613 agat.

1907 2635 2075 2691 Vatis.
2114 2635 2171 2691 5.
2227 2634 2472 2701 Domine,
2517 2634 2719 2691 inclina
2760 2636 2915 2692 celos
2960 2644 3104 2701 tuos,
3151 2643 3200 2690 et
3231 2633 3508 2689 descende.

1977 2726 2304 2785 Necessario
2318 2728 2611 2785 admodum
2629 2737 2688 2785 et
2699 2740 3069 2786 consentanee
3088 2726 3296 2801 [dicit],
3330 2714 3527 2798 ipsum'

1907 2821 2259 2878 descendisse
2298 2821 2390 2878 Dei
2438 2820 2682 2877 Verbum
2744 2823 2812 2878 ad
2872 2822 3114 2878 hostium
3170 2822 3511 2877 destructio—

1908 2931 2059 2973 nem.
2092 2915 2327 2972 Etiamsi
2362 2916 2535 2982 enim,
2584 2915 2787 2986 inquit,
2840 2914 3063 2985 egregie
3106 2914 3270 2969 docet
3314 2926 3511 2967 manus

1908 3024 2058 3065 meas
2088 3010 2156 3064 ad
2181 3009 2411 3075 bellum,
2463 3018 2708 3065 attamen
2730 3008 2994 3086 quantula
3021 3016 3107 3062 est
3137 3007 3222 3061 vis
3246 3006 3512 3071 hominis,

1910 3112 1968 3159 et
1993 3101 2248 3158 morituri
2285 3100 2465 3156 virtus
2496 3101 2590 3171 qui
2622 3101 2856 3155 vanitati
2899 3098 3098 3155 similis
3124 3108 3230 3163 est,
3260 3106 3319 3150 ut
3346 3104 3515 3150 tanta;

189 3210 283 3264 μις
317 3192 421 3246 τοῦ
446 3192 645 3264 θνητοῦ
680 3195 778 3248 καὶ
810 3194 1135 3266 ματαιότητι
1161 3192 1544 3266 ὁμοιωθέντος,
1577 3192 1715 3266 πρὸς
1743 3190 1806 3245 τὸ

1916 3195 2159 3251 hostium
2184 3194 2322 3249 aciei
2352 3194 2615 3268 resistere
2642 3192 2863 3266 possit?
2898 3191 3044 3263 Ergo
3073 3201 3127 3245 tu
3166 3189 3306 3261 ipse,
3334 3188 3516 3244 Domi-

184 3284 493 3357 δυνηθῆναι
536 3288 729 3359 στῆναι
773 3285 916 3340 κατά
956 3286 1057 3359 τῆς
1102 3287 1373 3357 τοσαύτης
1410 3284 1803 3359 παρατάξεως;

186 3376 269 3431 διὸ
305 3380 372 3432 σὺ
419 3378 605 3444 αὐτὸς,
640 3372 687 3433 ὦ
712 3376 908 3451 Κύριε,
950 3379 1130 3433 κλῖνον
1177 3380 1467 3453 οὐρανοὺς,
1504 3380 1599 3433 καὶ
1634 3377 1807 3432 κατά-

190 3470 338 3542 ϐηθι.
376 3472 660 3543 Οὑρανοὺς
692 3470 749 3525 δέ
797 3489 929 3543 φησι
968 3471 1068 3536 τὰς
1113 3472 1511 3544 επινοουμένας
1553 3472 1612 3525 ὲν
1656 3469 1807 3541 αὐτῷ

188 3564 458 3634 δυνάμεις
483 3580 496 3593 ·
533 3564 611 3627 ὡς
642 3564 702 3617 δὲ
751 3565 935 3637 πατὴρ
982 3563 1220 3635 νηπίοις,
1267 3565 1366 3619 καὶ
1407 3563 1485 3630 ὡς
1534 3564 1807 3636 μαθηταῖς

187 3654 522 3719 διδάσκαλος
563 3656 1013 3725 συγκαταδαίνει.

348 3746 827 3813 Ἐξαπόστειλον
853 3746 971 3818 τὴν
993 3748 1167 3820 χεῖρά
1192 3764 1313 3805 σου
1339 3750 1411 3816 ἐξ
1436 3749 1659 3821 ὕψους.

273 3838 720 3907 Ἕξατοόστειλον,
749 3842 915 3912 φησιν
939 3843 969 3895 ό
998 3842 1233 3915 ψαλμδς,
1268 3843 1370 3915 τὴν
1397 3844 1690 3917 ποιητικὴν
1712 3845 1808 3900 καὶ

192 3932 545 4005 φυλακτικὴν
591 3933 702 3988 τῶν
750 3933 889 3989 δλων
922 3937 1084 4007 χεῖρα
1128 3935 1222 3989 ἐπὶ
1267 3934 1348 4007 τῷ
1395 3935 1679 4004 ἐξελέσθαι
1712 3937 1809 3991 καὶ

194 4025 473 4097 ῥύσασθαί
509 4042 580 4097 με
606 4025 673 4081 ἐκ
700 4025 810 4079 τῶν
857 4026 1069 4082 πολλῶν
1097 4026 1306 4084 ὑδάτων
1334 4031 1429 4083 καὶ
1464 4028 1576 4083 τῶν
1605 4028 1809 4102 χειρῶν

190 4119 301 4173 τῶν
323 4119 633 4191 ἀλλοτρίων
652 4118 785 4172 υἱῶν
802 4135 817 4150 ·
845 4119 1071 4175 δυνατὸν
1095 4119 1153 4174 δὲ
1178 4120 1241 4174 τὸ
1264 4120 1323 4188 ἐξ
1352 4120 1563 4177 ὑδάτων
1594 4121 1809 4178 πολλῶν

192 4212 467 4285 ῥυσθῆναι
500 4213 677 4265 εἰπεῖν
704 4210 815 4267 τῶν
844 4212 1100 4285 πονηρῶν
1130 4213 1416 4285 δυνάμεων
1446 4214 1544 4269 καὶ
1572 4214 1670 4268 τοῦ
1688 4215 1810 4269 δια-

192 4305 356 4361 ϐόλου
386 4304 486 4359 τοῦ
532 4303 799 4376 βασιλέως
836 4304 1059 4359 πάντων
1106 4304 1221 4361 τῶν
1259 4306 1553 4361 τοιούτωνο
1592 4306 1809 4379 ἔξαιρε·

192 4398 355 4472 θῆναι
377 4398 439 4453 δὲ
465 4398 564 4453 καὶ
588 4399 654 4453 ἐκ
672 4397 857 4471 χειρὸς
877 4398 985 4452 τῶν
1008 4397 1308 4471 ἀλλοτρίων
1335 4398 1488 4465 υἱῶν,
1516 4398 1628 4453 τῶν
1658 4401 1811 4473 ὲνερ-

192 4493 487 4566 γουμὲνων
531 4491 627 4545 ὑπ’
667 4490 849 4546 αὐτῶν
883 4489 1225 4564 ἀνθρώπων·
1262 4490 1363 4557 τὰς
1409 4493 1811 4559 ὲπαναστάσεις

1910 3302 2002 3353 ne,
2039 3288 2211 3344 caelos
2235 3285 2465 3351 inclina,
2495 3297 2551 3341 et
2594 3285 2888 3342 descende.
2916 3282 3101 3341 leos
3138 3292 3322 3339 autem
3356 3283 3513 3350 dicit,

1868 3448 1876 3457 .
1910 3396 2034 3451 quae
2061 3381 2134 3436 ibi
2168 3378 2550 3451 intelliguntur
2571 3393 2695 3434 esse
2728 3386 3049 3448 potestates.
3080 3375 3258 3434 Porro
3286 3391 3388 3433 ceu
3415 3390 3514 3445 pa-

1911 3483 1994 3529 ter
2028 3474 2096 3527 ad
2128 3472 2387 3543 parvulos
2428 3471 2593 3536 lliios,
2641 3486 2742 3527 ceu
2795 3472 2862 3527 ad
2904 3470 3208 3542 discipulos
3250 3468 3518 3541 magister

1910 3566 2214 3622 descendit.

2131 3752 2297 3811 Vens.
2347 3753 2400 3811 7.
2436 3753 2636 3810 Emitte
2653 3767 2872 3808 manum
2895 3762 3045 3808 tuam
3068 3766 3139 3808 sm
3164 3750 3296 3807 alto.

1982 3847 2207 3917 Emitte,
2251 3849 2329 3905 ait
2366 3848 2631 3921 psalmus,
2678 3848 3052 3920 operatricem
3107 3847 3512 3917 tutelaremque

1909 3939 2155 3997 omnium
2180 3956 2429 4009 manum,
2464 3951 2525 3997 ut
2553 3956 2719 3999 eruas
2755 3941 3070 4013 liberesque
3112 3956 3201 3996 me
3222 3940 3292 3995 de
3320 3940 3511 3996 multis

1911 4032 2190 4100 (luctibus,
2212 4044 2269 4090 et
2290 4035 2598 4092 alienorum
2630 4034 2869 4091 ﬁliorum
2903 4034 3179 4091 manibus.
3222 4032 3341 4089 iam
3376 4034 3519 4105 eripi

1911 4125 1980 4181 de
2014 4124 2204 4182 multis
2232 4124 2518 4192 ﬂuctibus,
2560 4127 2791 4198 intelligi
2829 4137 3011 4197 potest
3050 4126 3118 4185 de
3150 4126 3311 4183 malis
3362 4138 3521 4198 pote-

1910 4217 2166 4284 statibus,
2197 4228 2254 4274 et
2288 4218 2356 4274 de
2387 4220 2581 4276 barum
2633 4220 2881 4276 omnium
2930 4234 3061 4293 rege
3106 4219 3347 4276 diabolo.
3384 4220 3519 4275 item

1912 4308 2134 4365 liberari
2172 4309 2241 4366 de
2267 4309 2575 4366 alienorum
2619 4309 2862 4367 filiorum
2896 4310 3172 4375 manibus,
3219 4324 3419 4379 nempe
3452 4310 3520 4365 de

1913 4403 2206 4461 commotis
2289 4404 2510 4460 illorum
2579 4409 2810 4462 obsessa
2890 4402 3228 4460 hominibus.
3298 4401 3517 4456 Etenim

1914 4494 2179 4565 impetum
2210 4497 2576 4552 tentationum
2600 4508 2771 4568 atque
2794 4495 3113 4567 impiorum,
3136 4510 3310 4564 aquas
3332 4493 3521 4565 appel—

192 4586 305 4659 γάρ
350 4585 469 4640 τῶν
498 4584 827 4657 πειρασμῶν
856 4584 953 4639 καὶ
1003 4582 1115 4639 τῶν
1155 4582 1373 4638 ἀσεϐῶν
1404 4583 1578 4640 ὕδατα
1610 4584 1802 4639 ἐκάλε-

1916 4585 2071 4653 lavit,
2096 4595 2231 4643 utet
2260 4587 2390 4643 alibi
2422 4588 2501 4642 ait
2530 4603 2546 4642 :
2606 4586 2868 4643 Forsitan
2917 4603 3071 4659 aqum
3110 4587 3516 4642 submersissent

196 4696 310 4744 σεν,
339 4678 420 4742 ὼς
456 4679 556 4732 καὶ
583 4677 819 4749 ἀλλαχοῦ
846 4693 1038 4748 φησιν’
1063 4678 1218 4747 ’Ἄρα
1240 4677 1305 4731 τὸ
1334 4677 1494 4747 ὕδωρ
1522 4679 1805 4733 κατεπόν-

192 4786 369 4826 τισεν
419 4767 619 4839 ἡμᾶς’
666 4771 761 4824 καὶ
804 4770 1001 4824 πάλιν
1045 4768 1259 4825 Σῶσόν
1280 4786 1379 4840 με,
1433 4774 1466 4825 ό
1510 4771 1676 4835 Θεὸς.
1713 4770 1804 4825 ὅτι

193 4862 583 4933 εισήλθοσαν
618 4861 806 4917 ὕδατα
835 4862 946 4928 ἕως
978 4861 1192 4933 ψυχῆς
1214 4880 1365 4931 μου·
1399 4862 1711 4927 ἀκολούθως
1747 4864 1805 4917 δὲ

118 4974 123 4983 ·
197 4955 340 5027 μετά
376 4956 484 5029 τὴν
521 4955 827 5009 κατάϐασιν
852 4954 948 5009 τοῦ
977 4956 1113 5009 Θεοῦ
1139 4956 1337 5025 Λόγου,
1384 4955 1482 5027 τὴν
1509 4955 1806 5026 ὲπιὸουλὴν

193 5048 303 5103 τῶν
361 5047 654 5104 ἀσεϐῶν...
698 5047 865 5102 αὑτοῦ
906 5066 1029 5120 τῳ..
1078 5047 1439 5120 θεασάμενος,
1478 5046 1554 5101 τὰς
1591 5046 1809 5119 προκεί·

198 5160 340 5214 μενα
375 5140 651 5207 θεσπίζει.

565 5234 746 5305 ’ῼδὴν
793 5233 1015 5303 καινὴν
1046 5234 1273 5305 ᾇσομαί
1320 5250 1442 5289 σοι.

273 5328 452 5400 ’ᾼδει,
481 5328 578 5381 καὶ
603 5328 704 5397 τὴν
737 5327 928 5399 καινὴν
969 5326 1240 5399 διαθήκην
1281 5328 1341 5380 ὲν
1388 5330 1502 5390 τοῖς
1544 5327 1674 5399 περὶ
1716 5327 1816 5399 τῆς

201 5421 433 5475 καθόδου
457 5420 556 5475 τοῦ
581 5420 718 5473 Θεοῦ
745 5422 921 5488 Λόγου
949 5420 1455 5493 προφητευομένοις
1502 5438 1607 5492 μνη
1618 5438 1813 5491 μονευ-

204 5513 363 5585 θῆναι
385 5533 400 5546 ν
439 5513 522 5567 διὸ
556 5511 813 5584 δηλοῦται
863 5513 1004 5583 αὓτη
1042 5513 1134 5567 διά
1163 5512 1266 5584 τῆς
1308 5516 1501 5585 καινῆς
1523 5513 1689 5585 ᾠδῆς.
1716 5513 1809 5567 Ἐν

204 5606 282 5677 τῷ
316 5606 375 5661 δὲ
410 5606 595 5677 λέγειν
638 5605 852 5676 καινὴν,
886 5605 1243 5660 πεπαλαίωκε
1282 5605 1382 5678 τὴν
1431 5605 1678 5679 πρώτην,
1733 5604 1810 5669 ῶς

310 5750 358 5781 ⁸⁸
400 5746 548 5803 Psal.
592 5761 789 5814 cum,
828 5745 882 5799 4.
956 5747 1001 5803 ’.⁷
1044 5744 1192 5803 Psal.
1238 5762 1431 5812 uvm,
1475 5746 1533 5801 2.

1914 4696 2010 4735 nos
2031 4680 2097 4735 ⁸⁸.
2132 4679 2309 4737 Item:
2348 4679 2508 4737 Salva
2546 4698 2653 4747 me,
2696 4682 2954 4747 Domine,
3000 4682 3128 4752 quia
3183 4681 3521 4735 intraverunt

1916 4795 2071 4848 aqua:
2102 4795 2266 4848 usque
2294 4779 2364 4832 ad
2388 4780 2627 4833 animum
2658 4795 2829 4834 meum
2853 4779 2923 4833 ν’.
2955 4778 3339 4835 Consentanee
3388 4791 3522 4832 vero

1916 4881 2039 4941 post
2059 4871 2150 4925 Dei
2182 4871 2343 4927 Verbi
2360 4871 3032 4945 descensum,impiorum
3056 4872 3285 4929 insidias
3306 4871 3519 4935 videns,

1918 4962 2295 5035 suprascripta
2325 4963 2686 5020 vaticinatur.

2095 5228 2262 5284 Vsus.
2297 5227 2353 5285 9.
2397 5227 2680 5285 Canticum
2717 5246 2911 5285 novum
2948 5231 3180 5287 cantabo
3221 5232 3339 5289 tibi.
3454 5218 3457 5219 ν

1990 5321 2178 5387 Canit,
2230 5338 2292 5379 se
2341 5339 2542 5379 novum
2591 5340 2811 5395 quoque
2858 5325 3041 5381 foedus
3090 5328 3143 5382 in
3186 5327 3275 5383 his
3303 5342 3424 5398 qua.-
3454 5326 3525 5384 de

1914 5418 2094 5474 reditu
2128 5417 2224 5475 Dei
2263 5418 2429 5475 Verbi
2463 5419 2825 5486 vaticinatur,
2859 5421 3282 5477 memoravisse.
3312 5421 3524 5477 Idcirco

1921 5510 1976 5567 id
2014 5510 2195 5568 icedus
2231 5528 2373 5569 novo
2406 5514 2627 5569 cantico
2678 5515 3110 5569 demonstratur.
3154 5515 3293 5571 Dum
3340 5522 3525 5571 autem

1919 5619 2122 5661 novum
2153 5604 2308 5675 dicit,
2340 5605 2495 5677 prius
2546 5606 2677 5662 illud
2730 5607 3068 5677 antiquavit,
3097 5616 3156 5664 ut
3184 5610 3261 5665 ait
3286 5611 3525 5681 Aposw—

282 5890 393 5958 (l8)
440 5889 708 5962 COltgl‘tlil
746 5887 1013 5945 Euathlus
1042 5904 1163 5943 cum
1192 5888 1316 5945 divo
1361 5888 1531 5947 l‘aulu
1556 5888 1715 5946 lium.
1741 5904 1864 5957 at",
1911 5888 1959 5953 l,
2014 5887 2137 5945 Non
2166 5898 2240 5944 εει
2274 5896 2501 5957 potestas
2532 5886 2632 5940 nisi
2664 5903 2696 5939 α
2721 5883 2851 5940 Dco.
