4014 6386
215 389 274 447 5⁸1
1356 386 1867 445 COMMENTARIA
1908 386 1976 444 IN
2016 387 2363 446 PSALMOS.
3460 388 3530 445 58

278 505 391 561 Του
431 503 701 579 [δικαίου]
734 505 836 577 μιν
875 504 967 561 διά
1011 504 1086 559 τδ’
1124 504 1416 575 φοϐεῖσθαι
1458 505 1553 560 τὸν
1586 504 1814 578 Κύριον,

1997 504 2140 562 Justi
2165 505 2292 573 viri,
2319 512 2614 577 propterea
2643 503 2791 574 quod
2836 501 3127 559 Dominum
3168 502 3347 569 timet,
3385 501 3527 559 beati

215 598 477 672 μακάριοι
528 602 581 655 οί
612 601 724 653 υἱοὶ
762 598 898 652 ὡσεὶ
928 598 1169 668 νεόφυτά
1210 600 1349 653 εἰσιν
1390 597 1591 653 ἐλαιῶν
1630 598 1819 670 κύκλῳ

220 693 315 763 τῆς
347 691 642 765 τραπέζης
668 689 839 745 αὑτοῦ
862 707 876 722 ο
908 690 1021 745 τῶν
1047 690 1107 744 δὲ
1143 690 1444 763 ἀλλοτρίων
1492 692 1541 744 oi
1597 691 1705 745 υίοὶ
1741 690 1820 756 ὡς

216 779 447 851 νείφυτα
476 778 744 851 ίδρυμὲνα
776 780 837 833 εν
857 781 925 852 τῇ
950 779 1168 851 νεότητι
1202 779 1404 833 αὐτῶν.
1434 779 1692 853 nsum,»
1719 780 1819 852 μὲν

213 871 315 927 οὐκ
332 873 448 927 stat
486 871 826 944 θυγατέρι-ς’
872 870 1087 936 τούτοις
1116 871 1177 926 δέ
1222 874 1329 926 εισι
1360 871 1818 943 κεκαλλωπισμέ-

213 976 323 1024 ναι,
360 961 919 1033 περικεκοσμημέναι
944 961 1023 1026 ὡς
1064 962 1323 1034 ὁμοίωμα
1368 961 1534 1018 ναοῦ·
1579 963 1820 1035 κάκείνῳ

215 1051 315 1123 μιν
346 1053 489 1106 εἰσὶν
525 1052 634 1106 υίοὶ
662 1050 817 1117 υἱῶν,
850 1052 1063 1117 τούτοις
1088 1052 1145 1107 δὲ
1182 1053 1303 1124 οὐχί
1327 1070 1341 1083 ο
1374 1052 1456 1107 ἔτι
1490 1054 1686 1125 ἐκείνῳ
1718 1053 1821 1125 μὲν

209 1140 393 1196 οὐκέτι
438 1145 669 1213 ταμεῖον
708 1142 832 1197 ούδὲ
868 1142 1156 1215 ἀποθήκη·
1186 1143 1395 1198 τούτων
1422 1144 1480 1197 δὲ
1507 1144 1576 1199 τὰ
1617 1147 1820 1215 ταμεϊα

210 1234 398 1306 πλήρη
429 1233 844 1307 ἐξερευγόμενα
882 1237 949 1289 ὲκ
980 1234 1176 1290 τούτου
1207 1237 1289 1301 είς
1316 1234 1477 1290 τοῦτο
1496 1254 1508 1266 ·
1540 1238 1635 1290 καὶ
1677 1238 1820 1290 κατά

206 1326 269 1381 τὸ
308 1326 649 1396 Εὐαγγέλιον
676 1327 737 1382 δὲ
766 1328 882 1393 τοῖς
908 1328 1270 1401 τρεφομένοις
1303 1329 1411 1383 ὑπὸ
1442 1326 1537 1383 τοῦ
1564 1330 1819 1401 οὐρανίου

208 1418 432 1491 Πατρός
478 1422 749 1486 πετεινοῖς
799 1419 895 1474 τοῦ
929 1420 1163 1492 ούρανοῦ
1209 1421 1397 1475 οὐκέτι
1441 1424 1668 1493 ταμεῖον
1699 1421 1822 1475 οὐδὲ

206 1512 487 1585 ἀποθήκη.
535 1514 659 1567 Υίοὶ
688 1514 739 1567 οι
773 1514 1049 1585 αἱρετικοὶ
1103 1513 1275 1585 λόγοι,
1324 1516 1420 1569 καὶ
1458 1514 1531 1569 τὰ
1573 1518 1821 1589 νοήματα

204 1605 283 1670 ὡς
316 1605 581 1673 νεόφυτα,
611 1606 701 1660 διὰ
730 1607 1234 1679 τὴν.καινοτομίαν
1257 1624 1271 1638 ·
1317 1607 1620 1681 θυγατέρες
1649 1612 1707 1665 al
1732 1610 1823 1665 λέ-

205 1695 317 1761 ξεις
338 1714 353 1727 ·
385 1697 911 1769 κεκαλλωπισμέναι
931 1698 990 1753 δὲ
1011 1699 1099 1754 διὰ
1122 1700 1223 1773 τήν
1253 1701 1476 1774 φράσιν,
1507 1703 1633 1757 ναὸν
1664 1699 1820 1758 οὖσαι

203 1787 299 1842 τοῦ
334 1791 712 1863 φρονήματος.

382 1883 511 1935 Οὐκ
539 1880 677 1936 ἐστι
704 1881 1071 1953 acutas:th
1100 1883 1397 1955 φραγμοῦ,
1434 1902 1490 1940 κ.
1518 1902 1569 1939 τ.
1596 1884 1647 1940 λ.

272 1975 387 2030 Καὶ
425 1976 487 2028 ἑν
536 1973 618 2045 τῷ
658 1974 776 2029 Ἰὼϐ
821 1976 1069 2049 εἴρηται·
1105 1977 1212 2032 Διὰ
1254 1979 1313 2032 τί
1344 1978 1585 2045 ἀσεϐεῖς
1646 1978 1816 2045 ζῶσι,

204 2066 665 2121 “galati-artat
699 2065 769 2121 δὲ
810 2068 911 2121 καὶ
946 2069 1018 2123 ἐν
1040 2070 1322 2137 πελούτῳ;
1354 2072 1451 2124 καὶ
1482 2070 1551 2124 τά
1585 2069 1815 2141 ἐφεξῆς·

204 2158 343 2231 πλὴν
369 2158 654 2232 ἐπιφέρειο
679 2162 764 2215 οὐ
778 2160 908 2231 μὴν
921 2160 1020 2216 καί
1053 2161 1292 2217 ἀσεϐῶν
1305 2165 1537 2234 λύχνος
1565 2164 1821 2233 σϐεσθήο

202 2265 397 2305 σεται.
433 2250 548 2305 Καὶ
581 2253 641 2305 εν
667 2249 1058 2323 ἑϐδομηκοστῷ
1084 2252 1325 2325 δευτέρῳ
1346 2252 1549 2325 ψαλμῷ
1572 2254 1814 2323 λέγεται·

217 2339 523 2408 Ὲζήλωσα
558 2341 664 2395 ἐπὶ
698 2342 827 2410 τοῖς
860 2344 1131 2414 ἀνόμοις,
1159 2344 1414 2414 εἰρήνην
1453 2345 1821 2415 ἁμαρτωλῶν

204 2432 462 2504 θεωρῶν,
494 2435 593 2488 καὶ
618 2434 690 2488 τά
726 2433 874 2507 ἑξῆς·
911 2432 987 2489 ὼν
1016 2435 1112 2489 καὶ
1139 2435 1325 2489 αὐτῶν
1353 2436 1386 2507 ή
1418 2434 1575 2499 λύσις
1616 2436 1820 2507 ἐπάγε-

203 2543 291 2580 ται
313 2528 375 2580 ὲν
400 2525 505 2597 τῷ,
532 2525 663 2589 Πῶς
696 2527 945 2596 ἐγένοντο
977 2528 1059 2592 είς
1086 2528 1405 2599 ὲρήμωσινς
1437 2528 1672 2595 ἐξάπινα
1709 2531 1819 2583 άπ-

203 2614 406 2669 ώλοντο
434 2614 525 2669 διὰ
540 2615 642 2687 τὴν
657 2615 916 2670 ἀϐουλίαν
937 2614 1142 2680 αὐτῶν,
1164 2616 1241 2678 ὼς
1270 2616 1523 2671 ἐνύπνιον
1548 2616 1819 2689 ὲξεγειρο-

207 2702 405 2773 μένων.

744 2793 1043 2848 ΨΑΛΜΟΣ
1092 2795 1271 2847 ΡΜΔ’.

270 2885 415 2940 Οὔτε
455 2885 527 2938 δι’
559 2884 793 2957 ὀργάνου
829 2883 925 2939 τοῦ
958 2884 1301 2957 χαλωμένου
1341 2886 1640 2959 ψαλτηρίου
1671 2886 1818 2943 λέλε-

203 2994 328 3032 κται
366 2977 441 3031 τά
475 2977 837 3049 προκείμενα,
879 2975 1005 3031 οὔτε
1048 2977 1115 3031 δι’
1160 2978 1327 3051 ᾠδῆς,
1378 2981 1500 3035 καθ’
1528 2982 1717 3053 ἕτερον
1758 2982 1817 3036 δὲ

200 3071 429 3143 τρόπον,
455 3071 701 3138 Atrea“;
728 3070 1159 3144 ἐπιγέγραπται.

418 3165 563 3218 Καθ’
591 3162 862 3233 ἑκάστην
887 3166 1120 3236 ἡμέραν
1145 3167 1466 3237 εὐλογήσω
1500 3184 1594 3223 σε.

285 3257 460 3329 Ἀρχὴ
516 3258 649 3330 παρ’
709 3257 984 3330 Ἑϐραίοις
1033 3260 1130 3314 τοῦ
1182 3262 1458 3335 παρόντος
1511 3263 1696 3334 στίχου
1750 3263 1813 3318 τὸ

204 3348 306 3421 βήθ
333 3349 470 3419 (20).
495 3350 753 3404 Διδάσκει
778 3350 835 3403 δὲ
851 3352 934 3405 ὅτι
951 3355 1220 3426 προσήκει
1246 3353 1815 3429 ῶσπρόφειλὴνὲκά-

204 3458 339 3512 στης
371 3442 590 3514 ἡμέρας
620 3441 700 3514 τῷ
738 3443 859 3516 Θεῷ
894 3445 987 3499 τὸν
1027 3446 1197 3518 ὕμνον
1233 3447 1565 3502 ἀποδιδόναι.
1608 3490 1619 3503 .
1656 3450 1816 3522 μηδε-

206 3537 335 3602 μιᾶς
367 3533 588 3606 ἡμέρας
628 3533 709 3605 τῷ
746 3534 868 3606 Θεῷ
898 3535 1067 3608 ὕμνον
1113 3539 1402 3611 ὀλιγωρεῖν
1444 3542 1540 3595 καὶ
1572 3540 1811 3613 ἀπολιμ-

203 3625 471 3681 πάνεσθαι
520 3626 658 3699 (21).
690 3628 913 3699 Διανοίᾳ
960 3630 1058 3701 μὲν
1101 3626 1195 3684 οὖν
1226 3633 1321 3685 καὶ
1366 3632 1679 3704 λογισμοῖς,
1718 3635 1813 3689 καὶ

203 3719 341 3791 αὐτῇ
381 3718 479 3773 τοῦ
511 3720 571 3772 ὲν
600 3722 735 3792 ήμτν
765 3721 1078 3793 πνεύματος
1100 3723 1334 3796 δυνάμει
1364 3725 1527 3779 αὑτὸν
1554 3726 1647 3779 τὸν
1678 3726 1813 3781 Θεὸν

203 3811 448 3883 ύιιιοῦμεν
490 3813 587 3865 καὶ
614 3812 980 3885 εὐλογοῦμεν·
1013 3814 1221 3886 χείλεσι
1251 3816 1309 3870 δὲ
1336 3817 1430 3870 καὶ
1463 3816 1679 3888 θνητοῖς
1714 3819 1813 3890 ῥή-

206 3919 340 3975 μασι
369 3902 469 3957 τοῦ
498 3903 635 3958 Θεοῦ
674 3904 736 3959 τὸ
773 3906 1305 3980 ὀνομανδοξάζομεν·
1347 3910 1447 3963 Aet
1494 3911 1575 3973 σὲ,
1620 3911 1809 3983 φησὶν,

201 3995 391 4066 ὑμνῶν
437 3995 699 4063 διατελῶ,
751 3999 848 4052 καὶ
904 3999 1165 4072 οὐδεμίαν
1220 4001 1451 4074 ἄμοιρον
1509 4003 1656 4056 ἐάσω
1707 4004 1812 4075 τῆς

200 4087 506 4160 ὑμνῳδίας.
532 4088 683 4145 Ἀντὶ
719 4090 776 4144 δὲ
808 4090 926 4157 τοῦ,
952 4093 1040 4158 εἰς
1071 4094 1180 4147 τὸν
1208 4092 1397 4148 αἰῶνα
1429 4095 1535 4150 τοῦ
1569 4094 1807 4165 αἰῶνος,

197 4179 229 4232 ό
251 4179 354 4251 μὶν
399 4180 638 4246 ’Δκύλας
665 4182 873 4249 slain,
908 4186 938 4239 ὁ
965 4184 1022 4238 δὲ
1061 4186 1359 4259 Σύμμαχος
1387 4182 1682 4259 διηνεκῶς
1710 4194 1810 4263 ἡρ-

202 4272 509 4344 μήνευσαν.
538 4305 613 4317 -
655 4274 951 4332 ’Δκόλουθα
980 4279 1036 4334 δὲ
1064 4280 1245 4335 πάντα
1285 4285 1401 4347 τοῖς
1435 4284 1771 4355 προλαϐοῦσι
1789 4300 1804 4315 ο

199 4366 372 4420 εἰπὼν
410 4367 527 4440 γάρ
570 4368 890 4439 εὐλογήσω
942 4367 1042 4426 mil
1088 4374 1352 4442 ὑψώσω,
1420 4376 1694 4429 δείκνυσιν
1730 4376 1809 4442 ὡς

196 4459 353 4513 οὐδὲν
377 4459 532 4531 αὑτῷ
567 4462 928 4535 προστίθησιν
953 4466 987 4537 ἡ
1017 4482 1096 4519 πα
1113 4466 1161 4538 ρ’
1190 4466 1353 4539 ἡμῶν
1376 4469 1624 4540 εὐφημία
1641 4485 1654 4497 '
1687 4472 1809 4523 ἐαυ-

1924 594 2021 650 lilii
2054 606 2314 666 tanquam
2342 594 2571 650 novella:
2600 594 2739 650 ole'e
2768 603 2898 650 sunt
2924 594 3070 649 circa
3101 608 3348 650 mensam
3381 594 3525 663 ejus.

1923 687 2034 743 Sed
2067 686 2375 743 alienorum
2408 704 2437 740 a
2469 685 2581 743 Deo
2630 685 2917 741 hominum
2965 684 3085 751 lilii,
3132 685 3364 741 novella:
3400 694 3532 741 sunt

1922 779 2295 850 plantationes
2322 778 2377 834 in
2404 777 2698 848 iuventute
2726 792 2850 833 sua.
2888 776 2956 833 Et
2980 777 3147 846 priori
3183 776 3425 846 quidem,
3459 778 3529 833 li-

1922 869 2012 926 lia
2046 884 2153 925 non
2185 877 2347 937 sunt;
2383 869 2471 926 his
2495 880 2682 923 autem
2727 870 2913 941 specie
2946 868 3176 939 pulchra
3222 876 3280 925 et
3319 880 3529 926 ornatze

1924 960 2101 1015 instar
2136 958 2347 1031 templi.
2381 958 2557 1015 Priori
2586 967 2715 1015 sunt
2767 957 2865 1013 lilii
2893 958 3173 1025 (illorum;
3210 957 3299 1015 his
3322 974 3528 1029 nequa-

1922 1068 2111 1123 quam.
2130 1051 2361 1122 lnsuper
2379 1052 2549 1123 priori
2583 1066 2691 1107 non
2722 1059 2808 1107 est
2837 1067 2989 1116 arca,
3022 1066 3201 1123 neque
3230 1052 3524 1119 horreum;

1924 1144 2013 1201 his
2043 1152 2226 1199 autem
2259 1145 2636 1215 promptuaria
2665 1146 2771 1201 hac
2806 1144 2934 1200 illac
2956 1146 3308 1215 pertinentia.
3337 1145 3525 1215 Atqui,

1924 1240 2225 1294 secundum
2261 1236 2644 1308 Evangelium,
2694 1238 2819 1295 caeli
2872 1238 3192 1295 volatilibus
3242 1255 3272 1293 a
3312 1239 3527 1294 cmlesti

1925 1330 2092 1386 Patre
2125 1332 2352 1388 nutritis
2406 1346 2514 1387 non
2564 1340 2650 1387 est
2700 1332 3141 1403 promptuariunt
3190 1346 3369 1403 neque
3401 1332 3527 1387 hor-

1925 1440 2078 1479 reum
2105 1425 2174 1481 “.
2204 1424 2348 1490 Filii,
2379 1424 2760 1496 intelliguntur
2815 1425 3199 1480 hereticorum
3222 1437 3523 1483 sermones.

1923 1532 2232 1587 eorumque
2266 1526 2579 1572 commenta
2628 1525 2888 1587 tanquam
2954 1532 3109 1572 novae
3159 1515 3527 1584 plantationes

1923 1611 1993 1665 ob
2056 1609 2134 1665 rei
2195 1610 2521 1666 novitatem.
2578 1610 2757 1676 Filiae,
2821 1610 3203 1680 intelliguntur
3260 1610 3526 1665 vocabula

1924 1702 2152 1773 pulchra
2182 1711 2239 1759 et
2262 1714 2459 1759 ornata
2515 1703 2585 1759 ad
2637 1702 2995 1776 loquendum,
3040 1712 3096 1758 et
3140 1701 3307 1757 veluti
3355 1703 3527 1758 fastus

1926 1794 2206 1865 templum.

2131 1885 2297 1940 Vens.
2337 1884 2427 1941 ιι.
2470 1884 2594 1940 Non
2622 1897 2696 1940 est
2726 1888 2884 1940 ruina
2912 1887 3181 1953 maceriis,
3211 1897 3317 1942 etc.

1993 1976 2053 2034 lu
2081 1977 2184 2035 Job
2216 1994 2435 2049 quoque
2461 1980 2663 2034 dicitur
2688 1999 2701 2035 :
2746 1980 2857 2036 Cur
2887 1981 3032 2049 impii
3059 1982 3258 2047 vivunt,
3288 1992 3337 2035 et
3362 1981 3418 2035 in
3444 1981 3530 2036 alio

1923 2070 2064 2124 vitiis
2086 2082 2462 2126 consenescunt
2494 2070 2579 2126 ⁸⁸2
2616 2084 2672 2126 et
2705 2070 2937 2143 reliqua.
2976 2069 3369 2127 Verumtamen
3397 2074 3529 2129 sub-

1918 2159 2041 2229 jicit
2068 2179 2084 2216 :
2123 2160 2357 2217 Tametsi
2382 2163 2666 2233 impiorum
2695 2164 2914 2217 lucerna
2947 2164 3317 2233 exstinguemr
3342 2163 3410 2219 ⁸⁸.
3460 2164 3528 2218 Et

1926 2254 1979 2309 in
2014 2255 2425 2327 septuagesimo
2448 2257 2693 2311 secundo
2716 2256 2969 2327 psalmo:
3011 2254 3193 2311 Zelavi
3233 2273 3393 2328 super
3415 2258 3525 2312 ini—

1921 2362 2078 2418 quos,
2106 2362 2291 2414 pacem
2318 2356 2656 2417 peccatorum
2705 2347 2886 2403 uidens
2916 2347 2984 2411 ",
3019 2356 3075 2402 et
3102 2346 3338 2417 reliqua.
3374 2347 3526 2416 Quo-

1922 2454 2046 2494 rum
2080 2438 2282 2495 solutio
2315 2437 2667 2512 subiungitur
2704 2440 2792 2496 his
2828 2440 3055 2497 verbis:
3106 2441 3395 2509 Quomodo
3444 2457 3530 2496 re-

1922 2533 2069 2589 dacti
2100 2542 2232 2589 sunt
2261 2533 2331 2589 ad
2360 2532 2713 2590 solitudinem
2737 2533 2761 2587 2
2808 2533 2993 2588 subito
3037 2534 3321 2602 perierunt
3344 2533 3417 2590 ob
3444 2533 3528 2589 in-

1922 2627 2391 2683 considerantiam
2466 2643 2646 2684 suam.
2707 2642 2811 2684 ceu
2875 2628 3153 2683 somnium
3214 2625 3529 2699 evigilsntis

1921 2730 2109 2775 mente
2144 2720 2350 2776 delluit.

2429 2811 2757 2871 PSALMUS
2796 2811 3028 2871 CXLIV.

1993 2902 2181 2974 Neque
2209 2905 2276 2959 ad
2305 2920 2573 2977 organum
2622 2922 2801 2976 neque
2859 2910 2929 2963 ad
2985 2907 3311 2979 psalterium
3347 2910 3528 2966 dictus

1920 2994 2019 3050 fuit
2050 2996 2140 3051 hic
2164 2996 2446 3067 psalmus,
2471 3012 2651 3067 neque
2690 2998 2891 3055 cantici
2929 3010 3022 3054 aut
3040 3000 3338 3072 cujuslibet
3364 3001 3526 3057 metri

1919 3101 2117 3143 nomen
2156 3087 2341 3158 habet,
2374 3088 2470 3144 sed
2502 3088 2648 3145 Laus
2682 3090 3021 3147 inscribitur.

2069 3179 2234 3236 Vens.
2267 3180 2324 3238 2.
2366 3180 2475 3237 Per
2502 3184 2738 3255 singulos
2772 3187 2886 3241 dies
2916 3185 3217 3241 benedicam
3262 3188 3380 3241 tibi.

1996 3270 2215 3327 initium
2244 3274 2388 3341 apud
2418 3272 2681 3331 Hebrseos
2711 3276 3004 3345 praesentis
3033 3276 3292 3333 versiculi
3322 3286 3408 3334 est
3434 3277 3527 3334 lit-

1918 3374 2033 3421 tera
2097 3366 2238 3421 bctlt.
2304 3366 2579 3423 Docemur
2635 3380 2865 3438 autem,
2923 3381 3182 3441 oportere
3261 3382 3526 3441 tanquam

1918 3457 2356 3528 uniuscuiusque
2391 3460 2499 3514 diei
2531 3461 2802 3529 debitum,
2855 3463 3122 3535 hymnum
3166 3465 3277 3520 Deo
3319 3464 3531 3535 persol-

1914 3565 2065 3615 vere,
2098 3550 2267 3615 nullo,
2303 3552 2547 3622 inquam,
2580 3554 2668 3609 die
2694 3556 3044 3628 hymnodiam
3081 3557 3326 3613 divinam
3356 3558 3531 3629 negli-

1916 3658 2043 3714 gere
2079 3652 2170 3697 aut
2199 3644 2482 3700 omittere.
2515 3646 2582 3701 Et
2606 3658 2791 3703 mente
2836 3648 3083 3719 quidem,
3137 3660 3193 3705 et
3236 3650 3528 3719 cogitatio-

1916 3737 2103 3804 nibus,
2160 3746 2217 3791 et
2266 3738 2383 3807 ipsa
2429 3738 2661 3809 spiritus
2701 3741 2751 3797 vi
2807 3741 2975 3797 Deum
3006 3742 3324 3798 extollimus
3361 3752 3532 3815 atque

1917 3828 2253 3886 laudamus:
2285 3830 2445 3887 labiis
2476 3847 2609 3887 vero
2648 3843 2704 3889 et
2730 3834 3000 3905 perituris
3045 3835 3234 3892 verbis
3279 3834 3377 3891 Dei
3426 3850 3529 3891 no-

1918 3935 2043 3976 men
2083 3921 2481 3993 glorificamus.
2516 3924 2617 3989 Te,
2654 3925 2857 3996 inquit,
2904 3943 3129 3999 semper
3166 3928 3388 4000 hymnis
3434 3946 3527 3986 ce-

1922 4011 2101 4079 lebro,
2135 4013 2451 4087 nullamque
2501 4017 2645 4072 diem
2702 4019 2914 4090 absque
2960 4021 3256 4093 hymnodia
3304 4033 3533 4094 praeter-

1918 4105 2096 4161 mitto.
2128 4104 2247 4161 1am
2286 4122 2384 4179 pro
2415 4110 2622 4176 verbis,
2659 4112 2715 4165 in
2754 4129 2860 4167 sae
2876 4112 3028 4167 ulum
3086 4114 3292 4181 seculi,
3329 4116 3524 4187 Aquila

1913 4198 2311 4269 interpretatus
2349 4210 2460 4268 est,
2488 4218 2656 4274 usque
2681 4204 2883 4273 adhuc,
2927 4205 3298 4277 Symmachus
3341 4220 3529 4267 autem

1913 4292 2265 4350 continenter.
2294 4325 2365 4334 —
2387 4294 2599 4350 Cuncta
2630 4307 2818 4353 autem
2848 4310 3222 4356 consentanea
3258 4313 3389 4356 sunt
3417 4304 3527 4373 pri-

1910 4383 2121 4440 oribus.
2155 4382 2292 4439 Nam
2322 4402 2446 4441 cum
2506 4388 2729 4457 dixerit,
2767 4389 3007 4448 laudabo
3046 4402 3102 4450 et
3136 4393 3414 4459 exaltabo,
3448 4395 3527 4450 si-

1910 4474 2137 4546 gniﬁcat
2170 4477 2305 4533 nihil
2337 4477 2445 4535 Deo
2472 4481 2597 4536 addi
2640 4496 2670 4535 a
2722 4485 2936 4540 nostris
2978 4485 3251 4543 laudibus.
3299 4486 3522 4545 Nosmet

197 4551 327 4615 τοὺς
360 4551 423 4605 δὲ
468 4552 896 4628 λαμπρύνομεν,
932 4552 1083 4611 αἶνον
1120 4556 1178 4611 δὲ
1218 4560 1298 4623 είς
1326 4558 1419 4611 τὸν
1458 4556 1606 4613 αἶνον
1649 4577 1812 4631 προσ-

1926 4569 2100 4638 potius
2150 4568 2517 4638 illustramus.
2571 4575 2699 4629 dum
2743 4574 2964 4635 laudem
3018 4580 3180 4635 laude
3234 4582 3522 4638 connecti-

200 4641 447 4711 άγσντες.

353 4736 467 4791 Καὶ
500 4735 577 4807 τῇ
602 4737 964 4809 δικαιοσύνῃ
991 4757 1109 4796 σου
1142 4742 1644 4812 ἀγαλλιάσονται.

266 4829 371 4883 Διὰ
416 4829 626 4885 τούτων
664 4832 909 4887 διδάσκει
950 4833 1048 4888 τοῦ
1082 4834 1220 4889 Θεοῦ
1266 4836 1366 4902 τὰς
1406 4839 1631 4909 ἀρετάς,
1682 4840 1805 4896 ὅσαι

197 4922 277 4986 είς
308 4923 463 4993 ἡμᾶς
498 4922 798 4995 διήκουσιν,
834 4926 931 4996 ἀφ’
966 4919 1044 4981 ὧν
1084 4928 1249 4982 αὑτὸν
1291 4930 1387 4983 καὶ
1426 4931 1803 5003 γνωρίζομεν·

195 5012 296 5076 τὰς
324 5014 439 5085 γάρ
475 5015 617 5089 ὑπὲρ
637 5018 670 5090 ἠ
681 5019 787 5088 μᾶς
819 5016 1171 5092 ἀθεωρήτους
1195 5024 1329 5093 ἡμῖν
1354 5021 1523 5088 οὗσας
1551 5027 1646 5079 καὶ
1674 5026 1807 5081 άκαο

194 5103 529 5175 ταλήπτους.
555 5108 654 5179 οὐχ
682 5103 792 5163 οἷόν
823 5108 885 5162 τέ
920 5111 1037 5165 ἐστι
1066 5112 1234 5185 θνητῇ
1267 5113 1430 5183 φύσει
1459 5117 1800 5188 περιλαϐεῖν.

208 5194 323 5280 ῘΔεὶ
353 5196 415 5250 δὲ
452 5199 534 5261 είς
571 5200 720 5271 ἡμᾶς
761 5201 1065 5271 φθάνουσαι
1098 5204 1194 5258 τοῦ
1248 5205 1387 5259 Θεοῦ
1437 5208 1654 5279 ἀρεταὶ,
1708 5210 1804 5280 ἀφ’

195 5278 271 5343 ὧν
298 5289 471 5343 αὑτὸν
509 5290 877 5364 γινώσκομεν,
914 5296 971 5349 al
1002 5297 1180 5366 φωναί
1214 5300 1356 5352 εἰσιν
1383 5295 1562 5357 αὗται.

271 5608 316 5639 ⁸⁸
347 5607 544 5665 Matth.
584 5624 655 5672 vr.
691 5610 779 5664 26.
860 5613 905 5643 ⁸⁸
932 5611 1034 5669 Job
1062 5630 1173 5680 xxi,
1202 5614 1252 5668 7.

274 5793 387 5856 (ευ)
425 5792 635 5865 Nempe
662 5788 916 5865 mt'532,
950 5803 1004 5855 in
1030 5806 1171 5857 omni
1193 5806 1296 5861 die.

1914 4677 2054 4717 ntus.

2142 4751 2310 4809 Vens.
2346 4754 2401 4808 7.
2441 4755 2513 4811 Et
2543 4762 2760 4828 Justitia
2801 4772 2892 4815 tua
2944 4764 3303 4820 exsultabant.

1986 4843 2083 4900 His
2106 4846 2301 4902 verbis‘
2319 4848 2563 4905 declarat
2593 4852 2685 4907 Dei
2720 4854 2973 4924 virtutes,
3008 4866 3285 4929 quatenus
3312 4857 3379 4913 ad
3418 4874 3519 4915 nos

1915 4936 2235 5004 deveniunt,
2266 4953 2335 4994 ex
2359 4942 2560 5011 quibus
2595 4948 2849 5001 eumdem
2880 4950 3269 5019 cognoscimus
3299 4970 3313 5019 ;
3349 4952 3517 5008 virtu-

1916 5040 2020 5095 tes,
2084 5031 2331 5102 inquam,
2378 5034 2539 5091 nobis
2591 5040 2931 5109 superiores,
2984 5042 3291 5099 invisibiles
3331 5054 3389 5099 et
3426 5045 3517 5100 in-

1914 5125 2468 5196 comprehensibiles,
2544 5145 2684 5200 quas
2755 5133 3005 5191 mortalis
3074 5148 3265 5192 natura
3334 5150 3521 5192 mente

1913 5214 2205 5287 complecti
2236 5221 2448 5289 nequit.
2518 5222 2779 5281 Attamen
2843 5226 2937 5285 Dei
2991 5230 3223 5285 virtutes
3254 5240 3521 5300 perpetuo

1914 5306 1981 5361 ad
2025 5323 2128 5363 nos
2160 5311 2540 5382 decurrentes,
2585 5333 2652 5373 ex
2687 5321 2895 5393 quibus
2941 5338 3066 5379 eum
3110 5326 3516 5396 cognoscimut.

1914 5400 1994 5455 ha:
2025 5402 2250 5458 totidem
2282 5421 2453 5464 voces
2476 5421 2627 5467 sunt.

1332 5617 1377 5649 “
1404 5620 1534 5674 ibid.
1571 5620 1656 5673 l7.
1736 5622 1779 5653 ⁸⁷
1841 5622 1986 5680 Psal.
2040 5643 2209 5696 sxxii,
2248 5632 2302 5686 3.

274 5867 383 5935 (2|)
412 5866 807 5939 Oliservcntus,
847 5883 982 5929 teste
1017 5874 1272 5946 Eusebio,
1325 5879 1635 5951 hymnodizc
1659 5884 1992 5953 quotidianus
2025 5885 2078 5943 in
2112 5888 2353 5947 Ecclesia
2389 5893 2864 5952 consuetudinem.
