4014 6424
547 416 616 474 59
1217 399 1487 459 EUSEBII
1524 390 2011 453 CESARIENSIS
2045 389 2200 449 OPP.
2244 384 2422 444 PARS
2458 383 2551 441 lii.
2577 414 2647 426 —
2686 378 3105 438 EXEGETICA.
3743 378 3819 429 60

655 532 818 588 Vsus.
846 528 899 584 8.
932 518 1620 648 Πίεετοιοτΐὲἶίικέζειίοοη
1652 516 1935 580 Dominus,
1963 520 2021 569 et

1319 608 1353 648 α
1432 631 1447 645 .

1319 608 1447 662 qua.

614 694 750 750 Cum
783 689 916 746 nihil
945 702 1043 746 nos
1065 698 1331 747 mersus,
1358 692 1538 751 neque
1568 678 1747 736 adhuc
1766 674 2120 737 exsistentes,

548 786 600 841 in
632 783 809 838 lucem
838 776 1090 851 protulit.
1125 773 1331 830 Deinde
1359 786 1531 843 prava
1567 769 1735 826 multa
1768 774 2019 838 agentes,
2064 772 2122 819 et

545 874 781 946 superbo
806 876 1119 939 mntemptu
1142 867 1410 932 viventes,
1443 880 1551 920 non
1575 877 1674 934 pro
1703 857 1911 915 meritis
1933 870 2123 928 perse-

544 967 754 1038 quitur,
800 962 895 1022 sed
930 961 1243 1024 miseretur,
1270 956 1475 1027 diuque
1516 970 1615 1011 nos
1656 960 1819 1008 vocat
1852 950 1919 1006 ad
1946 948 2124 1021 peni-

549 1056 795 1123 tentiam,
827 1052 953 1123 quia
982 1059 1214 1106 mortem
1241 1047 1551 1118 peccatoris
1577 1060 1682 1101 non
1713 1041 1855 1109 vult,
1883 1042 1979 1097 sed
2007 1056 2123 1098 ma-

546 1148 633 1218 gis
654 1147 772 1219 ejus
797 1141 1201 1215 pmoitentiam.
1252 1137 1438 1211 Neque
1472 1138 1547 1193 ita
1574 1151 1704 1208 erga
1752 1149 1881 1191 suos
1911 1142 2120 1189 tantum

550 1254 610 1294 se
631 1237 789 1309 gerit,
817 1235 915 1291 sed
946 1248 1079 1305 erga
1106 1246 1297 1288 omnes
1321 1228 1547 1285 omnino
1572 1246 1588 1291 ;
1615 1235 1701 1282 est
1727 1224 1876 1282 enim
1910 1223 2123 1280 cunctis

548 1330 832 1400 benignus.

581 1506 746 1563 Vua.
780 1505 837 1562 9.
869 1503 938 1560 Et
971 1501 1355 1623 miseratione;
1366 1502 1484 1568 ejus
1516 1511 1674 1567 super
1718 1493 1896 1549 omnia
1925 1508 2085 1561 opera

1201 1586 1318 1623 eius
1360 1584 1464 1623 ent.

1201 1584 1464 1639 ejusdem.

614 1665 883 1734 Quoniam
932 1661 1313 1720 miserationes
1364 1657 1483 1730 ejus
1540 1655 1760 1713 cunctis
1824 1652 2122 1725 praevalent

542 1756 788 1826 ejusdem
814 1756 1093 1827 operibus,
1128 1757 1530 1821 consequenter
1575 1748 1779 1804 dictum
1825 1755 1946 1802 est:
1978 1743 2119 1799 Con-

2148 511 2195 570 Δ
2216 507 2547 575 Οικτίρμων
2570 504 2669 559 καί
2691 502 2967 572 ἐλεήμων
2988 502 3021 554 ό
3043 498 3281 567 Κύριος,
3307 496 3400 551 καὶ
3419 492 3488 548 τά
3518 491 3818 551 ἀκόλουθα.

2291 659 2384 731 Μὴ
2410 657 2520 728 γάρ
2561 656 2722 721 δντας
2749 656 2924 727 ἡμᾶς,
2953 652 3089 724 μηδὲ
3119 649 3458 720 ὑφεστῶτας,
3485 650 3813 723 παρήγαγεν

2219 752 2300 816 είς
2329 749 2447 820 φῶς
2465 766 2479 781 ·
2522 744 2643 805 εἶτα
2670 746 2842 802 πολλά
2873 744 3121 817 δρῶντας
3159 743 3311 798 κακά
3341 742 3435 798 καὶ
3466 755 3814 812 καταφρονη-

2218 842 2388 907 τικῶς
2434 841 2659 913 ἔχοντας
2713 840 2912 903 αὐτοὺς
2958 839 3022 892 οὐ
3078 835 3403 909 μετέρχεται
3450 836 3571 888 κατ’
3612 832 3770 899 ἀξίαν
3791 847 3810 864 ·

2219 936 2311 1007 ip.
2341 972 2358 990 .
2383 934 2443 988 δὲ
2467 934 2628 998 ελεεῖ,
2656 930 2794 987 ἀλλά
2822 932 2919 986 καὶ
2957 928 3306 1002 μακροθυμεῖ
3330 924 3813 999 προσκαλούμενος

2218 1026 2369 1097 ἡμᾶς
2396 1027 2479 1089 είς
2515 1022 2828 1096 μετάνοιαν,
2862 1018 2953 1073 διά
2984 1018 3047 1072 τὸ
3084 1016 3160 1089 μὴ
3202 1014 3490 1087 βούλεσθαι
3515 1014 3610 1069 τὸν
3643 1013 3818 1067 θάναο

2218 1134 2310 1172 ταν
2356 1117 2452 1171 τοῦ
2498 1111 2848 1189 ἀμαρτωλοῦ,
2896 1111 2973 1177 ὡς
3014 1110 3113 1182 τὴν
3162 1109 3455 1182 μετάνοιαν
3503 1104 3697 1163 αὐτοῦ’
3746 1105 3813 1160 οὐ

2223 1204 2381 1276 μόνον
2519 1202 2648 1275 περὶ
2694 1202 2823 1267 τοὺς
2854 1199 3091 1263 οίκείους
3131 1196 3293 1252 τοῦτό
3335 1198 3519 1261 ἐστιν,
3550 1193 3687 1251 ἀλλά
3714 1193 3819 1248 καὶ

2220 1296 2351 1368 περὶ
2400 1286 2609 1358 πάντας
2665 1291 3038 1359 ἁπαξαπλῶς,
3096 1288 3224 1344 επεὶ
3269 1288 3366 1343 καὶ
3408 1288 3647 1360 χρηστός
3692 1286 3819 1339 εστι

2218 1388 2334 1451 τοῖς
2368 1384 2669 1457 σύμπασιν.

2219 1478 2331 1535 Καὶ
2363 1481 2421 1533 ot
2448 1475 2737 1548 οίκτιρμοί
2769 1474 2957 1531 αὑτοῦ
2981 1471 3081 1528 ἐπὶ
3108 1470 3309 1526 πάντα
3334 1466 3410 1524 τὰ
3434 1467 3581 1539 ἔργα
3600 1466 3816 1523 αὐτοῦ.

2304 1651 2529 1725 Ἐπειδὴ
2565 1653 2616 1707 οί
2660 1650 2939 1723 οίκτιρμοὶ
2982 1644 3149 1703 αὐτοῦ
3195 1646 3289 1700 ἐπὶ
3332 1643 3512 1699 πάντα
3561 1641 3632 1697 τά
3674 1640 3824 1714 ἔργα

2220 1744 2411 1804 αὐτοῦ.
2447 1745 2763 1811 ἀκολούθως
2787 1744 3039 1799 λέλεκται
3058 1757 3073 1772 ”
3114 1734 3824 1809 Ἐξομολογησάσθωάν

542 1823 801 1919 [iuuatur
832 1823 925 1902 tibi
955 1848 1013 1901 in
1036 1845 1214 1900 omnia
1243 1857 1404 1914 opera
1442 1850 1555 1895 tuo.
1610 1838 1852 1894 Debetur
1879 1836 1930 1892 ei
1966 1836 2117 1891 insu-

2227 1850 2321 1891 σοι
2354 1835 2555 1891 πάντα
2592 1836 2668 1891 τὰ
2704 1835 2851 1905 ἔργα
2894 1846 3045 1919 σοῦ’
3092 1828 3513 1919 προσοφείλεται
3556 1824 3705 1919 αύτῷ
3739 1823 3822 1886 ὡς

542 1955 665 2012 per,
689 1952 750 1995 ut
778 1942 908 2008 ipsa:
930 1952 1053 2009 quae
1082 1935 1353 1992 inanimes
1386 1931 1771 1987 existimantur
1829 1936 2115 1993 creaturae,

541 2047 678 2089 voce
702 2030 1092 2103 propemodum
1123 2026 1319 2083 emissa
1353 2022 1559 2094 gratias
1590 2022 1639 2076 ei
1680 2030 1869 2093 agant,
1894 2028 1955 2103 et
1982 2034 2115 2073 cou-

543 2122 805 2177 titeantur
832 2118 1071 2176 creatori
1121 2131 1245 2174 suo.
1290 2112 1595 2183 Participat
1619 2111 1764 2166 enim
1795 2108 2119 2179 sapientiam

540 2212 663 2281 elus
686 2226 1023 2283 unaquaque
1043 2210 1112 2266 ab
1130 2223 1197 2266 eo
1227 2206 1378 2263 varie
1400 2212 1720 2261 constructa
1755 2211 2033 2263 creatura,
2065 2209 2122 2254 et

541 2305 654 2359 vim
685 2302 983 2361 creationis
1018 2298 1257 2358 mirabili
1296 2297 1533 2354 artiﬁcio
1560 2295 1747 2352 sentit.
1795 2291 2122 2364 Specialiter

540 2408 673 2451 vero
700 2392 1082 2464 pmcipueque
1110 2390 1285 2447 sancti
1318 2389 1440 2460 ejus
1471 2387 1733 2458 majorem
1785 2384 1962 2439 laudis
2006 2397 2122 2453 par-

543 2496 652 2543 tem
683 2485 1033 2541 retribuunt:
1065 2498 1191 2539 nam
1216 2483 1285 2538 iis
1317 2496 1439 2552 qua
1462 2479 1706 2550 cogitant
1742 2487 1909 2548 atque
1933 2482 2117 2545 agunt,

542 2591 769 2647 regnum
795 2576 913 2644 ejus
940 2576 1263 2647 pradicant,
1298 2574 1354 2628 in
1402 2582 1748 2629 antecessum
1798 2569 1853 2623 id
1892 2565 2122 2622 manife-

543 2676 779 2733 stantes,
805 2676 864 2723 ut
900 2676 1161 2737 tanquam
1189 2666 1239 2721 ei
1276 2665 1592 2727 militantes,
1626 2660 1797 2730 gloria
1824 2661 1933 2715 sint
1966 2657 2119 2727 regni

543 2760 686 2827 ejus.
724 2757 1108 2815 Pmdicabunt
1159 2758 1287 2814 item
1334 2754 1748 2812 connaturalem
1792 2768 1963 2825 regno
2000 2752 2121 2822 eius

540 2852 906 2915 dominatum,
932 2859 987 2906 et
1012 2850 1158 2921 quod
1209 2863 1549 2920 unaquaeque
1578 2856 1832 2903 creatura
1869 2846 2123 2901 ordinate

540 2943 592 2997 ei
627 2942 837 2998 subest.
873 2940 1006 2998 Cum
1048 2943 1161 2998 sint
1210 2939 1459 2999 benevoli
1509 2940 1565 2995 bi
1598 2938 1690 3009 qui
1724 2937 1897 3009 gratia
1928 2945 2017 2992 tua
2052 2937 2122 2992 ad

542 3043 597 3090 te
628 3049 727 3104 per
747 3035 1095 3090 sanctitatem
1121 3032 1373 3089 conversi
1404 3040 1552 3097 sunt,
1587 3031 1731 3085 bona
1764 3045 1863 3085 sua
1892 3029 2015 3085 sine
2043 3029 2120 3084 in-

541 3123 688 3180 vidia
731 3125 1141 3180 communicant
1193 3138 1292 3194 per
1347 3122 1724 3194 magisterium
1774 3120 1903 3177 ﬁliis
1946 3120 2123 3175 homi-

2220 1928 2317 1983 καὶ
2345 1926 2486 1981 αύτά
2506 1926 2576 1980 τὰ
2603 1924 2939 1997 νομιζόμενα
2968 1917 3110 1977 εἶναι
3134 1920 3340 1991 ἀψυχα,
3379 1916 3565 1989 φωνὴν
3586 1916 3825 1985 ἀφιέντα

2223 2021 2507 2091 μονονουχὶ
2550 2018 2895 2089 εὐχαριστεῖν
2945 2015 3041 2070 καὶ
3084 2009 3527 2084 ἐξομολογεῖσθαι
3565 2007 3644 2080 τῷ
3689 2024 3820 2062 ποι-

2220 2112 2415 2183 ήσαντι
2446 2110 2610 2166 αύτά.
2634 2108 2874 2181 Μετέχει
2906 2107 3017 2179 γὰρ
3041 2105 3143 2176 τῆς
3167 2102 3335 2159 αὐτοῦ
3366 2103 3560 2172 σοφίας
3586 2102 3829 2156 ικαστον

2220 2203 2387 2258 αὐτοῦ
2430 2203 2541 2257 τῶν
2588 2203 2769 2275 ῖργων
2819 2200 3083 2266 ποικίλως
3135 2196 3667 2267 κατεσκευασμένον,
3720 2196 3823 2252 καὶ

2221 2294 2512 2363 πανσόφως
2580 2294 2805 2366 μετέχον
2876 2292 2978 2364 τῆς
3034 2289 3436 2364 δημιουργικῆς
3493 2289 3819 2359 δυνάμεως·

2219 2385 2621 2458 ἀφωρισμένως
2677 2386 2736 2440 δὲ
2780 2384 2875 2447 καὶ
2928 2384 3226 2461 ἐξαιρέτως
3259 2386 3308 2437 οἱ
3354 2385 3494 2437 ὅσιοι
3544 2380 3709 2436 αὑτοῦ
3756 2380 3825 2435 τὸ

2223 2479 2409 2551 μεῖζον
2448 2479 2549 2548 τῆς
2597 2478 3039 2551 ἐξομολογήσεως
3090 2477 3402 2532 ἀποδιδόασι
3425 2493 3439 2507 ο
3488 2475 3556 2530 δι’
3588 2468 3664 2529 ὧν
3705 2474 3823 2547 γὰρ

2220 2572 2480 2645 φρονοῦσι
2527 2573 2622 2625 καὶ
2658 2571 2977 2643 πράττουσι,
3006 2568 3106 2641 τὴν
3134 2568 3411 2640 βασιλείαν
3450 2566 3618 2623 αὐτοῦ
3665 2567 3825 2640 ἐροῦ-

2222 2683 2328 2730 σιν,
2360 2665 2752 2736 ἐμφανίζοντες
2788 2663 3223 2736 προγευστικῶς,
3257 2662 3333 2727 ὠς
3370 2661 3521 2734 αὐτῷ
3557 2676 3823 2734 στρατευ-

2222 2761 2448 2832 σάμενοι
2479 2756 2639 2823 δόξαν
2668 2753 2809 2812 εἶναι
2842 2757 2941 2828 τῆς
2982 2755 3263 2828 βασιλείας
3292 2753 3459 2809 αὑτοῦ
3479 2772 3493 2786 ο
3520 2753 3823 2826 λαλήσουσι

2219 2853 2280 2907 δὲ
2321 2851 2417 2906 καῖ
2459 2849 2685 2922 συμφυῆ
2723 2849 3044 2905 δυναστείαν
3076 2850 3143 2921 τῇ
3181 2848 3456 2920 βασιλείᾳ,
3503 2847 3579 2913 ὡς
3608 2848 3822 2901 ἕκαστα

2218 2941 2329 2996 τῶν
2352 2940 2668 3011 κτισμάτων
2698 2937 3202 3011 τεταμένως-αὐτῷ
3234 2937 3602 2991 ὑποτέτακται
3620 2954 3634 2967 ·
3664 2936 3824 3002 ὄντες

2222 3032 2597 3106 φιλάνθρωποι
2625 3032 2673 3085 οἱ
2704 3029 2807 3102 τῆς
2839 3029 2977 3102 πρὸς
3004 3030 3065 3085 σε
3095 3030 3191 3084 καὶ
3223 3029 3375 3099 παρά
3402 3028 3498 3082 σοῦ
3537 3029 3823 3099 ὁσιότητος

2225 3122 2703 3197 μεταποιούμενοι,
2743 3120 2995 3193 ἀφθόνως
3031 3114 3107 3177 ὧν
3137 3120 3296 3192 ἔσχον
3325 3119 3549 3188 ἀγαθῶν
3595 3120 3821 3191 μεταδι-

544 3230 699 3271 num.
754 3214 957 3271 Rerum
1014 3215 1413 3281 tantummodo,
1456 3229 1579 3285 quae
1623 3214 1919 3268 humanam
1950 3211 2121 3266 vitam

2227 3218 2374 3273 δόασι
2423 3218 2538 3279 τοῖς
2580 3214 2691 3269 τῶν
2724 3212 3032 3286 ἀνθρώπων
3075 3213 3210 3277 υἱοῖς
3244 3209 3670 3275 διδασκαλικῶςο
3720 3209 3825 3282 μό-

542 3307 837 3369 excedunt,
866 3307 1130 3377 magister
1171 3316 1338 3377 atque
1369 3315 1687 3361 antecessor
1714 3302 1969 3359 Christus
1999 3309 2084 3357 est
2107 3317 2134 3367 ;,

544 3412 671 3452 cum
703 3396 739 3452 ii
769 3397 866 3468 qui
896 3398 1076 3454 adhuc
1103 3396 1198 3452 ﬁlii
1230 3397 1511 3453 hominum
1538 3404 1718 3460 erant,
1765 3393 2012 3463 magistri
2038 3407 2128 3449 es-

542 3498 663 3545 sent
691 3486 871 3546 eﬂecti
913 3490 982 3546 ab
1009 3490 1077 3546 iis
1115 3504 1257 3561 quos
1305 3489 1425 3561 ipse
1473 3486 1734 3544 Christus
1781 3489 2120 3542 erudiverat.

541 3578 744 3637 Paulus
771 3581 942 3654 igitur
973 3596 1080 3637 non
1130 3582 1198 3637 ab
1223 3581 1557 3647 hominibus,
1595 3589 1692 3635 aut
1719 3594 1819 3648 per
1847 3578 2123 3643 homines,

542 3670 640 3727 sed
668 3686 699 3725 a
728 3671 1065 3729 revelatione
1093 3672 1223 3729 Jesu
1250 3672 1452 3729 Christi
1486 3681 1714 3743 accepto
1741 3669 2116 3742 Evangelia“,

513 3762 710 3833 .idque
744 3762 991 3831 edoctus,
1047 3763 1293 3834 gentium
1344 3763 1537 3820 doctor
1564 3763 1620 3819 in
1650 3762 1756 3818 lide
1803 3776 1869 3817 ac
1896 3760 2124 3817 veritate

544 3855 736 3910 evasit.
768 3853 909 3923 Quin
934 3855 1071 3911 adeo
1107 3853 1373 3916 Servatur
1416 3854 1532 3925 ipse
1578 3853 1730 3909 misit
1752 3853 2026 3924 apostolos
2055 3853 2122 3909 ad

543 3947 819 4003 docendas
868 3957 1093 4019 gentes;
1146 3960 1287 4017 quos
1332 3954 1497 4001 antea
1547 3954 1836 4002 monuerat
1864 3958 1933 4000 ne
1958 3958 2121 4015 quem

545 4038 867 4110 magistrum
923 4040 978 4094 in
1022 4048 1169 4094 terra
1205 4037 1567 4108 appellarent.
1612 4037 1745 4105 Qua
1786 4051 1915 4108 ergo
1959 4036 2029 4092 ab
2056 4042 2123 4093 eo

546 4129 727 4183 sancti
760 4129 997 4193 discunt,
1030 4130 1146 4185 haec
1176 4128 1303 4183 ﬁliis
1332 4129 1618 4185 hominum
1652 4129 1960 4186 netilicant.

2220 3326 2327 3363 νων
2356 3307 2467 3381 γάρ
2497 3307 2607 3361 τῶν
2650 3307 2749 3377 τὴν
2780 3304 3131 3378 ἀνθρωπίνην
3164 3304 3311 3376 ζωὴν
3339 3301 3825 3377 ὐπεραναὸεδηκό-

2219 3419 2327 3455 των
2369 3399 2691 3462 διδάσκαλος
2732 3396 2827 3452 καὶ
2862 3396 3181 3469 καθηγητὴς
3222 3399 3251 3452 ό
3294 3396 3553 3470 Χριστὸς,
3590 3395 3703 3450 τῶν
3736 3396 3822 3449 ἔτι

2219 3490 2597 3562 τυγχανόντων
2634 3487 2769 3542 υἱῶν
2804 3487 3110 3560 ἀνθρώπων
3140 3487 3480 3543 διδασκάλων
3512 3485 3823 3559 γινομένων

2221 3581 2329 3636 ὑπὸ
2354 3581 2467 3636 τῶν
2500 3580 2606 3635 ὑπὸ
2642 3579 2883 3652 Χριστοῦ
2912 3579 3396 3651 πεπαιδευμένων
3440 3578 3656 3643 Παῦλος
3685 3579 3824 3650 γοῦν

2221 3678 2253 3733 δ
2283 3676 2359 3748 μὴ
2391 3672 2547 3746 παρά
2572 3672 2959 3746 ἀνθρώπωνὼ
2976 3672 3041 3725 δι’
3069 3669 3394 3744 ἀνθρώπιον,
3421 3672 3561 3730 ἀλλὰ
3585 3672 3653 3727 διν
3682 3675 3816 3728 ἀπο.

2224 3765 2511 3837 καλύψεως
2540 3762 2715 3835 Ἰησοῦ
2736 3761 2975 3835 Χριστοῦ
2999 3760 3334 3835 παραλαϐὼν
3354 3762 3448 3817 καὶ
3466 3763 3738 3835 διδαχθεὶς
3759 3766 3825 3819 τὸ

2226 3855 2580 3926 Εὑαγγέλιον,
2603 3853 2923 3919 διδάσκαλος
2946 3853 3116 3908 ὲθνῶν
3141 3855 3200 3908 ὲν
3222 3854 3404 3908 πίστει
3439 3856 3534 3910 καὶ
3554 3855 3787 3930 ἀληθεία
3801 3876 3817 3889 ·

2226 3946 2419 4017 ἀμέλει
2446 3944 2579 4015 γοῦν
2621 3945 2717 4001 καὶ
2748 3944 2915 4007 αὐτὸς
2946 3946 2975 3999 ό
3000 3940 3194 4018 Σωτὴρ
3219 3946 3496 4018 ἐκπέμπει
3527 3947 3653 4013 τοὺς
3690 3949 3827 4003 ἀπο-

2229 4038 2451 4103 στόλους
2479 4038 2573 4092 ἑπὶ
2599 4037 2677 4109 τῷ
2710 4036 3052 4110 μαθητεῦσαι
3076 4038 3255 4093 πάντα
3281 4037 3354 4092 τὰ
3380 4038 3530 4111 ἔθνη,
3552 4040 3823 4112 πρότερον

2227 4130 2525 4194 παιδεύσας
2545 4130 2745 4195 αὐτοὺς
2771 4129 2847 4202 μὴ
2870 4129 3059 4186 καλεῖν
3088 4129 3411 4190 διδάσκαλον
3437 4132 3533 4186 ἐπὶ
3556 4132 3661 4206 τῆς
3682 4134 3817 4207 γῆς’

543 4216 582 4274 ἃ
609 4218 788 4274 τοίνυν
809 4237 924 4293 παρ
964 4221 1129 4277 αὑτοῦ
1163 4221 1523 4294 μανθάνουσιν
1561 4224 1611 4277 oi
1648 4224 1805 4290 δσιοι,
1834 4222 2160 4297 γνωρίζουσι
2178 4223 2292 4288 τοῖς
2325 4223 2434 4277 τῶν
2462 4222 2768 4295 ἀνθρώπων
2795 4224 2951 4288 υἱοῖς.

616 4335 785 4393 Vsus.
823 4337 912 4392 Η.
952 4335 1155 4393 Fidelis
1194 4336 1455 4393 Dominus
1485 4340 1539 4394 in
1562 4341 1891 4397 sermonibus
1914 4345 2049 4397 suis.

617 4447 821 4506 Fidelis
866 4450 1031 4515 Deus,
1069 4466 1177 4508 non
1224 4453 1378 4523 quasi
1418 4452 1579 4510 iidem
1623 4454 1981 4525 participans,
2024 4454 2119 4509 sed

2427 4338 2649 4403 Πιστὸς
2676 4339 2894 4408 Κύριος
2920 4338 2996 4393 ἐκ
3013 4337 3141 4407 τοῖς
3166 4341 3374 4410 λόγοις
3403 4340 3611 4396 αὐτοῦ.

2299 4450 2496 4515 Πιστὸς
2531 4450 2589 4503 δὲ
2620 4450 2651 4504 ό
2686 4448 2821 4514 Θεὸς
2862 4449 2962 4521 οὐχ
2998 4449 3077 4514 ὡς
3119 4448 3363 4521 μετέχων
3396 4451 3668 4515 πίστεως,
3700 4449 3823 4505 ἀλλ’

545 4542 674 4613 quia
730 4541 837 4597 [ide
892 4543 1089 4613 dignus
1133 4543 1361 4600 dicitur.
1412 4545 1620 4601 Cuncta
1645 4546 1789 4600 enim
1815 4561 1936 4616 quae
1960 4545 2119 4610 dicit,

2227 4540 2299 4605 ὡς
2330 4540 2644 4607 ἀξιόπιστος
2678 4542 2925 4615 εἴρηταιο
2957 4541 3139 4597 πάντα
3182 4542 3295 4615 γὰρ
3327 4542 3365 4597 δ.
3402 4544 3552 4613 λέγει
3582 4544 3818 4614 γίνεται·

545 4641 705 4700 nunt,
729 4631 885 4701 juxta
913 4633 1045 4689 illud
1080 4652 1094 4689 :
1138 4633 1262 4705 Ipse
1291 4636 1463 4691 dixit:
1496 4634 1688 4691 Nonne
1715 4635 1898 4705 faciet,
1925 4645 1974 4690 et
2015 4652 2121 4690 non

546 4726 781 4780 manebit
818 4724 905 4778 "?
931 4725 1155 4797 Insuper
1195 4726 1369 4783 illud:
1413 4727 1615 4784 Catum
1676 4737 1728 4783 et
1770 4739 1911 4782 terra
1944 4737 2121 4783 trans-

2225 4633 2366 4688 κατά
2394 4634 2475 4700 τὸ,
2509 4633 2705 4703 Αὐτὸς
2732 4630 2924 4689 εἶπεν·
2955 4633 3105 4704 Οὐχὶ
3139 4634 3383 4701 ποιήσει
3415 4636 3516 4690 καί
3546 4636 3685 4707 οὐχι
3717 4638 3823 4709 ἐμ-

2217 4728 2418 4798 μενεῖ;
2441 4728 2592 4797 λέγει
2613 4729 2672 4783 δὲ
2705 4730 2801 4783 καὶ
2831 4730 2913 4783 τό·
2953 4728 3017 4783 '0
3046 4728 3305 4798 οὐρανὸς
3337 4728 3438 4784 καί
3470 4730 3510 4799 ἠ
3552 4728 3630 4800 γῆ
3668 4743 3822 4801 καρ-

433 5190 443 5196 ·
548 5195 640 5245 tio.
665 5186 757 5254 qui
786 5184 964 5240 instar
986 5184 1102 5254 ejus
1126 5186 1401 5257 sapientes
1430 5197 1573 5244 sunt.

546 4816 720 4884 ibunt,
737 4832 1001 4871 sermones
1028 4829 1205 4873 autem
1232 4819 1329 4873 mei
1354 4835 1457 4873 non
1478 4820 1825 4888 praeteribunt
1840 4819 1908 4873 ".
1937 4817 2123 4874 Justus

2228 4820 2563 4887 ελεύσεται,
2614 4824 2668 4876 οί
2720 4821 2790 4876 δὲ
2822 4824 2993 4894 λόγιοι
3025 4839 3148 4893 μου
3189 4823 3262 4877 οὐ
3308 4823 3397 4893 μὴ
3445 4822 3817 4893 παρέλθωσι.

546 4906 676 4962 item
708 4917 814 4976 est,
856 4919 1124 4980 quatenus
1152 4910 1779 4989 impertituricreaturis
1823 4912 1935 4967 suis
1961 4911 2123 4981 justi-

2227 4913 2335 4965 Καὶ
2376 4913 2523 4978 ὄσ-ιος
2560 4912 2639 4979 δὲ,
2676 4913 2751 4978 ὡς
2806 4915 3084 4985 ὁσιότητος
3126 4914 3444 4985 μεταδιδοὺς
3483 4919 3596 4977 τοῖς
3632 4916 3821 4989 ἔργοις

548 5001 719 5057 tiam:
770 5002 931 5057 sicuti
970 5003 1139 5058 etiam
1187 4970 1410 5058 sandtus
1532 5002 1622 5068 iis,
1653 5003 1744 5073 qui
1775 4970 2122 5059 sanctiiatem

2230 5003 2417 5057 αὐτοῦ’
2452 4970 2647 5078 ὥσπερ
2680 4970 2776 5059 καὶ
2809 4970 3050 5074 ἃγιοςυὲν
3064 4970 3188 5072 τόῖς
3219 4970 3509 5078 μετέχοῦσι
3541 4970 3642 5081 τὴς
3664 4970 3821 5077 ¹ιὶγιόζ

546 5091 669 5162 ejus
689 5092 1038 5163 participant.
1081 5094 1322 5169 Denique
1364 5094 1629 5164 sapientia
1673 5096 1933 5151 Servatur
1956 5105 2041 5151 est
2070 5095 2122 5150 in

2229 5109 2390 5163 τητος
2431 5094 2598 5149 αὑτοῦ
2618 5112 2631 5125 ·
2670 5095 2765 5149 καὶ
2795 5095 2957 5165 σοφία
2982 5096 3132 5149 ἐστὶν
3161 5097 3193 5149 δ
3224 5097 3417 5171 Σωτὴρ
3453 5099 3511 5153 ὲν
3548 5102 3663 5162 τοῖς
3695 5101 3818 5154 κατ’

2230 5186 2391 5240 αὐτὸν
2422 5190 2629 5257 σοφοῖς.

549 5271 714 5330 Vns.
750 5274 841 5331 i5.
880 5275 961 5333 Tu
983 5278 1081 5332 da’s
1102 5277 1517 5334 escam‘illornm
1550 5288 1779 5347 tempore
1801 5288 2119 5348 opportune.

2333 5280 2418 5334 Σὺ
2454 5280 2635 5347 δίδως
2673 5278 2788 5348 τὴν
2821 5280 3054 5351 τροφὴν
3084 5281 3284 5336 αὐτῶν
3310 5282 3380 5334 ἐν
3414 5282 3704 5351 εὐκαιρίᾳ.

625 5363 716 5419 Ait
738 5366 904 5422 etiam
930 5368 1200 5424 Eusebius
1224 5370 1394 5424 Deum
1423 5384 1530 5423 non
1552 5376 1765 5423 tantum
1792 5384 1916 5425 esse
1941 5369 2124 5439 lapso-

2298 5371 2435 5441 Φησὶ
2481 5372 2539 5425 δὲ
2569 5374 2664 5425 καὶ
2699 5374 2728 5425 ό
2754 5371 3012 5436 Εὐσέὸιος
3053 5372 3188 5444 (22),
3218 5373 3294 5437 ὡς
3330 5372 3392 5426 ού
3434 5373 3594 5445 μόνον
3630 5373 3817 5446 ἰατρός

554 5468 676 5510 rum
721 5458 990 5515 medicum
1033 5470 1091 5518 et
1136 5461 1541 5518 confractorum
1580 5470 1919 5530 senatorem,
1943 5467 2039 5519 sed
2070 5470 2124 5519 et

2232 5463 2377 5517 ἐστιν
2405 5466 2433 5520 ὁ
2464 5464 2596 5529 Θεὸς
2635 5464 2745 5519 τῶν
2775 5465 3167 5531 πεπτωκότων,
3200 5467 3296 5520 καὶ
3329 5465 3676 5539 θεραπευτὴς
3705 5466 3816 5521 τῶν

661 5637 849 5696 “Gal.
883 5658 924 5706 t,
968 5642 1021 5698 i.
1094 5641 1302 5699 "Num.
1344 5660 1501 5713 mn,
1534 5644 1623 5701 l9.
1690 5644 1738 5677 ⁷⁸
1787 5643 1920 5704 Luc.
1970 5661 2090 5712 ω,
2131 5646 2222 5703 55.

522 5758 560 5785 ⁸
629 5776 745 5845 (29.)
787 5776 1007 5833 Eusebii
1047 5794 1243 5859 nomen
1276 5782 1327 5835 in
1355 5781 1834 5859 _c9_dicibus__quos
1871 5783 2123 5859 adhibui-
2232 5797 2355 5852 qua
2380 5782 2651 5859 edidimus
2672 5782 3269 5859 l‘r_ag_met_ttorum._lloc
3328 5792 3511 5838 tamen
3552 5783 3671 5839 loco
3714 5800 3791 5838 au

561 5864 680 5904 ntus
719 5859 1033 5906 constanter
1084 5852 1137 5905 in
1196 5853 1534 5924 marginibus
1580 5854 1841 5910 scribitur
1888 5857 2129 5911 omnium
2238 5865 2359 5911 ctor
2382 5852 2602 5911 Catena:
2629 5852 2833 5912 codicis
2866 5854 2906 5912 Ο
2933 5854 3100 5912 etiam
3132 5854 3186 5912 in
3219 5864 3477 5914 contextu
3503 5858 3705 5924 posuit.
