4014 6408
219 411 289 469 65
1366 406 1868 467 COMMENTARIA
1910 407 1974 463 IN
2017 407 2141 465 PSA
2151 400 2360 467 ιιιοδ.
3484 414 3558 470 66

218 531 479 607 πάρεστι,
534 529 633 586 τοῦ
678 528 816 584 Θεοῦ
850 528 1179 600 σοφίσαντος
1205 530 1406 593 αὐτοὺς
1431 529 1556 583 ἀντὶ
1588 528 1690 601 τῆς
1722 528 1828 583 τῶν

1940 530 2206 585 acntioris
2258 530 2459 602 ingenii
2516 529 2699 597 allicit,
2757 538 2980 602 propter
3018 529 3304 585 oculorum
3345 528 3559 587 orbita-

216 624 519 699 όφθαλμῶν
549 626 883 696 στερήσεως.
912 626 915 629 ’

480 717 785 788 ὀρφανὸν
811 714 913 770 καί
949 714 1150 785 χήραν
1185 713 1589 784 ἀναλήψεται.

283 811 350 866 Δί
382 808 770 866 ἀποϐαλοῦσαι
790 808 965 882 ψυχαὶ⁵
992 809 1087 863 τὸν
1119 808 1418 881 γενόμενον
1443 809 1502 861 ὲν
1528 806 1703 879 κακία
1727 822 1837 860 πα-

211 904 349 977 τέρα
373 902 563 958 αὐτῶν
580 901 853 965 διάϐολον,
876 903 911 975 ἢ
940 902 1036 957 καὶ
1057 900 1250 975 ἄνδρα,
1280 899 1521 973 ὀρφαναὶ
1541 899 1639 954 καὶ
1660 899 1830 971 χῆραι

212 994 742 1069 ἀναλαμϐανόμεναί
805 998 914 1050 είσι
935 1013 949 1026 ·
1022 994 1231 1049 τούτων
1297 991 1746 1064 ἀναληφθέντων,
1795 993 1830 1065 ή

209 1088 320 1143 τῶν
348 1084 701 1159 ἁμαρτωλῶν
738 1084 861 1150 ὁδὸς
884 1086 986 1140 οὐκ
1018 1085 1157 1157 ἀλλη
1182 1085 1285 1158 τῆς
1331 1084 1536 1147 κακίας
1565 1077 1702 1137 οὖσα
1726 1082 1835 1137 ὑπὸ

208 1179 350 1235 Θεοῦ
378 1179 842 1253 ἀφανισθήσεται.
875 1181 988 1234 Καὶ
1027 1177 1203 1233 ταῦτα
1245 1177 1348 1250 μὲν
1380 1177 1634 1249 εἴρηνται
1664 1173 1832 1247 ἀλλη-

208 1271 609 1346 γορικώτερον.
665 1272 870 1346 Χηρῶν
924 1272 980 1325 δὲ
1034 1270 1187 1340 λέγει
1258 1270 1319 1325 οὐ
1363 1268 1478 1323 τῶν
1523 1269 1829 1341 τυχουσῶν,

206 1365 348 1419 ἀλλὰ
369 1363 485 1419 τῶν
509 1364 609 1418 σὺν
630 1364 826 1436 ἁγνείᾳ
850 1363 946 1417 καὶ
974 1362 1268 1434 σεμνότητι
1298 1358 1665 1416 διατελουσῶν
1685 1400 1701 1425 ,
1731 1360 1829 1432 όρ-

208 1457 401 1528 φανῶν
462 1457 543 1523 δὲ,
574 1458 705 1521 τοὺς
738 1456 1055 1516 θεοσεϐείας
1086 1454 1254 1509 ἕνεκα
1285 1454 1689 1519 καταλιπόντας
1737 1470 1831 1525 γε-

207 1552 340 1616 νεάς
370 1550 507 1624 (26).

746 1641 1044 1698 anno:
1081 1642 1261 1709 PMG”

290 1734 387 1789 Ἔν
417 1733 499 1806 τῷ
525 1733 756 1806 παρόντι
786 1731 989 1805 ψαλμῷ
1032 1732 1156 1786 ἀντὶ
1183 1731 1303 1798 τοῦ,
1342 1731 1564 1787 αίνεῒτε
1592 1732 1702 1788 τὸν
1722 1732 1859 1801 Κύ-ν,

197 1845 360 1898 pter,
383 1831 415 1882 6
435 1830 537 1901 μὲν
567 1829 888 1900 Σύμμαχος,
920 1827 1283 1895 dun-1013121.
1312 1826 1402 1881 ὅτι
1426 1826 1655 1894 ἀγαθὸν
1675 1827 1825 1896 ᾠδὴν

1945 632 2075 682 tem.

2166 716 2332 773 Vsus.
2364 719 2417 775 9.
2457 717 2732 789 Pupillum
2758 728 2807 773 et
2829 718 3048 773 viduam
3076 719 3349 790 suscipiet.

2011 814 2227 870 Anima:
2261 828 2387 884 quae
2411 826 2443 867 a
2471 810 2694 869 diabolo
2728 820 2886 881 patre
2914 816 3160 881 ipsarum
3192 821 3288 867 aut
3315 814 3434 869 viro
3460 814 3545 867 de.

1940 904 2147 960 stituta
2208 902 2454 969 fuentnt,
2500 904 2583 958 he
2628 902 2885 958 videlicet
2910 902 3020 956 illa:
3042 911 3174 956 sunt
3197 901 3459 973 orphans:
3486 918 3554 957 ac

1939 994 2119 1050 vidua:
2139 1007 2281 1065 quas
2330 993 2477 1050 Deus
2510 992 2763 1064 suscipit.
2800 990 2899 1048 His
2944 994 3238 1062 susceptis.
3302 1004 3555 1063 peccato-

1943 1078 2064 1143 rum
2100 1102 2196 1143 seu
2243 1086 2466 1144 malitia
2497 1088 2582 1142 via
2610 1086 2931 1142 destruetur
2958 1102 2989 1142 a
3028 1085 3160 1143 Deo.
3217 1084 3399 1157 Atque
3436 1088 3555 1145 haec

1938 1180 2240 1253 allegorice
2277 1183 2460 1253 potius
2480 1191 2611 1237 sunt
2652 1182 2822 1238 dicta.
2854 1181 2931 1239 De
2965 1182 3148 1238 viduis
3168 1191 3352 1237 autem
3386 1181 3555 1253 loqui-

1939 1284 2029 1330 tur
2058 1291 2166 1330 non
2199 1276 2563 1346 quibuslibet,
2591 1276 2686 1331 sed
2725 1275 2925 1346 pudice
2981 1285 3285 1346 sancteque
3313 1277 3553 1331 viventi-

1936 1366 2063 1422 bus.
2096 1366 2341 1437 Pupillos
2364 1369 2601 1437 denique
2644 1367 2885 1438 appellat
2922 1367 3019 1438 qui
3051 1366 3337 1439 religionis
3384 1381 3549 1422 causa

1937 1464 2206 1518 omittunt
2230 1461 2459 1534 generis
2494 1462 2971 1533 propagationem.

2440 1659 2769 1717 PSALMUS
2810 1657 3043 1717 CXLVI.

2004 1753 2288 1811 Praesente
2324 1754 2376 1809 in
2397 1755 2632 1823 psalmo,
2657 1770 2781 1824 pro,
2808 1754 3029 1809 laudate
3057 1752 3367 1820 Dominum,
3389 1753 3550 1828 Sym-

1936 1850 2165 1905 machus
2182 1848 2341 1913 disit,
2360 1847 2602 1909 alleluia,
2619 1849 2748 1919 quia
2766 1849 2899 1902 bona
2918 1864 3002 1904 res
3024 1849 3315 1913 canticum,
3343 1851 3548 1905 omissa

203 1923 459 1997 εἴρηκεν,
492 1924 902 1997 ἀνερμήνευτον
936 1922 1183 1992 φυλάξας
1213 1922 1314 1995 τὴν
1357 1920 1633 1994 Ἐϐραίων
1678 1921 1827 1989 λέξιν

1940 1943 2390 2011 interpretatione
2420 1941 2678 1998 Hebraici
2710 1940 2989 2005 vocabuli,
3022 1942 3395 2012 signiﬁcantis
3426 1944 3544 1998 lau.

202 2016 306 2090 τὴν
340 2016 724 2089 σημαίνουσαν
752 2015 837 2080 τὸ,
886 2015 1107 2088 ala-she;
1144 2015 1255 2070 τὸν
1297 2015 1541 2085 Κύριον.
1589 2015 1826 2087 Ὁμοίως

203 2108 259 2163 δὲ
292 2110 393 2164 καὶ⁸
418 2110 456 2179 ἡ
487 2109 718 2180 πέμπτη
745 2107 979 2173 ἔκδοσις,
1015 2108 1240 2163 αὶνεῖτε
1277 2106 1389 2162 τὸν
1421 2109 1503 2173 id,
1532 2106 1822 2174 ἐξέδωκεν.

213 2203 277 2258 '0
328 2203 435 2275 μὲν
459 2197 555 2257 οὖν
585 2202 695 2275 πρὸ
726 2201 921 2257 τούτου
954 2202 1172 2274 ψαλμδς
1208 2203 1310 2275 μιᾷ
1339 2200 1487 2275 ψυχῇ
1522 2204 1696 2257 αίνείν
1733 2202 1827 2257 τὸν

203 2294 417 2368 Κύριον
454 2294 932 2369 παρακελεύεται·
977 2293 1219 2350 ἐνταῦθα
1251 2295 1310 2349 δὲ
1343 2295 1576 2368 πλήθεσι
1603 2296 1826 2365 λέγεται

203 2388 289 2455 τὸ,
316 2387 545 2443 air-eice
573 2388 682 2443 τὸν
705 2389 950 2458 Κύριονο
975 2387 1164 2459 ἐπειδὴ
1186 2386 1393 2454 οὐδεὶς
1416 2386 1642 2459 ἀγαθὸς
1667 2390 1719 2442 ei
1736 2386 1824 2459 μὴ

202 2478 293 2551 εἷς
328 2487 363 2538 ό
399 2483 567 2550 Θεὸς,
607 2483 836 2547 εἰκότως
880 2482 989 2537 πᾶν
1018 2482 1082 2536 τὸ
1109 2483 1193 2546 είς
1229 2479 1398 2536 αὐτοῦ
1427 2480 1589 2549 δόξαν
1620 2483 1829 2553 ἀναφε-

204 2575 466 2649 ρόμενον,
498 2575 595 2630 καὶ
626 2578 707 2640 είς
767 2573 935 2629 αὐτοῦ
966 2576 1137 2648 τιμὴν
1170 2576 1574 2648 πραττόμενον,
1617 2575 1826 2645 ἀγαθὸν

204 2670 272 2725 ἃν
305 2670 417 2741 εἴη·
454 2668 650 2740 ὥσπερ
692 2662 788 2721 οὖν
821 2667 917 2721 καὶ
954 2665 1162 2736 ἀγαθὸν
1194 2668 1224 2721 6
1264 2665 1480 2739 ψαλμδς
1512 2665 1590 2730 ὡς
1639 2664 1707 2719 ἂν
1743 2667 1826 2731 είς

204 2761 415 2830 ἀγαθὸν
442 2761 577 2815 Θεὸν
593 2759 1075 2831 ἀναπεμπόμενος.
1107 2758 1252 2815 Ἀνθ’
1280 2753 1342 2813 οὗ
1370 2759 1399 2812 ό
1424 2758 1526 2830 μὲν
1566 2758 1822 2822 ’Δκύλας,

202 2855 441 2925 ἀγαθὸν
469 2850 766 2925 ἐγκώμιον
789 2852 1161 2925 ἡρμήνευσεν·
1185 2853 1215 2906 6
1240 2851 1297 2906 δὲ
1323 2850 1648 2924 Σύμμαχος,
1676 2851 1826 2922 ἀγα-

205 2949 320 3004 θὸν
347 2947 501 3015 ᾠδή.
554 2947 630 3001 οὐ
669 2946 776 3021 μὴν
806 2944 947 3000 ἀλλὰ
979 2946 1077 3001 καὶ
1097 2947 1133 3015 ή
1159 2944 1371 3010 αῐνεσις
1397 2945 1432 3017 ἡ
1458 2947 1540 3010 είς
1565 2944 1659 2999 τὸν
1691 2943 1828 2998 Θεὸν

207 3040 654 3113 ἀναπεμπομένη
699 3039 904 3102 παντός
940 3054 1001 3091 τε
1053 3034 1292 3102 εὐώδους
1345 3035 1697 3108 θυμιάματος
1729 3034 1827 3091 καὶ

207 3136 395 3209 πάσης
415 3133 616 3207 ἡδονῆς
636 3133 806 3207 ἡδίων
829 3130 981 3203 αὐτῷ
1006 3130 1292 3203 τυγχάνειν
1321 3128 1419 3184 καὶ
1443 3129 1556 3202 γὰρ
1584 3129 1663 3194 ὡς
1690 3128 1827 3201 ἀλη-

206 3229 321 3293 θῶς
352 3225 506 3293 αἶνος
540 3225 677 3281 Θεοῦ
711 3227 777 3280 εκ
806 3224 1033 3296 λογικῆς
1069 3224 1167 3279 καὶ
1212 3222 1464 3296 καθαρᾶς
1502 3222 1829 3295 ἀναπεμπό-

1931 2036 2056 2090 datc
2082 2034 2392 2091 Dominum.
2420 2035 2690 2091 Similiter
2710 2036 2970 2104 etquinta
3002 2035 3197 2102 editio,
3222 2036 3444 2092 laudate
3468 2039 3547 2102 ia,

1930 2130 2133 2198 posuit.
2169 2128 2439 2199 Superior
2468 2130 2655 2201 itaque
2694 2130 2944 2201 psalmus
2971 2132 3063 2188 uni
3092 2133 3291 2187 anima:
3316 2131 3548 2187 iaudare

1931 2220 2222 2277 Dominum
2243 2227 2500 2286 mandat:
2533 2224 2624 2279 hic
2648 2232 2783 2280 verb
2808 2224 3149 2281 multitudini
3178 2226 3402 2292 dicitur,
3427 2226 3547 2280 Iau-

1929 2316 2054 2369 date
2073 2314 2384 2373 Dominum.
2402 2314 2675 2383 Quoniam
2695 2334 2845 2373 nemo
2863 2320 3034 2373 bonus
3052 2320 3155 2373 nisi
3180 2337 3317 2374 unus
3328 2319 3545 2382 Deus".

1931 2417 2081 2463 recte
2103 2408 2371 2479 quidquid
2415 2414 2483 2464 ad
2529 2407 2653 2478 ejus
2677 2410 2910 2481 gloriam
2947 2410 3213 2476 refertur,
3251 2421 3422 2481 atque
3470 2411 3549 2468 ob

1931 2514 2059 2554 eum
2087 2501 2475 2557 honorandum
2526 2500 2611 2569 lit,
2666 2502 2871 2558 bonum
2931 2518 3057 2559 esse
3106 2504 3542 2561 existimabitur.

1932 2591 2109 2649 Sicuti
2138 2608 2288 2649 nunc
2317 2596 2488 2650 etiam
2524 2595 2665 2651 bona
2700 2611 2789 2652 res
2810 2596 3059 2667 psalmus
3082 2596 3309 2663 dicitur,
3346 2613 3445 2653 ceu
3478 2602 3545 2654 ad

1931 2686 2135 2742 bonum
2178 2684 2350 2742 Deum
2396 2687 2661 2744 directus.
2689 2686 2801 2745 Pro
2846 2705 2957 2761 quo
2983 2690 3181 2761 Aquila
3226 2690 3422 2747 bonum
3453 2708 3549 2747 cn-

1930 2780 2162 2835 comium
2211 2781 2605 2851 interpretatus
2653 2796 2764 2838 est.
2804 2783 3174 2856 Symmachus
3222 2797 3378 2853 vero,
3408 2786 3544 2841 bona

1932 2890 2015 2929 res
2045 2875 2343 2931 canticum.
2369 2875 2721 2947 Caeteroquin
2751 2889 2807 2933 et
2833 2876 2954 2934 laus
2974 2892 3099 2949 quae
3127 2878 3197 2933 ad
3234 2877 3406 2935 Deum
3445 2896 3546 2935 ει·-

1932 2966 2147 3023 tollitur
2178 2968 2333 3023 omni
2361 2967 2537 3025 odoro
2568 2969 2950 3041 thymiamate,
2987 2970 3251 3041 omnique
3275 2970 3545 3043 jucundi-

1934 3069 2049 3117 tate
2087 3060 2313 3119 suavior
2335 3070 2439 3117 est.
2486 3061 2701 3133 lleapse
2734 3062 2883 3119 enim
2936 3062 3183 3120 laudatio
3208 3065 3300 3121 Dei
3340 3080 3407 3121 ex
3451 3081 3528 3119 ra-

1934 3152 2127 3209 tionali
2157 3169 2408 3226 puraque
2442 3156 2749 3226 procedens
2793 3156 3002 3223 anima,
3033 3166 3289 3227 pergrata
3330 3157 3409 3213 illi
3432 3158 3541 3213 erit

1930 3254 1988 3299 et
2018 3245 2217 3301 dulcis.
2248 3244 2464 3304 Gaudet
2490 3248 2637 3304 enim
2669 3248 2834 3312 Deus,
2855 3248 3202 3321 libenterque
3235 3249 3434 3323 recipit
3461 3260 3546 3306 ta-

210 3338 375 3394 μενος
423 3320 606 3393 ψυχῆς
656 3317 965 3392 προσφιλὴς
1007 3316 1076 3371 ἂν
1124 3315 1213 3389 εῐη
1264 3314 1440 3389 αὐτῷ,
1487 3317 1586 3371 καὶ
1629 3314 1708 3380 ὡς
1759 3315 1826 3370 ἂν

1940 3338 2039 3394 lem
2072 3338 2330 3397 humanae
2361 3342 2564 3399 mentis
2602 3343 2863 3399 fructum.

204 3417 371 3490 εἴπερ
398 3433 485 3481 τις
512 3414 665 3486 ἡδύς·
692 3413 878 3486 χαίρει
901 3413 1012 3485 γὰρ
1044 3411 1142 3466 καὶ
1169 3410 1499 3484 ἀποδέχεται
1522 3410 1618 3464 τὸν
1650 3410 1828 3464 τοιοῦ-

206 3528 303 3565 τον
330 3509 436 3581 τῆς
468 3507 823 3582 ἀνθρωπίνης
853 3506 1096 3571 διανοίας
1126 3504 1364 3579 καρπόν.

218 3604 285 3658 ’0
320 3603 573 3674 Ιώμενος
598 3602 747 3669 τοὺς
785 3599 1340 3673 συντετρψμένους
1380 3597 1500 3667 τὴν
1545 3595 1824 3668 καρδίαν.

289 3697 519 3770 Ἐπειδὴ
558 3695 817 3770 Σωτῆρός
860 3697 978 3751 ἑστι
1055 3696 1154 3751 καὶ
1213 3692 1405 3767 ἰατροῦ
1452 3692 1518 3747 τὸ
1569 3690 1826 3747 ἰάσασθαι

208 3796 307 3850 καὶ
339 3789 777 3862 καταδεσμεύειν
828 3788 900 3843 τά
944 3786 1414 3859 συντετριμμένα,
1464 3785 1695 3850 εἰκότως
1730 3784 1827 3840 καὶ

206 3886 298 3941 διὰ
318 3886 533 3942 τούτων
557 3882 776 3956 νοηθείη
796 3882 961 3946 αὐτὸς
984 3882 1062 3935 ὣν
1086 3883 1116 3936 6
1144 3879 1397 3954 Κύριοςό
1422 3879 1617 3951 Σωτὴρ
1639 3876 1824 3951 ἡμῶν,

206 3982 237 4034 ό
262 3978 359 4033 τοῦ
390 3976 532 4032 Θεοῦ
564 3976 739 4045 Λόγος
760 4015 776 4039 ,
812 3977 840 4029 6
871 3973 1070 4029 εἰπών·
1118 3974 1202 4028 Οὐ
1235 3973 1449 4044 χρείαν
1486 3972 1745 4041 ἔχουσιν
1770 3974 1826 4027 ol

212 4078 543 4150 wzdorrec
588 4072 818 4144 ιατροῦ,
865 4071 1005 4127 ἀλλ’
1057 4073 1113 4125 ol
1152 4068 1353 4136 κακῶς
1394 4068 1661 4138 ἔχοντες·
1712 4068 1826 4122 οὐκ

208 4170 404 4245 ἦλθον
435 4171 697 4226 καλέσαι
754 4168 1049 4234 δικαίους,
1096 4165 1261 4221 ἀλλὰ
1305 4160 1700 4233 ἀμαρτυαοὺς
1736 4161 1827 4226 εις

206 4263 558 4337 μετάνοιαν.
591 4259 797 4333 Ψυχῶν
836 4258 894 4314 δὲ
936 4258 1012 4311 ὢν
1044 4255 1249 4330 ἰατρὸς,
1281 4254 1414 4319 τοὺς
1456 4253 1561 4326 τὴν
1593 4252 1826 4325 καρδίαν

212 4354 735 4429 συντετριμμένους,
782 4351 880 4406 καὶ
906 4349 1015 4404 τῶν
1042 4348 1185 4404 κατά
1212 4347 1378 4418 φύσιν
1400 4345 1685 4417 λογισμῶν
1720 4361 1826 4398 πα-

215 4448 731 4525 ρατετραμμένους,
787 4446 853 4499 ὲκ
905 4442 1006 4517 τῆς
1044 4442 1245 4513 νοητῆς
1297 4437 1684 4511 αἰχμαλωσίας
1732 4436 1826 4491 λυ-

207 4542 573 4618 τρωσάμενος
597 4540 829 4595 ἰάσεται.
872 4537 933 4592 '0
962 4536 1061 4610 μὲν
1078 4534 1380 4606 Σύμμαχός
1399 4548 1591 4604 φησιν,
1633 4530 1699 4583 '0
1727 4530 1821 4584 ἑώ-

2185 3588 2353 3659 Vstts.
2386 3603 2442 3661 5.
2473 3602 2584 3671 Qui
2628 3616 2787 3660 sanat
2817 3607 3078 3663 contritas
3107 3609 3289 3664 corde.

2005 3693 2275 3763 Quoniam
2323 3695 2639 3756 Servatoris
2698 3701 3008 3773 mediciqne
3042 3701 3282 3761 cilicium
3320 3716 3408 3762 est
3459 3720 3545 3761 sa-

1930 3802 2069 3843 nare
2097 3798 2153 3842 et
2181 3789 2422 3845 contrita
2471 3789 2721 3862 alligare,
2761 3802 2911 3848 recte
2952 3803 3005 3848 el
3038 3792 3169 3849 hinc:
3200 3796 3544 3867 dignoscitur

1932 3881 2075 3935 idem
2112 3881 2379 3939 Dominus
2406 3894 2597 3940 noster
2627 3885 2721 3940 Dei
2778 3883 3021 3941 Verbum
3067 3886 3161 3957 qui
3199 3888 3381 3944 dixit:
3414 3890 3543 3946 Non

1930 3987 2061 4038 opus
2091 3983 2167 4028 est
2196 3974 2400 4027 medico
2436 3974 2761 4042 ualentibus,
2792 3978 2884 4031 scd
2913 3979 3128 4048 a'grotis
3168 3978 3237 4033 ⁸⁸.
3271 3978 3398 4037 Νοιι
3425 3987 3542 4038 ueni

1928 4080 2118 4120 uocare
2136 4066 2338 4137 justas,
2363 4068 2455 4122 sed
2481 4080 2786 4137 peccatores
2811 4072 2881 4125 ad
2908 4075 3273 4141 pcnitcntiam
3304 4076 3373 4131 ἰ.
3407 4076 3541 4131 Aui-

1930 4175 2144 4215 marum
2184 4162 2371 4231 itaque
2405 4178 2531 4217 cum
2572 4162 2646 4219 sit
2678 4165 2946 4231 medicus,
2984 4166 3053 4223 iis
3074 4167 3165 4235 qui
3201 4169 3370 4225 corde
3414 4185 3544 4226 cou-

1930 4251 2041 4305 triti
2071 4261 2221 4314 sunt,
2252 4263 2308 4308 et
2340 4269 2369 4307 a
2401 4264 2558 4309 recto
2589 4265 2804 4312 naturae
2833 4258 3065 4314 consilio
3093 4260 3299 4327 aversi,
3327 4261 3397 4316 de
3426 4262 3540 4333 spi-

1930 4345 2075 4400 ritali
2114 4347 2419 4418 redemptis
2451 4349 2776 4421 captivitate
2798 4353 3133 4410 medebitur.
3168 4352 3542 4427 Symmachus

1928 4439 2103 4494 dicit:
2141 4438 2247 4504 Qui
2281 4453 2442 4496 sanat
2470 4443 2780 4514 confractus
2820 4448 3005 4511 corde,
3028 4456 3078 4501 et
3109 4447 3301 4518 alligat
3331 4447 3538 4518 fractu-

1926 4547 2018 4586 ras
2033 4548 2161 4588 coru
2172 4551 2243 4604 nt,
2270 4536 2569 4595 rationales
2586 4538 2847 4593 nimirum
2867 4538 3075 4597 fascias
3091 4541 3538 4612 circumponeus.

206 4654 397 4707 μενος
428 4633 575 4701 τοὺς
598 4629 1056 4702 κεκλασμένους
1086 4627 1204 4697 τὴν
1234 4625 1512 4695 καρδίαν,
1550 4623 1653 4679 καὶ
1697 4623 1825 4677 ἐπι-

1940 4623 2025 4679 Sic
2067 4640 2203 4697 ergo
2259 4627 2516 4701 alligavit
2565 4629 2912 4701 spiritalibus
2946 4631 3423 4706 rationalibusque
3459 4632 3538 4689 la-

208 4704 459 4799 δεσμῶν
485 4723 833 4793 κατάγματα
864 4719 1089 4782 αὐτῶν,
1128 4716 1379 4790 δηλονότι
1411 4716 1649 4785 δεσμοὺς
1692 4714 1827 4768 ὑπο-

1940 4716 2089 4786 queis
2120 4718 2402 4774 hominem
2439 4737 2469 4777 a
2506 4720 2817 4779 latronibus
2846 4721 3193 4779 vulneratum
3221 4733 3278 4780 et
3328 4704 3541 4781 contri-

211 4820 432 4877 ὖάλλων
471 4813 750 4887 λογικούς·
810 4812 957 4868 οὕτω
985 4809 1120 4881 γοῦν
1150 4809 1387 4881 ἐπέδησε
1420 4810 1535 4872 τοῖς
1571 4823 1823 4879 πνευμα-

1934 4816 2050 4863 tum
2076 4809 2206 4865 dum
2240 4809 2642 4885 Hierosolymis
2676 4812 3092 4871 Hiericbuntem
3120 4816 3500 4873 descenderet.

210 4919 390 4982 τικοῖς
435 4915 531 4969 καὶ
579 4913 821 4983 λογικοῖς
863 4909 1086 4981 δεσμοῖς
1138 4906 1234 4961 τὸν
1285 4904 1393 4960 ὑπὸ
1437 4901 1658 4976 ληυτῶν
1703 4904 2187 4977 τραυματισθέντα
2241 4908 2336 4963 καὶ
2386 4909 2746 4983 συντριϐέντα
2799 4912 2860 4965 ὲν
2905 4909 2986 4983 τῷ
3028 4910 3382 4967 καταϐαίνειν
3429 4910 3547 4967 ἀπὸ

222 5008 586 5085 Ἰερουσαλὴμ
614 5010 695 5073 εἰς
733 5003 969 5079 Ἱεριχώ.

213 5113 325 5168 Kal
374 5108 691 5179 δεσμεύων
719 5106 795 5160 τὰ
823 5102 1263 5179 -συντρίμματα
1316 5098 1539 5179 αὐτῶν.
1594 5099 1661 5152 '0
1696 5098 1827 5168 ἀρι-

523 5176 690 5250 θμῶν
710 5176 916 5245 πλήθη
980 5171 1245 5243 ἆοίτρων,
1282 5190 1335 5227 κ.
1366 5189 1420 5225 τ.
1448 5171 1498 5227 λ.

283 5274 448 5333 Μετά
472 5272 537 5328 τὺ
577 5269 835 5327 ἰάσασθαι
872 5270 1000 5334 τοὺς
1034 5264 1541 5339 συντετριμμένους
1566 5262 1667 5336 τὴν
1693 5280 1830 5335 καρ-

212 5370 356 5434 δίαν,
392 5366 493 5421 καὶ
527 5362 695 5436 δῆσαι
739 5361 811 5417 τά
850 5360 1239 5433 συντρίμματα
1284 5357 1489 5423 αὐτῶν,
1533 5355 1830 5425 ἐπανάγων

214 5467 295 5529 είς
340 5460 446 5533 τὴν
498 5456 737 5530 φυσικὴν
785 5453 978 5524 ὑγείαν
1027 5453 1157 5517 τοὺς
1211 5450 1383 5505 πάλαι
1438 5450 1829 5522 νενοσηκότας,

216 5551 520 5627 φωστῆράς
544 5566 605 5604 τε
632 5549 831 5611 αὐτοὺς
852 5545 1333 5617 ἀπεργασάμενος,
1358 5541 1543 5611 ἀξίους
1565 5540 1661 5595 τοῦ
1690 5540 1823 5614 παρ’

218 5646 387 5704 αὐτοῦ
436 5641 677 5719 ἀριθμοῦ
721 5639 1037 5710 καθίστησι.
1091 5637 1354 5710 Συνήθως
1386 5638 1416 5690 6
1471 5635 1633 5705 λόγος
1678 5650 1825 5703 συμ-

218 5744 413 5797 πλέκει
439 5739 504 5794 τό
530 5754 592 5791 τε
622 5736 754 5808 περὶ
793 5732 1069 5805 σωτηρίας
1097 5731 1427 5805 ἀνθρώπων,
1460 5730 1557 5784 καὶ
1583 5728 1658 5783 τὰ
1693 5730 1826 5801 περὶ

290 5842 337 5876 ⁷⁸
368 5837 544 5894 Marc.
575 5851 635 5901 ι,
668 5835 755 5890 i8.
841 5833 888 5865 ³⁸
928 5830 1121 5891 Matth.
1157 5848 1235 5898 Is,
1266 5829 1358 5887 12.
1434 5829 1479 5863 ⁸³
1517 5827 1653 5885 Luc.
1684 5844 1742 5895 v,
1773 5825 1865 5882 32.

297 5930 408 6005 (‘26)
440 5928 593 5985 Laus
624 5925 906 5982 caelibatus
937 5922 1195 5993 religiosi.

2122 5100 2360 5171 Vsas.3.
2397 5098 2466 5155 Et
2486 5099 2718 5171 alligans
2742 5100 3085 5156 contritiones
3117 5116 3323 5155 eorum.

2029 5170 2196 5227 Vsus.
2230 5173 2283 5227 4.
2325 5170 2431 5238 Qui
2453 5170 2696 5227 nutrierat
2721 5172 3113 5227 multitudinem
3143 5171 3445 5229 stellarum.

2007 5263 2139 5320 Post
2161 5274 2387 5320 sanatos
2440 5280 2539 5321 eos
2565 5263 2659 5335 qui
2693 5265 2915 5320 fuerant
2965 5267 3133 5320 corde
3178 5265 3436 5330 contriti,
3488 5276 3545 5323 et

1938 5365 2062 5426 post
2091 5355 2334 5427 ipsorum
2378 5355 2745 5412 contritiones
2808 5355 3087 5428 alligatas,
3124 5355 3179 5410 in
3230 5355 3542 5414 naturalem

1939 5448 2307 5505 valetudinem
2337 5450 2468 5505 olim
2498 5465 2677 5522 aegros
2723 5464 3018 5521 reponens,
3052 5464 3258 5520 eosque
3305 5448 3547 5505 lumina-

1935 5542 2080 5597 rium
2114 5544 2289 5597 instar
2314 5544 2368 5598 in
2393 5543 2529 5601 orbe
2552 5544 2855 5611 collocaris,
2883 5543 3079 5614 dignos
3100 5543 3281 5598 electo
3305 5558 3546 5598 numero

1935 5650 2038 5690 suo
2073 5634 2261 5693 cilicii.
2304 5636 2456 5692 More
2499 5638 2664 5694 solito
2700 5636 2993 5693 Psahnista
3041 5634 3239 5690 salutis
3289 5636 3545 5689 humana:

1937 5736 2323 5800 argumentum
2358 5743 2483 5786 cum
2516 5727 2809 5786 universali
2837 5725 3192 5785 Providentia
3239 5724 3547 5793 connectit,
