4014 6382
508 424 574 480 57
1206 405 1472 465 EUSEBII
1508 394 1977 461 CESARIENSIS
2015 390 2167 450 OPP.
2212 386 2389 445 PARS
2428 384 2519 441 Ill.
2555 414 2625 425 —
2663 380 3083 440 EXEGETICA.
3699 382 3775 432 68

504 540 881 595 demonstrans
906 529 1075 586 Deum
1100 542 1208 583 non
1238 513 1476 598 partium
1527 515 1901 577 tantummodo
1927 509 2079 567 orbis

2199 505 2282 576 τῆς
2311 501 2544 557 καθόλου
2576 500 2863 569 Προνοίας,
2894 496 3225 563 δεικνὺς,ὦς
3251 494 3315 549 οὒ
3348 493 3510 566 μόνον
3545 495 3779 563 κηόεται

506 640 692 684 curam
708 637 917 695 gerere.
935 635 1122 677 verum
1149 618 1316 673 etiam
1344 616 1705 671 humanorum
1727 610 2073 695 dogmatum:

506 731 563 775 et
593 694 736 787 quod
761 715 912 773 solus
940 712 1157 770 noverit
1196 718 1474 765 astrorum
1507 713 1821 761 numerum,
1848 694 2077 767 positio-

510 825 628 876 nes,
657 818 714 865 et
732 822 952 874 causas,
978 800 1379 873 magnitudines
1400 810 1622 869 quoque
1660 802 1715 847 et
1747 788 2035 845 distantias
2060 823 2078 851 ,

508 901 737 956 virtutes
761 909 817 956 et
857 895 1170 961 eﬂlcaclam,
1222 891 1517 961 unicuique
1573 886 1826 942 idoneum
1883 892 2081 935 nomen

513 994 816 1062 imponens.

663 1080 825 1135 Vsus.
849 1078 901 1132 7.
928 1074 1210 1132 Prwciniu
1237 1072 1466 1129 Domino
1508 1068 1564 1122 in
1588 1062 1939 1134 confessione.

588 1171 967 1245 Symmachus,
1001 1164 1276 1221 Reccnsete
1316 1162 1428 1218 Deo
1462 1158 1864 1228 confusionem,
1911 1150 2085 1206 ασκεω

518 1264 626 1323 Deo
643 1274 820 1320 nostro
848 1278 968 1317 cum
992 1260 1132 1331 lyra.
1167 1256 1356 1327 Aquila
1388 1272 1403 1309 :
1427 1251 1700 1307 Reccnsete
1716 1247 1945 1303 Domino
1963 1258 2084 1298 cunt

513 1358 805 1428 gratiarum
843 1353 1071 1417 actione,
1111 1351 1281 1404 canit:
1316 1344 1427 1400 Deo
1460 1352 1646 1397 nostro
1684 1354 1821 1393 cant
1848 1336 2079 1390 cithara.

2177 593 2287 647 τῶν
2324 591 2419 645 τοῦ
2454 590 2663 661 κόσμου
2694 587 2900 661 μερῶν,
2951 585 3090 640 ἀλλὰ
3126 587 3223 641 καὶ
3262 584 3373 639 τῶν
3404 581 3778 655 ἀνθρωπίνων

2177 685 2497 755 δογμάτωνο
2533 682 2628 735 καὶ
2847 677 3085 751 ἀριθμὸν
3126 678 3348 751 ἄστρων
3386 672 3517 737 οἶδε.
3550 674 3646 728 καὶ
3679 673 3777 727 θέ-

2181 793 2316 840 σεις,
2362 773 2459 829 καὶ
2505 773 2605 837 τὰς
2651 772 2853 837 αἰτίας,
2905 769 3110 842 μεγέθη
3154 786 3215 823 τε
3247 769 3343 825 καὶ
3382 767 3778 839 ἀποστήματα,

2179 867 2439 939 δυνάμεις
2469 883 2529 919 τε
2562 866 2660 920 καὶ
2688 863 2994 936 ἐνεργείας,
3018 862 3236 932 ἑκάστῳ
3262 862 3573 935 πρόσφορον
3600 858 3779 930 δνομα

2180 959 2301 1032 τίθη
2309 975 2414 1014 σιν.

2350 1047 2671 1119 Ἔξάρξατε
2709 1044 2791 1112 τῷ
2819 1045 3015 1115 Κυρίῳ
3046 1044 3116 1100 ὲν
3143 1043 3600 1115 ἑξομολοτησει.

2264 1142 2323 1196 '0
2354 1140 2673 1213 Σύμμαχος,
2703 1136 3089 1203 Rata/mia“
3118 1134 3199 1202 τῷ
3242 1137 3441 1206 Κυρίῳ
3483 1133 3780 1205 ἐξομολό-

2182 1250 2386 1306 γησιν,
2430 1230 2827 1303 μελῳδήσατε
2877 1227 2959 1295 τῷ
3020 1224 3143 1294 Θεῷ
3187 1225 3360 1298 ἡμῶν
3386 1226 3505 1282 διὰ
3556 1227 3773 1295 λύρας.

2196 1325 2449 1390 Ἀκύλας,
2482 1321 2864 1387 Καταλέξατε
2907 1318 2990 1387 τῷ
3031 1321 3230 1389 Κυρίῳ
3280 1318 3353 1373 ἐν
3398 1317 3778 1389 εὐχαριστίᾳ,

514 1408 794 1517 animali“
845 1408 1243 1501 confessionem
1276 1446 1332 1493 et
1372 1434 1639 1508 psalmum
1669 1431 1975 1517 imperant,
2001 1426 2086 1481 di-

2199 1414 2572 1482 ωελῳδήσατε
2598 1412 2680 1479 τῷ
2706 1411 2830 1517 Θεῷ
2860 1410 3031 1481 ἡμῶν
3052 1410 3123 1465 ἐν
3146 1408 3380 1478 κιθάρᾳ.
3410 1408 3475 1463 Ol
3498 1408 3782 1481 προστάτ-

513 1516 659 1597 versi
676 1538 797 1595 sine
822 1536 986 1591 dubio
1008 1538 1136 1589 sunt
1158 1531 1227 1585 ab
1249 1529 1318 1585 iis
1352 1525 1551 1598 quibus
1594 1524 1914 1593 imperatur.
1943 1516 2085 1585 Ergo

515 1633 713 1689 chorus
741 1626 1086 1700 propheticus
1108 1632 1164 1679 et
1191 1617 1520 1691 apostolicus
1546 1614 1614 1670 ad
1636 1613 1887 1670 eumdem
1916 1607 2083 1700 Deum

514 1736 631 1785 eos,
660 1696 757 1791 qui
780 1696 854 1773 de
873 1730 1100 1773 numero
1141 1728 1248 1767 non
1282 1716 1459 1771 erant,
1506 1714 1683 1768 vocat,
1725 1702 1977 1757 ethnicos
2009 1696 2087 1752 ni-

516 1814 735 1875 mirum,
769 1811 955 1866 dicens
987 1826 1002 1862 :
1039 1804 1262 1861 Psallite
1302 1801 1412 1857 Dso
1438 1810 1640 1854 nostro.
1670 1792 1870 1850 Jubeut
1900 1801 2083 1846 autem

516 1906 632 1961 haec
656 1904 842 1963 verba,
876 1907 1054 1955 mente
1086 1896 1307 1967 quidem
1337 1903 1393 1949 et
1421 1886 1841 1960 cogitationibus
1890 1884 2086 1938 animae

514 1994 789 2055 confiteri.
817 1991 1066 2062 corporis
1094 1996 1273 2043 autem
1303 1984 1581 2056 cperibus,
1609 1977 1779 2034 veluti
1819 1976 1974 2047 pulsa
2005 1973 2087 2028 ci-

518 2085 699 2150 thara,
751 2084 854 2154 ipsi
905 2080 1165 2153 psallere.
1196 2077 1263 2132 Et
1307 2075 1522 2146 quidem
1552 2085 1705 2127 more
1740 2083 1840 2125 suo
1890 2078 2091 2135 corpus

520 2176 758 2247 psalterii
792 2174 1123 2241 citharaeque
1145 2168 1365 2224 nomine
1397 2162 1683 2219 Psalmista
1710 2160 1959 2223 denotat,
1989 2171 2091 2212 ceu

520 2267 785 2322 concinne
808 2275 867 2321 et
887 2264 1133 2334 sapiente
1165 2275 1291 2317 cum
1320 2256 1605 2313 hannonis
1634 2261 2003 2322 compactum.
2032 2248 2091 2304 In

519 2358 625 2414 huc
659 2357 804 2414 enim
836 2370 990 2411 mens
1034 2353 1251 2409 virtutis
1276 2348 1534 2421 operibus
1572 2360 1798 2414 canem,
1850 2344 2091 2401 divinam

518 2448 932 2521 apiritalemque
961 2446 1074 2503 Deo
1110 2444 1291 2501 reddit
1329 2440 1640 2497 melodiam.

701 2732 864 2786 vm.
905 2731 959 2787 9.
994 2726 1096 2793 Qui
1121 2727 1213 2780 dat
1247 2739 1420 2779 escam
1452 2720 1610 2791 pullis
1633 2732 1909 2773 corvorum

1028 2797 1387 2851 invocantibus
1427 2809 1569 2847 cum.

591 2890 809 2947 Tradita
840 2887 997 2943 nobis
1029 2895 1112 2941 est
1151 2883 1377 2955 physica
1408 2879 1651 2950 quaedam
1683 2874 1964 2941 doctrina,
1993 2885 2093 2927 ceu

521 2985 567 3038 si
594 2981 720 3052 pulli
765 2993 1054 3035 corvorum
1089 2988 1121 3029 ιι
1172 2976 1289 3029 suis
1318 2970 1659 3044 parentibus,
1694 2981 1801 3021 non
1831 2978 1986 3035 aque
2030 2977 2096 3017 ac

522 3075 662 3130 alius
684 3071 895 3144 generis
934 3068 1114 3123 avium
1157 3066 1311 3135 pulli,
1364 3063 1602 3117 alantur.
1632 3058 1841 3115 Revera
1874 3056 2095 3111 destitui

522 3168 775 3223 dicuntur
827 3179 857 3217 a
908 3160 1243 3233 genitoribus
1292 3158 1405 3212 suis
1462 3167 1751 3210 corvorum
1792 3149 1948 3220 pulli,
1997 3146 2094 3203 sed

526 3268 710 3311 tamen
735 3254 896 3310 aliter
920 3252 987 3305 ali
1018 3248 1339 3305 mirabiliter
1368 3263 1395 3299 a
1430 3245 1521 3300 Dei
1547 3241 1811 3314 potenzia.
1860 3237 1998 3292 Nam
2039 3248 2097 3291 et

523 3358 811 3417 antequam
860 3344 1062 3415 proprii
1123 3349 1377 3411 parentes
1437 3334 1723 3398 accedant,
1791 3330 1945 3386 hiare
1996 3343 2094 3383 ore

521 3442 797 3504 dicuntur,
851 3452 991 3491 esca:
1030 3433 1395 3496 necessitate;
1444 3436 1521 3492 et,
1551 3436 1611 3481 ut
1641 3425 1821 3481 solent
1870 3423 1945 3477 illi
1994 3421 2093 3491 qui

526 3533 694 3588 Deum
754 3531 1044 3592 invocant,
1080 3524 1308 3579 naturali
1356 3520 1587 3592 quodam
1618 3517 1879 3573 instinctu
1910 3515 2089 3569 cibum

522 3634 709 3696 petere
731 3624 801 3676 ab
828 3635 892 3674 eo
918 3621 1006 3688 qui
1038 3626 1289 3672 naturam
1317 3612 1559 3667 donavit.
1582 3610 1757 3678 Atque
1787 3608 1859 3661 ita
1888 3604 2094 3661 deferri

527 3718 593 3769 ad
630 3730 724 3769 eos
758 3728 854 3783 per
884 3725 1062 3766 aerem
1097 3722 1279 3763 escam
1307 3706 1571 3774 aliquam,
1606 3714 1740 3755 aura
1772 3699 2003 3770 quadam
2041 3700 2092 3751 in

521 3824 583 3865 os
613 3807 871 3863 delatam.

987 3997 1312 4057 PSALMUS
1339 3992 1600 4053 CXLVII.

690 4095 855 4151 Vsus.
894 4089 948 4147 8.
974 4091 1306 4147 Annuntians
1330 4091 1537 4144 uerbum
1568 4101 1722 4141 suum
1744 4082 1935 4139 Jacob.

595 4188 687 4243 Ait
722 4185 1005 4241 Eusebius.
1045 4186 1315 4239 Accurate
1349 4180 1639 4236 admodum
1696 4178 1910 4231 videtur
1961 4173 2096 4227 mihi

526 4282 631 4338 hoc
662 4279 976 4335 vocabulum
1009 4275 1211 4344 aliquid
1247 4275 1466 4338 docere,
1527 4285 1721 4341 nempe
1770 4268 2095 4323 annuntians

2184 1526 2367 1571 τοντες
2396 1507 2605 1580 ἑτέροις
2637 1501 3077 1574 ἐξομολογεῖσθαι
3108 1502 3204 1557 καὶ
3234 1499 3481 1571 ψάλλειν,
3507 1500 3684 1572 ῑτεροι
3708 1498 3783 1555 ἂν

2185 1598 2294 1656 εἷεν
2332 1600 2443 1654 τῶν
2486 1595 2992 1672 προσταττομένων
3030 1593 3191 1666 χορὸς
3217 1592 3397 1646 τοίνυν
3438 1590 3783 1664 προφητικὺς

2184 1694 2274 1749 διὰ
2306 1693 2510 1748 τούτων
2542 1691 2639 1745 καὶ
2661 1686 3021 1749 άποστολικδς
3053 1686 3149 1739 ἐπὶ
3175 1684 3268 1740 τὸν
3302 1683 3465 1739 αὑτὸν
3490 1683 3623 1738 Θεὸν
3647 1682 3783 1748 τοὺς

2190 1788 2265 1862 μὴ
2296 1788 2458 1853 ὄντας
2480 1784 2542 1851 ἐξ
2567 1782 2747 1839 αὐτῶν
2773 1777 3146 1842 ἀνακαλεῖται,
3182 1778 3311 1839 τοὺς
3333 1775 3444 1831 ἀπὺ
3465 1775 3576 1831 τῶν
3603 1774 3784 1829 ἐθνῶν

2116 1851 2161 1907 Β
2188 1851 2449 1954 δηλονότι,
2485 1879 2754 1947 λέγοντες·
2796 1874 3035 1930 Ψὰλατε
3079 1869 3161 1937 τῷ
3208 1868 3331 1935 Θεῷ
3365 1866 3555 1938 ἡμῶν.
3598 1868 3783 1939 Προσ-

2188 1974 2373 2028 τάττει
2412 1972 2471 2026 δὲ
2522 1972 2551 2023 ό
2593 1968 2750 2038 λόγος
2775 1966 2987 2038 διανοίᾳ
3021 1963 3121 2036 μὲν
3162 1964 3259 2016 καὶ
3291 1958 3575 2031 λογισμοῖς
3596 1958 3784 2031 ψυχῆς

2190 2061 2659 2135 ἐξομολογεῖσθαι,
2715 2059 2898 2131 ἔργοις
2943 2057 3001 2111 δὲ
3057 2057 3172 2120 τοῖς
3231 2053 3323 2108 διὰ
3368 2052 3466 2108 τοῦ
3523 2050 3785 2123 σώματος

2191 2153 2379 2225 ὥσπερ
2438 2151 2529 2207 διὰ
2585 2150 2815 2221 κιθάρας
2867 2144 3268 2219 ἐνεργουμένης
3318 2142 3544 2215 ψάλλειν
3600 2139 3780 2212 αὐτῷ’

2194 2244 2437 2317 συνήθως
2462 2245 2522 2299 δὲ
2551 2244 2613 2297 τὸ
2647 2242 2807 2314 σῶμα
2845 2240 3143 2312 ψαλτήριον
3177 2238 3275 2292 καὶ
3302 2236 3536 2309 κιθάραν
3560 2235 3785 2306 ὠνόμα-

2194 2356 2307 2402 σεν,
2338 2339 2435 2393 άτε
2462 2335 2753 2408 εὐρύθμως
2783 2336 2881 2388 καὶ
2913 2333 3034 2405 μεθ’
3053 2329 3319 2403 ἁρμονίας
3348 2328 3521 2401 σοφῆς
3558 2326 3787 2398 συγκεί-

2196 2450 2355 2504 μενον
2372 2449 2387 2464 ·
2432 2434 2492 2486 ὲν
2535 2429 2708 2500 τούτῳ
2734 2428 2845 2501 γὰρ
2884 2430 2912 2482 ό
2936 2428 3062 2491 νοῦς
3088 2425 3526 2499 ἀνακρουόμενος
3549 2423 3637 2478 διὰ
3668 2422 3787 2477 τῶν

2193 2528 2312 2582 κατ’
2347 2524 2551 2596 ἀρετὴν
2595 2521 2849 2595 πράξεων
2891 2521 2991 2593 τὴν
3039 2510 3223 2575 ἔνθεον
3259 2506 3355 2574 καὶ
3400 2515 3788 2589 πνευματικὴν

2196 2617 2465 2691 μελῳδίαν
2498 2615 2813 2687 ἀναπέμπει
2846 2612 2923 2685 τῷ
2948 2612 3068 2685 Θεῷ
3102 2612 3245 2685 (2'7).

2192 2710 2425 2766 Διδόντι
2458 2707 2823 2779 τροφὴνμκαὶ
2852 2708 2977 2774 τοῖς
3022 2706 3307 2779 νεοσσοῖς
3342 2701 3461 2779 τῶν
3502 2701 3789 2773 κοράκων

2540 2776 2662 2845 τοῖς
2692 2776 3191 2847 ἐπικαλουμένοις
3218 2776 3426 2830 αὐτόν.

2265 2867 2439 2926 Ἦλθε
2474 2870 2532 2924 δέ
2558 2887 2643 2934 τις
2676 2871 2755 2932 είς
2779 2870 2928 2940 ἡμᾶς
2976 2865 3203 2937 φυσικὸς
3226 2863 3404 2933 λόγος,
3434 2864 3513 2929 ὡς
3548 2862 3624 2937 μὴ
3654 2879 3789 2934 τρι-

2196 2964 2447 3035 φομένων
2469 2962 2698 3017 νεοττῶν
2712 2960 2823 3015 τῶν
2847 2960 3098 3032 κοράκων
3116 2958 3221 3012 ὑπὸ
3244 2958 3354 3013 τῶν
3373 2956 3786 3028 γεννησάντων,

2196 3055 2397 3127 ὁμοίως
2428 3056 2541 3117 τοῖς
2570 3053 2676 3106 τῶν
2703 3052 2879 3107 ἄλλων
2918 3049 3121 3123 ὀρνέων
3165 3052 3421 3113 νεοττοτςδ
3457 3045 3793 3102 καταλείπε-

2200 3144 2323 3198 σθαι
2356 3144 2454 3215 μὲν
2485 3142 2594 3214 γὰρ
2631 3140 2739 3195 τῶν
2778 3142 3029 3211 κοράκων
3060 3139 3193 3210 φασὶ
3232 3140 3360 3203 τοὺς
3386 3138 3638 3201 νεοττοὺς
3678 3134 3792 3189 ὑπὸ

2200 3236 2309 3289 τῶν
2332 3233 2756 3304 γεγεννηκότων,
2781 3230 3075 3304 τρέφεσθαι
3112 3232 3170 3285 δὲ
3192 3230 3338 3302 ἄλλῳ
3375 3228 3665 3302 παραδόξῳ
3690 3227 3791 3282 τοῦ

2202 3327 2338 3382 Θεοῦ
2385 3328 2648 3399 δυνάμειο
2702 3324 2900 3395 μηκέτι
2963 3326 3071 3399 γὰρ
3131 3324 3317 3389 αὐτοῖς
3372 3322 3791 3394 πλησιαζόντων

2201 3420 2627 3492 γεγεννηκότων,
2675 3417 2966 3489 κεχηνέναι
3008 3417 3069 3471 τὸ
3111 3416 3283 3487 στόμα
3329 3414 3538 3487 τροφῆς
3578 3403 3790 3483 ἐνδείᾳ,

2201 3513 2296 3565 καὶ
2332 3510 2568 3565 ἑοικέναι
2606 3507 3056 3578 ἐπικαλουμένοις
3092 3507 3185 3561 τὸν
3234 3504 3389 3571 Θεὸν,
3437 3507 3642 3578 φυσικῇ
3678 3520 3791 3560 τινι

2202 3603 2451 3676 ἐνεργείᾳ
2484 3602 2584 3673 τὴν
2606 3601 2812 3673 τροφὴν
2842 3598 3125 3664 αἰτοῦντας
3152 3598 3305 3671 παρὰ
3330 3598 3424 3653 τοῦ
3453 3599 3515 3652 τὸ
3529 3594 3668 3654 εἶναι
3688 3602 3791 3654 αὒ-

2201 3700 2313 3761 τοῖς
2343 3694 2747 3767 δεδωρημένου·
2778 3691 2921 3745 οὕτω
2949 3692 3007 3745 δὲ
3039 3681 3301 3764 φέρεσθαι
3342 3692 3531 3756 αὐτοῖς
3562 3708 3684 3746 τινα
3726 3691 3792 3757 ἐξ

2203 3789 2363 3861 ἀέρος
2404 3786 2610 3859 τροφὴν
2644 3783 2788 3839 κατὰ
2824 3784 2919 3837 τοῦ
2967 3787 3235 3856 στόματος
3278 3784 3384 3838 ὑπό
3426 3802 3571 3850 τινος
3609 3783 3791 3858 αὔρας

2206 3881 2441 3935 συνωθου
2448 3879 2639 3951 μένην.

2749 3992 3040 4046 ΨΑᾹΜΟΣ
3073 3993 3253 4046 PMZ'.

2285 4088 2347 4142 Ὀ
2376 4084 2776 4157 ἀπαγγέλλων
2803 4085 2910 4138 τὸν
2945 4086 3131 4153 λόγον
3152 4083 3343 4139 αὐτοῦ
3375 4081 3456 4148 τῷ
3497 4080 3715 4137 Ἰακώϐ.

2271 4182 2407 4252 Φησὶ
2428 4180 2486 4233 δὲ
2516 4179 2611 4232 καὶ
2632 4176 2660 4228 ὁ
2688 4176 2946 4239 Εὐσέϐιος
2977 4176 3112 4247 (28).
3134 4176 3345 4248 Σφόδρα
3371 4175 3426 4227 δὲ
3462 4173 3789 4248 ἀπηκριβω-

2206 4274 2381 4345 μένως
2410 4288 2501 4344 μοι
2528 4272 2676 4325 δοκεῖ
2694 4273 2727 4341 ὴ
2760 4268 3008 4341 παροῦσα
3034 4268 3179 4333 λέξις
3195 4268 3491 4336 διδάσκειν,
3526 4266 3581 4319 '0
3606 4267 3794 4337 ἀπατ-

525 4388 814 4429 sermonem
852 4386 1007 4425 suum
1034 4368 1259 4422 Iacobo.
1292 4364 1406 4419 Non
1436 4364 1583 4419 enim
1614 4363 1751 4416 dixit
1774 4362 1983 4414 mittens
2013 4357 2087 4413 vel

2203 4364 2437 4435 rem
2462 4362 2569 4416 τὸν
2592 4362 2779 4430 λόγον
2820 4361 3006 4416 αὐτοῦ
3032 4360 3112 4426 τῷ
3151 4359 3373 4414 Ἰακώϐ·
3406 4360 3467 4413 οὐ
3494 4360 3603 4432 γὰρ
3636 4360 3794 4431 εἴρη-

524 4466 613 4537 qui
639 4467 799 4519 misit.
837 4462 996 4518 Aliud
1021 4475 1151 4517 vero
1181 4458 1639 4520 estannuntiare,
1685 4453 1831 4507 aliud
1880 4452 2087 4505 mittere

2202 4472 2320 4519 κεν,
2365 4456 2399 4508 δ
2447 4451 2865 4516 ἀποστέλλων,
2902 4452 2935 4523 ἢ
2983 4456 3015 4505 ό
3061 4452 3455 4517 ἀποστείλας.
3500 4450 3662 4505 Ἀλλο
3692 4449 3793 4522 δή-

528 4560 610 4616 vel
639 4559 795 4613 mitti.
840 4556 997 4611 Prius
1030 4555 1178 4611 enim
1214 4549 1492 4623 portendit
1521 4548 1666 4617 quod
1701 4546 1942 4599 futurum
1976 4552 2087 4607 est1

2205 4564 2309 4600 που
2332 4544 2481 4600 ἐστὶν
2507 4545 2863 4614 ἀπαγγεῖλαι,
2892 4543 2986 4597 καὶ
3010 4544 3137 4597 ἄλλο
3168 4544 3228 4597 τὸ
3256 4542 3573 4596 ἀποστεῖλαι
3603 4541 3637 4614 ἢ
3661 4543 3797 4596 ἁπο-

526 4658 582 4707 et
610 4649 891 4718 praedicit;
943 4646 1171 4701 alterum
1204 4657 1334 4698 vero
1392 4655 1505 4695 rem
1540 4646 1859 4707 praesentem
1895 4634 2087 4705 signiﬁ-

2199 4637 2544 4692 στέλλεσθαι·
2602 4637 2664 4689 τὸ
2708 4637 2806 4707 μὲν
2850 4636 2959 4707 γὰρ
3001 4634 3308 4708 προμηνύει
3356 4634 3421 4687 τὸ
3464 4634 3653 4706 μέλλον
3695 4634 3796 4688 καὶ

528 4751 633 4805 cat,
658 4742 709 4796 id
737 4748 841 4807 est,
872 4753 1030 4808 quem
1068 4737 1183 4807 ipse
1211 4735 1359 4791 misit
1382 4734 1447 4787 ad
1478 4729 1908 4802 praedicandum.
1938 4727 2014 4780 Ita
2044 4735 2087 4779 ul

2199 4731 2473 4803 προλέγει·
2523 4730 2585 4783 τὸ
2621 4729 2677 4782 δὲ
2718 4730 3021 4798 παρουσίαν
3067 4727 3344 4797 σημαίνει,
3397 4727 3616 4781 καὶτὸν
3655 4727 3795 4781 ἀπο-

528 4831 865 4887 annuntiatio
890 4828 1105 4899 quidem
1143 4836 1200 4881 et
1251 4822 1529 4896 praedictio
1558 4819 1750 4883 futuri,
1794 4819 1885 4871 uni
1913 4816 2087 4871 lsraeli

2201 4822 2466 4875 σταλέντα
2503 4821 2569 4874 δι’
2601 4820 2797 4874 ἑαυτοῦ
2826 4820 3117 4891 κηρύττειν
3137 4837 3149 4849 ’
3182 4819 3322 4872 ὥστε
3362 4820 3461 4890 τὴν
3489 4819 3587 4891 μὲν
3611 4820 3794 4887 ἀπαγ-

528 4924 671 4979 facta
723 4922 913 4988 fuerit;
956 4919 1145 4975 missio
1204 4929 1383 4971 autem
1445 4931 1551 4970 non
1585 4914 1714 4967 huic
1755 4911 1871 4974 uni,
1908 4923 2087 4964 verum

2202 4912 2386 4981 γελίαν
2420 4913 2514 4966 καὶ
2538 4912 2637 4983 τὴν
2667 4913 2973 4984 πρόρρησιν
2998 4911 3092 4963 τοῦ
3126 4910 3433 4981 μέλλοντος,
3458 4910 3793 4981 γεγενῆσθαι

527 5018 689 5071 etiam
727 5015 938 5069 cunctis
961 5012 1083 5065 aliis
1104 5008 1378 5081 gentibus.
1419 5004 1529 5061 Sed
1566 5003 1799 5059 fortasse
1821 5001 1971 5057 dicet
1996 5000 2087 5055 ali-

2208 5002 2359 5075 παρὰ
2409 5004 2556 5075 μόνῳ
2586 5002 2665 5073 τῷ
2713 5001 2950 5075 Ἰσραὴλ,
2997 5002 3093 5073 τὴν
3126 5002 3181 5054 δὲ
3228 5002 3535 5073 ἀποστολὴν
3580 5002 3681 5055 οὐκ
3725 5000 3795 5055 ἂν

528 5109 651 5177 quis
678 5126 692 5161 :
728 5106 787 5161 Si
814 5106 1025 5161 caeteris
1057 5101 1368 5159 horninibus
1394 5099 1782 5153 revelationem
1805 5111 1913 5151 non
1948 5095 2087 5161 fecit1

2208 5094 2397 5166 ἐκείνῳ
2434 5096 2599 5166 μόνῳ,
2648 5094 2786 5149 ἀλκὰ
2830 5096 2926 5148 καὶ
2973 5096 3106 5149 πᾶσι
3152 5096 3265 5159 τοῖς
3310 5094 3518 5157 λοιποῖς
3556 5092 3790 5146 ἔθνεσιν.

529 5202 798 5272 quomodo
837 5215 929 5255 eos
962 5201 1136 5270 punit,
1164 5207 1358 5263 nempe
1390 5194 1553 5248 etiam
1586 5190 1708 5245 illos
1738 5189 1829 5259 qui
1866 5197 1996 5241 ante
2024 5187 2087 5241 le-

2218 5180 2355 5233 Ἀλλ’
2389 5183 2518 5245 ίσως
2545 5180 2688 5235 εῐποι
2722 5199 2804 5245 τις
2830 5182 2915 5235 ἄν’
2944 5183 3051 5236 Καὶ
3081 5184 3155 5253 μὴ
3176 5182 3425 5253 δηλώσας
3451 5186 3563 5246 τοῖς
3584 5183 3793 5249 λοιποῖς

530 5307 653 5361 gem
688 5290 958 5354 vixerunt,
994 5298 1048 5343 et
1095 5297 1205 5340 toto
1251 5285 1388 5339 orbe
1425 5290 1748 5352 peccatores
1777 5276 1972 5333 fuere?
2012 5275 2087 5330 Di

2206 5272 2533 5344 ἀνθρώποις,
2578 5274 2695 5337 πῶς
2728 5276 2922 5338 αὐτοὺς
2962 5275 3199 5339 κολάζει,
3246 5279 3340 5329 καὶ
3378 5277 3508 5340 τοὺς
3546 5276 3653 5348 πρὸ
3697 5276 3792 5329 τοῦ

530 5383 706 5437 cimus
731 5396 861 5451 ergo
892 5380 994 5435 bos
1026 5377 1242 5449 quidem
1266 5375 1503 5446 iudicari
1534 5388 1563 5427 a
1599 5372 1709 5426 Deo
1746 5385 1810 5424 ex
1831 5370 1956 5440 jure
2012 5384 2087 5423 nat

2207 5367 2373 5437 νόμου
2403 5368 2498 5420 καὶ
2535 5368 2659 5430 τοὺς
2690 5367 3004 5437 ἅπανταχοῦ
3044 5368 3147 5438 τῆς
3188 5368 3515 5439 οἰκουμένης
3540 5369 3795 5441 ἁμαρτά-

534 5472 719 5537 turali,
746 5471 890 5541 quod
924 5469 1081 5525 nobis
1135 5467 1402 5530 inhaeret;
1450 5460 1718 5517 lsraelitas
1762 5469 1943 5513 autem
1988 5466 2087 5511 tun

2210 5475 2398 5521 νοντας
2422 5476 2438 5524 ;
2470 5459 2579 5511 Καὶ
2615 5458 2812 5529 φαμένο
2841 5461 3075 5525 Τούτους
3102 5462 3201 5533 μὲν
3239 5462 3414 5535 κρίνει
3442 5463 3552 5516 ἀπὸ
3574 5462 3669 5517 τοῦ
3699 5483 3797 5534 cpu-

528 5566 652 5637 jure
682 5562 937 5628 naturali,
962 5572 1074 5617 tum
1092 5564 1255 5616 etiam
1278 5558 1508 5627 scripto,
1540 5554 1615 5609 ita
1644 5564 1703 5607 ut
1736 5552 1910 5622 majus
1936 5551 2087 5605 bene-

2214 5551 2367 5604 σικοῦ
2411 5550 2576 5622 νόμου
2614 5552 2710 5605 καὶ
2753 5552 2847 5607 τοῦ
2884 5555 2941 5607 ὲν
2982 5556 3135 5625 ἡμῖν,
3177 5556 3303 5619 τοὺς
3342 5554 3399 5608 δὲ
3451 5555 3796 5628 Ἰσραηλίτας

603 5793 717 5866 (9.7)
746 5792 947 5866 Confer
981 5804 1166 5846 rursus
1198 5788 1322 5866 hac_
1355 5800 1516 5866 super
1556 5798 1615 5839 re
1658 5779 2096 5866 Nicetaeetlitum
2137 5794 2167 5834 a
2195 5780 2349 5838 nobis
2369 5781 2653 5855 prologum
2688 5782 2909 5841 Catena:
2948 5784 3168 5842 Patrum
3195 5786 3250 5843 in
3278 5784 3542 5844 Psalmos.

603 5850 715 5933 {28}
742 5864 935 5922 Recole
967 5866 1217 5920 adnotata
1258 5859 1323 5914 ad
1362 5850 1627 5928 psalmum
1662 5866 1841 5917 cxuv,
1870 5850 1957 5906 15.
