4014 6430
213 425 287 486 69
1363 422 1877 481 COMMENTAth
1920 422 1991 481 IN
2030 420 2382 483 PSALMOS.
3477 412 3551 470 70

210 551 309 605 καὶ
346 549 461 604 ἀπὺ
481 548 679 604 τούτου
716 547 814 604 καὶ
845 547 958 603 ἀπὸ
999 545 1098 603 τοῦ
1142 547 1398 621 γραπτοῦ
1444 547 1584 619 (39),
1608 547 1752 601 ὥστε
1795 549 1813 601 i

1938 546 2147 610 licium.
2186 544 2413 615 majoris
2462 539 2843 598 damnationis
2888 540 2979 597 his
3007 553 3177 597 causa
3235 538 3354 608 tiat,
3407 535 3551 593 ohe-

210 641 386 715 πολλὴ
425 641 726 715 εὐεργεσία
769 641 1019 708 πλείονος
1060 641 1249 708 αὐτοῖς
1277 643 1666 715 κατακρίσεως
1702 643 1813 697 ὑπό

1937 641 2207 696 dientiam
2237 636 2671 711 negligentibus.
2707 636 2919 692 Idcirco
2957 634 3104 690 Deus
3152 632 3301 689 haud
3362 630 3546 688 dixit:

211 733 366 801 θσσις
412 735 630 805 γίνεται
683 735 1123 809 ῥεραθυμηκόσι·
1164 734 1254 790 διὰ
1294 734 1459 789 τοῦτο
1521 736 1619 790 καὶ
1662 735 1813 801 αὐτὸς

1932 731 2053 790 Non
2083 732 2216 789 fecit
2238 730 2390 788 omni
2431 732 2606 803 genti,
2638 730 2735 786 sed
2763 729 2855 786 Sic
2889 745 2995 784 non
3016 728 3184 801 fecit;
3213 725 3267 782 id
3293 734 3403 792 est,
3437 740 3546 780 non

207 826 310 880 οὐκ
348 822 527 892 εἷπεν,
569 829 655 883 ὅτι
685 827 790 883 οὐκ
828 828 1057 900 ἐποίησε
1090 828 1258 883 παντὶ
1288 827 1458 894 ἔθνει,
1489 829 1607 884 ἀλλ’
1637 831 1813 898 οὕτως

1935 826 2152 883 tabulas
2181 824 2355 892 misit,
2386 840 2493 880 non
2526 824 2741 880 litteras
2765 822 2819 879 in
2842 830 3032 879 monte
3055 820 3215 887 Sina,
3242 818 3338 877 sed
3360 833 3546 892 .pecu-

206 920 321 973 οὐκ
334 919 619 988 ἑποίησσο
634 919 794 973 τουτέ
803 935 921 974 στιν
940 919 1004 973 ού
1032 918 1251 985 πλάκας
1279 919 1549 993 επεμψεν,
1566 923 1629 976 οὐ
1650 922 1813 995 γράμ⁴

1935 920 2153 976 ltariter
2182 925 2394 975 tantum
2420 916 2646 976 Judais.

207 1027 356 1080 ματα
427 1009 499 1066 τά
538 1010 635 1066 επὶ
700 1011 795 1066 τοῦ
860 1012 1050 1067 Σινιου
1096 1013 1282 1086 ὅρους,
1336 1013 1478 1070 ἀλλὰ
1545 1018 1663 1081 τοῖς
1717 1016 1849 1069 'Iou-
2220 1000 2223 1001 ν

202 1103 378 1171 δαίοις
409 1108 477 1161 ὲκ
510 1108 857 1180 περιουσίας.

738 1204 1039 1259 ΨΑΛΜΟΣ
1090 1204 1278 1260 PMH’.

284 1293 381 1346 Ἕν
418 1292 522 1365 μὲν
550 1294 630 1367 τῷ
657 1295 783 1369 ρμε⁹
822 1296 1026 1369 ψαλμῷ
1075 1298 1177 1369 μία
1209 1297 1336 1352 καθ’
1369 1299 1572 1372 ἑαυτὴν
1603 1300 1637 1371 ή
1672 1297 1823 1373 ψυχὴ

199 1385 295 1439 τὸν
331 1384 545 1460 Κύριον
597 1390 773 1444 αίνείν
806 1390 1111 1456 ἐκελεύετο,
1156 1392 1461 1462 φάσκοντος
1504 1390 1603 1446 τοῦ
1636 1392 1823 1462 λόγου,

199 1478 394 1541 Atrea,
433 1479 474 1546 ἠ
521 1478 696 1550 ψυχή
736 1499 878 1553 μου,
917 1482 1028 1538 τὸν
1059 1484 1300 1554 Κύριον.
1348 1485 1438 1539 Ἐν
1469 1483 1528 1538 δὲ
1573 1483 1653 1556 τῷ
1704 1484 1824 1557 μετ’

2420 1196 2750 1260 PSALHUS
2775 1198 3058 1258 CXLVIII.

2000 1298 2060 1353 In
2086 1299 2301 1368 psalmo
2343 1296 2566 1368 quidem
2596 1309 2761 1361 στιν,
2811 1295 2905 1350 uni
2957 1306 3057 1365 per
3085 1306 3149 1349 se
3192 1290 3394 1349 anima:
3423 1289 3540 1347 lau-

1928 1389 2068 1448 dare
2105 1390 2398 1446 Dominum
2426 1388 2823 1460 imperabatur.
2857 1384 2935 1442 lbi
2961 1386 3111 1442 enim
3136 1383 3544 1442 diciturzLau-

1929 1485 1999 1538 da
2027 1523 2044 1549 ,
2100 1483 2282 1538 anima
2306 1498 2465 1548 mea,
2518 1478 2808 1535 Dominum
2838 1478 2907 1534 ⁸⁸.
2951 1477 3011 1535 in
3062 1478 3316 1549 proximo
3357 1487 3541 1535 autem

198 1570 372 1623 αὐτὸν
404 1571 619 1643 πλῆθος
648 1574 745 1627 ἐπὶ
790 1575 881 1629 τὸν
914 1572 1068 1631 αἶνον
1102 1577 1289 1632 ἐκάλει
1319 1577 1410 1632 διὰ
1439 1576 1558 1641 τοῦ,
1600 1577 1813 1633 Αἰτεῖτε

1934 1576 2230 1633 multitudo
2266 1575 2606 1632 invitabatur
2656 1575 2743 1630 his
2788 1573 2977 1630 verbis
3016 1572 3308 1631 :Laudate
3353 1572 3545 1629 Domi-

198 1662 452 1730 Κύριον,
485 1663 577 1718 ὅτι
606 1665 833 1736 ἀγαθὸν
865 1670 1106 1740 ψαλμός
1125 1687 1139 1700 ·
1177 1671 1272 1724 ἐπὶ
1299 1670 1359 1724 δὲ
1388 1669 1484 1724 τοῦ
1518 1669 1649 1742 ἑξῆς
1682 1671 1820 1743 αὐτὴ

1932 1684 2057 1722 nam
2079 1709 2096 1735 ,
2129 1668 2384 1741 quoniam
2410 1668 2549 1722 bona
2584 1682 2668 1721 res
2698 1666 2940 1737 psalmus
2964 1666 3032 1721 ⁸⁸.
3069 1667 3316 1738 Denique
3346 1667 3401 1724 in
3433 1666 3544 1724 alio

207 1754 585 1827 Ἰερουσαλὴμ
635 1755 799 1809 τοῦτο
839 1758 1104 1833 πράττειν
1156 1760 1562 1833 προσετάττετο
1613 1764 1674 1815 ὲν
1715 1760 1813 1834 τῷ.

1929 1760 2298 1830 subsequente
2328 1758 2445 1828 ipsa
2493 1757 2838 1814 Hierusalem
2871 1758 2979 1815 hoc
3006 1773 3167 1829 agere
3191 1757 3495 1828 jubebatur
3526 1780 3542 1818 :

210 1846 513 1914 Ἐπαίνει,
560 1849 981 1922 Ἰερουσαλὴμ,
1024 1854 1136 1909 τὸν
1176 1856 1421 1923 Κύριον.
1483 1855 1824 1922 Ἀκολούθως

197 1934 293 1995 οὖν
324 1940 565 2007 ἐκείνοις
594 1945 624 1997 ό
652 1944 1019 2017 προκείμενος
1048 1940 1203 2013 αἶνος
1226 1948 1489 2002 ἐπιτείνει
1513 1949 1574 2003 τὺ
1606 1950 1825 2022 παραγ-

197 2036 406 2105 γελμα,
457 2035 597 2106 μετὰ
650 2035 753 2109 τὴν
799 2040 1033 2111 μερικὴν
1083 2040 1491 2113 παρακέλευσιν
1543 2037 1709 2110 αὔξον
1760 2042 1824 2097 τὸ

199 2127 575 2199 πρόσταγμα·
614 2128 832 2201 ἀθρόως
874 2148 933 2186 τε
980 2131 1117 2205 όμοῦ
1162 2132 1266 2206 τὴν
1312 2133 1549 2206 γενητὴν
1600 2134 1822 2191 ἃπασαν

200 2221 382 2273 κτίσιν
413 2222 516 2292 τήν
549 2239 609 2275 τε
637 2222 926 2297 ὁρωμένην
958 2225 1052 2279 καὶ
1081 2224 1179 2299 τὴν
1207 2226 1441 2299 ἀόρατον
1476 2229 1572 2282 ἐπὶ
1605 2230 1700 2283 τὸν
1734 2226 1823 2285 αἷ-

198 2330 290 2365 νον
322 2311 420 2366 τοῦ
457 2313 597 2367 Θεοῦ
630 2318 923 2388 παρορμᾷ·
957 2316 1101 2373 κατά
1144 2321 1243 2392 μιν
1289 2320 1389 2394 τὴν
1428 2324 1606 2395 ἀρχὴν
1644 2324 1715 2377 τὰ
1761 2325 1821 2379 ἐν

196 2407 318 2468 τοῖς
339 2406 598 2478 οὐρανοῖς
631 2408 728 2461 καὶ
754 2408 909 2464 τὰ¹ὲν
936 2414 1051 2476 τοῖς
1076 2411 1325 2482 ὑψίστοις
1352 2413 1816 2489 ἀνακαλούμενος

200 2492 413 2565 προῖὼν
448 2495 506 2548 δὲ
550 2496 617 2549 τὰ
650 2497 744 2550 ἐπὶ
784 2498 886 2569 τῆς
914 2501 1019 2572 γῆς
1055 2504 1151 2557 καὶ
1189 2503 1261 2558 τὰ
1298 2507 1357 2559 ὲν
1384 2509 1507 2571 ταῖς
1534 2506 1818 2575 ἁϐύσσοις,

197 2587 300 2657 οὐχ
346 2589 427 2652 ὡς
472 2590 696 2644 πάντων
735 2592 917 2664 ψυχῆς
965 2596 1060 2648 καὶ
1100 2596 1262 2667 λόγου
1306 2601 1670 2672 μετεχόντων,
1700 2602 1818 2655 ἀλλ’

196 2680 280 2742 είς
327 2678 511 2732 ταῦτα
552 2682 680 2745 τοὺς
724 2682 884 2752 λόγου
918 2687 1308 2760 μετειληχότας
1342 2690 1680 2747 ἀποϐλέπειν
1726 2711 1819 2748 κε-

196 2769 375 2837 λεύει,
422 2772 520 2826 καὶ
570 2772 671 2845 τὴν
703 2775 917 2841 τούτοις
947 2779 1252 2852 γενομένην
1293 2783 1484 2854 σοφίαν
1529 2802 1817 2858 καταμανο

197 2859 495 2927 θάνοντας,
528 2863 620 2916 τὸν
644 2863 885 2939 Ηοιητὴν
908 2869 1195 2939 ἀνυμνεῖν.

592 2992 593 2995 η
685 2955 795 3009 Καὶ
824 2955 1016 3012 πᾶσαι
1050 2958 1334 3017 ἄϐυσσοι.

272 3046 513 3119 Ἐτεςδος
580 3048 856 3114 ἀϐύσσους
902 3051 1001 3123 τὴν
1049 3052 1159 3107 τῶν
1204 3056 1576 3129 καταχθονίων
1641 3062 1813 3134 ἔφησε

1927 1850 2141 1917 Lauda,
2174 1849 2537 1917 Hierusalem,
2566 1849 2854 1905 Dominum
2881 1850 2949 1906 “.
2984 1851 3369 1909 Couseutanea
3400 1866 3544 1921 prte-

1923 1941 2089 2000 dictis
2137 1956 2382 2013 presens
2410 1941 2533 1998 laus
2578 1940 2804 2011 jussum
2834 1942 3100 2012 ampliat;
3147 1953 3204 2000 et
3233 1946 3540 2017 congestim

1923 2044 2233 2090 creaturam
2263 2035 2427 2090 simul
2462 2035 2778 2091 universam
2815 2045 2927 2090 tam
2963 2036 3234 2094 visibilem
3259 2053 3425 2108 quam
3453 2038 3538 2093 in-

1923 2128 2198 2185 visibilem
2225 2129 2292 2184 ad
2326 2128 2419 2183 Dei
2456 2128 2675 2185 Iaudem
2705 2129 2912 2185 excitat
2945 2150 2959 2187 :
2994 2130 3152 2186 initio
3179 2132 3401 2202 quidem
3432 2144 3541 2187 ct:-

1923 2221 2081 2277 Iestia
2129 2232 2188 2278 et
2234 2222 2613 2278 excelsissima
2648 2222 2891 2277 invitans
2920 2241 2937 2279 :
2976 2238 3101 2278 mox
3132 2224 3493 2296 progrediens
3518 2264 3536 2288 ,

1924 2315 2211 2369 terrestria
2255 2324 2312 2369 et
2360 2328 2483 2384 qum
2518 2314 2571 2367 iu
2612 2314 2828 2383 abyssis
2874 2325 3200 2370 versantur:
3236 2329 3343 2372 non
3388 2316 3535 2386 quod

1920 2406 2105 2459 omnia
2134 2406 2318 2460 anima
2349 2414 2406 2459 et
2446 2403 2659 2472 loquela
2693 2406 2921 2475 praedita
2957 2408 3086 2471 sint,
3123 2409 3218 2463 sed
3254 2407 3533 2477 homines,

1919 2497 2017 2567 qui
2050 2495 2261 2567 loquela
2291 2505 2416 2552 sunt
2446 2498 2679 2567 praediti,
2701 2496 2858 2566 jubet
2893 2498 3015 2555 illas
3038 2510 3325 2557 creaturas
3354 2501 3533 2572 respi-

1920 2605 2047 2646 cere
2076 2631 2093 2657 ,
2144 2602 2200 2644 et
2246 2604 2563 2661 expressam
2608 2590 2667 2646 in
2719 2592 2804 2646 his
2836 2590 2931 2648 Dei
2965 2593 3292 2663 sapientiam
3324 2610 3534 2667 cogno-

1922 2690 2162 2750 scentes,
2191 2680 2510 2739 Creatorem
2536 2683 2759 2755 hymnis
2785 2686 3093 2742 celebrare.

2252 2926 2255 2929 Ι
2318 2956 2487 3011 Vens.
2520 2956 2576 3009 7.
2615 2955 2683 3009 Et
2718 2972 2900 3011 omnes
2922 2958 3121 3028 abyssi.

1991 3048 2145 3105 Alius
2177 3050 2395 3119 quidam
2431 3050 2660 3122 abyssos
2682 3051 2815 3105 dicit
2843 3066 2968 3106 esse
2990 3054 3409 3109 subterraneam
3445 3068 3528 3111 re-

196 3138 415 3212 χώραν,
460 3140 607 3195 κατά
638 3143 853 3198 Παῦλον
889 3146 1115 3200 εἰπόντα
1136 3164 1149 3177 ·
1182 3147 1275 3221 Μὴ
1300 3151 1484 3225 εἴπης,
1516 3155 1614 3221 Τίς
1639 3172 1813 3211 κατα-

1923 3142 2140 3213 giouem
2165 3182 2181 3208 ,
2215 3152 2375 3211 prout
2414 3141 2617 3198 Paulus
2648 3142 2725 3196 ait
2763 3160 2777 3195 :
2815 3140 2894 3199 Ne
2921 3143 3097 3209 dicas,
3133 3143 3264 3211 Quis
3314 3144 3525 3201 descen-

197 3232 457 3299 ϐήσεται
494 3236 583 3301 εἰς
630 3234 746 3303 τὴν
803 3236 1104 3305 ἄϐυσσον,
1159 3242 1409 3296 τουτέστι
1457 3246 1698 3313 Χριστὸν
1752 3251 1818 3303 ὲκ

196 3327 419 3398 νεκρῶν
476 3328 807 3397 ἀναγαγεῖνς
852 3332 944 3384 κα),
1001 3334 1061 3385 ἐν
1131 3332 1292 3399 Ἰὼϐ,
1335 3336 1437 3389 Ἐν
1476 3336 1567 3403 δὲ,
1624 3342 1815 3413 φησὶν,

199 3419 454 3488 ἴχνεσιν
504 3422 786 3476 ἀϐύσσου
825 3424 1309 3495 περιεπάτησας;
1343 3428 1571 3501 Μήποτε
1618 3433 1676 3487 δὲ
1724 3438 1817 3491 καὶ

196 3512 364 3565 τοῦτο
392 3512 603 3583 πλῆθος
636 3513 843 3569 ὑδάτων
872 3516 1022 3588 δηλοί
1047 3519 1172 3573 καθ’
1207 3512 1270 3573 οὗ
1298 3524 1677 3597 περιεπάτησε
1703 3528 1817 3582 Κύ-

202 3622 357 3675 ριος;
392 3606 472 3669 ὡς
502 3606 599 3675 ἀφ’
636 3607 830 3679 ἑτέρας
862 3610 1039 3682 ἀρχῆς
1063 3608 1205 3667 εἶναι
1236 3613 1319 3678 τὸ,
1350 3616 1724 3689 Ἀνοίιῃονται
1748 3622 1816 3678 δέ

197 3714 301 3751 σοι
325 3697 481 3767 φόϐῳ
503 3700 693 3771 πύλαι
724 3701 1020 3769 θανάτου;

354 3876 585 3945 ’ᾼσατε
618 3876 697 3942 τῷ
732 3880 930 3949 Κυρίῳ
962 3875 1129 3953 ᾆσμα
1161 3886 1396 3952 καινὸν,
1426 3905 1480 3943 κ.
1516 3908 1569 3945 τ.
1600 3889 1652 3946 λ.

273 3966 387 4020 Τοῦ
423 3968 616 4022 καινοῦ
640 3970 886 4042 ᾄσματος
909 3973 1093 4045 (30)...
1117 3979 1185 4049 τῇ
1203 3977 1314 4032 τῶν
1335 3980 1499 4035 ὁσίων
1514 3982 1814 4058 Ἐκκλησία

198 4058 473 4132 ᾀδομένου
502 4104 516 4126 ,
564 4060 766 4135 δηλαδὴ
814 4063 916 4136 τῆς
962 4066 1056 4120 τοῦ
1100 4068 1567 4144 Σωτῆροςήμῶν
1598 4077 1814 4149 Καινῆς

198 4150 530 4221 Διαθήκης..
564 4152 779 4225 παλαιῷ
814 4156 1099 4227 προσέχων
1145 4159 1366 4233 Ἰσραὴλ
1396 4162 1475 4235 τῷ
1519 4163 1611 4218 διὰ
1644 4168 1813 4222 Μωῦ-

200 4244 343 4307 σέως
363 4262 379 4276 ο
399 4244 464 4298 τὸ
492 4246 679 4299 καινὸν
703 4246 761 4300 δὲ
788 4246 946 4301 τοῦτο
973 4252 1374 4325 παράδειγμα..
1404 4256 1808 4329 εύφῳινέσθωο

197 4334 367 4399 αὐτὸς
416 4336 528 4406 γὰρ
559 4330 627 4406 ἦν
676 4337 706 4390 ό
742 4336 838 4390 τοῦ
868 4336 1005 4393 Θεοῦ
1044 4342 1217 4410 Λόγος
1267 4345 1296 4397 ὁ
1338 4346 1689 4417 χρηματίσας
1732 4349 1812 4421 τῷ

196 4429 454 4491 Μωῦσεῖ,
506 4430 601 4483 καὶ
643 4429 735 4483 τὸν
790 4430 1006 4504 Ἰσραὴλ
1053 4433 1343 4505 ἐξαγαγὼν
1388 4438 1454 4492 ἐκ
1500 4440 1600 4513 τῆς
1641 4443 1811 4512 Αίγύ-

1921 3239 2007 3290 det
2058 3237 2113 3289 iu
2162 3236 2409 3306 abyssum
2438 3234 2506 3302 ⁸⁵,
2546 3235 2600 3289 id
2639 3245 2726 3289 est
2774 3233 2846 3289 ob
2895 3234 3176 3290 Christum
3228 3251 3257 3289 a
3295 3239 3529 3294 mortuis

1921 3330 2334 3385 revocandum?
2370 3330 2433 3383 Et
2464 3328 2605 3398 apud
2636 3327 2832 3384 Jobum
2867 3345 2880 3383 :
2918 3327 2987 3383 In
3012 3330 3302 3401 profundo,
3327 3330 3527 3402 inquit,

1919 3421 2096 3491 abyssi
2118 3418 2407 3474 ambulasti
2438 3418 2528 3473 "1
2559 3417 2698 3473 Num
2729 3417 2873 3474 forte
2901 3422 3068 3474 etiam
3103 3421 3209 3474 hoc
3239 3422 3527 3489 vocabulo,

1919 3510 2074 3580 copia
2108 3525 2377 3581 aquarum
2405 3512 2699 3565 denotatur
2722 3524 2886 3581 supra
2911 3524 3073 3580 quam
3100 3510 3400 3568 ambulavit
3426 3514 3532 3568 Do-

1920 3604 2103 3659 minus
2131 3604 2154 3658 ?
2186 3603 2261 3658 ita
2285 3614 2343 3658 ut
2372 3602 2597 3659 aliunde
2645 3603 2978 3674 repetendus
3008 3605 3080 3659 sit
3106 3620 3302 3660 sensus
3328 3608 3529 3661 verbo-

1920 3710 2040 3750 rum
2076 3712 2091 3749 :
2126 3694 2455 3765 Aperiantur
2495 3697 2590 3750 tibi
2614 3735 2633 3762 ,
2680 3696 2899 3752 timoris
2931 3710 3095 3752 causa
3121 3736 3137 3764 ,
3184 3708 3356 3768 portae
3387 3715 3529 3752 mor-

1917 3791 1984 3845 tis
1998 3789 2044 3821 "’
2071 3788 2094 3843 ἲ

1988 3880 2155 3939 Vens.
2190 3882 2245 3937 1.
2271 3880 2499 3937 Cantate
2528 3880 2760 3936 Domino
2786 3882 3053 3953 canticum
3084 3900 3301 3950 novum,
3342 3892 3450 3940 etc.

1988 3973 2141 4030 Novo
2175 3974 2394 4029 cantico
2420 3974 2472 4027 in
2491 3982 2810 4027 sanctorum
2848 3973 3092 4030 Ecclesia
3123 3984 3346 4031 cantato
3370 3992 3526 4032 nem-

1915 4081 1983 4137 pe
2002 4065 2135 4120 Novi
2167 4065 2415 4120 Fmderis
2447 4064 2760 4121 Servatoris
2792 4066 3034 4120 nostri...
3058 4068 3252 4134 veteri,
3284 4082 3407 4138 qua
3426 4042 3528 4125 da.—

1915 4169 1969 4213 ta
2003 4158 2106 4214 fuit
2140 4173 2238 4229 per
2279 4157 2522 4230 Moysem
2553 4198 2568 4223 ,
2604 4158 2712 4230 legi
2748 4158 3038 4216 adhaerens
3072 4158 3264 4217 Israel.
3310 4160 3522 4217 Novum

1916 4253 2020 4307 hoc
2052 4251 2402 4323 exemplar...
2437 4250 2697 4307 exsultet.
2731 4250 2912 4322 Ipsum
2940 4254 3090 4307 enim
3121 4264 3244 4309 erat
3278 4252 3371 4310 Dei
3403 4254 3527 4310 Ver-

1914 4345 2067 4411 bum,
2100 4346 2243 4415 quod
2279 4344 2448 4415 Moysi
2484 4344 2709 4401 oracula
2737 4345 2962 4411 edebat,
2991 4353 3047 4401 et
3074 4344 3329 4403 Israelcm
3356 4345 3524 4419 Egy-

1915 4448 2008 4508 pto
2033 4437 2242 4505 eduxit,
2270 4438 2485 4509 sibique
2515 4453 2583 4494 ex
2617 4451 2685 4493 eo
2714 4437 2972 4508 populum
3004 4437 3341 4509 peculiarem
3380 4438 3519 4494 επε-

200 4536 339 4573 mea
366 4520 507 4593 (51),
539 4522 774 4593 ποιήσας
810 4539 871 4576 τε
905 4525 1070 4579 αὑτὸν
1118 4528 1317 4583 ἑαυτοῦ
1358 4528 1507 4587 λαόν.
1548 4510 1674 4598 Τοῖς
1708 4510 1808 4606 μὲν

1923 4532 2009 4586 cit.
2057 4530 2214 4587 Filiis
2243 4547 2375 4602 ergo
2406 4532 2656 4603 apprime
2701 4530 2888 4587 Sionis
2924 4531 3147 4585 mandat
3192 4529 3431 4601 gaudere
3464 4541 3520 4585 et

196 4606 293 4665 οὖν
321 4611 464 4673 υίοῖς
496 4610 636 4665 Σιὼν
675 4612 888 4685 χαίρειν
921 4617 1016 4669 καὶ
1042 4617 1307 4692 ἀγαλλιᾷν
1346 4622 1590 4693 πρώτοις
1621 4643 1809 4699 παρα-

198 4703 490 4758 κελεύεται
523 4705 619 4758 ἐπὶ
650 4704 728 4776 τῷ
763 4705 976 4776 βασιλεῖ
1014 4710 1193 4764 αὐτῶν
1214 4728 1228 4741 ⁸
1265 4714 1430 4779 αὐτὸς
1462 4716 1519 4770 δὲ
1566 4714 1635 4790 ἦν
1672 4721 1809 4786 ..τὸς

198 4796 366 4851 πάλιν
393 4796 425 4849 ό
460 4796 557 4850 τοῦ
592 4796 729 4852 Θεοῦ
758 4799 949 4869 Λόγος,
987 4802 1157 4858 πάλαι
1203 4805 1303 4875 μὲν
1338 4807 1519 4862 αὐτῶν
1552 4810 1811 4881 βασιλεὺς

196 4885 295 4953 ὢν,
346 4887 579 4961 ὕστερον
621 4888 679 4942 δὲ
712 4892 1077 4962 παραιτηθεὶς
1110 4892 1229 4967 [ὑπ’
1275 4896 1503 4969 0.0]th-
1542 4901 1623 4955 διὸ
1672 4904 1809 4977 πρὸς

197 4979 291 5032 τὸν
344 4980 638 5051 προφήτην
672 4981 929 5055 Σαμουήλ
965 5000 1133 5055 φησιν
1188 5002 1202 5016 ο
1231 4989 1315 5042 υὺ
1362 4991 1438 5043 σὲ
1477 4992 1808 5063 ἐξουθενή-

197 5089 406 5135 κασιν,
475 5072 617 5127 ἀλλ’
668 5073 818 5144 ἐμὲ..
877 5076 965 5145 μὴ
1010 5078 1378 5142 ,βασιλεύειν
1426 5084 1522 5138 ἐπ’
1578 5088 1803 5145 αὐτῶν.

199 5165 355 5219 Ἐπεὶ
382 5164 443 5219 δὲ
489 5163 567 5237 μὴ
600 5165 924 5245 θύπήκουσαν
958 5171 1024 5240 τῇ
1070 5169 1282 5243 κλήσει,
1319 5176 1548 5243 εἰκότως
1576 5181 1677 5253 τῆς
1706 5182 1807 5251 χά..

200 5276 349 5331 ριτος
405 5258 511 5330 τῆς
572 5260 913 5333 εὐφροσύνης
967 5264 1202 5329 ἑαυτοὺς
1246 5267 1573 5341 ἐπέρησαν·
1623 5274 1694 5328 τά
1738 5292 1805 5343 γε

200 5351 308 5424 μὴν
344 5350 476 5423 ἔθνη
504 5350 598 5405 τὸν
623 5353 855 5417 ἐκείνοις
895 5354 1136 5428 πρώτοις
1170 5362 1621 5434 κατηγγελμένον
1647 5365 1804 5438 βασι..

285 5496 333 5527 ⁸⁸
369 5494 518 5550 Psal.
570 5511 733 5559 θην,
783 5496 841 5552 2.

195 5564 240 5597 ⁸⁷
268 5568 403 5621 ibid.
439 5566 529 5622 17.

271 5704 386 5780 (29)
418 5706 784 5780 Magnipretii
806 5719 891 5765 est
918 5710 1034 5767 haec
1062 5710 1282 5769 Eusebii
1312 5710 1560 5767 doctrina
1592 5714 1662 5771 ob
1689 5715 1798 5770 sol-

201 5779 406 5857 vendas
436 5778 528 5833 de'
545 5778 1115 5857 ethnicorumusalute
1142 5783 1229 5837 vel
1260 5783 1617 5840 damnatione
1669 5802 1796 5857 pro-

203 5849 405 5920 positas
428 5863 468 5920 ξ
506 5849 849 5919 philosophis
876 5851 1244 5910 diﬂicuitates.

274 5918 389 5990 (50)
424 5917 597 5990 Hujus
632 5920 917 5993 iragmenti
957 5924 1164 5982 lacuna:
1194 5926 1247 5982 in
1279 5923 1586 5996 antiquiore
1616 5926 1799 5987 lacero

944 5497 993 5531 ⁸⁸
1021 5496 1170 5574 Psal.
1213 5516 1395 5574 CXLVI,
1447 5511 1493 5564 i.

628 5567 676 5601 ⁸⁸
701 5568 876 5658 lIieg.
907 5583 1033 5636 vut,
1060 5571 1113 5625 7.

1603 5510 1834 5569 “Psal.
1897 5529 2100 5579 exnvtt,
2172 5516 2262 5571 12.

1905 4625 2181 4678 exsultare
2211 4622 2282 4678 ob
2315 4638 2499 4693 regem
2534 4623 2799 4694 ipsorum.
2831 4623 2945 4679 Hoc
2971 4632 3155 4678 autem
3186 4634 3307 4679 erat
3339 4616 3518 4695 ipsum

1908 4715 2001 4771 Dei
2031 4717 2311 4782 Verbum,
2339 4717 2468 4772 olim
2500 4716 2721 4787 quidem
2748 4731 2844 4773 rex
2877 4716 3116 4783 illorum,
3149 4732 3312 4789 quem
3345 4717 3400 4773 hi
3431 4728 3516 4771 ta-

1907 4823 2033 4863 men
2081 4808 2278 4864 deinde
2331 4819 2722 4863 recusarunt...
2763 4807 2908 4863 unde
2953 4807 3236 4879 prophetat
3275 4806 3515 4863 Samueli

1907 4901 2089 4957 aiebat
2125 4920 2138 4955 :
2174 4899 2299 4956 Non
2334 4913 2385 4956 te
2420 4911 2849 4959 contemnserutu
2874 4940 2891 4967 ,
2936 4904 3028 4955 sed
3064 4917 3147 4955 me
3169 4940 3187 4967 ,
3232 4902 3517 4971 quominus

1910 5012 2070 5065 super
2094 5012 2183 5050 eos
2206 5011 2413 5067 regnem
2438 4995 2507 5050 ⁵³.
2535 4994 2604 5050 Et
2643 4996 2772 5065 quia
2803 4993 3084 5051 voeationi
3117 5008 3225 5050 non
3256 4994 3517 5050 obedive-

1911 5099 2043 5144 runt
2067 5128 2083 5156 ,
2129 5090 2328 5145 merito
2360 5089 2640 5160 semetipsi
2680 5091 2855 5161 gratia
2895 5089 3103 5144 Iaztitiie
3151 5089 3513 5144 orbaveruut.

1909 5180 1981 5236 Et
2027 5183 2382 5253 praedicatqu
2432 5184 2656 5253 quidem
2719 5182 2970 5254 apprime
3021 5181 3228 5237 Iudaeis
3283 5196 3469 5253 regem
3498 5222 3513 5246 ,

1908 5283 2103 5345 gentes
2128 5290 2253 5331 eum
2284 5284 2651 5347 agnoscentes
2676 5276 3061 5341 admiserunt,
3105 5276 3340 5346 ideoque
3375 5276 3515 5331 laeti-

1907 5368 2003 5434 tia,
2031 5382 2153 5438 quae
2169 5370 2468 5426 secundum
2489 5368 2657 5426 Deum
2674 5377 2782 5436 est,
2806 5378 2865 5424 et
2884 5368 3335 5441 exsultatiolipsis
3365 5370 3514 5425 acci-

2375 5517 2421 5549 ”
2456 5517 2614 5573 Rom.
2672 5532 2729 5587 ι,
2758 5516 2813 5573 7.
2927 5515 2976 5547 ⁸⁸
3003 5514 3108 5571 Job
3150 5531 3389 5583 xxxvm,
3420 5514 3511 5571 16.

1905 5722 2207 5794 exemplari
2235 5735 2549 5794 supersunt.

1906 5790 2327 5921 mi(«2ix)x:iveeole
2354 5796 2498 5852 dicta
2524 5813 2556 5855 a
2580 5797 2739 5855 nobis
2768 5799 2821 5854 in
2846 5808 2959 5855 not.
2994 5799 3065 5855 ad
3093 5816 3231 5858 vers.
3267 5801 3333 5855 10
3357 5797 3505 5872 ρεδισ
