4014 6438
516 408 585 465 Ἠ
1230 358 1495 462 ιευεειιιι
1534 401 2004 464 CASSARIENSIS
2040 400 2193 457 UPP.
2234 399 2415 456 PARS
2452 398 3067 456 lll.—-EXEGETICA.
3745 405 3816 457 τῇ

519 529 622 585 dit.
651 526 786 583 Hinc
820 533 936 581 toto
961 524 1096 580 orbe
1125 532 1317 596 gentes
1359 522 1415 577 in
1454 521 1570 578 suis
1614 520 1865 577 ecclesiis
1891 520 2107 574 laudant

2218 518 2311 572 λέα
2355 518 2652 587 ἐπιγνόντα
2678 515 3063 580 κατεδέξαντο⁸
3090 515 3281 587 διόπερ
3310 517 3344 587 ἡ
3376 515 3518 570 κατά
3553 517 3692 572 Θεὸν
3722 521 3816 573 εὑ-

522 631 719 674 nomen
742 616 865 685 ejus
894 631 996 685 ceu
1027 615 1231 686 proprii
1260 615 1424 684 regis,
1459 613 1553 668 Dei
1581 613 1791 668 scilicet
1824 610 1987 668 Verbi
2010 610 2101 666 Je-

520 724 585 764 su
612 709 815 764 Christi
847 724 1042 763 nomen
1075 707 1233 776 pleno
1258 705 1429 760 choro
1458 720 1581 759 cum
1626 704 1865 775 tripudio
1889 704 2101 775 gloriﬁ-

522 808 733 851 cantes.
768 797 875 853 Sed
908 806 960 851 et
988 797 1079 866 qui
1127 795 1387 850 solitatim
1416 796 1597 868 degit,
1630 796 1789 850 bouis
1826 798 1942 851 suis
1968 794 2106 849 acti-

522 889 629 945 bus
651 899 705 944 et
730 890 975 960 corporis
1021 888 1501 945 exercitationibus
1535 890 1792 960 hymnum
1837 888 2104 959 quodam-

526 982 691 1037 modo
718 992 772 1036 et
824 980 1188 1035 laudationem
1224 979 1336 1035 Deo
1371 980 1612 1036 conﬁcit.
1659 980 1713 1034 Id
1767 980 2106 1036 credibiliter

524 1073 824 1142 praedicens
872 1071 1157 1127 Psalmista
1202 1072 1377 1143 pergit
1411 1071 1605 1139 jubere
1652 1081 1709 1125 ut
1744 1080 2003 1143 tympano
2051 1081 2107 1127 et

524 1164 785 1235 psalterio
800 1164 1037 1236 psallam
1059 1166 1109 1220 ei
1135 1182 1148 1218 :
1166 1164 1404 1235 tympani
1424 1163 1687 1218 vocabulo
1703 1163 1964 1217 denotans
1984 1179 2108 1219 cor-

524 1273 662 1327 pus,
701 1257 963 1329 psalterio
995 1258 1320 1328 spiritum...
1350 1256 1728 1325 mortiﬁcantes
1754 1257 1988 1311 membra
2019 1274 2109 1310 su-

523 1365 619 1417 per
678 1360 876 1403 terram
902 1350 971 1431 'I',
1030 1360 1076 1403 et
1127 1349 1255 1403 Jesu
1304 1348 1763 1416 mortiﬁcationem
1787 1350 1842 1402 in
1893 1365 2108 1417 corpore

525 1442 956 1507 circumferentes
1000 1441 1067 1495 ".
1126 1441 1225 1507 Qui
1268 1440 1545 1495 exsttltant
1596 1439 1667 1495 ob
1716 1455 1899 1512 regem
1948 1456 2104 1496 suum

525 1546 631 1585 una
664 1548 786 1587 cum
812 1532 1192 1601 exsultante...
1222 1532 1311 1601 qui
1359 1531 1488 1586 fecit
1530 1547 1725 1588 emn...
1768 1542 2025 1606 tympano
2052 1544 2106 1589 et

525 1624 789 1692 psalterio
815 1624 1069 1693 psallunt.

2211 609 2453 682 φροσύνη
2486 610 2581 663 καὶ
2624 607 2945 678 ἀγαλλίασις
2979 608 3243 679 μετῆλθεν
3266 610 3353 662 ἐπ’
3383 609 3557 664 αὑτά·
3591 610 3718 666 ὅθεν
3744 613 3817 665 τὰ

2213 704 2313 774 μὲν
2341 701 2463 755 καθ’
2491 702 2619 771 ὅλης
2643 701 2744 772 τῆς
2774 699 3105 771 οἰκουμένης
3130 699 3261 773 ἔθνη
3288 703 3407 766 ταῖς
3432 702 3647 758 ἑαυτῶν
3690 704 3818 758 Ἐκ-

2212 790 2467 862 κλησίαις
2526 789 2735 845 αίνοῦσι
2764 788 2825 842 τὸ
2850 788 3021 859 ὄνομα
3060 789 3229 844 αὑτοῦ
3256 792 3351 844 τοῦ
3387 791 3652 862 βασιλέως
3683 794 3816 847 ἑαυ-

2208 882 2340 950 τῶν,
2374 883 2435 937 ὲν
2459 882 2609 955 χορῷ
2636 881 2731 936 τοῦ
2761 880 2898 936 Θεοῦ
2926 881 3102 950 Λόγου
3132 881 3193 934 τὸ
3223 882 3398 953 ὄνομα
3433 884 3642 957 Ἰησοῦν
3676 885 3815 957 Χρι-

2214 974 2338 1029 στὸν
2372 976 2513 1046 μετὰ
2542 974 2759 1046 χορείας
2783 970 3117 1039 δοξάζοντες-⁸
3138 971 3275 1026 ἀλλὰ
3302 975 3440 1028 καὶὸ
3462 975 3652 1039 καθεὶς
3678 976 3813 1047 παρ’

2212 1071 2392 1143 ἑαυτῷ
2434 1089 2585 1125 ..νων
2613 1072 2658 1124 δ’
2696 1070 2876 1141 ἔργων
2910 1068 3150 1139 ἀγαθῶν,
3187 1068 3283 1123 καὶ
3311 1069 3400 1123 διὰ
3432 1066 3663 1141 τῶν.τοῦ
3706 1066 3816 1122 σώ-

2217 1184 2385 1239 ματος
2420 1164 2675 1238 πράξεων
2712 1164 2781 1219 τά
2813 1163 3171 1218 συντελοῦντα
3207 1165 3287 1225 εἰς
3327 1161 3497 1234 ὕμνον
3533 1162 3630 1216 καὶ
3670 1159 3815 1225 δοξο-

2213 1255 2402 1324 λογίαν
2437 1255 2533 1309 τοῦ
2557 1254 2695 1308 Θεοῦ
2734 1253 3149 1326 διαπράττεται.
3186 1253 3429 1317 Εἰκότως
3467 1252 3631 1307 τοῦτο
3674 1253 3814 1305 αὐτὸ

2215 1347 2504 1420 προλαϐὼν
2524 1349 2554 1400 ό
2574 1347 2733 1416 λόγος
2764 1346 3094 1418 προστάττει
3121 1346 3348 1416 φάσκων
3367 1363 3382 1376 ·
3420 1346 3509 1401 Ἔν
3540 1346 3816 1416 τυμπάνῳ

2214 1441 2307 1493 καὶ
2354 1439 2641 1511 ψαλτηρίῳ
2669 1438 3000 1509 ψαλάτωσαν
3039 1438 3192 1509 αὐτῷ
3216 1455 3230 1469 ·
3277 1438 3564 1509 τύμπανον
3601 1438 3703 1510 μὲν
3748 1437 3815 1490 τδ

2216 1534 2376 1604 σῶμα
2399 1531 2847 1605 προσαγορεύων,
2881 1531 3183 1603 ψαλτήριον
3217 1532 3275 1587 δὲ
3314 1532 3376 1587 τὸ
3421 1532 3684 1603 πνεῦμα..
3715 1546 3815 1585 νε-

2214 1627 2558 1696 κρώσαντες
2589 1626 2663 1680 τὰ
2683 1625 2841 1696 μέλη
2874 1626 2947 1680 τὰ
2974 1627 3075 1679 ἐπὶ
3108 1624 3221 1691 τῆς
3248 1624 3380 1695 τῆς,
3414 1625 3514 1679 καὶ
3546 1625 3662 1694 τὴν
3704 1625 3817 1691 ’11.-

525 1718 643 1773 σοῦ
683 1719 977 1789 νέκρωσιν
1024 1723 1095 1775 ἐν
1143 1721 1225 1788 τῷ
1273 1721 1502 1792 σώματι
1555 1721 2007 1792 περιφέροντες’
2055 1724 2106 1777 οί
2150 1722 2549 1793 ἀγαλλιώμενοι
2614 1722 2707 1775 ἐπὶ
2770 1720 2847 1793 τῷ
2889 1720 3099 1793 βασιλεῖ
3126 1720 3308 1775 αὐτῶν
3334 1720 3452 1791 ἅμα
3474 1718 3555 1791 τῷ
3582 1721 3815 1791 εὐφραι-

526 1812 756 1883 νομένῳ.
786 1850 801 1865 .
848 1815 1134 1885 ποιήσαντι
1163 1815 1348 1879 αὑτὸν,
1380 1817 1438 1868 ὲν
1462 1816 1734 1886 τυμπάνῳ
1774 1817 1869 1871 καὶ
1898 1816 2186 1888 ψαλτηρίῳ
2219 1815 2534 1886 ψάλλουσιν.

1024 1904 1348 1963 PSALMUS
1380 1904 1611 1961 CXLIX.

742 1998 907 2055 Vsus.
944 1999 998 2055 5.
1026 1997 1371 2053 laetabuntur
1395 1998 1451 2050 in
1475 1996 1734 2051 cubilibus
1763 1997 1893 2052 suis.

598 2089 769 2145 Aliter
797 2105 927 2146 vero
956 2129 973 2154 ,
1005 2098 1233 2144 mortem
1267 2097 1582 2144 sanctorum
1620 2090 1885 2145 vocabulo
1917 2090 2112 2145 cubili-

527 2180 623 2234 bus
658 2180 858 2236 innuit.
910 2180 1299 2235 Dormitiouem
1337 2181 1542 2251 quippe
1570 2179 1711 2235 solet
1736 2196 1857 2235 eam
1910 2197 2109 2238 vocare

528 2272 847 2343 Scriptura,
902 2272 1113 2328 dicente
1162 2272 1328 2328 Paulo
1377 2291 1391 2327 :
1444 2270 1521 2326 De
1571 2272 1956 2329 dormientibus
2005 2291 2107 2328 au-

529 2374 631 2418 tem
674 2366 795 2420 nolo
840 2381 929 2421 vos
981 2367 1227 2435 ignorare
1254 2406 1269 2430 ,
1320 2366 1515 2435 fratres
1559 2368 1629 2424 ".
1681 2365 1846 2424 Vetus
1896 2383 2112 2438 quoque

528 2456 939 2514 Testamentum
983 2459 1063 2514 ait
1109 2476 1124 2514 :
1165 2458 1425 2515 Dormirit
1480 2461 1655 2517 David
1711 2476 1831 2515 cum
1870 2462 2110 2530 patribus

530 2642 695 2698 Vsus.
714 2641 768 2698 ϐ.
800 2640 1170 2718 Exaltationes
1198 2644 1294 2699 Dei
1316 2644 1371 2697 in
1398 2654 1618 2718 gutture
1636 2662 1842 2713 eorum,
1869 2656 1918 2701 et
1943 2647 2111 2718 gladii

878 2714 1129 2782 ancipites
1153 2715 1209 2769 in
1241 2717 1483 2771 manibus
1512 2718 1765 2787 ipsorum.

599 2802 878 2876 luepinate
922 2805 1494 2875 Aquila,pr:nsentom
1546 2808 1874 2862 sententiam
1938 2822 2109 2878 expo-

529 2895 660 2959 suit.
690 2894 819 2949 dum
845 2892 1194 2949 Hebraeorum
1222 2895 1487 2950 vocabulo
1509 2899 1699 2960 servit.
1717 2898 1903 2954 dicens
1932 2918 1945 2954 :
1979 2897 2107 2953 Gla-

526 2987 647 3041 dius
693 2987 888 3057 gemini
918 2988 1026 3041 oris
1050 2987 1105 3040 in
1148 3002 1309 3040 manu
1342 2987 1600 3053 ipsorum.
1637 2986 1742 3043 Sed
1774 2998 1829 3044 et
1860 2989 1947 3044 his
1979 3004 2112 3044 con-

532 3079 696 3133 traria
743 3086 1114 3133 memorantur
1152 3077 1373 3133 alicubi.
1429 3076 1557 3132 Filii
1586 3081 1857 3134 hominum
1881 3122 1897 3148 ,
1931 3082 2109 3137 dentes

529 3185 708 3224 eorum
752 3184 903 3223 arma
934 3160 985 3223 et
1028 3171 1273 3239 sagittis,
1304 3178 1351 3223 ct
1397 3168 1580 3240 lingua
1630 3171 1867 3241 ipsorum
1900 3172 2111 3243 gladius

2138 1911 2185 1969 Β

2745 1905 3039 1961 ΨΑΛΜΟΣ
3080 1903 3263 1959 PMG'.

2388 1998 2881 2069 Ἄταλλιάσονται
2909 1998 3009 2053 ἐπὶ
3039 1997 3159 2052 τῶν
3187 1997 3401 2053 κριτῶν
3431 1995 3649 2053 αὐτῶν.

2290 2092 2503 2157 ’Λλλως
2525 2092 2582 2145 δὲ
2606 2092 2698 2145 τὸν
2737 2090 2966 2146 θάνατον
2988 2091 3098 2144 τῶν
3134 2090 3298 2145 ὁσίων
3327 2090 3550 2162 ᾐνίξατο
3573 2090 3664 2145 διὰ
3689 2089 3819 2147 τῶν

2212 2183 2443 2239 κοιτῶν.
2478 2185 2751 2256 Κοίμησιν
2774 2182 2884 2253 γάρ
2910 2182 3070 2237 εἴωθε
3108 2183 3294 2237 καλεῖν
3333 2182 3501 2237 αὑτὸν
3533 2185 3567 2254 ή
3593 2183 3816 2254 Γραφὴ.

2211 2271 2462 2340 λέγοντος
2499 2274 2594 2326 καὶ
2630 2271 2867 2326 Παύλοιν
2895 2274 3038 2341 Περὶ
3070 2272 3140 2325 δὲ
3169 2272 3290 2327 τῶν
3317 2272 3698 2343 κοιμωμένων
3738 2274 3818 2328 οὐ

2212 2364 2369 2420 θέλω
2379 2361 2537 2435 ὑμᾶς
2557 2363 2820 2433 ἀγνοεῖν,
2836 2362 3108 2433 ἀδελφοί·
3132 2364 3227 2418 καὶ
3248 2366 3282 2436 ὴ
3305 2364 3519 2419 Παλαιὰ
3539 2363 3596 2418 δέ
3618 2378 3813 2437 φησιν’

2224 2456 2544 2526 Ἐκοιμήθη
2580 2454 2765 2511 Δαυῒδ
2795 2456 2947 2526 μετὰ
2974 2455 3098 2511 τῶν
3123 2455 3395 2526 πατέρων
3417 2456 3627 2512 αὑτοῦ.

2212 2639 2284 2691 Al
2308 2634 2581 2706 ὑψώσεις
2605 2636 2713 2691 τοῦ
2744 2636 2896 2692 θεοῦ
2926 2636 2998 2691 ἐν
3023 2635 3279 2707 λάρυτγι
3294 2636 3644 2707 αὐτῶνηκαῖ
3661 2637 3817 2707 ῥομ-

2392 2707 2563 2777 φαῖαι
2590 2706 2865 2776 δίστομοι
2894 2708 2966 2761 ἐν
2993 2707 3125 2774 ταῖς
3152 2705 3368 2777 χερσίν
3391 2705 3612 2762 αὐτῶν.

2286 2799 2614 2871 Παραδόξως
2656 2799 2715 2852 δὲ
2769 2798 3003 2862 Ἀκύλας
3039 2798 3143 2870 τὴν
3180 2798 3535 2852 ἀποδοθεῖσαν
3572 2798 3818 2853 διάνοιαν

2214 2892 2550 2965 παρέστησε,
2578 2890 2872 2955 δουλεύσας
2899 2893 2965 2962 τῇ
2992 2889 3103 2945 τῶν
3141 2890 3410 2963 Ἐϐραίων
3437 2894 3586 2962 φωνῇ
3613 2890 3811 2944 simila-

2211 2983 2489 3054 Μάχαιρα
2512 2982 2830 3053 στομάτων
2864 2984 2977 3055 (5'2)
3007 2982 3079 3037 ἐν
3101 2984 3250 3052 χειρὶ
3272 2982 3493 3037 αὐτῶν.
3529 2982 3690 3037 Ἀλλὰ
3717 2982 3817 3037 καὶ

2216 3077 2347 3148 περὶ
2390 3074 2503 3129 τῶν
2541 3074 2805 3139 τοιούτοις
2830 3074 3087 3129 ἐναντίων
3123 3074 3240 3143 (53)
3269 3074 3487 3147 εἴρηταί
3515 3091 3639 3128 πουσ
3683 3076 3814 3130 Υὶοι

2214 3166 2561 3236 ἀνθρώπων,
2580 3170 2633 3221 οὶ
2657 3166 2901 3233 ὀδόντες
2945 3166 3145 3223 αὐτῶν
3188 3166 3347 3222 ὅπλα
3376 3168 3475 3222 καὶ
3495 3167 3677 3235 βέλη,
3709 3168 3813 3222 καί

529 3272 717 3317 acutus
760 3261 830 3329 ",
876 3270 938 3315 ut
978 3262 1231 3317 occidant
1262 3270 1529 3331 quotquot
1566 3263 1700 3334 ipsis
1730 3265 1933 3334 captivi
1984 3282 2107 3322 suc-

2218 3262 2254 3329 ἠ
2270 3259 2523 3330 γλῶσσα
2537 3257 2738 3315 αὐτῶν
2744 3259 3010 3330 μάχαιρα
3026 3258 3212 3325 ὀξεῖα,
3227 3259 3561 3329 φονευόντων
3572 3260 3698 3323 τοὺς
3716 3260 3815 3313 ὑπ’

529 3354 811 3410 cumbunt.
853 3351 1079 3422 Proprie
1112 3367 1242 3409 vero
1270 3354 1508 3425 gladium
1539 3356 1740 3425 gemini
1774 3358 1891 3413 oris
1915 3396 1932 3421 ,
1967 3360 2107 3413 acti-

527 3447 631 3502 bus
658 3445 903 3501 exerceri
944 3448 1104 3500 docet
1143 3444 1454 3501 Psalmista.
1488 3444 1856 3513 Dicitautem,
1895 3449 2107 3504 exalta-

528 3540 696 3592 tiones
726 3536 825 3591 Dei
850 3538 904 3593 in
932 3547 1143 3608 gutture
1164 3552 1346 3593 eorum
1368 3578 1385 3605 ,
1409 3540 1536 3609 quia
1567 3554 1702 3596 voce
1734 3542 2026 3598 utebantur
2051 3544 2107 3599 in

529 3631 682 3685 verbi
718 3630 1024 3685 ministerio
1044 3672 1059 3697 ,
1089 3630 1233 3700 apud
1264 3644 1362 3687 eos
1389 3632 1479 3701 qui
1513 3633 1705 3689 audire
1734 3641 1987 3703 poterant
2021 3644 2109 3689 at-

531 3720 785 3777 tollentes
818 3721 1103 3793 hymnum.
1136 3722 1364 3778 Actibus
1400 3735 1580 3779 autem
1632 3724 1740 3779 vim
1786 3727 2113 3783 exserebaiit

529 3813 855 3868 adversaria:
882 3814 1141 3884 potentia
1166 3813 1469 3870 victricem.
1510 3814 1702 3871 Manus
1735 3816 1947 3872 illorum
1972 3856 1989 3883 ,
2020 3835 2110 3873 ac-

530 3914 617 3961 tus
640 3905 793 3972 dicit,
839 3906 955 3962 sive
988 3905 1066 3962 rei
1114 3906 1366 3977 gerenda:
1389 3922 1576 3962 curam
1620 3918 1948 3977 susceptam.
1981 3910 2112 3965 Erat

528 4007 711 4053 autem
742 3999 860 4053 haec
893 3996 1205 4068 evangelica
1239 3997 1573 4068 praedicatio,
1610 4013 1732 4071 quae
1753 4000 1963 4073 gladius
1984 4018 2113 4073 quo-

508 4081 637 4159 'que
670 4088 1005 4152 nominatur,
1038 4089 1167 4158 quia
1201 4089 1466 4144 malorum
1512 4099 1572 4146 et
1606 4091 1948 4161 impurorum
1995 4094 2111 4164 spi-

531 4183 732 4236 rituum
779 4194 976 4251 greges
1023 4181 1412 4252 persequitur,
1466 4190 1521 4237 ct
1575 4197 1869 4254 oppressas
1926 4185 2113 4256 inique

528 4283 721 4344 gentes
769 4272 1072 4338 ulciscitur,
1118 4282 1177 4328 et
1230 4272 1633 4330 idololatricum
1688 4277 1871 4347 populi
1902 4278 2108 4333 cultum

529 4364 798 4419 emendat.

532 4538 699 4595 Vsus.
724 4539 777 4595 8.
813 4540 894 4595 Ad
925 4540 1224 4613 alligandos
1251 4557 1393 4614 reges
1418 4559 1601 4598 eorum
1624 4546 1982 4617 compedibus,
1998 4560 2107 4609 etc.

414 4714 417 4717 ν
601 4632 1047 4704 Quandoquidem
1078 4635 1221 4691 haud
1247 4636 1408 4692 aliter
1435 4636 1638 4694 licebat
1663 4638 1876 4712 eripere
1922 4657 1987 4699 ac
2032 4642 2102 4697 li-
2136 4640 2180 4696 D

532 4725 727 4780 berare
772 4739 869 4781 eos
906 4726 1000 4796 qui
1032 4726 1336 4783 damonum
1390 4728 1522 4786 olim
1560 4736 1950 4801 premebantur
1985 4748 2107 4791 ser-

530 4820 682 4887 vitio,
714 4819 821 4875 nisi
847 4820 1069 4877 domitis
1106 4822 1447 4893 alligatisque
1477 4824 1718 4896 ipsorum
1745 4826 2108 4898 principibus.

532 4912 728 4966 merito
759 4912 873 4967 hac
920 4912 1099 4984 pergit
1129 4913 1336 4969 dicere.
1378 4911 1509 4970 Loci
1545 4929 1766 4971 sensum
1812 4931 2107 4987 cognosces

531 5005 694 5060 etiam
719 5019 750 5059 a
781 5004 1089 5062 Scrutaris
1115 5020 1250 5063 voce
1279 5007 1511 5064 dicentis
1548 5026 1564 5064 :
1603 5008 1880 5076 Quomodo
1910 5010 2105 5082 aliquis

530 5099 735 5169 ingredi
773 5109 939 5167 potest
984 5100 1198 5154 domum
1238 5100 1393 5170 [artis
1414 5142 1430 5168 ,
1462 5103 1676 5173 ejusque
1704 5120 1827 5158 vasa
1856 5105 2103 5173 diripere,

2217 3353 2399 3408 αὐτῶν
2420 3355 2720 3425 ἡλωκότας.
2764 3355 2994 3419 Οίκείως
3023 3354 3081 3407 δὲ
3124 3354 3224 3427 τὴν
3256 3355 3355 3426 μὲν
3392 3354 3669 3427 μάχαιραν
3700 3353 3815 3409 τῶν

2218 3447 2500 3518 στομάτων
2543 3448 2602 3500 ὲν
2630 3449 2751 3510 ταῖς
2793 3446 3059 3513 πράξεσιν
3107 3448 3349 3519 ἐνεργεῖν
3392 3448 3421 3500 ό
3463 3446 3620 3515 λόγος
3670 3464 3816 3519 παρ’

2216 3536 2435 3607 έστησε,
2488 3535 2595 3601 τὰς
2624 3535 2682 3589 δὲ
2708 3538 2979 3604 ὑψώσεις
3005 3535 3112 3590 τοῦ
3142 3534 3293 3590 Θεοῦ
3321 3535 3391 3589 ὲν
3437 3534 3518 3601 τῷ
3556 3538 3815 3606 στόματι

2216 3628 2435 3694 αὐτῶν,
2466 3630 2618 3699 φωνῇ
2642 3626 2751 3698 γὰρ
2773 3628 3013 3699 ἐχρῶντο
3046 3629 3139 3682 ἐπὶ
3160 3628 3485 3700 διδασκαλίᾳ
3503 3628 3598 3682 τοῦ
3621 3628 3811 3698 λόγου,

2217 3722 2371 3793 παρὰ
2395 3724 2506 3785 τοῖς
2527 3720 2750 3775 ἀκούειν
2780 3721 3101 3793 δυναμένοις
3127 3721 3459 3792 άνυψοῦντες
3480 3721 3583 3777 τὸν
3603 3720 3775 3793 ὕμνον
3792 3739 3809 3753 ·

2217 3818 2339 3878 ταῖς
2373 3815 2431 3868 δὲ
2478 3814 2742 3885 πράξεσιν
2789 3814 2943 3884 ίσχὺν
2990 3809 3138 3884 εῐχον
3184 3814 3576 3887 καθαιρετικὴν
3624 3814 3814 3888 πάσης

2218 3907 2603 3979 ἀντικειμένης
2626 3905 2928 3977 δυνάμεως.
2958 3904 3162 3978 Χεῖρας
3188 3906 3287 3977 μὲν
3320 3906 3502 3961 αὐτῶν
3526 3906 3625 3972 τὰς
3663 3908 3813 3980 πρά-

2221 3999 2332 4065 ξεις
2379 4000 2568 4069 φησὶν,
2624 3999 2744 4069 ἦτοι
2790 3998 2857 4069 ἠν
2910 3998 3348 4069 μετεχειρίζοντο
3398 3996 3806 4072 πραγματείαν.

2217 4090 2368 4162 Δῦτη
2389 4091 2447 4144 δὲ
2474 4086 2541 4162 ἦν
2566 4092 2595 4145 ό
2617 4090 2971 4160 εὐαγγελικὸς
2998 4089 3175 4159 λόγος,
3196 4089 3257 4154 ὃς
3280 4090 3377 4144 καὶ
3404 4089 3651 4161 ῥομφαία
3672 4090 3811 4144 ὠνο-

2221 4182 2424 4255 μάσθη,
2450 4181 2788 4237 ὲκδιὼκουσα
2812 4182 2911 4247 τὰς
2942 4182 3051 4237 τῶν
3073 4183 3327 4256 πονηρῶν
3356 4186 3451 4238 καὶ
3476 4184 3809 4256 ἀκαθάρτων

2218 4277 2547 4349 πνευμάτων
2594 4276 2794 4346 ἀγέλας
2816 4294 2830 4307 ’
2882 4278 3059 4330 ποιεῖν
3101 4286 3162 4329 τε
3213 4277 3321 4349 τὴν
3359 4268 3639 4349 ἐκδίκησιν
3693 4278 3810 4331 τῶν

2221 4368 2569 4441 ἠδικημένων
2596 4368 2785 4435 ἐθνῶν,
2814 4369 2909 4425 καὶ
2951 4368 3194 4440 ἐλέγχειν
3222 4369 3318 4424 τοῦ
3359 4369 3490 4424 λαοῦ
3522 4370 3621 4442 τὴν
3649 4370 3811 4424 εἰδω-

2216 4457 2554 4532 λολατρείαν.

2223 4551 2332 4606 Τοῦ
2348 4551 2581 4607 δεῖσθαι
2596 4552 2738 4620 τοὺς
2761 4552 3046 4619 ,βασιλεῖς
3066 4551 3344 4608 αὑτῶνέν
3359 4551 3590 4620 πέδαις,
3606 4571 3661 4608 κ.
3678 4571 3730 4607 τ.
3749 4554 3800 4609 λ.

2292 4642 2512 4715 Ἐπειδὴ
2539 4645 2639 4699 οὐκ
2663 4643 2839 4710 άλλως
2873 4642 2942 4717 ἦν
2977 4645 3344 4725 ὑπεξαγαγεῖν
3373 4646 3468 4700 καὶ
3499 4645 3803 4719 ἐλευθερῶ-

2213 4751 2301 4789 σαι
2334 4735 2460 4800 τοὺς
2487 4736 2656 4791 πάλαι
2687 4739 2802 4801 τοῖς
2839 4737 3060 4811 δαίμοσι
3111 4734 3546 4810 δεδου’ωμένους
3586 4739 3619 4811 ἢ
3666 4741 3805 4797 καθ-

2214 4827 2595 4893 υποτάξαντας
2613 4829 2881 4902 πρότερον
2907 4832 3003 4885 καὶ
3020 4831 3435 4903 καταδήσαντας
3451 4835 3582 4897 τοὺς
3598 4833 3800 4906 ἄρχον-

2210 4936 2309 4984 τας
2338 4920 2540 4985 αὐτῶν,
2592 4920 2818 4985 εἰκότως
2860 4921 3200 4979 ἑπιλέλεκται
3244 4923 3442 4979 ταῦτα.
3475 4925 3705 4997 Νοήσεις
3742 4926 3801 4982 δὲ

2211 5014 2304 5067 καὶ
2340 5014 2500 5069 τοῦτο
2536 5014 2644 5069 ἀπὸ
2684 5014 2786 5084 τῆς
2830 5015 3098 5087 σωτηρίου
3128 5016 3334 5087 φωνῆς,
3370 5016 3439 5071 δι’
3464 5012 3533 5091 ἧς
3558 5017 3796 5091 εῖρηται·

2209 5106 2343 5176 Πῶς
2359 5110 2612 5164 δύναταί
2628 5128 2719 5177 τις
2741 5110 3040 5166 εἰσελθεῖν
3058 5115 3143 5179 εις
3165 5113 3279 5181 τὴν
3290 5113 3488 5168 οὶκίαν
3509 5114 3615 5169 τοῦ
3632 5118 3802 5184 ισχυ-

532 5192 634 5247 nisi
663 5192 810 5260 prius
838 5192 1027 5262 fortem
1056 5193 1374 5266 alligaverit,
1406 5208 1463 5249 ut
1494 5206 1606 5249 lunt
1639 5198 1851 5251 demum
1884 5198 2101 5251 domum

2218 5200 2312 5262 οοῦ
2334 5203 2432 5255 ml
2453 5204 2525 5257 τὰ
2537 5205 2731 5272 σκεύη
2757 5204 2943 5260 αὐτοῦ
2956 5204 3307 5275 διαρπάσαι,
3327 5205 3437 5260 ἐὰν
3450 5205 3538 5276 μὴ
3560 5205 3799 5276 πρῶτον

601 5367 648 5400 ⁸⁸
673 5367 851 5425 Colos.
885 5386 968 5437 ιιι,
994 5370 1049 5426 5.
1126 5372 1171 5403 ”
1221 5371 1262 5428 ll
1287 5374 1414 5429 Cor.
1447 5389 1520 5439 tv,
1550 5374 1637 5429 10.
1729 5376 1774 5409 ἰ
1804 5376 1825 5432 1
1855 5377 2050 5434 Thess.
2087 5395 2102 5434 ι

2224 5380 2283 5436 2.
2369 5383 2416 5415 ”
2461 5382 2527 5438 111
2562 5383 2763 5455 Βεμι,
2792 5385 2881 5440 1ο.
2992 5387 3041 5420 ’⁸
3069 5385 3214 5445 Psal.
3248 5403 3333 5443 ut
3364 5429 3378 5451 .
3419 5388 3473 5443 5.

601 5480 715 5554 (52)
742 5484 893 5562 Alius
922 5486 1091 5543 codex
1107 5528 1134 5562 _,
1180 5491 1357 5562 στόμα
1393 5493 1594 5547 αὐτῶν.
1633 5525 1699 5535 -
1739 5495 1905 5552 Vides
1932 5496 2100 5552 Euse-

534 5553 1086 5651 hiumnstrigtoksensu
1106 5553 1604 5651 intellgisseapud
1627 5567 2103 5651 ᾗημίὶειηστομά-

533 5638 641 5702 των
689 5636 753 5706 ex
783 5622 1310 5706 __Hebraico__r_nisln
1377 5622 1766 5706 oris-duplicis.
1814 5636 1930 5706 (Sic
1966 5622 2057 5693 aio
2086 5677 2103 5702 .

536 5692 661 5777 qttia
681 5690 890 5777 ‘Latine
922 5712 1025 5777 uo_n
1052 5690 1283 5777 dicimus
1312 5703 1482 5777 arium
1518 5690 1605 5777 vel
1646 5722 1799 5759 orum
1817 5690 1933 5763 his.
1971 5690 2099 5777 gen:

536 5761 803 5850 plur-gum
835 5765 885 5850 i_u
920 5766 1228 5850 polyglottis
1255 5768 1429 5850 Lond.
1471 5775 1699 5850 acierum
1747 5761 1909 5831 sensu
1935 5761 2106 5850 uicta;

539 5832 766 5897 νυοί-1ου
789 5874 804 5900 ,
832 5847 993 5903 quem
1010 5832 1377 5908 signiﬁcatum
1414 5843 1537 5900 inde
1567 5842 1908 5915 desumptutu
1934 5832 2103 5904 Mont-

2203 5499 2492 5577 l'_auconius
2541 5503 2605 5577 in,
2628 5500 2886 5577 Hexaplis
2922 5505 3189 5577 apposuit
3224 5505 3325 5574 ipsi
3367 5504 3595 5577 Aquila.
3626 5507 3794 5577 Atqui

2202 5570 2469 5629 Eusebius
2507 5574 2609 5627 nisi
2652 5575 2718 5627 ad
2753 5570 3007 5630 strictum
3040 5570 3288 5631 vocabuli
3337 5570 3619 5644 originalis
3662 5570 3795 5633 sen-

2202 5658 2325 5697 sum
2374 5645 2738 5725 respexisset,
2786 5646 3039 5717 Aquilam
3085 5646 3157 5701 de
3198 5644 3479 5701 idiOtismo
3520 5646 3794 5706 Hebraico

2204 5727 2355 5767 reum
2383 5727 2489 5768 non
2523 5724 2741 5782 egisset.

2275 5782 2389 5855 (35)
2420 5784 2507 5841 Al.
2538 5787 2685 5853 cod..
2715 5784 2823 5843 τῶν
2856 5784 3113 5841 τοιούτων
3144 5787 3410 5843 ἐναντίον.
