4014 6446
188 423 249 476 77
1110 412 1624 469 COMMENTARIA
1663 411 1730 465 IN

1882 411 2034 471 IAM.
2077 445 2143 454 —
2176 408 2584 467 ΡΒᾸΞΓΑΤΙΟ.
3408 412 3479 462 78

188 550 373 607 ricam,
404 553 460 599 et
503 541 742 612 gladium
784 540 1027 610 spiritus.
1089 538 1228 594 Sunt
1259 547 1441 593 autem
1477 538 1770 593 daemonio-

1882 538 1976 610 τὴν
2032 537 2465 610 περικεφαλαίαν
2498 535 2598 589 καὶ
2650 532 2878 604 Θώρακα
2934 533 3026 586 καὶ
3070 532 3167 603 τὴν
3202 530 3481 604 μάχαιραν

184 652 293 689 rum
322 634 541 698 domus,
575 631 945 689 maleficorum
975 630 1256 686 hominum
1292 630 1767 700 congregationcs,

179 744 310 798 quas
354 728 525 783 etiam
580 726 808 795 implere
866 724 1069 779 vellent
1113 723 1342 794 spoliis,
1389 723 1443 776 id
1482 731 1570 777 est
1614 722 1773 777 bonis

180 821 481 891 quaejustis
511 820 775 889 eripiunt.
816 818 979 888 Atqui
1015 814 1291 887 quomodo
1321 813 1497 883 spolia
1529 812 1774 883 appellas

179 929 257 978 ea,
289 928 410 982 qua:
446 912 593 965 haud
620 911 744 967 belli
771 910 900 980 jure
929 908 1147 979 cepisti,
1189 906 1285 962 sed
1327 906 1442 962 sola
1481 906 1772 975 iniquitate

178 1006 316 1059 male
354 1005 452 1057 tibi
488 1012 644 1073 parta
675 1001 839 1057 sunt?

243 1098 295 1151 8.
324 1095 394 1149 Et
420 1106 662 1167 torquem
689 1111 907 1149 aureum
940 1094 1080 1145 circa
1107 1090 1301 1145 collum
1326 1099 1493 1144 tuum.
1524 1087 1767 1142 Eusebii.

177 1186 346 1243 Sicuti
384 1200 549 1256 caput
575 1199 630 1241 et
669 1186 869 1241 collum
903 1186 1161 1240 denotant
1188 1192 1451 1247 mentem,
1492 1183 1564 1235 ita
1601 1180 1769 1234 etiam

175 1282 385 1351 torquis
423 1292 481 1336 et
522 1295 723 1336 corona
759 1279 1065 1335 scientiam.
1220 1274 1225 1279 ⁴

1872 631 1967 686 τοῦ
2016 631 2355 702 πνεύματος’
2410 624 2547 683 οἴκοι
2597 626 2654 681 δὲ
2694 626 2874 681 αὐτῶν
2913 625 3103 679 αἰτῶν
3151 624 3479 697 κακούργων

1873 725 2185 797 ἐκκλησίαι,
2222 723 2288 789 ἃς
2317 724 2412 778 καὶ
2441 721 2719 795 ἐμπλῆσαι
2746 720 3043 791 βούλωνται
3080 718 3313 785 σκύλων,
3356 719 3477 790 ἦτοι

1874 821 2108 894 καρπῶν
2150 812 2227 873 ὧν
2256 822 2321 873 ὲκ
2349 818 2459 872 τῶν
2485 815 2710 871 δικαίων
2740 814 3081 888 ἁρπάζουσι·
3130 811 3249 875 πῶς
3296 811 3354 864 δὲ
3382 812 3479 865 καί

1877 912 2051 967 σκῦλα
2079 910 2507 983 προσαγορεύεις
2533 908 2603 963 τὰ
2635 907 2710 980 μὴ
2740 906 2979 977 πολέμου
3007 905 3157 977 νόμῳ
3179 903 3475 974 ληφθέντα,

1874 1008 1990 1062 ἀλλ’
2008 1010 2069 1061 ἐκ
2095 1004 2310 1077 γυμνῆς
2328 1003 2431 1073 τῆς
2459 1002 2673 1065 ἀδικίας
2699 998 2886 1063 κακῶς
2921 1016 3002 1051 σοι
3038 995 3474 1069 περιγενόμενα;

1947 1108 2018 1174 η’.
2048 1099 2163 1155 Καὶ
2193 1096 2405 1153 κλοιὸν
2441 1096 2708 1165 χρύσεον
2735 1092 2871 1161 περὶ
2908 1090 2989 1157 τῷ
3025 1088 3333 1159 τραχήλῳ.
3369 1087 3476 1141 Εὑ-

1876 1195 2081 1249 σεϐίου.
2121 1193 2335 1262 Ὥσπερ
2371 1190 2426 1243 δὲ
2453 1186 2666 1258 κεφαλὴ
2682 1186 2789 1240 ’καὶ
2820 1184 3092 1257 τράχηλος
3113 1182 3204 1236 τὸν
3230 1179 3354 1235 νοῦν
3377 1180 3477 1252 δη·-

1876 1287 2078 1352 λοῦσιν,
2112 1286 2257 1341 οὕτω
2281 1284 2373 1338 καὶ
2394 1281 2572 1343 κλοιὸς
2599 1281 2693 1334 καὶ
2722 1277 2989 1348 στέφανος
3015 1276 3117 1345 τὴν
3144 1272 3368 1342 γνῶσιν.

183 1408 3334 1464 W

1269 1583 2373 1764 ΕΥΣΕΒΙΟΥ

1367 1865 1595 1955 ΤΟΥ
1670 1860 2278 1953 ΠΑΜΦΙΛΟΥ

438 2061 1675 2206 ΥΠΟΜΝΗΜΑΤΑ
1748 2064 2012 2193 ΕΙΣ
2088 2058 2440 2194 ΤΟΝ
2519 2052 3196 2192 ΗΣΑΙΑΝ.

927 2459 1695 2621 EUSEBII
1789 2455 2730 2615 PAMPHILI

780 2752 1840 2874 COMMENTARIA
1929 2753 2079 2869 IN
2162 2750 2846 2867 HESAIAM.

1226 2978 1599 3042 (Μοππλοαοκ,
1627 2973 1857 3030 Collectio
1878 2988 2001 3027 nosu
2029 2978 2257 3039 Patrum,
2282 2983 2317 3026 ι.
2350 2978 2434 3041 ll.)

1476 3283 2170 3380 PRJEFATIO.

232 3487 355 3544 Non
390 3487 448 3544 in
475 3486 660 3540 animo
690 3492 835 3548 erat,
867 3497 989 3538 cum
1032 3484 1101 3537 ab
1144 3480 1298 3537 initio
1327 3482 1471 3537 hanc
1506 3480 1775 3553 συλλογὴν
1805 3486 1849 3545 Β
1879 3478 2077 3536 decimi
2112 3476 2321 3543 surculi,
2357 3474 2447 3532 ubi
2482 3475 2869 3547 Expositioncs
2893 3473 3114 3532 Eusebii
3139 3484 3195 3532 et
3226 3474 3481 3543 aliorum,

155 3596 393 3653 operum
446 3578 664 3651 publico
692 3576 1099 3632 destinabamus
1127 3574 1269 3640 usui,
1306 3574 1523 3630 Eusebii
1569 3576 1621 3629 in
1665 3572 1773 3629 ﬂe-

1881 3588 1987 3629 non
2022 3571 2273 3641 excerpti
2306 3582 2361 3627 et
2381 3571 2691 3641 compendii
2719 3586 2892 3637 more,
2935 3571 3030 3628 sed
3072 3569 3208 3637 fuse,
3240 3582 3401 3645 prout
3428 3574 3483 3630 in

158 3675 341 3731 saiam
391 3671 472 3743 (1)
514 3668 939 3728 Commentariis
985 3682 1206 3723 manum
1245 3667 1542 3723 admovere
1592 3684 1607 3721 :
1650 3680 1776 3721 nam
1879 3665 2015 3738 ipsis
2065 3664 2383 3721 anetoribus
2417 3664 2742 3730 exstabant,
2784 3672 3156 3731 assumuntur,
3193 3664 3485 3723 Commen-

160 3780 286 3819 cum
317 3764 493 3819 codex
520 3760 580 3817 S.
610 3758 838 3816 Taurini
885 3756 1237 3815 Ebroioensis
1277 3756 1554 3814 sexdecim
1596 3756 1775 3811 solum

1878 3758 2051 3813 tarios
2083 3771 2112 3811 a
2147 3756 2410 3813 vicesimo
2454 3765 2655 3812 octavo
2684 3757 2863 3827 capite
2902 3757 2971 3815 ad
3003 3758 3485 3831 quadragesimum

157 3857 382 3914 Βαλίε
430 3856 619 3927 capita
662 3869 795 3911 cum
843 3852 1257 3909 commentariis
1287 3849 1644 3907 circumferat
1675 3860 1778 3915 ;ut
1875 3850 2115 3921 primum
2158 3850 2393 3906 mutuati
2439 3865 2655 3906 sumus.
2704 3848 2940 3923 Reliqua
2985 3866 3121 3908 vero
3161 3866 3229 3908 ex
3264 3851 3486 3911 Catenis

161 3951 379 4021 reliqua
406 3947 621 4004 sarcire
643 3960 968 4017 possemus,
994 3944 1336 4001 diuturniore
1362 3958 1529 4014 opera
1555 3952 1613 3999 et
1650 3959 1776 4015 pero
1846 3943 2065 4015 ﬁegiis
2096 3943 2490 4014 manuscriptis
2528 3942 2822 4009 sarcimus,
2853 3958 3010 4001 num.
3060 3944 3223 4013 1891,
3259 3944 3403 4003 1892
3428 3955 3488 4004 et

159 4041 468 4109 quisitione
489 4053 628 4108 opus
652 4036 769 4094 fore
802 4037 1149 4107 putabamus.
1178 4032 1384 4092 Verum
1419 4035 1511 4091 ubi
1545 4034 1610 4090 ad
1637 4050 1771 4106 ope-

162 4136 241 4189 ris
274 4131 739 4188 restaurationem
779 4130 1014 4200 amplam
1056 4130 1109 4184 in
1144 4129 1425 4185 codicibus
1466 4128 1650 4199 Regiis
1679 4143 1771 4185 se-

159 4226 359 4297 getem
395 4223 584 4279 oﬂ‘erri
648 4222 804 4278 nobis
854 4222 1371 4287 animadvertimus,
1404 4237 1502 4291 spe
1533 4238 1598 4277 ac
1622 4223 1771 4293 cupi—

162 4320 297 4373 dine
322 4317 457 4371 moti
486 4318 625 4371 bene
657 4315 907 4387 gerendae
945 4315 1047 4380 rei,
1086 4328 1189 4369 nec
1222 4313 1465 4370 deterriti
1511 4314 1773 4370 horumce

161 4410 421 4465 codicum
455 4408 808 4479 legendorum
846 4405 1189 4471 diilieultate,
1217 4407 1647 4461 commentarios
1676 4406 1775 4461 de-

163 4510 341 4559 mum,
376 4504 437 4549 ut
465 4494 697 4549 facultas
749 4494 894 4559 tulit,
942 4494 1221 4558 eruimus,
1267 4504 1323 4547 et
1357 4492 1409 4547 in
1439 4501 1771 4561 postremam

148 4587 399 4679 ijusce
437 4587 569 4641 tomi
618 4596 854 4657 partem,
885 4587 1032 4655 quod
1084 4585 1190 4640 alio
1234 4595 1365 4639 tunc
1407 4600 1512 4638 non
1545 4584 1767 4650 liceret,

160 4676 544 4750 conﬁciendos
573 4679 851 4734 duximus.
901 4676 1101 4734 Verum
1138 4687 1248 4732 tum
1302 4677 1405 4731 bac
1438 4677 1504 4731 de
1542 4691 1624 4743 re,
1656 4687 1768 4731 tum

160 4774 233 4830 de
259 4773 665 4829 commentario
696 4773 838 4842 ipso,
884 4788 983 4844 pro
1026 4785 1177 4827 more
1220 4777 1409 4825 nostro
1449 4768 1666 4839 praefari
1702 4783 1769 4823 ne

161 4882 486 4937 graventur.

931 4980 1029 5050 ξι.

164 5052 242 5129 ὗε
269 5074 544 5199 cadi?“
583 5074 722 5128 unde
762 5074 1023 5142 prodeunt
1046 5070 1258 5125 Eusebii
1291 5069 1684 5125 Commentario
1714 5070 1770 5121 in

835 5143 1105 5199 Hesaiam.

886 5160 1105 5197 esatam.

233 5239 309 5298 Ut
317 5233 448 5308 jam
479 5239 662 5294 dicere
704 5239 1119 5308 occupavimus,
1160 5237 1331 5291 codex
1378 5233 1726 5291 Ebroicensis
1753 5274 1768 5299 ,

158 5327 309 5386 olim'
335 5332 636 5386 cardinalis
666 5329 933 5395 Perronii,
959 5346 1121 5399 quem
1164 5328 1253 5383 ille
1283 5329 1334 5382 in
1368 5327 1520 5382 Italia
1559 5342 1624 5381 ex
1673 5341 1769 5380 ve-

163 5425 331 5479 tustis
380 5424 665 5479 codicibus
697 5423 932 5477 exscribi
987 5406 1243 5486 curavit,
1281 5425 1421 5476 inter
1471 5420 1574 5475 alia
1632 5424 1771 5475 bene

164 5516 335 5569 multa
367 5514 837 5569 Commentarium
869 5512 1085 5567 Eusebii
1119 5512 1172 5567 in
1210 5513 1457 5567 Psalmos
1480 5551 1494 5577 ,
1518 5521 1574 5566 et
1602 5511 1772 5565 Euse-

162 5608 237 5661 bii
271 5607 517 5678 ejusdem
549 5608 603 5661 in
644 5605 896 5660 Hesaiam
938 5608 1209 5661 sexdecim
1244 5608 1422 5675 capita
1460 5605 1771 5674 complecti-

165 5711 277 5754 tur.
307 5702 389 5755 Ad
421 5701 537 5757 haec
562 5715 695 5754 vero
724 5715 792 5755 ex
823 5701 1009 5756 codice
1035 5700 1206 5771 Regio
1242 5715 1390 5755 num.
1438 5698 1603 5764 2458,
1636 5702 1768 5753 dun-

1875 4036 2039 4103 2837,
2075 4050 2305 4107 quarum
2349 4038 2530 4108 prima
2579 4045 2636 4092 et
2670 4046 2969 4107 postrema,
3022 4037 3485 4107 membranacem,

1876 4130 2075 4185 decimi
2109 4128 2296 4185 saeculi
2320 4138 2469 4184 sunt.
2492 4128 2569 4183 Ea
2599 4143 2733 4185 vero
2754 4143 2876 4199 qua:
2901 4128 3041 4184 1892
3073 4138 3313 4199 notatur,
3327 4132 3489 4188 bom-

1876 4222 2094 4294 bycina,
2135 4223 2447 4279 duodecimi
2480 4223 2701 4291 saeculi,
2733 4238 2797 4279 ac
2854 4223 3015 4296 longe
3070 4223 3315 4282 melioris
3344 4235 3486 4283 notaI

1874 4326 1930 4370 et
1960 4316 2089 4370 fidei
2126 4324 2209 4371 est
2260 4330 2424 4386 quam
2463 4315 2606 4371 alite.
2650 4313 2720 4371 Ut
2756 4326 2937 4371 autem
2990 4332 3058 4372 ex
3120 4332 3331 4385 eorum,
3363 4334 3487 4390 qua:

1876 4408 2087 4478 integra
2116 4417 2433 4477 supersunt,
2460 4409 2877 4479 comparatione
2928 4408 3193 4479 liquidum
3233 4421 3338 4474 est.
3368 4413 3485 4468 hac

1873 4508 2065 4553 catena
2092 4500 2382 4554 admodum
2412 4516 2587 4571 pauca
2642 4503 2868 4570 omittit,
2897 4503 3294 4573 explicationes
3348 4504 3485 4561 intc-

1873 4603 1996 4659 grus
2026 4587 2207 4654 aﬂert,
2240 4590 2570 4661 Eusebiique
2609 4592 2918 4647 orationem
2942 4633 2958 4658 ,
2990 4609 3089 4649 nec
3120 4594 3341 4650 brevius
3372 4611 3475 4651 nec

1873 4694 2029 4735 secus
2056 4682 2335 4751 exprimit.
2368 4681 2537 4752 Hujus
2563 4684 2691 4738 item
2726 4684 2802 4739 rei
2842 4694 3220 4755 argumentum
3249 4700 3318 4742 ex
3348 4686 3472 4742 Hie-

1873 4774 2086 4842 ronymi
2119 4775 2173 4829 in
2206 4774 2460 4829 Hesaiam
2478 4774 2899 4831 Commentariis
2925 4777 3158 4834 eruitur.
3195 4776 3328 4833 Nam
3348 4796 3473 4836 cum

1882 4865 2245 4938 Hieronymus
2276 4867 2493 4923 Eusebii
2520 4870 3003 4938 interpretationes
3026 4887 3133 4926 non
3167 4872 3483 4942 infrequen-

1883 4966 1965 5010 ter
1997 4958 2063 5010 ad
2096 4959 2321 5013 verbum
2356 4975 2495 5029 pene
2526 4960 2843 5025 transierat,
2869 4962 2999 5016 hinc
3032 4962 3345 5032 conjectura
3377 4976 3482 5028 est.

1882 5050 2069 5117 plenas
2102 5051 2222 5106 illas
2254 5052 2604 5123 integrasque
2628 5055 2681 5107 in
2710 5053 2917 5110 Catena
2946 5053 3152 5123 aﬂ‘erri,
3182 5056 3373 5126 quales
3404 5060 3487 5113 ni-

1880 5144 2078 5198 mirum
2107 5144 2476 5219 Hieronymus
2514 5163 2581 5203 ex
2613 5147 3043 5205 Commentariis
3078 5160 3337 5205 verterat.

1952 5235 2172 5292 Monere
2224 5254 2291 5292 ne
2330 5239 2515 5307 pigeat
2568 5242 2816 5296 codicem
2854 5242 3232 5297 Colbertinum
3292 5258 3489 5298 nuth

1882 5343 1941 5383 ro
1967 5328 2131 5393 2596,
2168 5330 2298 5385 olim
2343 5330 2694 5388 Bibliotheca:
2737 5334 2999 5397 Thuanz,
3038 5335 3253 5388 initium
3316 5334 3485 5390 Coni-

1882 5424 2280 5477 mentariorum
2334 5423 2519 5479 Basilii
2575 5427 2626 5481 in
2680 5424 2959 5492 Hesaiam,
2992 5428 3208 5483 Eusebii
3260 5432 3487 5483 nomine

1880 5514 2236 5572 circumferre
2276 5521 2377 5574 hoc
2413 5522 2607 5587 modo,
2636 5521 2900 5575 Εὑσεὸίου
2933 5522 3028 5575 τοῦ
3068 5524 3357 5596 ῌαμφίλου
3392 5528 3484 5595 ἐρ-

1884 5611 2081 5680 μηνεξα
2118 5613 2195 5674 εἰς
2223 5613 2315 5665 τὸν
2352 5616 2643 5686 προφήτην
2686 5617 2916 5669 Ἡσαΐαν
2938 5616 3096 5684 λόγος
3120 5618 3189 5670 α’.
3223 5618 3356 5673 ‘init.
3383 5620 3485 5672 Εὕ-

1882 5700 2041 5765 5130:
2073 5704 2147 5775 μὴ
2170 5706 2422 5773 γενέσθαι
2442 5708 2542 5779 τὴν
2577 5710 2752 5781 φυγὴν
2775 5708 2948 5761 ὑμῶν.
2974 5710 3178 5763 Deinde
3199 5725 3326 5765 vero
3349 5712 3486 5779 Imr,

242 5819 320 5895 (1)
352 5817 609 5875 ﬂuuium
653 5833 762 5874 non
815 5818 1012 5874 Isaiam
1057 5820 1368 5885 scribimus,
1400 5834 1588 5875 vocem
1618 5818 1861 5874 Graecam
1935 5822 2163 5886 Ἡσαΐας
2227 5823 2541 5895 sequentes,
2612 5829 2713 5882 etsi
2788 5826 3049 5881 llcbmice
3078 5822 3488 5891 πγγωνιεδαίαίς

168 5892 458 5947 scribatur.
