  <div class='ocr_page' id='page_1' title='image "/cluster/home/n/w/nwhite01/storage/ocr_20150623/24/ien.35556001660497/051.png"; bbox 0 0 4014 6422; ppageno 0'>
   <div class='ocr_carea' id='block_1_1' title="bbox 637 398 3901 468">
    <p class='ocr_par' dir='ltr' id='par_1_1' title="bbox 637 398 3901 468">
     <span class='ocr_line' id='line_1_1' title="bbox 637 398 3901 468; baseline 0 0"><span class='ocrx_word' id='word_1_1' title='bbox 637 407 712 468; x_wconf 78' lang='grc'><strong>’19</strong></span> <span class='ocrx_word' id='word_1_2' title='bbox 1305 403 1573 462; x_wconf 83' lang='lat' dir='ltr'><strong>EUSEBII</strong></span> <span class='ocrx_word' id='word_1_3' title='bbox 1610 403 2086 464; x_wconf 69' lang='lat' dir='ltr'><strong>CESARIENSIS</strong></span> <span class='ocrx_word' id='word_1_4' title='bbox 2121 404 2273 464; x_wconf 84' lang='lat' dir='ltr'><strong>OPP.</strong></span> <span class='ocrx_word' id='word_1_5' title='bbox 2312 404 2500 463; x_wconf 79' lang='lat' dir='ltr'><strong>PARS</strong></span> <span class='ocrx_word' id='word_1_6' title='bbox 2537 403 2628 462; x_wconf 89' lang='grc' dir='ltr'>ιιι.</span> <span class='ocrx_word' id='word_1_7' title='bbox 2667 436 2738 447; x_wconf 89' lang='grc'><strong><em>-</em></strong></span> <span class='ocrx_word' id='word_1_8' title='bbox 2777 398 3191 463; x_wconf 74' lang='lat' dir='ltr'><strong>EIECETICA.</strong></span> <span class='ocrx_word' id='word_1_9' title='bbox 3835 409 3901 468; x_wconf 74' lang='lat'><strong>80</strong></span> 
     </span>
    </p>
   </div>
   <div class='ocr_carea' id='block_1_2' title="bbox 640 521 3911 599">
    <p class='ocr_par' dir='ltr' id='par_1_2' title="bbox 640 521 3911 599">
     <span class='ocr_line' id='line_1_2' title="bbox 640 521 3911 599; baseline 0 -18"><span class='ocrx_word' id='word_1_10' title='bbox 640 542 762 599; x_wconf 66' lang='lat' dir='ltr'><strong>qua</strong></span> <span class='ocrx_word' id='word_1_11' title='bbox 816 524 956 597; x_wconf 83' lang='lat' dir='ltr'><strong>apud</strong></span> <span class='ocrx_word' id='word_1_12' title='bbox 985 521 1246 580; x_wconf 89' lang='lat' dir='ltr'><strong>Basilium</strong></span> <span class='ocrx_word' id='word_1_13' title='bbox 1293 538 1402 578; x_wconf 89' lang='lat' dir='ltr'><strong>una</strong></span> <span class='ocrx_word' id='word_1_14' title='bbox 1439 525 1582 580; x_wconf 88' lang='lat' dir='ltr'><strong>serie</strong></span> <span class='ocrx_word' id='word_1_15' title='bbox 1627 525 1898 596; x_wconf 83' lang='lat' dir='ltr'><strong>leguntur,</strong></span> <span class='ocrx_word' id='word_1_16' title='bbox 1934 541 2056 580; x_wconf 80' lang='lat' dir='ltr'><strong>cum</strong></span> <span class='ocrx_word' id='word_1_17' title='bbox 2113 527 2213 582; x_wconf 88' lang='lat' dir='ltr'><strong>hoc</strong></span> <span class='ocrx_word' id='word_1_18' title='bbox 2245 533 2289 590; x_wconf 69' lang='grc' dir='ltr'><strong>Α</strong></span> <span class='ocrx_word' id='word_1_19' title='bbox 2319 540 2445 580; x_wconf 89' lang='lat' dir='ltr'><strong>oros</strong></span> <span class='ocrx_word' id='word_1_20' title='bbox 2471 524 2735 596; x_wconf 87' lang='lat' dir='ltr'><strong>legerem,</strong></span> <span class='ocrx_word' id='word_1_21' title='bbox 2763 525 2906 581; x_wconf 82' lang='lat' dir='ltr'><strong>aliud</strong></span> <span class='ocrx_word' id='word_1_22' title='bbox 2935 535 3106 581; x_wconf 66' lang='lat' dir='ltr'><strong>musto</strong></span> <span class='ocrx_word' id='word_1_23' title='bbox 3147 525 3349 597; x_wconf 82' lang='lat' dir='ltr'><strong>reperi,</strong></span> <span class='ocrx_word' id='word_1_24' title='bbox 3377 539 3542 597; x_wconf 91' lang='lat' dir='ltr'><strong>qnm</strong></span> <span class='ocrx_word' id='word_1_25' title='bbox 3580 527 3768 586; x_wconf 81' lang='lat' dir='ltr'><strong>indice</strong></span> <span class='ocrx_word' id='word_1_26' title='bbox 3793 543 3911 599; x_wconf 90' lang='lat' dir='ltr'><strong>pro-</strong></span> 
     </span>
    </p>
   </div>
   <div class='ocr_carea' id='block_1_3' title="bbox 638 615 2172 691">
    <p class='ocr_par' dir='ltr' id='par_1_3' title="bbox 638 615 2172 691">
     <span class='ocr_line' id='line_1_3' title="bbox 638 615 2172 691; baseline -0.001 -15"><span class='ocrx_word' id='word_1_27' title='bbox 638 618 794 676; x_wconf 81' lang='lat' dir='ltr'><strong>titule</strong></span> <span class='ocrx_word' id='word_1_28' title='bbox 825 625 1061 686; x_wconf 78' lang='lat' dir='ltr'><strong>exstant,</strong></span> <span class='ocrx_word' id='word_1_29' title='bbox 1078 615 1332 681; x_wconf 78' lang='grc' dir='ltr'><strong>ὑπόθεσις</strong></span> <span class='ocrx_word' id='word_1_30' title='bbox 1361 615 1643 676; x_wconf 77' lang='grc' dir='ltr'>Εὐσεσιου.</span> <span class='ocrx_word' id='word_1_31' title='bbox 1662 619 1784 673; x_wconf 89' lang='lat' dir='ltr'><strong>lnit.</strong></span> <span class='ocrx_word' id='word_1_32' title='bbox 1828 619 2047 691; x_wconf 78' lang='grc' dir='ltr'><strong>Ἐπειδὴ</strong></span> <span class='ocrx_word' id='word_1_33' title='bbox 2069 637 2172 675; x_wconf 80' lang='grc' dir='ltr'><strong>κατ</strong></span> 
     </span>
    </p>
   </div>
   <div class='ocr_carea' id='block_1_4' title="bbox 2283 615 3904 691">
    <p class='ocr_par' dir='ltr' id='par_1_4' title="bbox 2316 617 3904 689">
     <span class='ocr_line' id='line_1_4' title="bbox 2316 617 3904 689; baseline 0.002 -17"><span class='ocrx_word' id='word_1_34' title='bbox 2316 618 2584 673; x_wconf 91' lang='lat' dir='ltr'><strong>mittebat.</strong></span> <span class='ocrx_word' id='word_1_35' title='bbox 2618 617 2938 689; x_wconf 87' lang='lat' dir='ltr'><strong>Ubicunque</strong></span> <span class='ocrx_word' id='word_1_36' title='bbox 2969 618 3116 675; x_wconf 90' lang='lat' dir='ltr'><strong>enim</strong></span> <span class='ocrx_word' id='word_1_37' title='bbox 3168 632 3294 674; x_wconf 91' lang='lat' dir='ltr'><strong>eum</strong></span> <span class='ocrx_word' id='word_1_38' title='bbox 3348 618 3574 675; x_wconf 89' lang='lat' dir='ltr'><strong>historia</strong></span> <span class='ocrx_word' id='word_1_39' title='bbox 3616 619 3904 686; x_wconf 77' lang='lat' dir='ltr'><strong>defecerit,</strong></span> 
     </span>
    </p>
   </div>
   <div class='ocr_carea' id='block_1_5' title="bbox 637 707 2172 785">
    <p class='ocr_par' dir='ltr' id='par_1_5' title="bbox 637 709 2172 785">
     <span class='ocr_line' id='line_1_5' title="bbox 637 709 2172 785; baseline -0.001 -18"><span class='ocrx_word' id='word_1_40' title='bbox 637 710 865 785; x_wconf 80' lang='grc' dir='ltr'><strong>χρόνους</strong></span> <span class='ocrx_word' id='word_1_41' title='bbox 894 710 1119 781; x_wconf 71' lang='grc' dir='ltr'>γέγονεν</span> <span class='ocrx_word' id='word_1_42' title='bbox 1144 709 1174 764; x_wconf 84' lang='grc' dir='ltr'>ὀ</span> <span class='ocrx_word' id='word_1_43' title='bbox 1218 711 1525 782; x_wconf 75' lang='grc' dir='ltr'><strong>προφήτης.</strong></span> <span class='ocrx_word' id='word_1_44' title='bbox 1556 710 1686 780; x_wconf 83' lang='lat' dir='ltr'><strong>Post</strong></span> <span class='ocrx_word' id='word_1_45' title='bbox 1717 711 1833 767; x_wconf 69' lang='lat' dir='ltr'><strong>haec</strong></span> <span class='ocrx_word' id='word_1_46' title='bbox 1865 709 2172 766; x_wconf 79' lang='lat' dir='ltr'><strong>Commenta</strong></span> 
     </span>
    </p>
   </div>
   <div class='ocr_carea' id='block_1_6' title="bbox 2283 707 3906 785">
    <p class='ocr_par' dir='ltr' id='par_1_6' title="bbox 2315 707 3906 780">
     <span class='ocr_line' id='line_1_6' title="bbox 2315 707 3906 780; baseline 0.003 -20"><span class='ocrx_word' id='word_1_47' title='bbox 2315 707 2510 762; x_wconf 88' lang='lat' dir='ltr'><strong>transit</strong></span> <span class='ocrx_word' id='word_1_48' title='bbox 2549 707 2616 762; x_wconf 90' lang='lat' dir='ltr'><strong>ad</strong></span> <span class='ocrx_word' id='word_1_49' title='bbox 2643 707 2980 778; x_wconf 83' lang='lat' dir='ltr'><strong>allegoriam,</strong></span> <span class='ocrx_word' id='word_1_50' title='bbox 3013 715 3072 763; x_wconf 92' lang='lat' dir='ltr'><strong>et</strong></span> <span class='ocrx_word' id='word_1_51' title='bbox 3100 707 3176 764; x_wconf 87' lang='lat' dir='ltr'><strong>ita</strong></span> <span class='ocrx_word' id='word_1_52' title='bbox 3216 716 3468 780; x_wconf 89' lang='lat' dir='ltr'><strong>separata</strong></span> <span class='ocrx_word' id='word_1_53' title='bbox 3502 710 3808 775; x_wconf 83' lang='lat' dir='ltr'><strong>consociat,</strong></span> <span class='ocrx_word' id='word_1_54' title='bbox 3843 722 3906 765; x_wconf 93' lang='lat' dir='ltr'><strong>ut</strong></span> 
     </span>
    </p>
   </div>
   <div class='ocr_carea' id='block_1_7' title="bbox 636 796 2172 875">
    <p class='ocr_par' dir='ltr' id='par_1_7' title="bbox 636 799 2172 875">
     <span class='ocr_line' id='line_1_7' title="bbox 636 799 2172 875; baseline -0.001 -18"><span class='ocrx_word' id='word_1_55' title='bbox 636 801 754 858; x_wconf 88' lang='lat' dir='ltr'><strong>rius</strong></span> <span class='ocrx_word' id='word_1_56' title='bbox 784 801 1070 857; x_wconf 88' lang='lat' dir='ltr'><strong>inchoatur</strong></span> <span class='ocrx_word' id='word_1_57' title='bbox 1091 800 1176 856; x_wconf 89' lang='lat' dir='ltr'><strong>his</strong></span> <span class='ocrx_word' id='word_1_58' title='bbox 1207 800 1387 855; x_wconf 85' lang='lat' dir='ltr'><strong>verbis</strong></span> <span class='ocrx_word' id='word_1_59' title='bbox 1423 817 1436 854; x_wconf 93' lang='lat'><strong>:</strong></span> <span class='ocrx_word' id='word_1_60' title='bbox 1480 799 1712 874; x_wconf 77' lang='grc' dir='ltr'><strong>’θρασις</strong></span> <span class='ocrx_word' id='word_1_61' title='bbox 1757 807 1827 858; x_wconf 82' lang='grc' dir='ltr'><strong>α’.</strong></span> <span class='ocrx_word' id='word_1_62' title='bbox 1865 801 2098 874; x_wconf 68' lang='lat' dir='ltr'><strong>&quot;Opust;</strong></span> <span class='ocrx_word' id='word_1_63' title='bbox 2142 803 2172 875; x_wconf 75' lang='grc' dir='ltr'><strong>η</strong></span> 
     </span>
    </p>
   </div>
   <div class='ocr_carea' id='block_1_8' title="bbox 2283 796 3908 875">
    <p class='ocr_par' dir='ltr' id='par_1_8' title="bbox 2313 796 3908 874">
     <span class='ocr_line' id='line_1_8' title="bbox 2313 796 3908 874; baseline 0.005 -23"><span class='ocrx_word' id='word_1_64' title='bbox 2313 796 2484 852; x_wconf 84' lang='lat' dir='ltr'><strong>mirer</strong></span> <span class='ocrx_word' id='word_1_65' title='bbox 2529 811 2652 852; x_wconf 89' lang='lat' dir='ltr'><strong>eum</strong></span> <span class='ocrx_word' id='word_1_66' title='bbox 2698 813 2837 854; x_wconf 90' lang='lat' dir='ltr'><strong>nova</strong></span> <span class='ocrx_word' id='word_1_67' title='bbox 2884 799 3153 855; x_wconf 90' lang='lat' dir='ltr'><strong>sermonis</strong></span> <span class='ocrx_word' id='word_1_68' title='bbox 3179 798 3386 857; x_wconf 78' lang='lat' dir='ltr'><strong>fabrica</strong></span> <span class='ocrx_word' id='word_1_69' title='bbox 3422 803 3477 857; x_wconf 92' lang='lat' dir='ltr'><strong>in</strong></span> <span class='ocrx_word' id='word_1_70' title='bbox 3511 817 3678 857; x_wconf 86' lang='lat' dir='ltr'><strong>unum</strong></span> <span class='ocrx_word' id='word_1_71' title='bbox 3706 819 3908 874; x_wconf 82' lang='lat' dir='ltr'><strong>corpus</strong></span> 
     </span>
    </p>
   </div>
   <div class='ocr_carea' id='block_1_9' title="bbox 632 887 2172 968">
    <p class='ocr_par' dir='ltr' id='par_1_9' title="bbox 632 889 2172 968">
     <span class='ocr_line' id='line_1_9' title="bbox 632 889 2172 968; baseline 0 -20"><span class='ocrx_word' id='word_1_72' title='bbox 632 889 772 948; x_wconf 75' lang='grc' dir='ltr'><strong>ιῖδεν</strong></span> <span class='ocrx_word' id='word_1_73' title='bbox 805 893 1062 959; x_wconf 75' lang='grc' dir='ltr'><strong>Ἡσαΐας,</strong></span> <span class='ocrx_word' id='word_1_74' title='bbox 1111 902 1217 948; x_wconf 83' lang='lat' dir='ltr'><strong>etc.</strong></span> <span class='ocrx_word' id='word_1_75' title='bbox 1261 890 1380 947; x_wconf 89' lang='lat' dir='ltr'><strong>luit.</strong></span> <span class='ocrx_word' id='word_1_76' title='bbox 1429 893 1550 949; x_wconf 88' lang='grc' dir='ltr'><strong>Τῶν</strong></span> <span class='ocrx_word' id='word_1_77' title='bbox 1591 895 1722 967; x_wconf 77' lang='grc' dir='ltr'><strong>παρ’</strong></span> <span class='ocrx_word' id='word_1_78' title='bbox 1768 895 1902 966; x_wconf 77' lang='grc' dir='ltr'>ἡμῖν</span> <span class='ocrx_word' id='word_1_79' title='bbox 1948 895 2172 968; x_wconf 80' lang='grc' dir='ltr'><strong>αἰσθητη</strong></span> 
     </span>
    </p>
   </div>
   <div class='ocr_carea' id='block_1_10' title="bbox 2283 887 3910 968">
    <p class='ocr_par' dir='ltr' id='par_1_10' title="bbox 2309 887 3910 962">
     <span class='ocr_line' id='line_1_10' title="bbox 2309 887 3910 962; baseline 0.005 -20"><span class='ocrx_word' id='word_1_80' title='bbox 2309 887 2540 956; x_wconf 88' lang='lat' dir='ltr'><strong>lapidem</strong></span> <span class='ocrx_word' id='word_1_81' title='bbox 2571 888 2885 960; x_wconf 76' lang='lat' dir='ltr'><strong>ferrumque</strong></span> <span class='ocrx_word' id='word_1_82' title='bbox 2906 891 3262 962; x_wconf 74' lang='lat' dir='ltr'><strong>conjungere.</strong></span> <span class='ocrx_word' id='word_1_83' title='bbox 3300 892 3413 948; x_wconf 86' lang='lat' dir='ltr'><strong>Hoc</strong></span> <span class='ocrx_word' id='word_1_84' title='bbox 3459 895 3699 950; x_wconf 75' lang='lat' dir='ltr'><strong>breviter</strong></span> <span class='ocrx_word' id='word_1_85' title='bbox 3721 896 3910 950; x_wconf 84' lang='lat' dir='ltr'><strong>admo-</strong></span> 
     </span>
    </p>
   </div>
   <div class='ocr_carea' id='block_1_11' title="bbox 636 982 2172 1058">
    <p class='ocr_par' dir='ltr' id='par_1_11' title="bbox 636 983 2172 1058">
     <span class='ocr_line' id='line_1_11' title="bbox 636 983 2172 1058; baseline 0.001 -19"><span class='ocrx_word' id='word_1_86' title='bbox 636 987 766 1058; x_wconf 80' lang='grc' dir='ltr'>ριων</span> <span class='ocrx_word' id='word_1_87' title='bbox 796 985 859 1040; x_wconf 81' lang='grc' dir='ltr'><strong>τὺ</strong></span> <span class='ocrx_word' id='word_1_88' title='bbox 884 984 1299 1058; x_wconf 60' lang='lat' dir='ltr'><strong>litamina-sou.</strong></span> <span class='ocrx_word' id='word_1_89' title='bbox 1331 983 1519 1041; x_wconf 75' lang='lat' dir='ltr'><strong>Utrum</strong></span> <span class='ocrx_word' id='word_1_90' title='bbox 1551 993 1730 1042; x_wconf 72' lang='lat' dir='ltr'><strong>autem</strong></span> <span class='ocrx_word' id='word_1_91' title='bbox 1771 987 1884 1042; x_wconf 67' lang='lat' dir='ltr'><strong>haec</strong></span> <span class='ocrx_word' id='word_1_92' title='bbox 1917 985 2172 1042; x_wconf 74' lang='lat' dir='ltr'><strong>Columen</strong></span> 
     </span>
    </p>
   </div>
   <div class='ocr_carea' id='block_1_12' title="bbox 2283 982 3910 1058">
    <p class='ocr_par' dir='ltr' id='par_1_12' title="bbox 2307 982 3910 1053">
     <span class='ocr_line' id='line_1_12' title="bbox 2307 982 3910 1053; baseline 0.006 -18"><span class='ocrx_word' id='word_1_93' title='bbox 2307 982 2425 1047; x_wconf 90' lang='lat' dir='ltr'><strong>nui,</strong></span> <span class='ocrx_word' id='word_1_94' title='bbox 2455 996 2524 1036; x_wconf 90' lang='lat' dir='ltr'><strong>ne</strong></span> <span class='ocrx_word' id='word_1_95' title='bbox 2552 982 2673 1052; x_wconf 88' lang='lat' dir='ltr'><strong>quis</strong></span> <span class='ocrx_word' id='word_1_96' title='bbox 2699 996 2802 1038; x_wconf 89' lang='lat' dir='ltr'><strong>nos</strong></span> <span class='ocrx_word' id='word_1_97' title='bbox 2845 985 2995 1053; x_wconf 83' lang='lat' dir='ltr'><strong>pute&#39;t</strong></span> <span class='ocrx_word' id='word_1_98' title='bbox 3035 999 3104 1039; x_wconf 80' lang='lat' dir='ltr'><strong>ex</strong></span> <span class='ocrx_word' id='word_1_99' title='bbox 3147 984 3292 1040; x_wconf 89' lang='lat' dir='ltr'><strong>illius</strong></span> <span class='ocrx_word' id='word_1_100' title='bbox 3338 987 3580 1043; x_wconf 80' lang='lat' dir='ltr'><strong>fontibus</strong></span> <span class='ocrx_word' id='word_1_101' title='bbox 3627 997 3910 1044; x_wconf 84' lang='lat' dir='ltr'><strong>mutuasse</strong></span> 
     </span>
    </p>
   </div>
   <div class='ocr_carea' id='block_1_13' title="bbox 635 1071 3905 1147">
    <p class='ocr_par' dir='ltr' id='par_1_13' title="bbox 635 1071 3905 1147">
     <span class='ocr_line' id='line_1_13' title="bbox 635 1071 3905 1147; baseline 0.001 -13"><span class='ocrx_word' id='word_1_102' title='bbox 635 1079 771 1135; x_wconf 88' lang='lat' dir='ltr'><strong>taria</strong></span> <span class='ocrx_word' id='word_1_103' title='bbox 806 1077 985 1134; x_wconf 81' lang='lat' dir='ltr'><strong>Basilii</strong></span> <span class='ocrx_word' id='word_1_104' title='bbox 1019 1076 1128 1132; x_wconf 89' lang='lat' dir='ltr'><strong>sint</strong></span> <span class='ocrx_word' id='word_1_105' title='bbox 1165 1091 1371 1144; x_wconf 85' lang='lat' dir='ltr'><strong>necne,</strong></span> <span class='ocrx_word' id='word_1_106' title='bbox 1409 1093 1516 1135; x_wconf 90' lang='lat' dir='ltr'><strong>non</strong></span> <span class='ocrx_word' id='word_1_107' title='bbox 1572 1079 1708 1134; x_wconf 83' lang='lat' dir='ltr'><strong>satis</strong></span> <span class='ocrx_word' id='word_1_108' title='bbox 1756 1078 2016 1134; x_wconf 82' lang='lat' dir='ltr'><strong>convenit</strong></span> <span class='ocrx_word' id='word_1_109' title='bbox 2067 1079 2207 1133; x_wconf 90' lang='lat' dir='ltr'><strong>inter</strong></span> <span class='ocrx_word' id='word_1_110' title='bbox 2307 1086 2430 1139; x_wconf 74' lang='lat' dir='ltr'><strong>quae</strong></span> <span class='ocrx_word' id='word_1_111' title='bbox 2450 1071 2720 1137; x_wconf 66' lang='lat' dir='ltr'><strong>dicimus;</strong></span> <span class='ocrx_word' id='word_1_112' title='bbox 2756 1085 2881 1126; x_wconf 69' lang='lat' dir='ltr'><strong>nam</strong></span> <span class='ocrx_word' id='word_1_113' title='bbox 2903 1083 2960 1128; x_wconf 74' lang='grc' dir='ltr'>ει</span> <span class='ocrx_word' id='word_1_114' title='bbox 2985 1073 3036 1127; x_wconf 78' lang='lat' dir='ltr'><strong>in</strong></span> <span class='ocrx_word' id='word_1_115' title='bbox 3059 1076 3314 1144; x_wconf 59' lang='lat' dir='ltr'><strong>presenti</strong></span> <span class='ocrx_word' id='word_1_116' title='bbox 3346 1077 3587 1147; x_wconf 78' lang='lat' dir='ltr'><strong>capitulo</strong></span> <span class='ocrx_word' id='word_1_117' title='bbox 3615 1078 3905 1134; x_wconf 82' lang='lat' dir='ltr'><strong>adversum</strong></span> 
     </span>
    </p>
   </div>
   <div class='ocr_carea' id='block_1_14' title="bbox 631 1159 3904 1242">
    <p class='ocr_par' dir='ltr' id='par_1_14' title="bbox 631 1159 3904 1242">
     <span class='ocr_line' id='line_1_14' title="bbox 631 1159 3904 1242; baseline -0.001 -16"><span class='ocrx_word' id='word_1_118' title='bbox 631 1173 940 1240; x_wconf 87' lang='lat' dir='ltr'><strong>scriptores.</strong></span> <span class='ocrx_word' id='word_1_119' title='bbox 963 1169 1034 1224; x_wconf 83' lang='lat' dir='ltr'><strong>At</strong></span> <span class='ocrx_word' id='word_1_120' title='bbox 1059 1167 1096 1224; x_wconf 89' lang='lat' dir='ltr'><strong>ii</strong></span> <span class='ocrx_word' id='word_1_121' title='bbox 1130 1169 1291 1224; x_wconf 87' lang='lat' dir='ltr'><strong>etiam</strong></span> <span class='ocrx_word' id='word_1_122' title='bbox 1320 1169 1411 1238; x_wconf 88' lang='lat' dir='ltr'><strong>qui</strong></span> <span class='ocrx_word' id='word_1_123' title='bbox 1443 1169 1631 1226; x_wconf 85' lang='lat' dir='ltr'><strong>Basilii</strong></span> <span class='ocrx_word' id='word_1_124' title='bbox 1673 1184 1795 1226; x_wconf 88' lang='lat' dir='ltr'><strong>esse</strong></span> <span class='ocrx_word' id='word_1_125' title='bbox 1839 1161 2200 1242; x_wconf 83' lang='lat' dir='ltr'><strong>propugnant,</strong></span> <span class='ocrx_word' id='word_1_126' title='bbox 2303 1159 2520 1218; x_wconf 56' lang='lat' dir='ltr'><strong>Iudaeos</strong></span> <span class='ocrx_word' id='word_1_127' title='bbox 2553 1172 2607 1219; x_wconf 77' lang='lat' dir='ltr'><strong>et</strong></span> <span class='ocrx_word' id='word_1_128' title='bbox 2649 1162 3080 1234; x_wconf 73' lang='lat' dir='ltr'><strong>Hierosolymam</strong></span> <span class='ocrx_word' id='word_1_129' title='bbox 3123 1165 3256 1220; x_wconf 87' lang='lat' dir='ltr'><strong>dicit</strong></span> <span class='ocrx_word' id='word_1_130' title='bbox 3298 1167 3638 1237; x_wconf 85' lang='lat' dir='ltr'><strong>prophetiam</strong></span> <span class='ocrx_word' id='word_1_131' title='bbox 3692 1169 3852 1240; x_wconf 91' lang='lat' dir='ltr'><strong>dirigi</strong></span> <span class='ocrx_word' id='word_1_132' title='bbox 3888 1186 3904 1223; x_wconf 91' lang='lat'><strong>:</strong></span> 
     </span>
    </p>
   </div>
   <div class='ocr_carea' id='block_1_15' title="bbox 631 1256 3905 1335">
    <p class='ocr_par' dir='ltr' id='par_1_15' title="bbox 631 1256 3905 1335">
     <span class='ocr_line' id='line_1_15' title="bbox 631 1256 3905 1335; baseline 0.001 -21"><span class='ocrx_word' id='word_1_133' title='bbox 631 1259 845 1315; x_wconf 90' lang='lat' dir='ltr'><strong>initium</strong></span> <span class='ocrx_word' id='word_1_134' title='bbox 888 1256 1017 1332; x_wconf 86' lang='lat' dir='ltr'><strong>illud</strong></span> <span class='ocrx_word' id='word_1_135' title='bbox 1072 1259 1406 1330; x_wconf 72' lang='lat' dir='ltr'><strong>praefationis</strong></span> <span class='ocrx_word' id='word_1_136' title='bbox 1453 1274 1602 1315; x_wconf 86' lang='lat' dir='ltr'><strong>more</strong></span> <span class='ocrx_word' id='word_1_137' title='bbox 1639 1261 1978 1330; x_wconf 69' lang='lat' dir='ltr'><strong>praemissum</strong></span> <span class='ocrx_word' id='word_1_138' title='bbox 2004 1300 2020 1327; x_wconf 94' lang='lat'><strong>,</strong></span> <span class='ocrx_word' id='word_1_139' title='bbox 2053 1277 2201 1316; x_wconf 85' lang='lat' dir='ltr'><strong>assu-</strong></span> <span class='ocrx_word' id='word_1_140' title='bbox 2303 1257 2447 1326; x_wconf 86' lang='lat' dir='ltr'><strong>quod</strong></span> <span class='ocrx_word' id='word_1_141' title='bbox 2478 1259 2532 1312; x_wconf 90' lang='lat' dir='ltr'><strong>in</strong></span> <span class='ocrx_word' id='word_1_142' title='bbox 2585 1258 2852 1328; x_wconf 90' lang='lat' dir='ltr'><strong>principio</strong></span> <span class='ocrx_word' id='word_1_143' title='bbox 2908 1259 3031 1315; x_wconf 82' lang='lat' dir='ltr'><strong>ﬁdei</strong></span> <span class='ocrx_word' id='word_1_144' title='bbox 3075 1257 3504 1335; x_wconf 27' lang='lat' dir='ltr'><strong>Christianaelad</strong></span> <span class='ocrx_word' id='word_1_145' title='bbox 3542 1272 3681 1318; x_wconf 90' lang='lat' dir='ltr'><strong>totas</strong></span> <span class='ocrx_word' id='word_1_146' title='bbox 3712 1274 3905 1333; x_wconf 88' lang='lat' dir='ltr'><strong>gentes</strong></span> 
     </span>
    </p>
   </div>
   <div class='ocr_carea' id='block_1_16' title="bbox 631 1348 3900 1423">
    <p class='ocr_par' dir='ltr' id='par_1_16' title="bbox 631 1348 3900 1423">
     <span class='ocr_line' id='line_1_16' title="bbox 631 1348 3900 1423; baseline 0 -15"><span class='ocrx_word' id='word_1_147' title='bbox 631 1360 866 1408; x_wconf 85' lang='lat' dir='ltr'><strong>mentum</strong></span> <span class='ocrx_word' id='word_1_148' title='bbox 913 1352 1181 1422; x_wconf 84' lang='lat' dir='ltr'><strong>quoddam</strong></span> <span class='ocrx_word' id='word_1_149' title='bbox 1212 1367 1333 1409; x_wconf 87' lang='lat' dir='ltr'><strong>esse</strong></span> <span class='ocrx_word' id='word_1_150' title='bbox 1380 1352 1618 1408; x_wconf 80' lang='lat' dir='ltr'><strong>fatentur</strong></span> <span class='ocrx_word' id='word_1_151' title='bbox 1652 1370 1667 1408; x_wconf 86' lang='lat'><strong>:</strong></span> <span class='ocrx_word' id='word_1_152' title='bbox 1695 1353 1834 1423; x_wconf 88' lang='lat' dir='ltr'><strong>quod</strong></span> <span class='ocrx_word' id='word_1_153' title='bbox 1887 1366 1987 1407; x_wconf 90' lang='lat' dir='ltr'><strong>nec</strong></span> <span class='ocrx_word' id='word_1_154' title='bbox 2016 1351 2200 1408; x_wconf 85' lang='lat' dir='ltr'><strong>Basilii</strong></span> <span class='ocrx_word' id='word_1_155' title='bbox 2303 1348 2558 1417; x_wconf 81' lang='lat' dir='ltr'><strong>epistolas</strong></span> <span class='ocrx_word' id='word_1_156' title='bbox 2592 1351 2860 1417; x_wconf 83' lang='lat' dir='ltr'><strong>miserint,</strong></span> <span class='ocrx_word' id='word_1_157' title='bbox 2890 1365 2956 1406; x_wconf 94' lang='lat' dir='ltr'><strong>ne</strong></span> <span class='ocrx_word' id='word_1_158' title='bbox 2979 1351 3326 1420; x_wconf 82' lang='lat' dir='ltr'><strong>susciperent</strong></span> <span class='ocrx_word' id='word_1_159' title='bbox 3346 1354 3900 1423; x_wconf 86' lang='lat' dir='ltr'><strong>passionemChristi,</strong></span> 
     </span>
    </p>
   </div>
   <div class='ocr_carea' id='block_1_17' title="bbox 626 1440 3898 1515">
    <p class='ocr_par' dir='ltr' id='par_1_17' title="bbox 626 1440 3898 1515">
     <span class='ocr_line' id='line_1_17' title="bbox 626 1440 3898 1515; baseline 0.001 -16"><span class='ocrx_word' id='word_1_160' title='bbox 626 1443 836 1509; x_wconf 88' lang='lat' dir='ltr'><strong>sit,nec</strong></span> <span class='ocrx_word' id='word_1_161' title='bbox 859 1442 1261 1500; x_wconf 85' lang='lat' dir='ltr'><strong>Commentario</strong></span> <span class='ocrx_word' id='word_1_162' title='bbox 1287 1445 1338 1500; x_wconf 93' lang='lat' dir='ltr'><strong>in</strong></span> <span class='ocrx_word' id='word_1_163' title='bbox 1371 1444 1620 1500; x_wconf 87' lang='lat' dir='ltr'><strong>Hesaiam</strong></span> <span class='ocrx_word' id='word_1_164' title='bbox 1651 1445 1958 1509; x_wconf 85' lang='lat' dir='ltr'><strong>conveniat.</strong></span> <span class='ocrx_word' id='word_1_165' title='bbox 1980 1454 2035 1500; x_wconf 94' lang='lat' dir='ltr'><strong>et</strong></span> <span class='ocrx_word' id='word_1_166' title='bbox 2053 1444 2198 1498; x_wconf 90' lang='lat' dir='ltr'><strong>aliud</strong></span> <span class='ocrx_word' id='word_1_167' title='bbox 2301 1450 2355 1496; x_wconf 88' lang='lat' dir='ltr'><strong>et</strong></span> <span class='ocrx_word' id='word_1_168' title='bbox 2400 1440 2647 1497; x_wconf 83' lang='lat' dir='ltr'><strong>miserint</strong></span> <span class='ocrx_word' id='word_1_169' title='bbox 2681 1456 2852 1512; x_wconf 88' lang='lat' dir='ltr'><strong>usque</strong></span> <span class='ocrx_word' id='word_1_170' title='bbox 2899 1445 2968 1500; x_wconf 90' lang='lat' dir='ltr'><strong>ad</strong></span> <span class='ocrx_word' id='word_1_171' title='bbox 3028 1443 3368 1515; x_wconf 68' lang='lat' dir='ltr'><strong>Ethiopiam</strong></span> <span class='ocrx_word' id='word_1_172' title='bbox 3400 1454 3456 1501; x_wconf 90' lang='lat' dir='ltr'><strong>et</strong></span> <span class='ocrx_word' id='word_1_173' title='bbox 3495 1448 3898 1503; x_wconf 85' lang='lat' dir='ltr'><strong>occidentalem</strong></span> 
     </span>
    </p>
   </div>
   <div class='ocr_carea' id='block_1_18' title="bbox 626 1533 3903 1608">
    <p class='ocr_par' dir='ltr' id='par_1_18' title="bbox 626 1533 3903 1608">
     <span class='ocr_line' id='line_1_18' title="bbox 626 1533 3903 1608; baseline 0.001 -18"><span class='ocrx_word' id='word_1_174' title='bbox 626 1551 848 1606; x_wconf 88' lang='lat' dir='ltr'><strong>prorsus</strong></span> <span class='ocrx_word' id='word_1_175' title='bbox 869 1545 1013 1608; x_wconf 87' lang='lat' dir='ltr'><strong>agat.</strong></span> <span class='ocrx_word' id='word_1_176' title='bbox 1045 1537 1158 1608; x_wconf 85' lang='lat' dir='ltr'><strong>Ego</strong></span> <span class='ocrx_word' id='word_1_177' title='bbox 1181 1552 1308 1593; x_wconf 89' lang='lat' dir='ltr'><strong>vero</strong></span> <span class='ocrx_word' id='word_1_178' title='bbox 1332 1536 1564 1606; x_wconf 82' lang='lat' dir='ltr'><strong>Eusebio</strong></span> <span class='ocrx_word' id='word_1_179' title='bbox 1593 1536 1764 1592; x_wconf 92' lang='lat' dir='ltr'><strong>multo</strong></span> <span class='ocrx_word' id='word_1_180' title='bbox 1784 1536 1962 1592; x_wconf 92' lang='lat' dir='ltr'><strong>minus</strong></span> <span class='ocrx_word' id='word_1_181' title='bbox 1997 1537 2197 1591; x_wconf 86' lang='lat' dir='ltr'><strong>ascribi</strong></span> <span class='ocrx_word' id='word_1_182' title='bbox 2302 1533 2538 1603; x_wconf 89' lang='lat' dir='ltr'><strong>plagam,</strong></span> <span class='ocrx_word' id='word_1_183' title='bbox 2565 1541 2844 1603; x_wconf 87' lang='lat' dir='ltr'><strong>totumque</strong></span> <span class='ocrx_word' id='word_1_184' title='bbox 2881 1534 3070 1589; x_wconf 89' lang='lat' dir='ltr'><strong>orbem</strong></span> <span class='ocrx_word' id='word_1_185' title='bbox 3120 1535 3282 1607; x_wconf 85' lang='lat' dir='ltr'><strong>hujus</strong></span> <span class='ocrx_word' id='word_1_186' title='bbox 3326 1536 3675 1605; x_wconf 74' lang='lat' dir='ltr'><strong>blasphemia:</strong></span> <span class='ocrx_word' id='word_1_187' title='bbox 3725 1539 3903 1594; x_wconf 88' lang='lat' dir='ltr'><strong>disse-</strong></span> 
     </span>
    </p>
   </div>
   <div class='ocr_carea' id='block_1_19' title="bbox 625 1623 3894 1700">
    <p class='ocr_par' dir='ltr' id='par_1_19' title="bbox 625 1623 3894 1700">
     <span class='ocr_line' id='line_1_19' title="bbox 625 1623 3894 1700; baseline 0.001 -17"><span class='ocrx_word' id='word_1_188' title='bbox 625 1642 782 1697; x_wconf 83' lang='lat' dir='ltr'><strong>posse</strong></span> <span class='ocrx_word' id='word_1_189' title='bbox 805 1635 954 1699; x_wconf 88' lang='lat' dir='ltr'><strong>pulo,</strong></span> <span class='ocrx_word' id='word_1_190' title='bbox 978 1635 1089 1682; x_wconf 90' lang='lat' dir='ltr'><strong>tum</strong></span> <span class='ocrx_word' id='word_1_191' title='bbox 1113 1628 1182 1685; x_wconf 93' lang='lat' dir='ltr'><strong>ob</strong></span> <span class='ocrx_word' id='word_1_192' title='bbox 1207 1628 1331 1700; x_wconf 88' lang='lat' dir='ltr'><strong>styli</strong></span> <span class='ocrx_word' id='word_1_193' title='bbox 1352 1627 1773 1698; x_wconf 83' lang='lat' dir='ltr'><strong>discrepantiam</strong></span> <span class='ocrx_word' id='word_1_194' title='bbox 1794 1627 1953 1698; x_wconf 82' lang='lat' dir='ltr'><strong>plane</strong></span> <span class='ocrx_word' id='word_1_195' title='bbox 1979 1628 2198 1698; x_wconf 88' lang='lat' dir='ltr'><strong>conspi-</strong></span> <span class='ocrx_word' id='word_1_196' title='bbox 2301 1623 2598 1680; x_wconf 90' lang='lat' dir='ltr'><strong>minatione</strong></span> <span class='ocrx_word' id='word_1_197' title='bbox 2645 1623 3064 1695; x_wconf 87' lang='lat' dir='ltr'><strong>compleverint.</strong></span> <span class='ocrx_word' id='word_1_198' title='bbox 3103 1645 3122 1678; x_wconf 77' lang='lat' dir='ltr'><strong>s</strong></span> <span class='ocrx_word' id='word_1_199' title='bbox 3155 1627 3326 1694; x_wconf 92' lang='lat' dir='ltr'><strong>Quam</strong></span> <span class='ocrx_word' id='word_1_200' title='bbox 3381 1627 3894 1697; x_wconf 82' lang='lat' dir='ltr'><strong>interpretationem</strong></span> 
     </span>
    </p>
   </div>
   <div class='ocr_carea' id='block_1_20' title="bbox 623 1713 3895 1791">
    <p class='ocr_par' dir='ltr' id='par_1_20' title="bbox 623 1713 3895 1791">
     <span class='ocr_line' id='line_1_20' title="bbox 623 1713 3895 1791; baseline 0.003 -17"><span class='ocrx_word' id='word_1_201' title='bbox 623 1735 801 1788; x_wconf 90' lang='lat' dir='ltr'><strong>cnam,</strong></span> <span class='ocrx_word' id='word_1_202' title='bbox 823 1729 933 1775; x_wconf 91' lang='lat' dir='ltr'><strong>tum</strong></span> <span class='ocrx_word' id='word_1_203' title='bbox 957 1720 1080 1790; x_wconf 84' lang='lat' dir='ltr'><strong>quia</strong></span> <span class='ocrx_word' id='word_1_204' title='bbox 1106 1719 1496 1790; x_wconf 85' lang='lat' dir='ltr'><strong>subsequentes</strong></span> <span class='ocrx_word' id='word_1_205' title='bbox 1521 1719 1927 1785; x_wconf 87' lang='lat' dir='ltr'><strong>Commentarii,</strong></span> <span class='ocrx_word' id='word_1_206' title='bbox 1959 1720 2050 1791; x_wconf 86' lang='lat' dir='ltr'><strong>qui</strong></span> <span class='ocrx_word' id='word_1_207' title='bbox 2076 1734 2197 1790; x_wconf 83' lang='lat' dir='ltr'><strong>per-</strong></span> <span class='ocrx_word' id='word_1_208' title='bbox 2299 1713 2364 1767; x_wconf 82' lang='lat' dir='ltr'><strong>ad</strong></span> <span class='ocrx_word' id='word_1_209' title='bbox 2395 1715 2644 1770; x_wconf 86' lang='lat' dir='ltr'><strong>eumdem</strong></span> <span class='ocrx_word' id='word_1_210' title='bbox 2693 1715 2871 1770; x_wconf 87' lang='lat' dir='ltr'><strong>locum</strong></span> <span class='ocrx_word' id='word_1_211' title='bbox 2925 1715 3169 1786; x_wconf 79' lang='lat' dir='ltr'><strong>pluribus</strong></span> <span class='ocrx_word' id='word_1_212' title='bbox 3212 1719 3558 1788; x_wconf 69' lang='lat' dir='ltr'><strong>prosequitur</strong></span> <span class='ocrx_word' id='word_1_213' title='bbox 3589 1719 3895 1784; x_wconf 69' lang='lat' dir='ltr'><strong>Eusebius,</strong></span> 
     </span>
    </p>
   </div>
   <div class='ocr_carea' id='block_1_21' title="bbox 622 1804 3898 1881">
    <p class='ocr_par' dir='ltr' id='par_1_21' title="bbox 622 1804 3898 1881">
     <span class='ocr_line' id='line_1_21' title="bbox 622 1804 3898 1881; baseline -0.001 -16"><span class='ocrx_word' id='word_1_214' title='bbox 622 1811 750 1866; x_wconf 91' lang='lat' dir='ltr'><strong>inde</strong></span> <span class='ocrx_word' id='word_1_215' title='bbox 780 1810 995 1868; x_wconf 82' lang='lat' dir='ltr'><strong>Eusebii</strong></span> <span class='ocrx_word' id='word_1_216' title='bbox 1018 1811 1235 1867; x_wconf 85' lang='lat' dir='ltr'><strong>nomine</strong></span> <span class='ocrx_word' id='word_1_217' title='bbox 1258 1811 1447 1867; x_wconf 91' lang='lat' dir='ltr'><strong>eodem</strong></span> <span class='ocrx_word' id='word_1_218' title='bbox 1479 1811 1532 1867; x_wconf 92' lang='lat' dir='ltr'><strong>in</strong></span> <span class='ocrx_word' id='word_1_219' title='bbox 1559 1812 1745 1867; x_wconf 91' lang='lat' dir='ltr'><strong>codice</strong></span> <span class='ocrx_word' id='word_1_220' title='bbox 1769 1809 2192 1881; x_wconf 82' lang='lat' dir='ltr'><strong>subjunguntur,</strong></span> <span class='ocrx_word' id='word_1_221' title='bbox 2299 1816 2353 1859; x_wconf 91' lang='lat' dir='ltr'><strong>ut</strong></span> <span class='ocrx_word' id='word_1_222' title='bbox 2381 1805 2576 1875; x_wconf 89' lang='lat' dir='ltr'><strong>cuique</strong></span> <span class='ocrx_word' id='word_1_223' title='bbox 2612 1805 2797 1860; x_wconf 89' lang='lat' dir='ltr'><strong>videre</strong></span> <span class='ocrx_word' id='word_1_224' title='bbox 2837 1804 3014 1861; x_wconf 87' lang='lat' dir='ltr'><strong>liceat.</strong></span> <span class='ocrx_word' id='word_1_225' title='bbox 3051 1805 3204 1874; x_wconf 86' lang='lat' dir='ltr'><strong>Quod</strong></span> <span class='ocrx_word' id='word_1_226' title='bbox 3235 1823 3395 1878; x_wconf 87' lang='lat' dir='ltr'><strong>porro</strong></span> <span class='ocrx_word' id='word_1_227' title='bbox 3422 1809 3500 1862; x_wconf 89' lang='lat' dir='ltr'><strong>ait</strong></span> <span class='ocrx_word' id='word_1_228' title='bbox 3529 1807 3898 1881; x_wconf 84' lang='lat' dir='ltr'><strong>Hieronymus</strong></span> 
     </span>
    </p>
   </div>
   <div class='ocr_carea' id='block_1_22' title="bbox 621 1886 3894 1974">
    <p class='ocr_par' dir='ltr' id='par_1_22' title="bbox 621 1886 3894 1974">
     <span class='ocr_line' id='line_1_22' title="bbox 621 1886 3894 1974; baseline 0 -15"><span class='ocrx_word' id='word_1_229' title='bbox 621 1901 818 1960; x_wconf 80' lang='lat' dir='ltr'><strong>diversi</strong></span> <span class='ocrx_word' id='word_1_230' title='bbox 859 1918 1079 1974; x_wconf 87' lang='lat' dir='ltr'><strong>prorsus</strong></span> <span class='ocrx_word' id='word_1_231' title='bbox 1108 1919 1137 1958; x_wconf 90' lang='lat' dir='ltr'><strong>a</strong></span> <span class='ocrx_word' id='word_1_232' title='bbox 1175 1903 1594 1960; x_wconf 88' lang='lat' dir='ltr'><strong>Commentariis</strong></span> <span class='ocrx_word' id='word_1_233' title='bbox 1634 1903 1850 1959; x_wconf 82' lang='lat' dir='ltr'><strong>Eusebii</strong></span> <span class='ocrx_word' id='word_1_234' title='bbox 1896 1913 2042 1959; x_wconf 92' lang='lat' dir='ltr'><strong>sunt.</strong></span> <span class='ocrx_word' id='word_1_235' title='bbox 2077 1903 2187 1960; x_wconf 84' lang='lat' dir='ltr'><strong>Cu—</strong></span> <span class='ocrx_word' id='word_1_236' title='bbox 2220 1886 2262 1945; x_wconf 87' lang='grc' dir='ltr'><strong><em>Β</em></strong></span> <span class='ocrx_word' id='word_1_237' title='bbox 2291 1898 2581 1953; x_wconf 86' lang='lat' dir='ltr'><strong>Eusebium</strong></span> <span class='ocrx_word' id='word_1_238' title='bbox 2607 1897 2770 1957; x_wconf 91' lang='lat' dir='ltr'><strong>modo</strong></span> <span class='ocrx_word' id='word_1_239' title='bbox 2793 1899 3077 1955; x_wconf 88' lang='lat' dir='ltr'><strong>litteraiem</strong></span> <span class='ocrx_word' id='word_1_240' title='bbox 3097 1911 3152 1956; x_wconf 93' lang='lat' dir='ltr'><strong>et</strong></span> <span class='ocrx_word' id='word_1_241' title='bbox 3195 1900 3539 1965; x_wconf 77' lang='lat' dir='ltr'><strong>historicum,</strong></span> <span class='ocrx_word' id='word_1_242' title='bbox 3572 1905 3732 1960; x_wconf 91' lang='lat' dir='ltr'><strong>modo</strong></span> <span class='ocrx_word' id='word_1_243' title='bbox 3757 1903 3894 1961; x_wconf 91' lang='lat' dir='ltr'><strong>alle-</strong></span> 
     </span>
    </p>
   </div>
   <div class='ocr_carea' id='block_1_23' title="bbox 615 1990 3890 2064">
    <p class='ocr_par' dir='ltr' id='par_1_23' title="bbox 615 1990 3890 2064">
     <span class='ocr_line' id='line_1_23' title="bbox 615 1990 3890 2064; baseline 0 -17"><span class='ocrx_word' id='word_1_244' title='bbox 615 1990 706 2060; x_wconf 84' lang='lat' dir='ltr'><strong>jus</strong></span> <span class='ocrx_word' id='word_1_245' title='bbox 738 2005 904 2064; x_wconf 90' lang='lat' dir='ltr'><strong>porro</strong></span> <span class='ocrx_word' id='word_1_246' title='bbox 931 1992 1004 2048; x_wconf 89' lang='lat' dir='ltr'><strong>sit</strong></span> <span class='ocrx_word' id='word_1_247' title='bbox 1033 2003 1402 2048; x_wconf 88' lang='lat' dir='ltr'><strong>assumeutum</strong></span> <span class='ocrx_word' id='word_1_248' title='bbox 1435 1993 1741 2064; x_wconf 89' lang='lat' dir='ltr'><strong>hujusmodi</strong></span> <span class='ocrx_word' id='word_1_249' title='bbox 1773 2007 1880 2048; x_wconf 91' lang='lat' dir='ltr'><strong>non</strong></span> <span class='ocrx_word' id='word_1_250' title='bbox 1907 1994 2039 2049; x_wconf 88' lang='lat' dir='ltr'><strong>satis</strong></span> <span class='ocrx_word' id='word_1_251' title='bbox 2063 2008 2188 2064; x_wconf 85' lang='lat' dir='ltr'><strong>per-</strong></span> <span class='ocrx_word' id='word_1_252' title='bbox 2289 1992 2527 2062; x_wconf 88' lang='lat' dir='ltr'><strong>goricam</strong></span> <span class='ocrx_word' id='word_1_253' title='bbox 2553 1993 2922 2048; x_wconf 86' lang='lat' dir='ltr'><strong>narrationem</strong></span> <span class='ocrx_word' id='word_1_254' title='bbox 2951 1992 3258 2060; x_wconf 88' lang='lat' dir='ltr'><strong>instituere,</strong></span> <span class='ocrx_word' id='word_1_255' title='bbox 3284 1993 3536 2052; x_wconf 88' lang='lat' dir='ltr'><strong>omnibus</strong></span> <span class='ocrx_word' id='word_1_256' title='bbox 3553 1994 3730 2063; x_wconf 85' lang='lat' dir='ltr'><strong>palam</strong></span> <span class='ocrx_word' id='word_1_257' title='bbox 3763 1996 3890 2062; x_wconf 89' lang='lat' dir='ltr'><strong>erit,</strong></span> 
     </span>
    </p>
   </div>
   <div class='ocr_carea' id='block_1_24' title="bbox 617 2082 3892 2154">
    <p class='ocr_par' dir='ltr' id='par_1_24' title="bbox 617 2082 3892 2154">
     <span class='ocr_line' id='line_1_24' title="bbox 617 2082 3892 2154; baseline 0.001 -16"><span class='ocrx_word' id='word_1_258' title='bbox 617 2094 880 2153; x_wconf 87' lang='lat' dir='ltr'><strong>spectum.</strong></span> <span class='ocrx_word' id='word_1_259' title='bbox 914 2082 1182 2140; x_wconf 68' lang='lat' dir='ltr'><strong>Caeterum</strong></span> <span class='ocrx_word' id='word_1_260' title='bbox 1234 2083 1488 2148; x_wconf 83' lang='grc' dir='ltr'><strong>ὑπόθεσις</strong></span> <span class='ocrx_word' id='word_1_261' title='bbox 1513 2084 1624 2151; x_wconf 90' lang='lat' dir='ltr'><strong>illa,</strong></span> <span class='ocrx_word' id='word_1_262' title='bbox 1659 2084 1816 2154; x_wconf 82' lang='lat' dir='ltr'><strong>cujus</strong></span> <span class='ocrx_word' id='word_1_263' title='bbox 1843 2085 2054 2140; x_wconf 92' lang='lat' dir='ltr'><strong>initium</strong></span> <span class='ocrx_word' id='word_1_264' title='bbox 2083 2094 2186 2151; x_wconf 88' lang='lat' dir='ltr'><strong>est,</strong></span> <span class='ocrx_word' id='word_1_265' title='bbox 2289 2085 2333 2138; x_wconf 90' lang='lat' dir='ltr'><strong>si</strong></span> <span class='ocrx_word' id='word_1_266' title='bbox 2364 2083 2443 2138; x_wconf 90' lang='lat' dir='ltr'><strong>vel</strong></span> <span class='ocrx_word' id='word_1_267' title='bbox 2476 2083 2807 2154; x_wconf 88' lang='lat' dir='ltr'><strong>primoribus</strong></span> <span class='ocrx_word' id='word_1_268' title='bbox 2834 2083 3050 2154; x_wconf 88' lang='lat' dir='ltr'><strong>quidem</strong></span> <span class='ocrx_word' id='word_1_269' title='bbox 3104 2084 3272 2138; x_wconf 89' lang='lat' dir='ltr'><strong>labris</strong></span> <span class='ocrx_word' id='word_1_270' title='bbox 3315 2086 3415 2139; x_wconf 87' lang='lat' dir='ltr'><strong>hos</strong></span> <span class='ocrx_word' id='word_1_271' title='bbox 3443 2083 3892 2141; x_wconf 80' lang='lat' dir='ltr'><strong>Commentarios</strong></span> 
     </span>
    </p>
   </div>
   <div class='ocr_carea' id='block_1_25' title="bbox 2291 2172 3891 2244">
    <p class='ocr_par' dir='ltr' id='par_1_25' title="bbox 2291 2172 3891 2244">
     <span class='ocr_line' id='line_1_25' title="bbox 2291 2172 3891 2244; baseline 0.001 -16"><span class='ocrx_word' id='word_1_272' title='bbox 2291 2174 2591 2244; x_wconf 85' lang='lat' dir='ltr'><strong>attigerint.</strong></span> <span class='ocrx_word' id='word_1_273' title='bbox 2647 2172 2801 2240; x_wconf 86' lang='lat' dir='ltr'><strong>Quod</strong></span> <span class='ocrx_word' id='word_1_274' title='bbox 2849 2183 3031 2228; x_wconf 88' lang='lat' dir='ltr'><strong>autem</strong></span> <span class='ocrx_word' id='word_1_275' title='bbox 3086 2174 3223 2228; x_wconf 89' lang='lat' dir='ltr'><strong>dicit</strong></span> <span class='ocrx_word' id='word_1_276' title='bbox 3255 2190 3315 2231; x_wconf 88' lang='lat' dir='ltr'><strong>se</strong></span> <span class='ocrx_word' id='word_1_277' title='bbox 3373 2190 3482 2228; x_wconf 92' lang='lat' dir='ltr'><strong>non</strong></span> <span class='ocrx_word' id='word_1_278' title='bbox 3541 2190 3608 2230; x_wconf 80' lang='lat' dir='ltr'><strong>ex</strong></span> <span class='ocrx_word' id='word_1_279' title='bbox 3641 2176 3891 2230; x_wconf 76' lang='lat' dir='ltr'><strong>&#39;Eusebii</strong></span> 
     </span>
    </p>
   </div>
   <div class='ocr_carea' id='block_1_26' title="bbox 2291 2265 3886 2336">
    <p class='ocr_par' dir='ltr' id='par_1_26' title="bbox 2291 2265 3886 2336">
     <span class='ocr_line' id='line_1_26' title="bbox 2291 2265 3886 2336; baseline 0.003 -16"><span class='ocrx_word' id='word_1_280' title='bbox 2291 2267 2527 2323; x_wconf 81' lang='lat' dir='ltr'><strong>fontibus</strong></span> <span class='ocrx_word' id='word_1_281' title='bbox 2561 2267 2831 2332; x_wconf 87' lang='lat' dir='ltr'><strong>hausisse,</strong></span> <span class='ocrx_word' id='word_1_282' title='bbox 2863 2265 2929 2320; x_wconf 90' lang='lat' dir='ltr'><strong>de</strong></span> <span class='ocrx_word' id='word_1_283' title='bbox 2980 2274 3092 2321; x_wconf 94' lang='lat' dir='ltr'><strong>toto</strong></span> <span class='ocrx_word' id='word_1_284' title='bbox 3141 2267 3544 2322; x_wconf 90' lang='lat' dir='ltr'><strong>Commentario</strong></span> <span class='ocrx_word' id='word_1_285' title='bbox 3591 2267 3886 2336; x_wconf 73' lang='lat' dir='ltr'><strong>intelligas.</strong></span> 
     </span>
    </p>
   </div>
   <div class='ocr_carea' id='block_1_27' title="bbox 2289 2359 3889 2432">
    <p class='ocr_par' dir='ltr' id='par_1_27' title="bbox 2289 2359 3889 2432">
     <span class='ocr_line' id='line_1_27' title="bbox 2289 2359 3889 2432; baseline 0.001 -18"><span class='ocrx_word' id='word_1_286' title='bbox 2289 2359 2394 2414; x_wconf 81' lang='lat' dir='ltr'><strong>Tot</strong></span> <span class='ocrx_word' id='word_1_287' title='bbox 2417 2360 2563 2415; x_wconf 90' lang='lat' dir='ltr'><strong>enim</strong></span> <span class='ocrx_word' id='word_1_288' title='bbox 2589 2369 2846 2432; x_wconf 87' lang='lat' dir='ltr'><strong>tantaque</strong></span> <span class='ocrx_word' id='word_1_289' title='bbox 2879 2362 3078 2417; x_wconf 87' lang='lat' dir='ltr'><strong>ibidem</strong></span> <span class='ocrx_word' id='word_1_290' title='bbox 3109 2369 3328 2414; x_wconf 79' lang='lat' dir='ltr'><strong>enarrat</strong></span> <span class='ocrx_word' id='word_1_291' title='bbox 3355 2359 3741 2432; x_wconf 88' lang='lat' dir='ltr'><strong>Hieronymus,</strong></span> <span class='ocrx_word' id='word_1_292' title='bbox 3766 2377 3889 2432; x_wconf 70' lang='lat' dir='ltr'><strong>quas</strong></span> 
     </span>
    </p>
   </div>
   <div class='ocr_carea' id='block_1_28' title="bbox 2287 2450 3886 2521">
    <p class='ocr_par' dir='ltr' id='par_1_28' title="bbox 2287 2450 3886 2521">
     <span class='ocr_line' id='line_1_28' title="bbox 2287 2450 3886 2521; baseline 0.001 -15"><span class='ocrx_word' id='word_1_293' title='bbox 2287 2450 2549 2508; x_wconf 83' lang='lat' dir='ltr'><strong>Eusebius</strong></span> <span class='ocrx_word' id='word_1_294' title='bbox 2590 2467 2658 2507; x_wconf 85' lang='lat' dir='ltr'><strong>ne</strong></span> <span class='ocrx_word' id='word_1_295' title='bbox 2686 2465 2847 2508; x_wconf 85' lang='lat' dir='ltr'><strong>nosse</strong></span> <span class='ocrx_word' id='word_1_296' title='bbox 2873 2450 3088 2521; x_wconf 91' lang='lat' dir='ltr'><strong>quidem</strong></span> <span class='ocrx_word' id='word_1_297' title='bbox 3112 2490 3128 2517; x_wconf 94' lang='lat'><strong>,</strong></span> <span class='ocrx_word' id='word_1_298' title='bbox 3159 2453 3355 2506; x_wconf 91' lang='lat' dir='ltr'><strong>nedum</strong></span> <span class='ocrx_word' id='word_1_299' title='bbox 3389 2465 3653 2507; x_wconf 85' lang='lat' dir='ltr'><strong>enarrare</strong></span> <span class='ocrx_word' id='word_1_300' title='bbox 3686 2453 3886 2521; x_wconf 86' lang='lat' dir='ltr'><strong>potuit,</strong></span> 
     </span>
    </p>
   </div>
   <div class='ocr_carea' id='block_1_29' title="bbox 2288 2535 3882 2613">
    <p class='ocr_par' dir='ltr' id='par_1_29' title="bbox 2288 2535 3882 2613">
     <span class='ocr_line' id='line_1_29' title="bbox 2288 2535 3882 2613; baseline 0.001 -18"><span class='ocrx_word' id='word_1_301' title='bbox 2288 2535 2366 2596; x_wconf 7' lang='lat' dir='ltr'><strong>uti</strong></span> <span class='ocrx_word' id='word_1_302' title='bbox 2403 2541 2748 2612; x_wconf 89' lang='lat' dir='ltr'><strong>periniquum</strong></span> <span class='ocrx_word' id='word_1_303' title='bbox 2825 2539 3429 2613; x_wconf 83' lang='lat' dir='ltr'><strong>esset‘Bieronymiani</strong></span> <span class='ocrx_word' id='word_1_304' title='bbox 3479 2540 3882 2598; x_wconf 85' lang='lat' dir='ltr'><strong>Commentarii</strong></span> 
     </span>
    </p>
   </div>
   <div class='ocr_carea' id='block_1_30' title="bbox 2285 2632 3887 2705">
    <p class='ocr_par' dir='ltr' id='par_1_30' title="bbox 2285 2632 3887 2705">
     <span class='ocr_line' id='line_1_30' title="bbox 2285 2632 3887 2705; baseline 0.002 -19"><span class='ocrx_word' id='word_1_305' title='bbox 2285 2633 2512 2705; x_wconf 85' lang='lat' dir='ltr'><strong>gloriam</strong></span> <span class='ocrx_word' id='word_1_306' title='bbox 2547 2633 2600 2688; x_wconf 94' lang='lat' dir='ltr'><strong>in</strong></span> <span class='ocrx_word' id='word_1_307' title='bbox 2634 2632 2929 2688; x_wconf 82' lang='lat' dir='ltr'><strong>Eusebium</strong></span> <span class='ocrx_word' id='word_1_308' title='bbox 2979 2633 3256 2688; x_wconf 82' lang='lat' dir='ltr'><strong>conferre.</strong></span> <span class='ocrx_word' id='word_1_309' title='bbox 3308 2632 3563 2687; x_wconf 82' lang='lat' dir='ltr'><strong>Attamen</strong></span> <span class='ocrx_word' id='word_1_310' title='bbox 3601 2632 3696 2690; x_wconf 91' lang='lat' dir='ltr'><strong>ille</strong></span> <span class='ocrx_word' id='word_1_311' title='bbox 3742 2637 3887 2689; x_wconf 86' lang='lat' dir='ltr'><strong>bene</strong></span> 
     </span>
    </p>
   </div>
   <div class='ocr_carea' id='block_1_31' title="bbox 2287 2726 3886 2802">
    <p class='ocr_par' dir='ltr' id='par_1_31' title="bbox 2287 2726 3886 2802">
     <span class='ocr_line' id='line_1_31' title="bbox 2287 2726 3886 2802; baseline 0.003 -22"><span class='ocrx_word' id='word_1_312' title='bbox 2287 2726 2451 2782; x_wconf 91' lang='lat' dir='ltr'><strong>multa</strong></span> <span class='ocrx_word' id='word_1_313' title='bbox 2489 2743 2555 2782; x_wconf 81' lang='lat' dir='ltr'><strong>ex</strong></span> <span class='ocrx_word' id='word_1_314' title='bbox 2597 2727 2749 2783; x_wconf 88' lang='lat' dir='ltr'><strong>hisce</strong></span> <span class='ocrx_word' id='word_1_315' title='bbox 2777 2726 3201 2783; x_wconf 88' lang='lat' dir='ltr'><strong>Commentariis</strong></span> <span class='ocrx_word' id='word_1_316' title='bbox 3243 2728 3561 2799; x_wconf 82' lang='lat' dir='ltr'><strong>expiscatus</strong></span> <span class='ocrx_word' id='word_1_317' title='bbox 3603 2739 3710 2795; x_wconf 89' lang='lat' dir='ltr'><strong>est,</strong></span> <span class='ocrx_word' id='word_1_318' title='bbox 3745 2745 3886 2802; x_wconf 84' lang='lat' dir='ltr'><strong>quo-</strong></span> 
     </span>
    </p>
   </div>
   <div class='ocr_carea' id='block_1_32' title="bbox 2287 2817 3885 2891">
    <p class='ocr_par' dir='ltr' id='par_1_32' title="bbox 2287 2817 3885 2891">
     <span class='ocr_line' id='line_1_32' title="bbox 2287 2817 3885 2891; baseline 0.003 -18"><span class='ocrx_word' id='word_1_319' title='bbox 2287 2835 2405 2874; x_wconf 93' lang='lat' dir='ltr'><strong>rum</strong></span> <span class='ocrx_word' id='word_1_320' title='bbox 2435 2819 2712 2875; x_wconf 88' lang='lat' dir='ltr'><strong>minimam</strong></span> <span class='ocrx_word' id='word_1_321' title='bbox 2743 2831 2949 2891; x_wconf 87' lang='lat' dir='ltr'><strong>partem</strong></span> <span class='ocrx_word' id='word_1_322' title='bbox 2982 2835 3084 2876; x_wconf 89' lang='lat' dir='ltr'><strong>nos</strong></span> <span class='ocrx_word' id='word_1_323' title='bbox 3107 2821 3274 2876; x_wconf 88' lang='lat' dir='ltr'><strong>variis</strong></span> <span class='ocrx_word' id='word_1_324' title='bbox 3295 2821 3349 2876; x_wconf 92' lang='lat' dir='ltr'><strong>in</strong></span> <span class='ocrx_word' id='word_1_325' title='bbox 3380 2820 3514 2875; x_wconf 85' lang='lat' dir='ltr'><strong>locis</strong></span> <span class='ocrx_word' id='word_1_326' title='bbox 3542 2817 3885 2886; x_wconf 71' lang='lat' dir='ltr'><strong>notavimus.</strong></span> 
     </span>
    </p>
   </div>
   <div class='ocr_carea' id='block_1_33' title="bbox 2283 2912 3880 2985">
    <p class='ocr_par' dir='ltr' id='par_1_33' title="bbox 2283 2912 3880 2985">
     <span class='ocr_line' id='line_1_33' title="bbox 2283 2912 3880 2985; baseline -0.002 -16"><span class='ocrx_word' id='word_1_327' title='bbox 2283 2913 2551 2970; x_wconf 72' lang='lat' dir='ltr'><strong>Caeterum</strong></span> <span class='ocrx_word' id='word_1_328' title='bbox 2605 2913 2708 2971; x_wconf 91' lang='lat' dir='ltr'><strong>hac</strong></span> <span class='ocrx_word' id='word_1_329' title='bbox 2757 2915 3011 2970; x_wconf 90' lang='lat' dir='ltr'><strong>cautione</strong></span> <span class='ocrx_word' id='word_1_330' title='bbox 3064 2915 3192 2985; x_wconf 86' lang='lat' dir='ltr'><strong>jure</strong></span> <span class='ocrx_word' id='word_1_331' title='bbox 3255 2913 3427 2968; x_wconf 90' lang='lat' dir='ltr'><strong>utitur</strong></span> <span class='ocrx_word' id='word_1_332' title='bbox 3460 2912 3880 2983; x_wconf 81' lang='lat' dir='ltr'><strong>Hieronymus:</strong></span> 
     </span>
    </p>
   </div>
   <div class='ocr_carea' id='block_1_34' title="bbox 2284 3005 3881 3078">
    <p class='ocr_par' dir='ltr' id='par_1_34' title="bbox 2284 3005 3881 3078">
     <span class='ocr_line' id='line_1_34' title="bbox 2284 3005 3881 3078; baseline 0.002 -19"><span class='ocrx_word' id='word_1_333' title='bbox 2284 3006 2409 3074; x_wconf 88' lang='lat' dir='ltr'><strong>quia</strong></span> <span class='ocrx_word' id='word_1_334' title='bbox 2447 3022 2570 3061; x_wconf 91' lang='lat' dir='ltr'><strong>cum</strong></span> <span class='ocrx_word' id='word_1_335' title='bbox 2609 3021 2870 3062; x_wconf 87' lang='lat' dir='ltr'><strong>censores</strong></span> <span class='ocrx_word' id='word_1_336' title='bbox 2918 3005 3071 3061; x_wconf 90' lang='lat' dir='ltr'><strong>multi</strong></span> <span class='ocrx_word' id='word_1_337' title='bbox 3110 3006 3294 3062; x_wconf 91' lang='lat' dir='ltr'><strong>invido</strong></span> <span class='ocrx_word' id='word_1_338' title='bbox 3322 3007 3481 3062; x_wconf 90' lang='lat' dir='ltr'><strong>oculo</strong></span> <span class='ocrx_word' id='word_1_339' title='bbox 3520 3006 3638 3076; x_wconf 85' lang='lat' dir='ltr'><strong>ejus</strong></span> <span class='ocrx_word' id='word_1_340' title='bbox 3672 3009 3881 3078; x_wconf 89' lang='lat' dir='ltr'><strong>scripta</strong></span> 
     </span>
    </p>
   </div>
   <div class='ocr_carea' id='block_1_35' title="bbox 2287 3097 3882 3170">
    <p class='ocr_par' dir='ltr' id='par_1_35' title="bbox 2287 3097 3882 3170">
     <span class='ocr_line' id='line_1_35' title="bbox 2287 3097 3882 3170; baseline 0.004 -20"><span class='ocrx_word' id='word_1_341' title='bbox 2287 3097 2582 3152; x_wconf 88' lang='lat' dir='ltr'><strong>lustrarent</strong></span> <span class='ocrx_word' id='word_1_342' title='bbox 2604 3139 2619 3163; x_wconf 98' lang='lat'><strong>,</strong></span> <span class='ocrx_word' id='word_1_343' title='bbox 2647 3097 2950 3168; x_wconf 89' lang='lat' dir='ltr'><strong>periculum</strong></span> <span class='ocrx_word' id='word_1_344' title='bbox 2985 3102 3106 3154; x_wconf 85' lang='lat' dir='ltr'><strong>erat</strong></span> <span class='ocrx_word' id='word_1_345' title='bbox 3149 3112 3216 3154; x_wconf 90' lang='lat' dir='ltr'><strong>ne</strong></span> <span class='ocrx_word' id='word_1_346' title='bbox 3253 3097 3427 3170; x_wconf 85' lang='lat' dir='ltr'><strong>ipsum</strong></span> <span class='ocrx_word' id='word_1_347' title='bbox 3455 3100 3620 3170; x_wconf 82' lang='lat' dir='ltr'><strong>plagit</strong></span> <span class='ocrx_word' id='word_1_348' title='bbox 3651 3102 3882 3158; x_wconf 82' lang='lat' dir='ltr'><strong>nomine</strong></span> 
     </span>
    </p>
   </div>
   <div class='ocr_carea' id='block_1_36' title="bbox 628 2174 2189 2250">
    <p class='ocr_par' dir='ltr' id='par_1_36' title="bbox 628 2174 2189 2250">
     <span class='ocr_line' id='line_1_36' title="bbox 628 2174 2189 2250; baseline 0.002 -18"><span class='ocrx_word' id='word_1_349' title='bbox 628 2174 845 2250; x_wconf 80' lang='grc' dir='ltr'><strong>Ἐπειδὴ</strong></span> <span class='ocrx_word' id='word_1_350' title='bbox 877 2178 1018 2232; x_wconf 81' lang='grc' dir='ltr'><strong>κατὰ</strong></span> <span class='ocrx_word' id='word_1_351' title='bbox 1048 2177 1301 2250; x_wconf 81' lang='grc' dir='ltr'><strong>χρόνους,</strong></span> <span class='ocrx_word' id='word_1_352' title='bbox 1332 2187 1389 2233; x_wconf 94' lang='lat' dir='ltr'><strong>ut</strong></span> <span class='ocrx_word' id='word_1_353' title='bbox 1427 2192 1590 2249; x_wconf 88' lang='lat' dir='ltr'><strong>supra</strong></span> <span class='ocrx_word' id='word_1_354' title='bbox 1629 2177 1894 2243; x_wconf 83' lang='lat' dir='ltr'><strong>diximus,</strong></span> <span class='ocrx_word' id='word_1_355' title='bbox 1925 2180 1990 2234; x_wconf 91' lang='lat' dir='ltr'><strong>ad</strong></span> <span class='ocrx_word' id='word_1_356' title='bbox 2027 2177 2189 2235; x_wconf 87' lang='lat' dir='ltr'><strong>Com-</strong></span> 
     </span>
    </p>
   </div>
   <div class='ocr_carea' id='block_1_37' title="bbox 615 2268 2187 2343">
    <p class='ocr_par' dir='ltr' id='par_1_37' title="bbox 615 2268 2187 2343">
     <span class='ocr_line' id='line_1_37' title="bbox 615 2268 2187 2343; baseline 0.001 -19"><span class='ocrx_word' id='word_1_357' title='bbox 615 2270 936 2326; x_wconf 90' lang='lat' dir='ltr'><strong>mentarium</strong></span> <span class='ocrx_word' id='word_1_358' title='bbox 971 2269 1118 2324; x_wconf 91' lang='lat' dir='ltr'><strong>illum</strong></span> <span class='ocrx_word' id='word_1_359' title='bbox 1145 2271 1234 2341; x_wconf 92' lang='lat' dir='ltr'><strong>qui</strong></span> <span class='ocrx_word' id='word_1_360' title='bbox 1259 2268 1440 2326; x_wconf 89' lang='lat' dir='ltr'><strong>Basilii</strong></span> <span class='ocrx_word' id='word_1_361' title='bbox 1469 2271 1692 2326; x_wconf 89' lang='lat' dir='ltr'><strong>nomine</strong></span> <span class='ocrx_word' id='word_1_362' title='bbox 1722 2270 2030 2343; x_wconf 88' lang='lat' dir='ltr'><strong>insignitur,</strong></span> <span class='ocrx_word' id='word_1_363' title='bbox 2048 2272 2187 2326; x_wconf 87' lang='lat' dir='ltr'><strong>haud</strong></span> 
     </span>
    </p>
   </div>
   <div class='ocr_carea' id='block_1_38' title="bbox 613 2361 2188 2436">
    <p class='ocr_par' dir='ltr' id='par_1_38' title="bbox 613 2361 2188 2436">
     <span class='ocr_line' id='line_1_38' title="bbox 613 2361 2188 2436; baseline 0.001 -18"><span class='ocrx_word' id='word_1_364' title='bbox 613 2361 775 2419; x_wconf 89' lang='lat' dir='ltr'><strong>dubie</strong></span> <span class='ocrx_word' id='word_1_365' title='bbox 818 2361 1050 2433; x_wconf 88' lang='lat' dir='ltr'><strong>pertinet</strong></span> <span class='ocrx_word' id='word_1_366' title='bbox 1089 2379 1104 2418; x_wconf 91' lang='lat'><strong>:</strong></span> <span class='ocrx_word' id='word_1_367' title='bbox 1146 2377 1271 2418; x_wconf 89' lang='lat' dir='ltr'><strong>nam</strong></span> <span class='ocrx_word' id='word_1_368' title='bbox 1313 2363 1368 2418; x_wconf 88' lang='lat' dir='ltr'><strong>in</strong></span> <span class='ocrx_word' id='word_1_369' title='bbox 1421 2363 1608 2420; x_wconf 90' lang='lat' dir='ltr'><strong>codice</strong></span> <span class='ocrx_word' id='word_1_370' title='bbox 1650 2362 1820 2435; x_wconf 82' lang='lat' dir='ltr'><strong>Regio</strong></span> <span class='ocrx_word' id='word_1_371' title='bbox 1863 2364 2188 2436; x_wconf 85' lang='lat' dir='ltr'><strong>bombycino</strong></span> 
     </span>
    </p>
   </div>
   <div class='ocr_carea' id='block_1_39' title="bbox 610 2453 2184 2528">
    <p class='ocr_par' dir='ltr' id='par_1_39' title="bbox 610 2453 2184 2528">
     <span class='ocr_line' id='line_1_39' title="bbox 610 2453 2184 2528; baseline 0.001 -18"><span class='ocrx_word' id='word_1_372' title='bbox 610 2453 913 2510; x_wconf 88' lang='lat' dir='ltr'><strong>duodecimi</strong></span> <span class='ocrx_word' id='word_1_373' title='bbox 964 2454 1169 2521; x_wconf 65' lang='lat' dir='ltr'><strong>seculi,</strong></span> <span class='ocrx_word' id='word_1_374' title='bbox 1206 2456 1259 2511; x_wconf 91' lang='lat' dir='ltr'><strong>in</strong></span> <span class='ocrx_word' id='word_1_375' title='bbox 1305 2455 1485 2512; x_wconf 80' lang='lat' dir='ltr'><strong>fronte</strong></span> <span class='ocrx_word' id='word_1_376' title='bbox 1527 2455 1941 2528; x_wconf 79' lang='lat' dir='ltr'><strong>Espositionum</strong></span> <span class='ocrx_word' id='word_1_377' title='bbox 1987 2457 2040 2511; x_wconf 93' lang='lat' dir='ltr'><strong>in</strong></span> <span class='ocrx_word' id='word_1_378' title='bbox 2079 2455 2184 2512; x_wconf 85' lang='lat' dir='ltr'><strong>He—</strong></span> 
     </span>
    </p>
   </div>
   <div class='ocr_carea' id='block_1_40' title="bbox 608 2547 2184 2620">
    <p class='ocr_par' dir='ltr' id='par_1_40' title="bbox 608 2547 2184 2620">
     <span class='ocr_line' id='line_1_40' title="bbox 608 2547 2184 2620; baseline 0.001 -17"><span class='ocrx_word' id='word_1_379' title='bbox 608 2547 780 2603; x_wconf 86' lang='lat' dir='ltr'><strong>aaiam</strong></span> <span class='ocrx_word' id='word_1_380' title='bbox 809 2547 992 2603; x_wconf 88' lang='lat' dir='ltr'><strong>Basilii</strong></span> <span class='ocrx_word' id='word_1_381' title='bbox 1022 2547 1238 2603; x_wconf 90' lang='lat' dir='ltr'><strong>nomine</strong></span> <span class='ocrx_word' id='word_1_382' title='bbox 1264 2547 1630 2618; x_wconf 68' lang='lat' dir='ltr'><strong>praemittitur.</strong></span> <span class='ocrx_word' id='word_1_383' title='bbox 1651 2548 1782 2615; x_wconf 81' lang='lat' dir='ltr'><strong>Qua:</strong></span> <span class='ocrx_word' id='word_1_384' title='bbox 1810 2557 1987 2604; x_wconf 87' lang='lat' dir='ltr'><strong>autem</strong></span> <span class='ocrx_word' id='word_1_385' title='bbox 2015 2548 2184 2620; x_wconf 90' lang='lat' dir='ltr'><strong>hypo-</strong></span> 
     </span>
    </p>
   </div>
   <div class='ocr_carea' id='block_1_41' title="bbox 610 2638 2078 2711">
    <p class='ocr_par' dir='ltr' id='par_1_41' title="bbox 610 2638 2078 2711">
     <span class='ocr_line' id='line_1_41' title="bbox 610 2638 2078 2711; baseline 0.001 -18"><span class='ocrx_word' id='word_1_386' title='bbox 610 2638 746 2696; x_wconf 81' lang='lat' dir='ltr'><strong>thesi</strong></span> <span class='ocrx_word' id='word_1_387' title='bbox 776 2646 1039 2711; x_wconf 63' lang='lat' dir='ltr'><strong>precum,</strong></span> <span class='ocrx_word' id='word_1_388' title='bbox 1063 2638 1240 2694; x_wconf 90' lang='lat' dir='ltr'><strong>aliena</strong></span> <span class='ocrx_word' id='word_1_389' title='bbox 1264 2649 1320 2696; x_wconf 88' lang='lat' dir='ltr'><strong>et</strong></span> <span class='ocrx_word' id='word_1_390' title='bbox 1349 2639 1621 2707; x_wconf 87' lang='lat' dir='ltr'><strong>adjectitia</strong></span> <span class='ocrx_word' id='word_1_391' title='bbox 1648 2653 1770 2694; x_wconf 87' lang='lat' dir='ltr'><strong>esse</strong></span> <span class='ocrx_word' id='word_1_392' title='bbox 1801 2639 2078 2695; x_wconf 90' lang='lat' dir='ltr'><strong>videntur.</strong></span> 
     </span>
    </p>
   </div>
   <div class='ocr_carea' id='block_1_42' title="bbox 612 2817 2182 2877">
    <p class='ocr_par' dir='ltr' id='par_1_42' title="bbox 612 2817 2182 2877">
     <span class='ocr_line' id='line_1_42' title="bbox 612 2817 2182 2877; baseline 0.002 -4"><span class='ocrx_word' id='word_1_393' title='bbox 612 2817 657 2877; x_wconf 91' lang='grc' dir='ltr'>ι.</span> <span class='ocrx_word' id='word_1_394' title='bbox 699 2818 1016 2876; x_wconf 79' lang='lat' dir='ltr'><strong>Testimonia</strong></span> <span class='ocrx_word' id='word_1_395' title='bbox 1055 2829 1280 2876; x_wconf 73' lang='lat' dir='ltr'><strong>veterum</strong></span> <span class='ocrx_word' id='word_1_396' title='bbox 1314 2823 1379 2876; x_wconf 91' lang='lat' dir='ltr'><strong>de</strong></span> <span class='ocrx_word' id='word_1_397' title='bbox 1429 2821 1644 2877; x_wconf 82' lang='lat' dir='ltr'><strong>Eusebii</strong></span> <span class='ocrx_word' id='word_1_398' title='bbox 1689 2821 2096 2877; x_wconf 76' lang='lat' dir='ltr'><strong>Commentariis</strong></span> <span class='ocrx_word' id='word_1_399' title='bbox 2129 2825 2182 2876; x_wconf 86' lang='lat' dir='ltr'><strong>in</strong></span> 
     </span>
    </p>
   </div>
   <div class='ocr_carea' id='block_1_43' title="bbox 685 2887 2184 2962">
    <p class='ocr_par' dir='ltr' id='par_1_43' title="bbox 685 2887 2184 2962">
     <span class='ocr_line' id='line_1_43' title="bbox 685 2887 2184 2962; baseline 0.003 -20"><span class='ocrx_word' id='word_1_400' title='bbox 685 2887 961 2962; x_wconf 75' lang='lat' dir='ltr'><strong>Besaiam.</strong></span> <span class='ocrx_word' id='word_1_401' title='bbox 996 2889 1066 2962; x_wconf 82' lang='lat' dir='ltr'><strong>ll.</strong></span> <span class='ocrx_word' id='word_1_402' title='bbox 1107 2890 1184 2945; x_wconf 90' lang='lat' dir='ltr'><strong>De</strong></span> <span class='ocrx_word' id='word_1_403' title='bbox 1226 2907 1410 2962; x_wconf 79' lang='lat' dir='ltr'><strong>genere</strong></span> <span class='ocrx_word' id='word_1_404' title='bbox 1452 2893 1856 2960; x_wconf 81' lang='lat' dir='ltr'><strong>interpretandi.</strong></span> <span class='ocrx_word' id='word_1_405' title='bbox 1903 2891 1990 2947; x_wconf 88' lang='lat' dir='ltr'><strong>lll.</strong></span> <span class='ocrx_word' id='word_1_406' title='bbox 2028 2893 2184 2948; x_wconf 80' lang='lat' dir='ltr'><strong>Nihil</strong></span> 
     </span>
    </p>
   </div>
   <div class='ocr_carea' id='block_1_44' title="bbox 675 2960 2181 3034">
    <p class='ocr_par' dir='ltr' id='par_1_44' title="bbox 675 2960 2181 3034">
     <span class='ocr_line' id='line_1_44' title="bbox 675 2960 2181 3034; baseline 0.005 -22"><span class='ocrx_word' id='word_1_407' title='bbox 675 2961 821 3034; x_wconf 65' lang='lat' dir='ltr'><strong>dubii</strong></span> <span class='ocrx_word' id='word_1_408' title='bbox 879 2960 1464 3034; x_wconf 13' lang='grc' dir='ltr'><strong>περιίτνησιότητρς.</strong></span> <span class='ocrx_word' id='word_1_409' title='bbox 1507 2962 1599 3034; x_wconf 78' lang='lat' dir='ltr'><strong>iV.</strong></span> <span class='ocrx_word' id='word_1_410' title='bbox 1633 2962 1750 3028; x_wconf 81' lang='lat' dir='ltr'><strong>Quo</strong></span> <span class='ocrx_word' id='word_1_411' title='bbox 1802 2973 2030 3034; x_wconf 80' lang='lat' dir='ltr'><strong>tempore</strong></span> <span class='ocrx_word' id='word_1_412' title='bbox 2071 2965 2181 3018; x_wconf 80' lang='lat' dir='ltr'><strong>lucc</strong></span> 
     </span>
    </p>
   </div>
   <div class='ocr_carea' id='block_1_45' title="bbox 675 3027 1633 3087">
    <p class='ocr_par' dir='ltr' id='par_1_45' title="bbox 675 3027 1633 3087">
     <span class='ocr_line' id='line_1_45' title="bbox 675 3027 1633 3087; baseline 0.003 -4"><span class='ocrx_word' id='word_1_413' title='bbox 675 3027 1066 3084; x_wconf 74' lang='lat' dir='ltr'><strong>Commentarid</strong></span> <span class='ocrx_word' id='word_1_414' title='bbox 1099 3027 1334 3085; x_wconf 80' lang='lat' dir='ltr'><strong>ediderit</strong></span> <span class='ocrx_word' id='word_1_415' title='bbox 1354 3027 1633 3087; x_wconf 79' lang='lat' dir='ltr'><strong>Eusebius.</strong></span> 
     </span>
    </p>
   </div>
   <div class='ocr_carea' id='block_1_46' title="bbox 663 3122 2119 3177">
    <p class='ocr_par' dir='ltr' id='par_1_46' title="bbox 663 3122 2119 3177">
     <span class='ocr_line' id='line_1_46' title="bbox 663 3122 2119 3177; baseline 0 -4"><span class='ocrx_word' id='word_1_416' title='bbox 663 3122 704 3174; x_wconf 88' lang='grc' dir='ltr'><strong>Ι.</strong></span> <span class='ocrx_word' id='word_1_417' title='bbox 728 3123 1031 3175; x_wconf 84' lang='lat' dir='ltr'><strong>Testimonia</strong></span> <span class='ocrx_word' id='word_1_418' title='bbox 1064 3126 1289 3174; x_wconf 79' lang='lat' dir='ltr'><strong>veterum</strong></span> <span class='ocrx_word' id='word_1_419' title='bbox 1329 3125 1393 3174; x_wconf 91' lang='lat' dir='ltr'><strong>de</strong></span> <span class='ocrx_word' id='word_1_420' title='bbox 1427 3123 1630 3175; x_wconf 85' lang='lat' dir='ltr'><strong>Eusebii</strong></span> <span class='ocrx_word' id='word_1_421' title='bbox 1669 3125 2046 3177; x_wconf 83' lang='lat' dir='ltr'><strong>Commentariis</strong></span> <span class='ocrx_word' id='word_1_422' title='bbox 2067 3125 2119 3173; x_wconf 91' lang='lat' dir='ltr'><strong>in</strong></span> 
     </span>
    </p>
   </div>
   <div class='ocr_carea' id='block_1_47' title="bbox 1271 3185 3880 3296">
    <p class='ocr_par' dir='ltr' id='par_1_47' title="bbox 1271 3185 3880 3296">
     <span class='ocr_line' id='line_1_47' title="bbox 1271 3185 3880 3296; baseline 0.004 -60"><span class='ocrx_word' id='word_1_423' title='bbox 1271 3185 1541 3296; x_wconf 35' lang='lat' dir='ltr'><strong>Hessiam;</strong></span> <span class='ocrx_word' id='word_1_424' title='bbox 1728 3269 1743 3296; x_wconf 54' lang='grc' dir='ltr'><strong><em>Ι</em></strong></span> <span class='ocrx_word' id='word_1_425' title='bbox 1808 3270 1820 3283; x_wconf 45' lang='grc'><strong>.</strong></span> <span class='ocrx_word' id='word_1_426' title='bbox 1888 3269 1926 3296; x_wconf 39' lang='grc' dir='ltr'><strong>Ι.</strong></span> <span class='ocrx_word' id='word_1_427' title='bbox 1965 3269 1979 3280; x_wconf 44' lang='grc'>⁶</span> <span class='ocrx_word' id='word_1_428' title='bbox 2041 3268 2054 3280; x_wconf 36' lang='grc' dir='ltr'><strong><em>ι</em></strong></span> <span class='ocrx_word' id='word_1_429' title='bbox 2101 3277 2112 3296; x_wconf 46' lang='grc'><strong>1</strong></span> <span class='ocrx_word' id='word_1_430' title='bbox 2210 3234 2255 3296; x_wconf 77' lang='lat' dir='ltr'><strong>C</strong></span> <span class='ocrx_word' id='word_1_431' title='bbox 2289 3188 2626 3296; x_wconf 55' lang='lat' dir='ltr'><strong>incesserent</strong></span> <span class='ocrx_word' id='word_1_432' title='bbox 2659 3188 2816 3291; x_wconf 52' lang='lat' dir='ltr'><strong>;&quot;sed</strong></span> <span class='ocrx_word' id='word_1_433' title='bbox 2873 3188 3005 3244; x_wconf 90' lang='lat' dir='ltr'><strong>illud</strong></span> <span class='ocrx_word' id='word_1_434' title='bbox 3053 3187 3248 3258; x_wconf 84' lang='lat' dir='ltr'><strong>injuria</strong></span> <span class='ocrx_word' id='word_1_435' title='bbox 3283 3187 3502 3296; x_wconf 52' lang='lat' dir='ltr'><strong>[ictum</strong></span> <span class='ocrx_word' id='word_1_436' title='bbox 3537 3198 3722 3296; x_wconf 52' lang='lat' dir='ltr'><strong>esset“:</strong></span> <span class='ocrx_word' id='word_1_437' title='bbox 3748 3206 3880 3294; x_wconf 70' lang='lat' dir='ltr'><strong>nam</strong></span> 
     </span>
    </p>
   </div>
   <div class='ocr_carea' id='block_1_48' title="bbox 671 3268 3878 3350">
    <p class='ocr_par' dir='ltr' id='par_1_48' title="bbox 671 3268 3878 3350">
     <span class='ocr_line' id='line_1_48' title="bbox 671 3268 3878 3350; baseline 0.003 -26"><span class='ocrx_word' id='word_1_438' title='bbox 671 3269 1030 3341; x_wconf 83' lang='lat' dir='ltr'><strong>Hieronymus</strong></span> <span class='ocrx_word' id='word_1_439' title='bbox 1053 3268 1147 3325; x_wconf 91' lang='lat' dir='ltr'><strong>lib.</strong></span> <span class='ocrx_word' id='word_1_440' title='bbox 1174 3269 1249 3324; x_wconf 88' lang='lat' dir='ltr'><strong>De</strong></span> <span class='ocrx_word' id='word_1_441' title='bbox 1269 3270 1610 3338; x_wconf 73' lang='lat' dir='ltr'><strong>scriptoribus</strong></span> <span class='ocrx_word' id='word_1_442' title='bbox 1636 3269 2005 3328; x_wconf 78' lang='lat' dir='ltr'><strong>ecclesiasticis</strong></span> <span class='ocrx_word' id='word_1_443' title='bbox 2041 3268 2182 3323; x_wconf 91' lang='lat' dir='ltr'><strong>inter</strong></span> <span class='ocrx_word' id='word_1_444' title='bbox 2210 3268 2255 3296; x_wconf 68' lang='grc' dir='ltr'>υ</span> <span class='ocrx_word' id='word_1_445' title='bbox 2286 3278 2532 3349; x_wconf 81' lang='lat' dir='ltr'><strong>quantuli</strong></span> <span class='ocrx_word' id='word_1_446' title='bbox 2561 3277 2721 3350; x_wconf 84' lang='lat' dir='ltr'><strong>pretii</strong></span> <span class='ocrx_word' id='word_1_447' title='bbox 2756 3287 2885 3334; x_wconf 88' lang='lat' dir='ltr'><strong>sunt</strong></span> <span class='ocrx_word' id='word_1_448' title='bbox 2922 3293 2989 3334; x_wconf 90' lang='lat' dir='ltr'><strong>ea</strong></span> <span class='ocrx_word' id='word_1_449' title='bbox 3026 3293 3148 3349; x_wconf 65' lang='lat' dir='ltr'><strong>qua</strong></span> <span class='ocrx_word' id='word_1_450' title='bbox 3189 3293 3258 3335; x_wconf 80' lang='lat' dir='ltr'><strong>ex</strong></span> <span class='ocrx_word' id='word_1_451' title='bbox 3306 3279 3542 3336; x_wconf 79' lang='lat' dir='ltr'><strong>Eusebio</strong></span> <span class='ocrx_word' id='word_1_452' title='bbox 3588 3282 3878 3349; x_wconf 84' lang='lat' dir='ltr'><strong>delibavit,</strong></span> 
     </span>
    </p>
   </div>
   <div class='ocr_carea' id='block_1_49' title="bbox 600 3354 2177 3425">
    <p class='ocr_par' dir='ltr' id='par_1_49' title="bbox 600 3354 2177 3425">
     <span class='ocr_line' id='line_1_49' title="bbox 600 3354 2177 3425; baseline 0.001 -15"><span class='ocrx_word' id='word_1_453' title='bbox 600 3354 705 3411; x_wconf 89' lang='lat' dir='ltr'><strong>alia</strong></span> <span class='ocrx_word' id='word_1_454' title='bbox 735 3354 949 3411; x_wconf 84' lang='lat' dir='ltr'><strong>Eusebii</strong></span> <span class='ocrx_word' id='word_1_455' title='bbox 971 3357 1274 3425; x_wconf 90' lang='lat' dir='ltr'><strong>opera,boc</strong></span> <span class='ocrx_word' id='word_1_456' title='bbox 1294 3359 1416 3412; x_wconf 86' lang='lat' dir='ltr'><strong>item</strong></span> <span class='ocrx_word' id='word_1_457' title='bbox 1441 3368 1706 3414; x_wconf 90' lang='lat' dir='ltr'><strong>recenset.</strong></span> <span class='ocrx_word' id='word_1_458' title='bbox 1727 3357 1796 3412; x_wconf 83' lang='lat' dir='ltr'><strong>Et</strong></span> <span class='ocrx_word' id='word_1_459' title='bbox 1820 3359 1876 3412; x_wconf 89' lang='lat' dir='ltr'><strong>in</strong></span> <span class='ocrx_word' id='word_1_460' title='bbox 1905 3357 2177 3424; x_wconf 83' lang='lat' dir='ltr'><strong>Hesaiant,</strong></span> 
     </span>
    </p>
   </div>
   <div class='ocr_carea' id='block_1_50' title="bbox 599 3447 2176 3522">
    <p class='ocr_par' dir='ltr' id='par_1_50' title="bbox 599 3447 2176 3522">
     <span class='ocr_line' id='line_1_50' title="bbox 599 3447 2176 3522; baseline 0.001 -20"><span class='ocrx_word' id='word_1_461' title='bbox 599 3447 803 3519; x_wconf 87' lang='lat' dir='ltr'><strong>inquit,</strong></span> <span class='ocrx_word' id='word_1_462' title='bbox 834 3448 994 3502; x_wconf 87' lang='lat' dir='ltr'><strong>libros</strong></span> <span class='ocrx_word' id='word_1_463' title='bbox 1038 3449 1236 3502; x_wconf 87' lang='lat' dir='ltr'><strong>decem.</strong></span> <span class='ocrx_word' id='word_1_464' title='bbox 1273 3449 1327 3503; x_wconf 93' lang='lat' dir='ltr'><strong>In</strong></span> <span class='ocrx_word' id='word_1_465' title='bbox 1381 3449 1602 3519; x_wconf 88' lang='lat' dir='ltr'><strong>prologo</strong></span> <span class='ocrx_word' id='word_1_466' title='bbox 1641 3459 1819 3506; x_wconf 88' lang='lat' dir='ltr'><strong>autem</strong></span> <span class='ocrx_word' id='word_1_467' title='bbox 1858 3451 1910 3504; x_wconf 91' lang='lat' dir='ltr'><strong>in</strong></span> <span class='ocrx_word' id='word_1_468' title='bbox 1949 3451 2176 3522; x_wconf 80' lang='lat' dir='ltr'><strong>Exposi-</strong></span> 
     </span>
    </p>
   </div>
   <div class='ocr_carea' id='block_1_51' title="bbox 599 3534 2178 3612">
    <p class='ocr_par' dir='ltr' id='par_1_51' title="bbox 599 3534 2178 3612">
     <span class='ocr_line' id='line_1_51' title="bbox 599 3534 2178 3612; baseline 0.004 -23"><span class='ocrx_word' id='word_1_469' title='bbox 599 3535 798 3590; x_wconf 87' lang='lat' dir='ltr'><strong>tionem</strong></span> <span class='ocrx_word' id='word_1_470' title='bbox 830 3534 1058 3604; x_wconf 63' lang='lat' dir='ltr'><strong>Hessia,</strong></span> <span class='ocrx_word' id='word_1_471' title='bbox 1080 3537 1158 3593; x_wconf 87' lang='lat' dir='ltr'><strong>sic</strong></span> <span class='ocrx_word' id='word_1_472' title='bbox 1182 3538 1342 3593; x_wconf 82' lang='lat' dir='ltr'><strong>habet</strong></span> <span class='ocrx_word' id='word_1_473' title='bbox 1368 3557 1381 3592; x_wconf 89' lang='lat'>:</span> <span class='ocrx_word' id='word_1_474' title='bbox 1403 3537 1660 3593; x_wconf 81' lang='lat' dir='ltr'><strong>Eusebius</strong></span> <span class='ocrx_word' id='word_1_475' title='bbox 1683 3556 1888 3611; x_wconf 85' lang='lat' dir='ltr'><strong>quoque</strong></span> <span class='ocrx_word' id='word_1_476' title='bbox 1915 3539 2178 3612; x_wconf 82' lang='lat' dir='ltr'><strong>Pamphili</strong></span> 
     </span>
    </p>
   </div>
   <div class='ocr_carea' id='block_1_52' title="bbox 593 3626 2175 3701">
    <p class='ocr_par' dir='ltr' id='par_1_52' title="bbox 593 3626 2175 3701">
     <span class='ocr_line' id='line_1_52' title="bbox 593 3626 2175 3701; baseline 0.004 -22"><span class='ocrx_word' id='word_1_477' title='bbox 593 3628 752 3696; x_wconf 66' lang='lat' dir='ltr'><strong>juxta</strong></span> <span class='ocrx_word' id='word_1_478' title='bbox 776 3626 1076 3683; x_wconf 78' lang='lat' dir='ltr'><strong>historicum</strong></span> <span class='ocrx_word' id='word_1_479' title='bbox 1097 3628 1518 3699; x_wconf 71' lang='lat' dir='ltr'><strong>explanationem</strong></span> <span class='ocrx_word' id='word_1_480' title='bbox 1554 3631 1852 3701; x_wconf 79' lang='lat' dir='ltr'><strong>quindecim</strong></span> <span class='ocrx_word' id='word_1_481' title='bbox 1888 3631 2054 3686; x_wconf 85' lang='lat' dir='ltr'><strong>edidit</strong></span> <span class='ocrx_word' id='word_1_482' title='bbox 2085 3647 2175 3686; x_wconf 80' lang='lat' dir='ltr'><strong>eo-</strong></span> 
     </span>
    </p>
   </div>
   <div class='ocr_carea' id='block_1_53' title="bbox 581 3718 2177 3793">
    <p class='ocr_par' dir='ltr' id='par_1_53' title="bbox 581 3718 2177 3793">
     <span class='ocr_line' id='line_1_53' title="bbox 581 3718 2177 3793; baseline 0.003 -18"><span class='ocrx_word' id='word_1_483' title='bbox 581 3718 824 3776; x_wconf 44' lang='lat' dir='ltr'><strong>.luntina.</strong></span> <span class='ocrx_word' id='word_1_484' title='bbox 863 3719 932 3775; x_wconf 83' lang='lat' dir='ltr'><strong>At</strong></span> <span class='ocrx_word' id='word_1_485' title='bbox 963 3719 1355 3793; x_wconf 87' lang='lat' dir='ltr'><strong>Hieronymum</strong></span> <span class='ocrx_word' id='word_1_486' title='bbox 1403 3722 1517 3778; x_wconf 85' lang='lat' dir='ltr'><strong>sive</strong></span> <span class='ocrx_word' id='word_1_487' title='bbox 1556 3722 1725 3780; x_wconf 90' lang='lat' dir='ltr'><strong>libros</strong></span> <span class='ocrx_word' id='word_1_488' title='bbox 1755 3723 1871 3780; x_wconf 85' lang='lat' dir='ltr'><strong>sive</strong></span> <span class='ocrx_word' id='word_1_489' title='bbox 1908 3724 2177 3781; x_wconf 84' lang='lat' dir='ltr'><strong>volumina</strong></span> 
     </span>
    </p>
   </div>
   <div class='ocr_carea' id='block_1_54' title="bbox 596 3810 2174 3886">
    <p class='ocr_par' dir='ltr' id='par_1_54' title="bbox 596 3810 2174 3886">
     <span class='ocr_line' id='line_1_54' title="bbox 596 3810 2174 3886; baseline 0.004 -23"><span class='ocrx_word' id='word_1_490' title='bbox 596 3819 881 3876; x_wconf 88' lang='lat' dir='ltr'><strong>memoret,</strong></span> <span class='ocrx_word' id='word_1_491' title='bbox 910 3810 1144 3879; x_wconf 88' lang='lat' dir='ltr'><strong>idipsum</strong></span> <span class='ocrx_word' id='word_1_492' title='bbox 1171 3811 1478 3881; x_wconf 78' lang='lat' dir='ltr'><strong>significare</strong></span> <span class='ocrx_word' id='word_1_493' title='bbox 1511 3813 1716 3886; x_wconf 88' lang='lat' dir='ltr'><strong>liquet;</strong></span> <span class='ocrx_word' id='word_1_494' title='bbox 1751 3829 1877 3870; x_wconf 91' lang='lat' dir='ltr'><strong>nam</strong></span> <span class='ocrx_word' id='word_1_495' title='bbox 1902 3815 1957 3870; x_wconf 90' lang='lat' dir='ltr'><strong>in</strong></span> <span class='ocrx_word' id='word_1_496' title='bbox 1986 3816 2174 3871; x_wconf 88' lang='lat' dir='ltr'><strong>eodem</strong></span> 
     </span>
    </p>
   </div>
   <div class='ocr_carea' id='block_1_55' title="bbox 598 3899 2174 3978">
    <p class='ocr_par' dir='ltr' id='par_1_55' title="bbox 598 3899 2174 3978">
     <span class='ocr_line' id='line_1_55' title="bbox 598 3899 2174 3978; baseline 0.005 -23"><span class='ocrx_word' id='word_1_497' title='bbox 598 3899 823 3970; x_wconf 82' lang='lat' dir='ltr'><strong>prologo</strong></span> <span class='ocrx_word' id='word_1_498' title='bbox 860 3901 926 3957; x_wconf 92' lang='lat' dir='ltr'><strong>de</strong></span> <span class='ocrx_word' id='word_1_499' title='bbox 960 3899 1194 3973; x_wconf 84' lang='lat' dir='ltr'><strong>Origene</strong></span> <span class='ocrx_word' id='word_1_500' title='bbox 1232 3905 1358 3959; x_wconf 89' lang='lat' dir='ltr'><strong>talia</strong></span> <span class='ocrx_word' id='word_1_501' title='bbox 1394 3905 1541 3962; x_wconf 84' lang='lat' dir='ltr'><strong>tatur</strong></span> <span class='ocrx_word' id='word_1_502' title='bbox 1585 3925 1601 3962; x_wconf 91' lang='lat'><strong>:</strong></span> <span class='ocrx_word' id='word_1_503' title='bbox 1652 3905 1910 3978; x_wconf 83' lang='lat' dir='ltr'><strong>Origenes</strong></span> <span class='ocrx_word' id='word_1_504' title='bbox 1955 3909 2174 3978; x_wconf 85' lang='lat' dir='ltr'><strong>triginta</strong></span> 
     </span>
    </p>
   </div>
   <div class='ocr_carea' id='block_1_56' title="bbox 594 3992 2172 4066">
    <p class='ocr_par' dir='ltr' id='par_1_56' title="bbox 594 3992 2172 4066">
     <span class='ocr_line' id='line_1_56' title="bbox 594 3992 2172 4066; baseline 0.006 -19"><span class='ocrx_word' id='word_1_505' title='bbox 594 3992 883 4062; x_wconf 74' lang='lat' dir='ltr'><strong>volumina,</strong></span> <span class='ocrx_word' id='word_1_506' title='bbox 911 4011 937 4048; x_wconf 91' lang='lat' dir='ltr'><strong>e</strong></span> <span class='ocrx_word' id='word_1_507' title='bbox 972 3996 1159 4066; x_wconf 81' lang='lat' dir='ltr'><strong>quibus</strong></span> <span class='ocrx_word' id='word_1_508' title='bbox 1196 3997 1471 4053; x_wconf 76' lang='lat' dir='ltr'><strong>uicesimus</strong></span> <span class='ocrx_word' id='word_1_509' title='bbox 1500 4009 1682 4056; x_wconf 65' lang='lat' dir='ltr'><strong>sextus</strong></span> <span class='ocrx_word' id='word_1_510' title='bbox 1721 4000 1853 4056; x_wconf 85' lang='lat' dir='ltr'><strong>liber</strong></span> <span class='ocrx_word' id='word_1_511' title='bbox 1893 4017 1999 4056; x_wconf 81' lang='lat' dir='ltr'><strong>non</strong></span> <span class='ocrx_word' id='word_1_512' title='bbox 2027 4003 2172 4056; x_wconf 79' lang='lat' dir='ltr'><strong>inue-</strong></span> 
     </span>
    </p>
   </div>
   <div class='ocr_carea' id='block_1_57' title="bbox 595 4085 2170 4162">
    <p class='ocr_par' dir='ltr' id='par_1_57' title="bbox 595 4085 2170 4162">
     <span class='ocr_line' id='line_1_57' title="bbox 595 4085 2170 4162; baseline 0.004 -22"><span class='ocrx_word' id='word_1_513' title='bbox 595 4085 745 4140; x_wconf 70' lang='lat' dir='ltr'><strong>nitur</strong></span> <span class='ocrx_word' id='word_1_514' title='bbox 769 4099 787 4148; x_wconf 91' lang='lat'><strong>;</strong></span> <span class='ocrx_word' id='word_1_515' title='bbox 815 4085 956 4140; x_wconf 90' lang='lat' dir='ltr'><strong>unde</strong></span> <span class='ocrx_word' id='word_1_516' title='bbox 989 4085 1156 4156; x_wconf 87' lang='lat' dir='ltr'><strong>igitur</strong></span> <span class='ocrx_word' id='word_1_517' title='bbox 1183 4089 1344 4143; x_wconf 93' lang='lat' dir='ltr'><strong>modo</strong></span> <span class='ocrx_word' id='word_1_518' title='bbox 1387 4087 1597 4156; x_wconf 90' lang='lat' dir='ltr'><strong>decem,</strong></span> <span class='ocrx_word' id='word_1_519' title='bbox 1645 4089 1807 4146; x_wconf 89' lang='lat' dir='ltr'><strong>modo</strong></span> <span class='ocrx_word' id='word_1_520' title='bbox 1833 4091 2170 4162; x_wconf 79' lang='lat' dir='ltr'><strong>quindecim,</strong></span> 
     </span>
    </p>
   </div>
   <div class='ocr_carea' id='block_1_58' title="bbox 593 4175 2174 4245">
    <p class='ocr_par' dir='ltr' id='par_1_58' title="bbox 593 4175 2174 4245">
     <span class='ocr_line' id='line_1_58' title="bbox 593 4175 2174 4245; baseline 0.003 -13"><span class='ocrx_word' id='word_1_521' title='bbox 593 4175 814 4232; x_wconf 85' lang='lat' dir='ltr'><strong>Eusebii</strong></span> <span class='ocrx_word' id='word_1_522' title='bbox 855 4177 1044 4245; x_wconf 88' lang='lat' dir='ltr'><strong>libros,</strong></span> <span class='ocrx_word' id='word_1_523' title='bbox 1075 4195 1169 4236; x_wconf 91' lang='lat' dir='ltr'><strong>seu</strong></span> <span class='ocrx_word' id='word_1_524' title='bbox 1204 4181 1473 4236; x_wconf 83' lang='lat' dir='ltr'><strong>volumina</strong></span> <span class='ocrx_word' id='word_1_525' title='bbox 1499 4190 1717 4238; x_wconf 80' lang='lat' dir='ltr'><strong>exstare</strong></span> <span class='ocrx_word' id='word_1_526' title='bbox 1740 4181 1874 4238; x_wconf 89' lang='lat' dir='ltr'><strong>dicit</strong></span> <span class='ocrx_word' id='word_1_527' title='bbox 1901 4183 1925 4237; x_wconf 87' lang='lat'><strong>?</strong></span> <span class='ocrx_word' id='word_1_528' title='bbox 1955 4183 2010 4237; x_wconf 91' lang='lat' dir='ltr'><strong>Id</strong></span> <span class='ocrx_word' id='word_1_529' title='bbox 2041 4197 2174 4238; x_wconf 89' lang='lat' dir='ltr'><strong>sane</strong></span> 
     </span>
    </p>
   </div>
   <div class='ocr_carea' id='block_1_59' title="bbox 594 4266 2171 4342">
    <p class='ocr_par' dir='ltr' id='par_1_59' title="bbox 594 4266 2171 4342">
     <span class='ocr_line' id='line_1_59' title="bbox 594 4266 2171 4342; baseline 0.003 -20"><span class='ocrx_word' id='word_1_530' title='bbox 594 4266 682 4322; x_wconf 87' lang='lat' dir='ltr'><strong>vel</strong></span> <span class='ocrx_word' id='word_1_531' title='bbox 718 4269 1108 4340; x_wconf 78' lang='lat' dir='ltr'><strong>exemplarium</strong></span> <span class='ocrx_word' id='word_1_532' title='bbox 1139 4271 1419 4338; x_wconf 87' lang='lat' dir='ltr'><strong>varietati;</strong></span> <span class='ocrx_word' id='word_1_533' title='bbox 1450 4285 1633 4340; x_wconf 89' lang='lat' dir='ltr'><strong>parem</strong></span> <span class='ocrx_word' id='word_1_534' title='bbox 1665 4272 1864 4342; x_wconf 87' lang='lat' dir='ltr'><strong>quippe</strong></span> <span class='ocrx_word' id='word_1_535' title='bbox 1890 4273 1944 4326; x_wconf 91' lang='lat' dir='ltr'><strong>in</strong></span> <span class='ocrx_word' id='word_1_536' title='bbox 1979 4271 2171 4326; x_wconf 84' lang='lat' dir='ltr'><strong>Histo-</strong></span> 
     </span>
    </p>
   </div>
   <div class='ocr_carea' id='block_1_60' title="bbox 594 4360 2170 4431">
    <p class='ocr_par' dir='ltr' id='par_1_60' title="bbox 594 4360 2170 4431">
     <span class='ocr_line' id='line_1_60' title="bbox 594 4360 2170 4431; baseline 0.003 -17"><span class='ocrx_word' id='word_1_537' title='bbox 594 4360 674 4414; x_wconf 86' lang='lat' dir='ltr'><strong>ria</strong></span> <span class='ocrx_word' id='word_1_538' title='bbox 697 4362 1049 4415; x_wconf 84' lang='lat' dir='ltr'><strong>ecctesiastica</strong></span> <span class='ocrx_word' id='word_1_539' title='bbox 1081 4361 1344 4431; x_wconf 81' lang='lat' dir='ltr'><strong>ejusdem,</strong></span> <span class='ocrx_word' id='word_1_540' title='bbox 1365 4363 1770 4417; x_wconf 85' lang='lat' dir='ltr'><strong>distinctionum</strong></span> <span class='ocrx_word' id='word_1_541' title='bbox 1801 4363 2170 4418; x_wconf 79' lang='lat' dir='ltr'><strong>diversitatem</strong></span> 
     </span>
    </p>
   </div>
   <div class='ocr_carea' id='block_1_61' title="bbox 591 4450 2163 4521">
    <p class='ocr_par' dir='ltr' id='par_1_61' title="bbox 591 4450 2163 4521">
     <span class='ocr_line' id='line_1_61' title="bbox 591 4450 2163 4521; baseline 0.003 -15"><span class='ocrx_word' id='word_1_542' title='bbox 591 4450 1089 4521; x_wconf 85' lang='lat' dir='ltr'><strong>deprehendimus;</strong></span> <span class='ocrx_word' id='word_1_543' title='bbox 1137 4452 1220 4507; x_wconf 89' lang='lat' dir='ltr'><strong>vel</strong></span> <span class='ocrx_word' id='word_1_544' title='bbox 1265 4454 1675 4509; x_wconf 89' lang='lat' dir='ltr'><strong>amanuensium</strong></span> <span class='ocrx_word' id='word_1_545' title='bbox 1725 4455 1856 4511; x_wconf 90' lang='lat' dir='ltr'><strong>vitio</strong></span> <span class='ocrx_word' id='word_1_546' title='bbox 1903 4458 2163 4512; x_wconf 89' lang='lat' dir='ltr'><strong>ascribas.</strong></span> 
     </span>
    </p>
   </div>
   <div class='ocr_carea' id='block_1_62' title="bbox 2282 3368 3884 3448">
    <p class='ocr_par' dir='ltr' id='par_1_62' title="bbox 2282 3368 3884 3448">
     <span class='ocr_line' id='line_1_62' title="bbox 2282 3368 3884 3448; baseline 0.005 -27"><span class='ocrx_word' id='word_1_547' title='bbox 2282 3369 2328 3421; x_wconf 92' lang='lat' dir='ltr'><strong>si</strong></span> <span class='ocrx_word' id='word_1_548' title='bbox 2365 3376 2747 3437; x_wconf 83' lang='lat' dir='ltr'><strong>comparentur</strong></span> <span class='ocrx_word' id='word_1_549' title='bbox 2775 3381 2897 3422; x_wconf 88' lang='lat' dir='ltr'><strong>cum</strong></span> <span class='ocrx_word' id='word_1_550' title='bbox 2929 3369 3029 3433; x_wconf 90' lang='lat' dir='ltr'><strong>iis,</strong></span> <span class='ocrx_word' id='word_1_551' title='bbox 3058 3381 3181 3438; x_wconf 68' lang='lat' dir='ltr'><strong>quae</strong></span> <span class='ocrx_word' id='word_1_552' title='bbox 3214 3370 3276 3424; x_wconf 86' lang='lat' dir='ltr'><strong>S.</strong></span> <span class='ocrx_word' id='word_1_553' title='bbox 3321 3368 3522 3448; x_wconf 85' lang='lat' dir='ltr'><strong>Doctor</strong></span> <span class='ocrx_word' id='word_1_554' title='bbox 3553 3371 3770 3426; x_wconf 86' lang='lat' dir='ltr'><strong>erudite</strong></span> <span class='ocrx_word' id='word_1_555' title='bbox 3805 3371 3884 3429; x_wconf 78' lang='lat' dir='ltr'><strong>de</strong></span> 
     </span>
    </p>
   </div>
   <div class='ocr_carea' id='block_1_63' title="bbox 2281 3458 3882 3533">
    <p class='ocr_par' dir='ltr' id='par_1_63' title="bbox 2281 3458 3882 3533">
     <span class='ocr_line' id='line_1_63' title="bbox 2281 3458 3882 3533; baseline 0.002 -18"><span class='ocrx_word' id='word_1_556' title='bbox 2281 3459 2550 3516; x_wconf 85' lang='lat' dir='ltr'><strong>Hebraico</strong></span> <span class='ocrx_word' id='word_1_557' title='bbox 2584 3469 2733 3515; x_wconf 80' lang='lat' dir='ltr'><strong>textu</strong></span> <span class='ocrx_word' id='word_1_558' title='bbox 2774 3473 2840 3515; x_wconf 88' lang='lat' dir='ltr'><strong>ac</strong></span> <span class='ocrx_word' id='word_1_559' title='bbox 2874 3458 2942 3516; x_wconf 88' lang='lat' dir='ltr'><strong>de</strong></span> <span class='ocrx_word' id='word_1_560' title='bbox 2982 3459 3218 3516; x_wconf 78' lang='lat' dir='ltr'><strong>lectione</strong></span> <span class='ocrx_word' id='word_1_561' title='bbox 3262 3461 3494 3532; x_wconf 69' lang='lat' dir='ltr'><strong>vulgata</strong></span> <span class='ocrx_word' id='word_1_562' title='bbox 3524 3463 3734 3533; x_wconf 87' lang='lat' dir='ltr'><strong>passim</strong></span> <span class='ocrx_word' id='word_1_563' title='bbox 3761 3462 3882 3518; x_wconf 79' lang='lat' dir='ltr'><strong>dis-</strong></span> 
     </span>
    </p>
   </div>
   <div class='ocr_carea' id='block_1_64' title="bbox 2280 3549 3882 3611">
    <p class='ocr_par' dir='ltr' id='par_1_64' title="bbox 2280 3549 3882 3611">
     <span class='ocr_line' id='line_1_64' title="bbox 2280 3549 3882 3611; baseline 0.002 -5"><span class='ocrx_word' id='word_1_564' title='bbox 2280 3552 2468 3607; x_wconf 87' lang='lat' dir='ltr'><strong>seruit.</strong></span> <span class='ocrx_word' id='word_1_565' title='bbox 2500 3549 2612 3608; x_wconf 85' lang='lat' dir='ltr'><strong>Nec</strong></span> <span class='ocrx_word' id='word_1_566' title='bbox 2651 3550 2749 3608; x_wconf 89' lang='lat' dir='ltr'><strong>abs</strong></span> <span class='ocrx_word' id='word_1_567' title='bbox 2790 3567 2852 3609; x_wconf 86' lang='lat' dir='ltr'><strong>re</strong></span> <span class='ocrx_word' id='word_1_568' title='bbox 2888 3553 3028 3608; x_wconf 77' lang='lat' dir='ltr'><strong>forte</strong></span> <span class='ocrx_word' id='word_1_569' title='bbox 3063 3552 3213 3608; x_wconf 76' lang='lat' dir='ltr'><strong>dicas</strong></span> <span class='ocrx_word' id='word_1_570' title='bbox 3263 3552 3556 3609; x_wconf 79' lang='lat' dir='ltr'><strong>Eusebium</strong></span> <span class='ocrx_word' id='word_1_571' title='bbox 3587 3563 3644 3609; x_wconf 89' lang='lat' dir='ltr'><strong>et</strong></span> <span class='ocrx_word' id='word_1_572' title='bbox 3677 3553 3882 3611; x_wconf 80' lang='lat' dir='ltr'><strong>Hiero-</strong></span> 
     </span>
    </p>
   </div>
   <div class='ocr_carea' id='block_1_65' title="bbox 2280 3644 3879 3719">
    <p class='ocr_par' dir='ltr' id='par_1_65' title="bbox 2280 3644 3879 3719">
     <span class='ocr_line' id='line_1_65' title="bbox 2280 3644 3879 3719; baseline 0.005 -21"><span class='ocrx_word' id='word_1_573' title='bbox 2280 3661 2502 3716; x_wconf 87' lang='lat' dir='ltr'><strong>nymum</strong></span> <span class='ocrx_word' id='word_1_574' title='bbox 2540 3645 2730 3702; x_wconf 87' lang='lat' dir='ltr'><strong>eadem</strong></span> <span class='ocrx_word' id='word_1_575' title='bbox 2756 3645 2873 3719; x_wconf 89' lang='lat' dir='ltr'><strong>ipsa</strong></span> <span class='ocrx_word' id='word_1_576' title='bbox 2895 3660 2964 3702; x_wconf 80' lang='lat' dir='ltr'><strong>ex</strong></span> <span class='ocrx_word' id='word_1_577' title='bbox 2997 3644 3252 3718; x_wconf 87' lang='lat' dir='ltr'><strong>Origenis</strong></span> <span class='ocrx_word' id='word_1_578' title='bbox 3280 3645 3705 3706; x_wconf 87' lang='lat' dir='ltr'><strong>Commentariis</strong></span> <span class='ocrx_word' id='word_1_579' title='bbox 3729 3650 3879 3706; x_wconf 85' lang='lat' dir='ltr'><strong>hau-</strong></span> 
     </span>
    </p>
   </div>
   <div class='ocr_carea' id='block_1_66' title="bbox 2279 3751 2433 3792">
    <p class='ocr_par' dir='ltr' id='par_1_66' title="bbox 2279 3751 2433 3792">
     <span class='ocr_line' id='line_1_66' title="bbox 2279 3751 2433 3792; baseline 0.019 -3"><span class='ocrx_word' id='word_1_580' title='bbox 2279 3751 2433 3792; x_wconf 78' lang='lat' dir='ltr'><strong>sisse.</strong></span> 
     </span>
    </p>
   </div>
   <div class='ocr_carea' id='block_1_67' title="bbox 2352 3827 3873 3900">
    <p class='ocr_par' dir='ltr' id='par_1_67' title="bbox 2352 3827 3873 3900">
     <span class='ocr_line' id='line_1_67' title="bbox 2352 3827 3873 3900; baseline 0.005 -18"><span class='ocrx_word' id='word_1_581' title='bbox 2352 3829 2404 3882; x_wconf 92' lang='lat' dir='ltr'><strong>ln</strong></span> <span class='ocrx_word' id='word_1_582' title='bbox 2432 3827 2892 3886; x_wconf 81' lang='lat' dir='ltr'><strong>Praeliminaribus</strong></span> <span class='ocrx_word' id='word_1_583' title='bbox 2924 3829 2989 3884; x_wconf 86' lang='lat' dir='ltr'><strong>ad</strong></span> <span class='ocrx_word' id='word_1_584' title='bbox 3021 3829 3272 3900; x_wconf 87' lang='lat' dir='ltr'><strong>Procopii</strong></span> <span class='ocrx_word' id='word_1_585' title='bbox 3307 3827 3778 3888; x_wconf 89' lang='lat' dir='ltr'><strong>Commentarium</strong></span> <span class='ocrx_word' id='word_1_586' title='bbox 3811 3833 3873 3889; x_wconf 89' lang='lat' dir='ltr'><strong>in</strong></span> 
     </span>
    </p>
   </div>
   <div class='ocr_carea' id='block_1_68' title="bbox 2280 3920 3875 3994">
    <p class='ocr_par' dir='ltr' id='par_1_68' title="bbox 2280 3920 3875 3994">
     <span class='ocr_line' id='line_1_68' title="bbox 2280 3920 3875 3994; baseline 0.004 -20"><span class='ocrx_word' id='word_1_587' title='bbox 2280 3920 2530 3977; x_wconf 81' lang='lat' dir='ltr'><strong>llesaiam</strong></span> <span class='ocrx_word' id='word_1_588' title='bbox 2560 3930 2784 3976; x_wconf 85' lang='lat' dir='ltr'><strong>curante</strong></span> <span class='ocrx_word' id='word_1_589' title='bbox 2807 3921 2968 3977; x_wconf 88' lang='lat' dir='ltr'><strong>Petro</strong></span> <span class='ocrx_word' id='word_1_590' title='bbox 2990 3921 3243 3977; x_wconf 90' lang='lat' dir='ltr'><strong>Curterio</strong></span> <span class='ocrx_word' id='word_1_591' title='bbox 3269 3921 3499 3989; x_wconf 86' lang='lat' dir='ltr'><strong>editum,</strong></span> <span class='ocrx_word' id='word_1_592' title='bbox 3534 3924 3651 3979; x_wconf 71' lang='lat' dir='ltr'><strong>btec</strong></span> <span class='ocrx_word' id='word_1_593' title='bbox 3673 3925 3875 3994; x_wconf 89' lang='lat' dir='ltr'><strong>legun-</strong></span> 
     </span>
    </p>
   </div>
   <div class='ocr_carea' id='block_1_69' title="bbox 2279 4012 3875 4087">
    <p class='ocr_par' dir='ltr' id='par_1_69' title="bbox 2279 4012 3875 4087">
     <span class='ocr_line' id='line_1_69' title="bbox 2279 4012 3875 4087; baseline 0.004 -21"><span class='ocrx_word' id='word_1_594' title='bbox 2279 4024 2366 4066; x_wconf 94' lang='lat' dir='ltr'><strong>tur</strong></span> <span class='ocrx_word' id='word_1_595' title='bbox 2390 4029 2454 4067; x_wconf 82' lang='lat' dir='ltr'><strong>ex</strong></span> <span class='ocrx_word' id='word_1_596' title='bbox 2478 4014 2663 4068; x_wconf 88' lang='lat' dir='ltr'><strong>codice</strong></span> <span class='ocrx_word' id='word_1_597' title='bbox 2685 4012 2876 4068; x_wconf 78' lang='lat' dir='ltr'><strong>Henati</strong></span> <span class='ocrx_word' id='word_1_598' title='bbox 2896 4012 3149 4068; x_wconf 76' lang='lat' dir='ltr'><strong>Marchali</strong></span> <span class='ocrx_word' id='word_1_599' title='bbox 3181 4033 3194 4068; x_wconf 92' lang='lat'><strong>:</strong></span> <span class='ocrx_word' id='word_1_600' title='bbox 3222 4013 3549 4087; x_wconf 82' lang='grc' dir='ltr'><strong>Μετελήφθη</strong></span> <span class='ocrx_word' id='word_1_601' title='bbox 3578 4017 3607 4068; x_wconf 81' lang='grc' dir='ltr'>ὁ</span> <span class='ocrx_word' id='word_1_602' title='bbox 3635 4016 3875 4083; x_wconf 74' lang='grc' dir='ltr'><strong>Ἡσαΐας</strong></span> 
     </span>
    </p>
   </div>
   <div class='ocr_carea' id='block_1_70' title="bbox 2277 4100 3873 4172">
    <p class='ocr_par' dir='ltr' id='par_1_70' title="bbox 2277 4100 3873 4172">
     <span class='ocr_line' id='line_1_70' title="bbox 2277 4100 3873 4172; baseline 0.004 -18"><span class='ocrx_word' id='word_1_603' title='bbox 2277 4101 2382 4154; x_wconf 77' lang='grc' dir='ltr'><strong>ἀπὸ</strong></span> <span class='ocrx_word' id='word_1_604' title='bbox 2413 4101 2745 4172; x_wconf 78' lang='grc' dir='ltr'><strong>ἀντιγράφου</strong></span> <span class='ocrx_word' id='word_1_605' title='bbox 2781 4100 2873 4155; x_wconf 81' lang='grc' dir='ltr'><strong>τοῦ</strong></span> <span class='ocrx_word' id='word_1_606' title='bbox 2919 4101 3064 4156; x_wconf 75' lang='grc' dir='ltr'>ἁῦσᾶ</span> <span class='ocrx_word' id='word_1_607' title='bbox 3099 4103 3504 4168; x_wconf 79' lang='grc' dir='ltr'><strong>’Δπολλιναρίου</strong></span> <span class='ocrx_word' id='word_1_608' title='bbox 3546 4104 3640 4158; x_wconf 72' lang='grc' dir='ltr'><strong>τοῦ</strong></span> <span class='ocrx_word' id='word_1_609' title='bbox 3683 4123 3873 4160; x_wconf 83' lang='grc' dir='ltr'><strong>κοινο-</strong></span> 
     </span>
    </p>
   </div>
   <div class='ocr_carea' id='block_1_71' title="bbox 2277 4187 3874 4270">
    <p class='ocr_par' dir='ltr' id='par_1_71' title="bbox 2277 4187 3874 4270">
     <span class='ocr_line' id='line_1_71' title="bbox 2277 4187 3874 4270; baseline 0.006 -26"><span class='ocrx_word' id='word_1_610' title='bbox 2277 4192 2522 4263; x_wconf 79' lang='grc' dir='ltr'><strong>ὕιάρχου,</strong></span> <span class='ocrx_word' id='word_1_611' title='bbox 2547 4195 2603 4246; x_wconf 79' lang='grc' dir='ltr'>ὲν</span> <span class='ocrx_word' id='word_1_612' title='bbox 2627 4187 2673 4261; x_wconf 79' lang='grc' dir='ltr'>ᾧ</span> <span class='ocrx_word' id='word_1_613' title='bbox 2726 4193 3114 4250; x_wconf 82' lang='grc' dir='ltr'><strong>καθυπόκειται</strong></span> <span class='ocrx_word' id='word_1_614' title='bbox 3153 4195 3416 4250; x_wconf 82' lang='grc' dir='ltr'><strong>ταῦτα....</strong></span> <span class='ocrx_word' id='word_1_615' title='bbox 3475 4196 3808 4270; x_wconf 73' lang='grc' dir='ltr'><strong>Μετελήφθη</strong></span> <span class='ocrx_word' id='word_1_616' title='bbox 3841 4199 3874 4253; x_wconf 78' lang='grc' dir='ltr'><strong>ό</strong></span> 
     </span>
    </p>
   </div>
   <div class='ocr_carea' id='block_1_72' title="bbox 2287 4289 3873 4358">
    <p class='ocr_par' dir='ltr' id='par_1_72' title="bbox 2287 4289 3873 4358">
     <span class='ocr_line' id='line_1_72' title="bbox 2287 4289 3873 4358; baseline 0.004 -16"><span class='ocrx_word' id='word_1_617' title='bbox 2287 4291 2510 4354; x_wconf 79' lang='grc' dir='ltr'>Ἡσαΐας</span> <span class='ocrx_word' id='word_1_618' title='bbox 2549 4293 2613 4344; x_wconf 82' lang='grc' dir='ltr'><strong>ὲκ</strong></span> <span class='ocrx_word' id='word_1_619' title='bbox 2661 4289 2768 4345; x_wconf 86' lang='grc' dir='ltr'>τῶν</span> <span class='ocrx_word' id='word_1_620' title='bbox 2815 4291 2956 4346; x_wconf 82' lang='grc' dir='ltr'><strong>κατὰ</strong></span> <span class='ocrx_word' id='word_1_621' title='bbox 2978 4292 3076 4358; x_wconf 81' lang='grc' dir='ltr'><strong>τὰς</strong></span> <span class='ocrx_word' id='word_1_622' title='bbox 3109 4293 3351 4357; x_wconf 74' lang='grc' dir='ltr'><strong>ἐκδόσεις</strong></span> <span class='ocrx_word' id='word_1_623' title='bbox 3389 4293 3686 4358; x_wconf 79' lang='grc' dir='ltr'><strong>Ἐξαπλῶν,</strong></span> <span class='ocrx_word' id='word_1_624' title='bbox 3733 4295 3873 4348; x_wconf 81' lang='grc' dir='ltr'><strong>ἀντ-</strong></span> 
     </span>
    </p>
   </div>
   <div class='ocr_carea' id='block_1_73' title="bbox 2274 4381 3872 4458">
    <p class='ocr_par' dir='ltr' id='par_1_73' title="bbox 2274 4381 3872 4458">
     <span class='ocr_line' id='line_1_73' title="bbox 2274 4381 3872 4458; baseline 0.004 -25"><span class='ocrx_word' id='word_1_625' title='bbox 2274 4383 2472 4453; x_wconf 74' lang='grc' dir='ltr'><strong>εϐλήθη</strong></span> <span class='ocrx_word' id='word_1_626' title='bbox 2514 4381 2569 4434; x_wconf 81' lang='grc' dir='ltr'><strong>δὲ</strong></span> <span class='ocrx_word' id='word_1_627' title='bbox 2596 4384 2689 4436; x_wconf 76' lang='grc' dir='ltr'><strong>καὶ</strong></span> <span class='ocrx_word' id='word_1_628' title='bbox 2726 4383 2862 4455; x_wconf 83' lang='grc' dir='ltr'>πρὸς</span> <span class='ocrx_word' id='word_1_629' title='bbox 2890 4383 3407 4456; x_wconf 77' lang='grc' dir='ltr'><strong>ἓτερονΈξαπλοῦν,</strong></span> <span class='ocrx_word' id='word_1_630' title='bbox 3425 4386 3547 4456; x_wconf 78' lang='grc' dir='ltr'>ἔχον</span> <span class='ocrx_word' id='word_1_631' title='bbox 3570 4388 3669 4457; x_wconf 76' lang='grc' dir='ltr'><strong>τὴν</strong></span> <span class='ocrx_word' id='word_1_632' title='bbox 3684 4402 3872 4458; x_wconf 83' lang='grc' dir='ltr'><strong>παρα-</strong></span> 
     </span>
    </p>
   </div>
   <div class='ocr_carea' id='block_1_74' title="bbox 2275 4472 3869 4551">
    <p class='ocr_par' dir='ltr' id='par_1_74' title="bbox 2275 4472 3869 4551">
     <span class='ocr_line' id='line_1_74' title="bbox 2275 4472 3869 4551; baseline 0.006 -25"><span class='ocrx_word' id='word_1_633' title='bbox 2275 4476 2569 4545; x_wconf 78' lang='grc' dir='ltr'><strong>σημεξωσιν</strong></span> <span class='ocrx_word' id='word_1_634' title='bbox 2610 4475 2906 4547; x_wconf 81' lang='grc' dir='ltr'><strong>ταύτην....</strong></span> <span class='ocrx_word' id='word_1_635' title='bbox 2972 4478 3318 4551; x_wconf 81' lang='grc' dir='ltr'><strong>Διώροωνται</strong></span> <span class='ocrx_word' id='word_1_636' title='bbox 3380 4472 3622 4550; x_wconf 76' lang='grc' dir='ltr'><strong>ἀκριϐῶς</strong></span> <span class='ocrx_word' id='word_1_637' title='bbox 3688 4483 3869 4535; x_wconf 80' lang='grc' dir='ltr'>πᾶσαι</span> 
     </span>
    </p>
   </div>
   <div class='ocr_carea' id='block_1_75' title="bbox 590 4539 2172 4640">
    <p class='ocr_par' dir='ltr' id='par_1_75' title="bbox 590 4539 2165 4610">
     <span class='ocr_line' id='line_1_75' title="bbox 590 4539 2165 4610; baseline 0.002 -13"><span class='ocrx_word' id='word_1_638' title='bbox 590 4539 858 4597; x_wconf 68' lang='lat' dir='ltr'><strong>Caeterum</strong></span> <span class='ocrx_word' id='word_1_639' title='bbox 884 4542 997 4597; x_wconf 69' lang='lat' dir='ltr'><strong>haec</strong></span> <span class='ocrx_word' id='word_1_640' title='bbox 1025 4557 1118 4597; x_wconf 89' lang='lat' dir='ltr'><strong>seu</strong></span> <span class='ocrx_word' id='word_1_641' title='bbox 1165 4542 1524 4610; x_wconf 86' lang='lat' dir='ltr'><strong>voluminum,</strong></span> <span class='ocrx_word' id='word_1_642' title='bbox 1551 4559 1645 4600; x_wconf 86' lang='lat' dir='ltr'><strong>seu</strong></span> <span class='ocrx_word' id='word_1_643' title='bbox 1675 4544 1935 4600; x_wconf 86' lang='lat' dir='ltr'><strong>librorum</strong></span> <span class='ocrx_word' id='word_1_644' title='bbox 1966 4548 2165 4602; x_wconf 51' lang='lat' dir='ltr'><strong>distin.</strong></span> 
     </span>
    </p>
   </div>
   <div class='ocr_carea' id='block_1_76' title="bbox 2283 4539 3869 4640">
    <p class='ocr_par' dir='ltr' id='par_1_76' title="bbox 2283 4539 3869 4640">
     <span class='ocr_line' id='line_1_76' title="bbox 2283 4539 3869 4640; baseline 0.003 -23"><span class='ocrx_word' id='word_1_645' title='bbox 2283 4539 2358 4617; x_wconf 41' lang='lat' dir='ltr'><strong>si&quot;</strong></span> <span class='ocrx_word' id='word_1_646' title='bbox 2390 4567 2652 4630; x_wconf 76' lang='grc' dir='ltr'><strong>ἐκδόσειςο</strong></span> <span class='ocrx_word' id='word_1_647' title='bbox 2696 4539 3107 4640; x_wconf 53' lang='grc' dir='ltr'><strong>ἀνεξεϐλήθησαν</strong></span> <span class='ocrx_word' id='word_1_648' title='bbox 3163 4569 3272 4638; x_wconf 81' lang='grc' dir='ltr'><strong>γὰρ</strong></span> <span class='ocrx_word' id='word_1_649' title='bbox 3325 4539 3471 4638; x_wconf 47' lang='grc' dir='ltr'><strong>πρὸς·</strong></span> <span class='ocrx_word' id='word_1_650' title='bbox 3521 4539 3869 4639; x_wconf 58' lang='grc' dir='ltr'>τεέραπλοῦν</span> 
     </span>
    </p>
   </div>
   <div class='ocr_carea' id='block_1_77' title="bbox 593 4634 2164 4711">
    <p class='ocr_par' dir='ltr' id='par_1_77' title="bbox 593 4634 2164 4711">
     <span class='ocr_line' id='line_1_77' title="bbox 593 4634 2164 4711; baseline 0.005 -23"><span class='ocrx_word' id='word_1_651' title='bbox 593 4634 829 4704; x_wconf 82' lang='lat' dir='ltr'><strong>rtiojam</strong></span> <span class='ocrx_word' id='word_1_652' title='bbox 866 4637 954 4691; x_wconf 92' lang='lat' dir='ltr'><strong>diu</strong></span> <span class='ocrx_word' id='word_1_653' title='bbox 986 4637 1163 4705; x_wconf 89' lang='lat' dir='ltr'><strong>periit,</strong></span> <span class='ocrx_word' id='word_1_654' title='bbox 1196 4637 1422 4708; x_wconf 89' lang='lat' dir='ltr'><strong>ejusque</strong></span> <span class='ocrx_word' id='word_1_655' title='bbox 1448 4653 1514 4694; x_wconf 87' lang='lat' dir='ltr'><strong>ne</strong></span> <span class='ocrx_word' id='word_1_656' title='bbox 1551 4639 1835 4710; x_wconf 88' lang='lat' dir='ltr'><strong>vestigium</strong></span> <span class='ocrx_word' id='word_1_657' title='bbox 1865 4642 2079 4711; x_wconf 88' lang='lat' dir='ltr'><strong>quidem</strong></span> <span class='ocrx_word' id='word_1_658' title='bbox 2114 4644 2164 4696; x_wconf 92' lang='lat' dir='ltr'><strong>in</strong></span> 
     </span>
    </p>
   </div>
   <div class='ocr_carea' id='block_1_78' title="bbox 591 4727 1186 4797">
    <p class='ocr_par' dir='ltr' id='par_1_78' title="bbox 591 4727 1186 4797">
     <span class='ocr_line' id='line_1_78' title="bbox 591 4727 1186 4797; baseline 0 -13"><span class='ocrx_word' id='word_1_659' title='bbox 591 4727 873 4784; x_wconf 77' lang='lat' dir='ltr'><strong>codicibus</strong></span> <span class='ocrx_word' id='word_1_660' title='bbox 906 4729 1186 4797; x_wconf 89' lang='lat' dir='ltr'><strong>reperitur.</strong></span> 
     </span>
    </p>
   </div>
   <div class='ocr_carea' id='block_1_79' title="bbox 665 4818 2162 4894">
    <p class='ocr_par' dir='ltr' id='par_1_79' title="bbox 665 4818 2162 4894">
     <span class='ocr_line' id='line_1_79' title="bbox 665 4818 2162 4894; baseline 0.004 -22"><span class='ocrx_word' id='word_1_661' title='bbox 665 4818 807 4872; x_wconf 87' lang='lat' dir='ltr'><strong>Idem</strong></span> <span class='ocrx_word' id='word_1_662' title='bbox 841 4819 1199 4891; x_wconf 87' lang='lat' dir='ltr'><strong>Hieronymus</strong></span> <span class='ocrx_word' id='word_1_663' title='bbox 1227 4823 1278 4875; x_wconf 94' lang='lat' dir='ltr'><strong>in</strong></span> <span class='ocrx_word' id='word_1_664' title='bbox 1324 4822 1544 4894; x_wconf 83' lang='lat' dir='ltr'><strong>prologo</strong></span> <span class='ocrx_word' id='word_1_665' title='bbox 1577 4824 1641 4876; x_wconf 89' lang='lat' dir='ltr'><strong>ad</strong></span> <span class='ocrx_word' id='word_1_666' title='bbox 1673 4823 1868 4878; x_wconf 90' lang='lat' dir='ltr'><strong>librum</strong></span> <span class='ocrx_word' id='word_1_667' title='bbox 1908 4840 1938 4877; x_wconf 93' lang='lat' dir='ltr'><strong>v</strong></span> <span class='ocrx_word' id='word_1_668' title='bbox 1965 4825 2022 4878; x_wconf 85' lang='lat' dir='ltr'><strong>in</strong></span> <span class='ocrx_word' id='word_1_669' title='bbox 2060 4824 2162 4878; x_wconf 86' lang='lat' dir='ltr'><strong>lle-</strong></span> 
     </span>
    </p>
   </div>
   <div class='ocr_carea' id='block_1_80' title="bbox 590 4911 2167 4986">
    <p class='ocr_par' dir='ltr' id='par_1_80' title="bbox 590 4911 2167 4986">
     <span class='ocr_line' id='line_1_80' title="bbox 590 4911 2167 4986; baseline 0.004 -22"><span class='ocrx_word' id='word_1_670' title='bbox 590 4911 760 4966; x_wconf 85' lang='lat' dir='ltr'><strong>saiam</strong></span> <span class='ocrx_word' id='word_1_671' title='bbox 783 4913 896 4966; x_wconf 67' lang='lat' dir='ltr'><strong>haec</strong></span> <span class='ocrx_word' id='word_1_672' title='bbox 928 4913 1086 4968; x_wconf 85' lang='lat' dir='ltr'><strong>habet</strong></span> <span class='ocrx_word' id='word_1_673' title='bbox 1113 4932 1124 4968; x_wconf 91' lang='lat'>:</span> <span class='ocrx_word' id='word_1_674' title='bbox 1164 4933 1181 4964; x_wconf 87' lang='lat' dir='ltr'><strong>t</strong></span> <span class='ocrx_word' id='word_1_675' title='bbox 1231 4913 1368 4981; x_wconf 87' lang='lat' dir='ltr'><strong>Quid</strong></span> <span class='ocrx_word' id='word_1_676' title='bbox 1419 4915 1579 4986; x_wconf 85' lang='lat' dir='ltr'><strong>igitur</strong></span> <span class='ocrx_word' id='word_1_677' title='bbox 1606 4914 1846 4968; x_wconf 78' lang='lat' dir='ltr'><strong>faciam?</strong></span> <span class='ocrx_word' id='word_1_678' title='bbox 1875 4917 2167 4970; x_wconf 88' lang='lat' dir='ltr'><strong>subeamne</strong></span> 
     </span>
    </p>
   </div>
   <div class='ocr_carea' id='block_1_81' title="bbox 591 5004 2166 5077">
    <p class='ocr_par' dir='ltr' id='par_1_81' title="bbox 591 5004 2166 5077">
     <span class='ocr_line' id='line_1_81' title="bbox 591 5004 2166 5077; baseline 0.003 -22"><span class='ocrx_word' id='word_1_679' title='bbox 591 5015 746 5072; x_wconf 82' lang='lat' dir='ltr'><strong>opus,</strong></span> <span class='ocrx_word' id='word_1_680' title='bbox 781 5004 834 5057; x_wconf 90' lang='lat' dir='ltr'><strong>in</strong></span> <span class='ocrx_word' id='word_1_681' title='bbox 864 5019 970 5074; x_wconf 92' lang='lat' dir='ltr'><strong>quo</strong></span> <span class='ocrx_word' id='word_1_682' title='bbox 998 5005 1346 5060; x_wconf 83' lang='lat' dir='ltr'><strong>eruditissimi</strong></span> <span class='ocrx_word' id='word_1_683' title='bbox 1377 5006 1477 5059; x_wconf 88' lang='lat' dir='ltr'><strong>viri</strong></span> <span class='ocrx_word' id='word_1_684' title='bbox 1508 5006 1858 5070; x_wconf 84' lang='lat' dir='ltr'><strong>sudaverunt,</strong></span> <span class='ocrx_word' id='word_1_685' title='bbox 1881 5005 2166 5077; x_wconf 81' lang='lat' dir='ltr'><strong>Origenem</strong></span> 
     </span>
    </p>
   </div>
   <div class='ocr_carea' id='block_1_82' title="bbox 591 5092 2168 5168">
    <p class='ocr_par' dir='ltr' id='par_1_82' title="bbox 591 5092 2168 5168">
     <span class='ocr_line' id='line_1_82' title="bbox 591 5092 2168 5168; baseline 0.005 -23"><span class='ocrx_word' id='word_1_686' title='bbox 591 5092 780 5161; x_wconf 86' lang='lat' dir='ltr'><strong>loquor</strong></span> <span class='ocrx_word' id='word_1_687' title='bbox 809 5106 862 5149; x_wconf 93' lang='lat' dir='ltr'><strong>et</strong></span> <span class='ocrx_word' id='word_1_688' title='bbox 893 5096 1180 5150; x_wconf 86' lang='lat' dir='ltr'><strong>Eusebium</strong></span> <span class='ocrx_word' id='word_1_689' title='bbox 1218 5096 1514 5166; x_wconf 87' lang='lat' dir='ltr'><strong>Pamphili.</strong></span> <span class='ocrx_word' id='word_1_690' title='bbox 1542 5113 1775 5168; x_wconf 91' lang='lat' dir='ltr'><strong>quorum</strong></span> <span class='ocrx_word' id='word_1_691' title='bbox 1808 5096 1948 5152; x_wconf 86' lang='lat' dir='ltr'><strong>alter</strong></span> <span class='ocrx_word' id='word_1_692' title='bbox 1986 5099 2168 5153; x_wconf 87' lang='lat' dir='ltr'><strong>liberis</strong></span> 
     </span>
    </p>
   </div>
   <div class='ocr_carea' id='block_1_83' title="bbox 594 5186 2170 5259">
    <p class='ocr_par' dir='ltr' id='par_1_83' title="bbox 594 5186 2170 5259">
     <span class='ocr_line' id='line_1_83' title="bbox 594 5186 2170 5259; baseline 0.005 -23"><span class='ocrx_word' id='word_1_693' title='bbox 594 5186 858 5256; x_wconf 67' lang='lat' dir='ltr'><strong>allegoriae</strong></span> <span class='ocrx_word' id='word_1_694' title='bbox 896 5188 1083 5256; x_wconf 88' lang='lat' dir='ltr'><strong>spatiis</strong></span> <span class='ocrx_word' id='word_1_695' title='bbox 1111 5198 1392 5259; x_wconf 86' lang='lat' dir='ltr'><strong>evagatur,</strong></span> <span class='ocrx_word' id='word_1_696' title='bbox 1453 5199 1512 5244; x_wconf 89' lang='lat' dir='ltr'><strong>et</strong></span> <span class='ocrx_word' id='word_1_697' title='bbox 1542 5191 1912 5259; x_wconf 88' lang='lat' dir='ltr'><strong>interpretatis</strong></span> <span class='ocrx_word' id='word_1_698' title='bbox 1945 5192 2170 5245; x_wconf 89' lang='lat' dir='ltr'><strong>nomini-</strong></span> 
     </span>
    </p>
   </div>
   <div class='ocr_carea' id='block_1_84' title="bbox 595 5278 2165 5351">
    <p class='ocr_par' dir='ltr' id='par_1_84' title="bbox 595 5278 2165 5351">
     <span class='ocr_line' id='line_1_84' title="bbox 595 5278 2165 5351; baseline 0.004 -21"><span class='ocrx_word' id='word_1_699' title='bbox 595 5278 693 5331; x_wconf 81' lang='lat' dir='ltr'><strong>bus</strong></span> <span class='ocrx_word' id='word_1_700' title='bbox 723 5279 1074 5347; x_wconf 84' lang='lat' dir='ltr'><strong>singulorum,</strong></span> <span class='ocrx_word' id='word_1_701' title='bbox 1106 5281 1379 5351; x_wconf 88' lang='lat' dir='ltr'><strong>ingenium</strong></span> <span class='ocrx_word' id='word_1_702' title='bbox 1407 5283 1576 5336; x_wconf 85' lang='lat' dir='ltr'><strong>suum</strong></span> <span class='ocrx_word' id='word_1_703' title='bbox 1609 5283 1735 5337; x_wconf 80' lang='lat' dir='ltr'><strong>facit</strong></span> <span class='ocrx_word' id='word_1_704' title='bbox 1777 5281 2032 5337; x_wconf 78' lang='lat' dir='ltr'><strong>Ecclesiae</strong></span> <span class='ocrx_word' id='word_1_705' title='bbox 2076 5300 2165 5337; x_wconf 82' lang='lat' dir='ltr'><strong>sn-</strong></span> 
     </span>
    </p>
   </div>
   <div class='ocr_carea' id='block_1_85' title="bbox 594 5373 2168 5444">
    <p class='ocr_par' dir='ltr' id='par_1_85' title="bbox 594 5373 2168 5444">
     <span class='ocr_line' id='line_1_85' title="bbox 594 5373 2168 5444; baseline 0.005 -22"><span class='ocrx_word' id='word_1_706' title='bbox 594 5385 912 5441; x_wconf 85' lang='lat' dir='ltr'><strong>cramenta:</strong></span> <span class='ocrx_word' id='word_1_707' title='bbox 947 5373 1083 5427; x_wconf 88' lang='lat' dir='ltr'><strong>alter</strong></span> <span class='ocrx_word' id='word_1_708' title='bbox 1113 5375 1424 5429; x_wconf 83' lang='lat' dir='ltr'><strong>historicam</strong></span> <span class='ocrx_word' id='word_1_709' title='bbox 1455 5376 1843 5444; x_wconf 77' lang='lat' dir='ltr'><strong>expositionem</strong></span> <span class='ocrx_word' id='word_1_710' title='bbox 1876 5377 2032 5428; x_wconf 92' lang='lat' dir='ltr'><strong>titulo</strong></span> <span class='ocrx_word' id='word_1_711' title='bbox 2083 5393 2168 5430; x_wconf 89' lang='lat' dir='ltr'><strong>re-</strong></span> 
     </span>
    </p>
   </div>
   <div class='ocr_carea' id='block_1_86' title="bbox 595 5463 2160 5536">
    <p class='ocr_par' dir='ltr' id='par_1_86' title="bbox 595 5463 2160 5536">
     <span class='ocr_line' id='line_1_86' title="bbox 595 5463 2160 5536; baseline 0.007 -25"><span class='ocrx_word' id='word_1_712' title='bbox 595 5463 941 5527; x_wconf 88' lang='lat' dir='ltr'><strong>promittens.</strong></span> <span class='ocrx_word' id='word_1_713' title='bbox 976 5465 1241 5520; x_wconf 85' lang='lat' dir='ltr'><strong>interdum</strong></span> <span class='ocrx_word' id='word_1_714' title='bbox 1293 5467 1628 5520; x_wconf 88' lang='lat' dir='ltr'><strong>obliviscitur</strong></span> <span class='ocrx_word' id='word_1_715' title='bbox 1693 5469 1954 5536; x_wconf 88' lang='lat' dir='ltr'><strong>propositi</strong></span> <span class='ocrx_word' id='word_1_716' title='bbox 1978 5507 1993 5532; x_wconf 89' lang='lat'><strong>,</strong></span> <span class='ocrx_word' id='word_1_717' title='bbox 2030 5470 2160 5522; x_wconf 86' lang='lat' dir='ltr'><strong>etin</strong></span> 
     </span>
    </p>
   </div>
   <div class='ocr_carea' id='block_1_87' title="bbox 593 5547 2164 5618">
    <p class='ocr_par' dir='ltr' id='par_1_87' title="bbox 593 5547 2164 5618">
     <span class='ocr_line' id='line_1_87' title="bbox 593 5547 2164 5618; baseline 0.008 -18"><span class='ocrx_word' id='word_1_718' title='bbox 593 5547 838 5618; x_wconf 89' lang='lat' dir='ltr'><strong>Origenis</strong></span> <span class='ocrx_word' id='word_1_719' title='bbox 871 5553 1005 5606; x_wconf 89' lang='lat' dir='ltr'><strong>scita</strong></span> <span class='ocrx_word' id='word_1_720' title='bbox 1057 5555 1300 5608; x_wconf 82' lang='lat' dir='ltr'><strong>concedit</strong></span> <span class='ocrx_word' id='word_1_721' title='bbox 1340 5557 1362 5608; x_wconf 68' lang='grc' dir='ltr'><strong>’ἐ</strong></span> <span class='ocrx_word' id='word_1_722' title='bbox 1403 5574 1419 5604; x_wconf 79' lang='grc' dir='ltr'><strong>ι</strong></span> <span class='ocrx_word' id='word_1_723' title='bbox 1467 5554 1580 5610; x_wconf 90' lang='lat' dir='ltr'><strong>Sub</strong></span> <span class='ocrx_word' id='word_1_724' title='bbox 1617 5557 1728 5611; x_wconf 66' lang='lat' dir='ltr'><strong>haec</strong></span> <span class='ocrx_word' id='word_1_725' title='bbox 1778 5568 1958 5611; x_wconf 88' lang='lat' dir='ltr'><strong>autem</strong></span> <span class='ocrx_word' id='word_1_726' title='bbox 2011 5559 2164 5613; x_wconf 90' lang='lat' dir='ltr'><strong>initio</strong></span> 
     </span>
    </p>
   </div>
   <div class='ocr_carea' id='block_1_88' title="bbox 592 5641 2160 5716">
    <p class='ocr_par' dir='ltr' id='par_1_88' title="bbox 592 5641 2160 5716">
     <span class='ocr_line' id='line_1_88' title="bbox 592 5641 2160 5716; baseline 0.01 -26"><span class='ocrx_word' id='word_1_727' title='bbox 592 5641 786 5708; x_wconf 82' lang='lat' dir='ltr'><strong>capitis</strong></span> <span class='ocrx_word' id='word_1_728' title='bbox 809 5643 1227 5713; x_wconf 63' lang='lat' dir='ltr'><strong>decimitoctavi,</strong></span> <span class='ocrx_word' id='word_1_729' title='bbox 1277 5647 1347 5700; x_wconf 89' lang='lat' dir='ltr'><strong>ita</strong></span> <span class='ocrx_word' id='word_1_730' title='bbox 1380 5647 1621 5716; x_wconf 89' lang='lat' dir='ltr'><strong>loquitur</strong></span> <span class='ocrx_word' id='word_1_731' title='bbox 1651 5667 1664 5701; x_wconf 90' lang='lat'><strong>:</strong></span> <span class='ocrx_word' id='word_1_732' title='bbox 1705 5667 1722 5700; x_wconf 85' lang='lat' dir='ltr'><strong>t</strong></span> <span class='ocrx_word' id='word_1_733' title='bbox 1755 5649 2014 5704; x_wconf 84' lang='lat' dir='ltr'><strong>Eusebius</strong></span> <span class='ocrx_word' id='word_1_734' title='bbox 2049 5651 2160 5705; x_wconf 73' lang='lat' dir='ltr'><strong>Cte-</strong></span> 
     </span>
    </p>
   </div>
   <div class='ocr_carea' id='block_1_89' title="bbox 596 5733 2162 5810">
    <p class='ocr_par' dir='ltr' id='par_1_89' title="bbox 596 5733 2162 5810">
     <span class='ocr_line' id='line_1_89' title="bbox 596 5733 2162 5810; baseline 0.009 -29"><span class='ocrx_word' id='word_1_735' title='bbox 596 5733 850 5789; x_wconf 72' lang='grc' dir='ltr'><strong>ςιτὶειιεὶε</strong></span> <span class='ocrx_word' id='word_1_736' title='bbox 895 5738 1202 5792; x_wconf 71' lang='lat' dir='ltr'><strong>historicam</strong></span> <span class='ocrx_word' id='word_1_737' title='bbox 1248 5740 1738 5808; x_wconf 83' lang='lat' dir='ltr'><strong>interpretationem</strong></span> <span class='ocrx_word' id='word_1_738' title='bbox 1780 5742 1933 5796; x_wconf 89' lang='lat' dir='ltr'><strong>titulo</strong></span> <span class='ocrx_word' id='word_1_739' title='bbox 1981 5759 2162 5810; x_wconf 83' lang='lat' dir='ltr'><strong>repro-</strong></span> 
     </span>
    </p>
   </div>
   <div class='ocr_carea' id='block_1_90' title="bbox 596 5824 2163 5902">
    <p class='ocr_par' dir='ltr' id='par_1_90' title="bbox 596 5824 2163 5902">
     <span class='ocr_line' id='line_1_90' title="bbox 596 5824 2163 5902; baseline 0.01 -29"><span class='ocrx_word' id='word_1_740' title='bbox 596 5824 833 5891; x_wconf 85' lang='lat' dir='ltr'><strong>mittens,</strong></span> <span class='ocrx_word' id='word_1_741' title='bbox 866 5829 1086 5884; x_wconf 81' lang='lat' dir='ltr'><strong>diversis</strong></span> <span class='ocrx_word' id='word_1_742' title='bbox 1119 5831 1362 5884; x_wconf 75' lang='lat' dir='ltr'><strong>scnsibns</strong></span> <span class='ocrx_word' id='word_1_743' title='bbox 1419 5841 1710 5902; x_wconf 69' lang='lat' dir='ltr'><strong>evagatur;</strong></span> <span class='ocrx_word' id='word_1_744' title='bbox 1749 5833 1898 5901; x_wconf 81' lang='lat' dir='ltr'><strong>Cujus</strong></span> <span class='ocrx_word' id='word_1_745' title='bbox 1944 5851 2062 5889; x_wconf 85' lang='lat' dir='ltr'><strong>cum</strong></span> <span class='ocrx_word' id='word_1_746' title='bbox 2105 5837 2163 5889; x_wconf 90' lang='lat' dir='ltr'><strong>li-</strong></span> 
     </span>
    </p>
   </div>
   <div class='ocr_carea' id='block_1_91' title="bbox 2283 4657 3871 4731">
    <p class='ocr_par' dir='ltr' id='par_1_91' title="bbox 2283 4657 3871 4731">
     <span class='ocr_line' id='line_1_91' title="bbox 2283 4657 3871 4731; baseline 0.006 -24"><span class='ocrx_word' id='word_1_747' title='bbox 2283 4658 2522 4710; x_wconf 80' lang='grc' dir='ltr'><strong>Ἦσαῖαν·</strong></span> <span class='ocrx_word' id='word_1_748' title='bbox 2545 4657 2622 4710; x_wconf 79' lang='grc' dir='ltr'>ἐτι</span> <span class='ocrx_word' id='word_1_749' title='bbox 2647 4657 2702 4710; x_wconf 80' lang='grc' dir='ltr'><strong>δὲ</strong></span> <span class='ocrx_word' id='word_1_750' title='bbox 2733 4659 2825 4711; x_wconf 70' lang='grc' dir='ltr'><strong>καὶ</strong></span> <span class='ocrx_word' id='word_1_751' title='bbox 2849 4659 3313 4729; x_wconf 76' lang='grc' dir='ltr'><strong>πρὸςἘξαπλοῦν.</strong></span> <span class='ocrx_word' id='word_1_752' title='bbox 3335 4661 3476 4731; x_wconf 80' lang='grc' dir='ltr'><strong>Πρὸς</strong></span> <span class='ocrx_word' id='word_1_753' title='bbox 3504 4661 3735 4723; x_wconf 71' lang='grc' dir='ltr'><strong>τούτοις,</strong></span> <span class='ocrx_word' id='word_1_754' title='bbox 3770 4661 3871 4716; x_wconf 74' lang='grc' dir='ltr'><strong>καὶ</strong></span> 
     </span>
    </p>
   </div>
   <div class='ocr_carea' id='block_1_92' title="bbox 2272 4747 3870 4823">
    <p class='ocr_par' dir='ltr' id='par_1_92' title="bbox 2272 4747 3870 4823">
     <span class='ocr_line' id='line_1_92' title="bbox 2272 4747 3870 4823; baseline 0.005 -26"><span class='ocrx_word' id='word_1_755' title='bbox 2272 4747 2375 4798; x_wconf 72' lang='grc' dir='ltr'><strong>ἀπὸ</strong></span> <span class='ocrx_word' id='word_1_756' title='bbox 2419 4751 2518 4818; x_wconf 79' lang='grc' dir='ltr'><strong>τῆς</strong></span> <span class='ocrx_word' id='word_1_757' title='bbox 2555 4749 2749 4820; x_wconf 78' lang='grc' dir='ltr'><strong>ἀρχῆς,</strong></span> <span class='ocrx_word' id='word_1_758' title='bbox 2794 4749 2897 4813; x_wconf 76' lang='grc' dir='ltr'>ἕως</span> <span class='ocrx_word' id='word_1_759' title='bbox 2951 4748 3046 4802; x_wconf 75' lang='grc' dir='ltr'><strong>τοῦ</strong></span> <span class='ocrx_word' id='word_1_760' title='bbox 3098 4752 3373 4822; x_wconf 78' lang='grc' dir='ltr'><strong>ὁράματος</strong></span> <span class='ocrx_word' id='word_1_761' title='bbox 3429 4753 3624 4823; x_wconf 75' lang='grc' dir='ltr'>Τύρου,</span> <span class='ocrx_word' id='word_1_762' title='bbox 3676 4754 3870 4823; x_wconf 78' lang='grc' dir='ltr'>τόμων</span> 
     </span>
    </p>
   </div>
   <div class='ocr_carea' id='block_1_93' title="bbox 2272 4837 3870 4916">
    <p class='ocr_par' dir='ltr' id='par_1_93' title="bbox 2272 4837 3870 4916">
     <span class='ocr_line' id='line_1_93' title="bbox 2272 4837 3870 4916; baseline 0.006 -29"><span class='ocrx_word' id='word_1_763' title='bbox 2272 4837 2609 4907; x_wconf 77' lang='grc' dir='ltr'><strong>ἐξηγητικῶν</strong></span> <span class='ocrx_word' id='word_1_764' title='bbox 2661 4842 2741 4902; x_wconf 77' lang='grc' dir='ltr'><strong>εἰς</strong></span> <span class='ocrx_word' id='word_1_765' title='bbox 2776 4838 2866 4891; x_wconf 79' lang='grc' dir='ltr'><strong>τὸν</strong></span> <span class='ocrx_word' id='word_1_766' title='bbox 2908 4841 3135 4894; x_wconf 80' lang='grc' dir='ltr'><strong>Ἡσαΐαν</strong></span> <span class='ocrx_word' id='word_1_767' title='bbox 3174 4843 3499 4913; x_wconf 68' lang='grc' dir='ltr'><strong>Ὠριγένους,</strong></span> <span class='ocrx_word' id='word_1_768' title='bbox 3555 4844 3648 4895; x_wconf 69' lang='grc' dir='ltr'>καὶ</span> <span class='ocrx_word' id='word_1_769' title='bbox 3702 4846 3870 4916; x_wconf 80' lang='grc' dir='ltr'><strong>ἀκρι-</strong></span> 
     </span>
    </p>
   </div>
   <div class='ocr_carea' id='block_1_94' title="bbox 2273 4928 3953 5006">
    <p class='ocr_par' dir='ltr' id='par_1_94' title="bbox 2273 4928 3953 5006">
     <span class='ocr_line' id='line_1_94' title="bbox 2273 4928 3953 5006; baseline 0.007 -28"><span class='ocrx_word' id='word_1_770' title='bbox 2273 4928 2378 4990; x_wconf 78' lang='grc' dir='ltr'><strong>ϐῶς</strong></span> <span class='ocrx_word' id='word_1_771' title='bbox 2437 4931 2832 5000; x_wconf 76' lang='grc' dir='ltr'><strong>ἐπιστήσαντες</strong></span> <span class='ocrx_word' id='word_1_772' title='bbox 2883 4935 2946 5003; x_wconf 80' lang='grc' dir='ltr'><strong>τῇ</strong></span> <span class='ocrx_word' id='word_1_773' title='bbox 3013 4935 3218 5006; x_wconf 77' lang='grc' dir='ltr'>ἐννοίᾳ,</span> <span class='ocrx_word' id='word_1_774' title='bbox 3275 4935 3393 4988; x_wconf 75' lang='grc' dir='ltr'><strong>καθ’</strong></span> <span class='ocrx_word' id='word_1_775' title='bbox 3429 4936 3495 5003; x_wconf 69' lang='grc' dir='ltr'>ἣν</span> <span class='ocrx_word' id='word_1_776' title='bbox 3553 4935 3868 5006; x_wconf 71' lang='grc' dir='ltr'>ἐξηγήσατο</span> <span class='ocrx_word' id='word_1_777' title='bbox 3952 4965 3953 4970; x_wconf 58' lang='grc' dir='ltr'><strong>η</strong></span> 
     </span>
    </p>
   </div>
   <div class='ocr_carea' id='block_1_95' title="bbox 2272 5021 3865 5099">
    <p class='ocr_par' dir='ltr' id='par_1_95' title="bbox 2272 5021 3865 5099">
     <span class='ocr_line' id='line_1_95' title="bbox 2272 5021 3865 5099; baseline 0.006 -27"><span class='ocrx_word' id='word_1_778' title='bbox 2272 5021 2506 5094; x_wconf 76' lang='grc' dir='ltr'><strong>ἑκάστην</strong></span> <span class='ocrx_word' id='word_1_779' title='bbox 2539 5023 2703 5089; x_wconf 80' lang='grc' dir='ltr'><strong>λέξιν,</strong></span> <span class='ocrx_word' id='word_1_780' title='bbox 2741 5024 2860 5077; x_wconf 79' lang='grc' dir='ltr'>καθ’</span> <span class='ocrx_word' id='word_1_781' title='bbox 2883 5027 2957 5089; x_wconf 83' lang='grc' dir='ltr'><strong>ὼς</strong></span> <span class='ocrx_word' id='word_1_782' title='bbox 2985 5021 3096 5079; x_wconf 75' lang='grc' dir='ltr'>οἷόν</span> <span class='ocrx_word' id='word_1_783' title='bbox 3136 5045 3194 5080; x_wconf 82' lang='grc' dir='ltr'>τε</span> <span class='ocrx_word' id='word_1_784' title='bbox 3235 5025 3323 5099; x_wconf 74' lang='grc' dir='ltr'><strong>ἦν,</strong></span> <span class='ocrx_word' id='word_1_785' title='bbox 3354 5029 3443 5080; x_wconf 71' lang='grc' dir='ltr'>καὶ</span> <span class='ocrx_word' id='word_1_786' title='bbox 3481 5031 3585 5080; x_wconf 77' lang='grc' dir='ltr'><strong>πᾶν</strong></span> <span class='ocrx_word' id='word_1_787' title='bbox 3622 5029 3865 5096; x_wconf 45' lang='lat' dir='ltr'><strong>eae-:69.</strong></span> 
     </span>
    </p>
   </div>
   <div class='ocr_carea' id='block_1_96' title="bbox 2271 5113 3949 5191">
    <p class='ocr_par' dir='ltr' id='par_1_96' title="bbox 2271 5113 3949 5191">
     <span class='ocr_line' id='line_1_96' title="bbox 2271 5113 3949 5191; baseline 0.007 -29"><span class='ocrx_word' id='word_1_788' title='bbox 2271 5113 2356 5164; x_wconf 72' lang='grc' dir='ltr'>λον</span> <span class='ocrx_word' id='word_1_789' title='bbox 2400 5114 2536 5166; x_wconf 80' lang='grc' dir='ltr'><strong>κατὰ</strong></span> <span class='ocrx_word' id='word_1_790' title='bbox 2580 5117 2678 5184; x_wconf 77' lang='grc' dir='ltr'><strong>τὴν</strong></span> <span class='ocrx_word' id='word_1_791' title='bbox 2715 5118 2921 5168; x_wconf 77' lang='grc' dir='ltr'>ἐκείνου</span> <span class='ocrx_word' id='word_1_792' title='bbox 2969 5117 3174 5172; x_wconf 75' lang='grc' dir='ltr'>ἔννοιαν</span> <span class='ocrx_word' id='word_1_793' title='bbox 3220 5121 3666 5191; x_wconf 54' lang='grc' dir='ltr'><strong>διωρθωσάμεωι.</strong></span> <span class='ocrx_word' id='word_1_794' title='bbox 3714 5122 3862 5190; x_wconf 75' lang='grc' dir='ltr'><strong>Πρὸς</strong></span> <span class='ocrx_word' id='word_1_795' title='bbox 3947 5157 3949 5160; x_wconf 94' lang='grc'><strong><em>-</em></strong></span> 
     </span>
    </p>
   </div>
   <div class='ocr_carea' id='block_1_97' title="bbox 2271 5207 3947 5290">
    <p class='ocr_par' dir='ltr' id='par_1_97' title="bbox 2271 5207 3947 5290">
     <span class='ocr_line' id='line_1_97' title="bbox 2271 5207 3947 5290; baseline 0.008 -35"><span class='ocrx_word' id='word_1_796' title='bbox 2271 5207 2475 5268; x_wconf 69' lang='grc' dir='ltr'><strong>τούτοις</strong></span> <span class='ocrx_word' id='word_1_797' title='bbox 2524 5211 2875 5281; x_wconf 75' lang='grc' dir='ltr'><strong>συνεκρέθηὴ</strong></span> <span class='ocrx_word' id='word_1_798' title='bbox 2926 5212 3030 5264; x_wconf 83' lang='grc' dir='ltr'><strong>τῶν</strong></span> <span class='ocrx_word' id='word_1_799' title='bbox 3054 5213 3453 5284; x_wconf 61' lang='grc' dir='ltr'><strong>Ἑϐδομήκολτα</strong></span> <span class='ocrx_word' id='word_1_800' title='bbox 3495 5214 3723 5275; x_wconf 62' lang='grc' dir='ltr'><strong>ἔκδυσις,</strong></span> <span class='ocrx_word' id='word_1_801' title='bbox 3763 5216 3860 5268; x_wconf 63' lang='grc' dir='ltr'>καὶ</span> <span class='ocrx_word' id='word_1_802' title='bbox 3946 5281 3947 5290; x_wconf 14' lang='grc' dir='ltr'>γ</span> 
     </span>
    </p>
   </div>
   <div class='ocr_carea' id='block_1_98' title="bbox 2271 5299 3855 5374">
    <p class='ocr_par' dir='ltr' id='par_1_98' title="bbox 2271 5299 3855 5374">
     <span class='ocr_line' id='line_1_98' title="bbox 2271 5299 3855 5374; baseline -0.011 -6"><span class='ocrx_word' id='word_1_803' title='bbox 2271 5299 2403 5367; x_wconf 37' lang='lat' dir='ltr'><strong>“ita;</strong></span> <span class='ocrx_word' id='word_1_804' title='bbox 2456 5299 2521 5351; x_wconf 60' lang='grc' dir='ltr'>τὰ</span> <span class='ocrx_word' id='word_1_805' title='bbox 2570 5301 2673 5351; x_wconf 67' lang='grc' dir='ltr'><strong>ὑπὸ</strong></span> <span class='ocrx_word' id='word_1_806' title='bbox 2716 5303 2970 5355; x_wconf 70' lang='grc' dir='ltr'><strong>Εὐσεϐἔου</strong></span> <span class='ocrx_word' id='word_1_807' title='bbox 3014 5308 3090 5367; x_wconf 78' lang='grc' dir='ltr'><strong>εὶς</strong></span> <span class='ocrx_word' id='word_1_808' title='bbox 3137 5306 3224 5357; x_wconf 76' lang='grc' dir='ltr'><strong>τὸν</strong></span> <span class='ocrx_word' id='word_1_809' title='bbox 3268 5308 3492 5359; x_wconf 68' lang='grc' dir='ltr'>Ἡσαΐαν</span> <span class='ocrx_word' id='word_1_810' title='bbox 3548 5309 3855 5374; x_wconf 45' lang='grc' dir='ltr'><strong>εἰρημένα,</strong></span> 
     </span>
    </p>
   </div>
   <div class='ocr_carea' id='block_1_99' title="bbox 2274 5385 3945 5467">
    <p class='ocr_par' dir='ltr' id='par_1_99' title="bbox 2274 5385 3945 5467">
     <span class='ocr_line' id='line_1_99' title="bbox 2274 5385 3945 5467; baseline 0.011 -32"><span class='ocrx_word' id='word_1_811' title='bbox 2274 5388 2447 5438; x_wconf 71' lang='grc' dir='ltr'>καὶέν</span> <span class='ocrx_word' id='word_1_812' title='bbox 2484 5385 2564 5450; x_wconf 75' lang='grc' dir='ltr'><strong>οἷς</strong></span> <span class='ocrx_word' id='word_1_813' title='bbox 2629 5390 2950 5457; x_wconf 73' lang='grc' dir='ltr'><strong>διεφώνουν,</strong></span> <span class='ocrx_word' id='word_1_814' title='bbox 2987 5395 3084 5464; x_wconf 81' lang='grc' dir='ltr'><strong>τῆς</strong></span> <span class='ocrx_word' id='word_1_815' title='bbox 3132 5394 3440 5466; x_wconf 76' lang='grc' dir='ltr'>ἐξηγήσεως</span> <span class='ocrx_word' id='word_1_816' title='bbox 3497 5398 3593 5467; x_wconf 73' lang='grc' dir='ltr'><strong>τὴν</strong></span> <span class='ocrx_word' id='word_1_817' title='bbox 3649 5400 3859 5453; x_wconf 63' lang='grc' dir='ltr'><strong>ἔμνοιαν</strong></span> <span class='ocrx_word' id='word_1_818' title='bbox 3943 5413 3945 5417; x_wconf 84' lang='grc'><strong>’</strong></span> 
     </span>
    </p>
   </div>
   <div class='ocr_carea' id='block_1_100' title="bbox 2274 5476 3943 5558">
    <p class='ocr_par' dir='ltr' id='par_1_100' title="bbox 2274 5476 3943 5558">
     <span class='ocr_line' id='line_1_100' title="bbox 2274 5476 3943 5558; baseline 0.011 -31"><span class='ocrx_word' id='word_1_819' title='bbox 2274 5476 2775 5551; x_wconf 71' lang='grc' dir='ltr'><strong>ζητήσαντες,πρὸς</strong></span> <span class='ocrx_word' id='word_1_820' title='bbox 2794 5486 2960 5554; x_wconf 68' lang='grc' dir='ltr'><strong>αὐτὴν</strong></span> <span class='ocrx_word' id='word_1_821' title='bbox 2992 5486 3428 5558; x_wconf 74' lang='grc' dir='ltr'><strong>ὲδιωρθώσαμεν.</strong></span> <span class='ocrx_word' id='word_1_822' title='bbox 3460 5488 3513 5542; x_wconf 80' lang='lat' dir='ltr'><strong>lti</strong></span> <span class='ocrx_word' id='word_1_823' title='bbox 3552 5501 3665 5543; x_wconf 74' lang='lat' dir='ltr'><strong>est:</strong></span> <span class='ocrx_word' id='word_1_824' title='bbox 3702 5511 3717 5539; x_wconf 83' lang='lat' dir='ltr'><strong>t</strong></span> <span class='ocrx_word' id='word_1_825' title='bbox 3747 5493 3858 5544; x_wconf 69' lang='lat' dir='ltr'><strong>lix-</strong></span> <span class='ocrx_word' id='word_1_826' title='bbox 3942 5515 3943 5518; x_wconf 50' lang='grc' dir='ltr'><strong>π</strong></span> 
     </span>
    </p>
   </div>
   <div class='ocr_carea' id='block_1_101' title="bbox 2272 5573 3941 5650">
    <p class='ocr_par' dir='ltr' id='par_1_101' title="bbox 2272 5573 3941 5650">
     <span class='ocr_line' id='line_1_101' title="bbox 2272 5573 3941 5650; baseline 0.011 -28"><span class='ocrx_word' id='word_1_827' title='bbox 2272 5573 2503 5638; x_wconf 83' lang='lat' dir='ltr'><strong>scriptus</strong></span> <span class='ocrx_word' id='word_1_828' title='bbox 2539 5585 2622 5625; x_wconf 86' lang='lat' dir='ltr'><strong>est</strong></span> <span class='ocrx_word' id='word_1_829' title='bbox 2651 5573 2874 5628; x_wconf 69' lang='lat' dir='ltr'><strong>iit-sanis</strong></span> <span class='ocrx_word' id='word_1_830' title='bbox 2910 5580 2976 5631; x_wconf 90' lang='lat' dir='ltr'><strong>ab</strong></span> <span class='ocrx_word' id='word_1_831' title='bbox 3002 5580 3294 5647; x_wconf 81' lang='lat' dir='ltr'><strong>exemplari</strong></span> <span class='ocrx_word' id='word_1_832' title='bbox 3338 5583 3548 5634; x_wconf 79' lang='lat' dir='ltr'><strong>abbatis</strong></span> <span class='ocrx_word' id='word_1_833' title='bbox 3577 5585 3858 5650; x_wconf 66' lang='lat' dir='ltr'><strong>Apollina-</strong></span> <span class='ocrx_word' id='word_1_834' title='bbox 3939 5615 3941 5620; x_wconf 89' lang='grc'>·</span> 
     </span>
    </p>
   </div>
   <div class='ocr_carea' id='block_1_102' title="bbox 2274 5659 3939 5745">
    <p class='ocr_par' dir='ltr' id='par_1_102' title="bbox 2274 5659 3939 5745">
     <span class='ocr_line' id='line_1_102' title="bbox 2274 5659 3939 5745; baseline 0.008 -34"><span class='ocrx_word' id='word_1_835' title='bbox 2274 5659 2332 5711; x_wconf 91' lang='lat' dir='ltr'><strong>rii</strong></span> <span class='ocrx_word' id='word_1_836' title='bbox 2359 5663 2771 5725; x_wconf 62' lang='lat' dir='ltr'><strong>ctenobiarchm,</strong></span> <span class='ocrx_word' id='word_1_837' title='bbox 2803 5667 2850 5717; x_wconf 89' lang='lat' dir='ltr'><strong>in</strong></span> <span class='ocrx_word' id='word_1_838' title='bbox 2876 5684 2978 5732; x_wconf 78' lang='lat' dir='ltr'><strong>quo</strong></span> <span class='ocrx_word' id='word_1_839' title='bbox 3002 5669 3111 5721; x_wconf 66' lang='lat' dir='ltr'><strong>haec</strong></span> <span class='ocrx_word' id='word_1_840' title='bbox 3134 5670 3558 5739; x_wconf 85' lang='lat' dir='ltr'><strong>subjiciuntur...</strong></span> <span class='ocrx_word' id='word_1_841' title='bbox 3586 5673 3851 5741; x_wconf 63' lang='grc' dir='ltr'>Ιὶικιιιιιιῃ-</span> <span class='ocrx_word' id='word_1_842' title='bbox 3937 5731 3939 5745; x_wconf 47' lang='grc' dir='ltr'><strong>Ι</strong></span> 
     </span>
    </p>
   </div>
   <div class='ocr_carea' id='block_1_103' title="bbox 2273 5753 3577 5829">
    <p class='ocr_par' dir='ltr' id='par_1_103' title="bbox 2273 5753 3577 5829">
     <span class='ocr_line' id='line_1_103' title="bbox 2273 5753 3577 5829; baseline 0.01 -29"><span class='ocrx_word' id='word_1_843' title='bbox 2273 5765 2391 5819; x_wconf 73' lang='lat' dir='ltr'><strong>plus</strong></span> <span class='ocrx_word' id='word_1_844' title='bbox 2455 5763 2537 5806; x_wconf 88' lang='lat' dir='ltr'><strong>est</strong></span> <span class='ocrx_word' id='word_1_845' title='bbox 2589 5753 2808 5808; x_wconf 83' lang='lat' dir='ltr'><strong>Hesaias</strong></span> <span class='ocrx_word' id='word_1_846' title='bbox 2859 5761 2920 5809; x_wconf 74' lang='lat' dir='ltr'><strong>ab</strong></span> <span class='ocrx_word' id='word_1_847' title='bbox 2959 5760 3207 5828; x_wconf 82' lang='lat' dir='ltr'><strong>llexaplis</strong></span> <span class='ocrx_word' id='word_1_848' title='bbox 3261 5764 3577 5829; x_wconf 71' lang='lat' dir='ltr'><strong>editionum,</strong></span> 
     </span>
    </p>
   </div>
   <div class='ocr_carea' id='block_1_104' title="bbox 2271 5841 3848 5919">
    <p class='ocr_par' dir='ltr' id='par_1_104' title="bbox 2271 5841 3848 5919">
     <span class='ocr_line' id='line_1_104' title="bbox 2271 5841 3848 5919; baseline 0.015 -30"><span class='ocrx_word' id='word_1_849' title='bbox 2271 5850 2445 5892; x_wconf 79' lang='lat' dir='ltr'><strong>autem</strong></span> <span class='ocrx_word' id='word_1_850' title='bbox 2470 5851 2558 5894; x_wconf 69' lang='lat' dir='ltr'><strong>est</strong></span> <span class='ocrx_word' id='word_1_851' title='bbox 2583 5841 3098 5917; x_wconf 73' lang='lat' dir='ltr'><strong>cumﬂcxaploalio,</strong></span> <span class='ocrx_word' id='word_1_852' title='bbox 3118 5852 3167 5904; x_wconf 88' lang='lat' dir='ltr'><strong>in</strong></span> <span class='ocrx_word' id='word_1_853' title='bbox 3196 5868 3299 5919; x_wconf 82' lang='lat' dir='ltr'><strong>quo</strong></span> <span class='ocrx_word' id='word_1_854' title='bbox 3331 5853 3426 5909; x_wconf 77' lang='lat' dir='ltr'><strong>ista</strong></span> <span class='ocrx_word' id='word_1_855' title='bbox 3451 5857 3848 5914; x_wconf 73' lang='lat' dir='ltr'><strong>adnotantur...</strong></span> 
     </span>
    </p>
   </div>
   <div class='ocr_carea' id='block_1_105' title="bbox 3627 5769 3937 5826">
    <p class='ocr_par' dir='ltr' id='par_1_105' title="bbox 3627 5769 3937 5826">
     <span class='ocr_line' id='line_1_105' title="bbox 3627 5769 3937 5826; baseline 0.023 -12"><span class='ocrx_word' id='word_1_856' title='bbox 3627 5769 3855 5826; x_wconf 52' lang='lat' dir='ltr'><strong>tm&#39;dllﬁt</strong></span> <span class='ocrx_word' id='word_1_857' title='bbox 3935 5811 3937 5820; x_wconf 64' lang='grc' dir='ltr'><strong>ε</strong></span> 
     </span>
    </p>
   </div>
  </div>
