4014 6386
187 369 257 428 ΙΙ
1130 371 1644 437 COM‘IIENTABIA
1682 380 1749 436 IN
1791 379 2053 441 lSAlAM.
2092 418 2161 428 —
2189 385 2591 457 ‘MFATIO.
3420 396 3493 453 82

179 491 463 547 Accurate
515 491 787 548 editiones
827 506 1018 549 omnes
1068 506 1329 571 correcta
1367 508 1531 565 sunt;
1573 499 1760 555 collata

1887 498 2251 573 τυγχάνουσιν
2270 522 2283 535 ο
2306 504 2542 562 ίστωσαν
2563 506 2670 580 γὰρ
2688 506 2765 572 ὡς
2789 508 2850 562 οὐ
2886 508 3047 581 μόνον
3076 507 3347 584 διαφόρως
3368 513 3495 585 ﬂvi-

177 584 334 640 enim
361 585 730 641 fueruntcum
762 586 994 657 tetraplo
1020 586 1249 658 llesaiae,
1282 597 1338 646 et
1362 606 1486 647 cum
1519 590 1782 663 llexaplo.

176 674 394 732 Frater
445 679 591 739 haec,
634 675 703 731 ab
748 676 909 733 initio
948 680 1112 734 etiam
1140 724 1157 749 ,
1200 696 1379 752 usque
1413 683 1481 738 ad
1515 684 1781 740 visionem

178 762 339 837 Tyri,
368 767 685 822 accuratius
717 772 1065 824 emendatum
1112 779 1218 826 est.
1259 771 1397 828 Nam
1440 789 1563 829 cum
1606 783 1784 831 tomo-

173 872 305 913 rum
340 858 715 928 Espositionis
756 859 1012 928 Origenis
1060 862 1115 917 in
1157 863 1410 919 llesaiam
1439 866 1596 937 copia
1627 866 1782 923 nobis

168 960 351 1016 esset,
382 949 578 1005 sedulo
607 951 958 1008 advertentes
983 968 1090 1024 quo
1120 969 1287 1011 sensu
1316 957 1563 1029 singulas
1589 960 1782 1017 dictio-

168 1057 273 1097 nes
306 1037 633 1112 accepisset,
672 1057 771 1114 pro
795 1043 1057 1101 facultate
1082 1046 1349 1119 quidquid
1385 1050 1606 1106 dubium
1621 1042 1779 1120 erat,

164 1135 241 1189 ad
292 1134 443 1190 illius
490 1137 820 1192 sententiam
850 1139 1215 1195 correximus.
1257 1138 1551 1199 Praeterea
1581 1143 1779 1201 collata

160 1238 254 1284 est
292 1228 464 1282 etiam
498 1227 857 1302 Septuaginta
897 1228 1260 1303 lnterpretum
1294 1234 1485 1303 editio,
1522 1251 1647 1294 cum
1687 1240 1779 1309 iis,

158 1335 293 1391 qua
326 1320 381 1374 in
407 1318 666 1377 Hessians
701 1322 922 1393 scripsit
946 1322 1213 1381 Eusebius
1240 1335 1330 1383 :et
1350 1327 1405 1384 in
1433 1331 1630 1401 quibus
1657 1345 1777 1390 erat

157 1412 437 1479 varietas,
461 1413 719 1486 indagan
743 1414 1125 1486 explicationis
1144 1431 1332 1487 sensu,
1356 1420 1432 1477 ad
1460 1423 1577 1493 ejus
1612 1424 1773 1483 fidem

154 1505 607 1562 emendavlmus.
648 1524 669 1560 ι
716 1504 1017 1579 Procopius
1050 1521 1236 1580 certe,
1267 1517 1361 1586 qui
1415 1530 1484 1572 ex
1526 1527 1773 1575 veterum

152 1593 496 1649 collectione
530 1611 687 1651 suum
719 1596 773 1653 in
813 1597 1063 1655 Hessiam
1103 1600 1573 1664 Commentarium
1611 1610 1770 1667 adoro

152 1688 335 1755 navit,
374 1702 446 1743 ex
478 1687 719 1746 Eusebio
764 1693 969 1762 passim
998 1697 1167 1752 multa
1204 1697 1468 1772 decerpit,
1505 1706 1669 1761 modo
1704 1705 1773 1761 ad

150 1778 407 1835 litteram
436 1792 494 1837 et
516 1784 742 1838 verbum
766 1784 834 1841 de
855 1786 1023 1842 verbo
1051 1803 1066 1854 ;
1107 1791 1289 1858 modo,
1325 1802 1381 1849 et
1409 1794 1628 1865 quidem
1658 1796 1771 1851 fre-

1891 592 2099 667 χθησαν
2123 597 2183 651 ἐν
2222 598 2337 662 τοῖς
2376 598 2613 671 νοήμασι
2652 597 2755 670 τῆς
2794 598 3155 656 θεοπνεύστου
3192 602 3417 678 Γραφῆς
3444 608 3496 661 oi

1888 686 2094 760 ταύτην
2131 690 2563 762 ήρμηνευκότες,
2592 689 2730 747 ἀλλὰ
2764 690 2823 745 δέ
2866 694 2964 748 καὶ
2997 694 3138 751 αὐτὰ
3165 694 3236 758 τὰ
3270 697 3496 771 ῥήματι

1888 778 1991 851 τῆς
2024 781 2196 853 αὐτῆς
2227 782 2378 847 θείας
2413 783 2642 857 Γραφῆς
2673 785 2777 840 οὐκ
2811 783 2945 851 ἴσως
2982 776 3368 853 διεσταίλαντο,
3398 791 3497 848 καὶ

1887 871 2030 926 οὕτω
2061 873 2160 945 τὴν
2198 876 2497 948 ἑρμηνείαν
2528 877 2827 951 ἐπέθηκαν.
2871 878 2931 934 ὐ
2978 879 3076 953 μὲν
3110 878 3222 958 γὰρ
3251 880 3495 951 πλείους,

1886 966 1915 1018 ὁ
1934 964 1991 1018 δὲ
2019 966 2217 1037 ἥττους
2250 968 2464 1040 στίχους
2492 968 2847 1042 προθέμενος,
2870 970 2972 1044 τὴν
3000 971 3263 1046 ἐξήγησιν
3300 974 3498 1048 instip-

1888 1073 2039 1113 σατο.
2063 1058 2173 1112 Καὶ
2206 1059 2271 1113 ἐκ
2304 1060 2498 1116 τούτου
2525 1062 2777 1118 δοκοῦσιν
2821 1064 2872 1118 oi
2901 1062 3129 1140 ἀριθμοὶ
3152 1067 3268 1131 τοῖς
3317 1082 3494 1139 κιφα-

1885 1146 2059 1214 λαίοις
2103 1150 2471 1224 ἐπικείμενοι,
2499 1154 2873 1227 ἀναχαιτίζειν
2911 1156 2974 1212 τὸ
3003 1156 3199 1228 ἔδαφος
3223 1157 3495 1229 ἀναγινώ-

1886 1257 2115 1308 σκοντας
2136 1246 2216 1309 εἰς
2238 1244 2300 1299 τὸ
2334 1247 2523 1320 πρόσω
2556 1247 2782 1319 βαίνειν,
2818 1248 2941 1323 Χρὴ
2977 1244 3072 1306 οὖν
3102 1250 3199 1307 καὶ
3235 1250 3493 1325 δεύτερον

1884 1334 1979 1387 καὶ
2002 1335 2185 1408 τρίτον
2229 1339 2527 1409 κεφάλαιον
2558 1339 2653 1396 τοῦ
2693 1341 2923 1413 ἐδάφους
2955 1342 3054 1416 τῆς
3082 1343 3248 1414 ἁγίας
3264 1344 3493 1417 Γρσφῆς

1882 1427 2275 1497 ἀναγινώσκειν
2308 1448 2322 1462 ·
2351 1433 2445 1486 καὶ
2474 1431 2617 1489 οὕτω
2659 1432 2761 1499 τὰς
2802 1435 3135 1508 ἐγκειμένας
3164 1435 3487 1511 ἑρμηνείας,

1884 1516 1950 1571 ἶν’
1983 1519 2294 1577 εὐσύνοπτα
2327 1522 2480 1577 ἔσται
2518 1525 2633 1590 τοῖς
2672 1525 3064 1597 ἐντυγχάνουσι
3098 1524 3169 1581 τὰ
3210 1526 3485 1602 νοήματα.

1882 1623 2148 1699 Prologus
2185 1630 2535 1699 eruditissimi
2574 1638 2626 1685 et
2670 1630 2984 1687 nobilissimi
3022 1633 3228 1690 domini
3252 1632 3484 1691 Joannis

2195 1698 2487 1772 Drengarii
2517 1704 2573 1757 in
2613 1701 2827 1757 beatum
2872 1700 3155 1761 ﬂuuium.

1955 1832 1975 1869 ι
2007 1814 2406 1889 Prophetarum
2441 1820 2874 1890 eloquentissimi
2908 1820 3077 1880 divini
3109 1821 3482 1884 Besaiaiibl'ﬂ

150 1871 440 1937 qnentius,
477 1872 696 1928 Eusebii
738 1888 901 1932 sensa
956 1879 1313 1948 paucioribus
1359 1887 1643 1957 exprimit.
1671 1887 1779 1945 Ve-
1808 1886 1851 1945 Β
1879 1871 3476 1989 ρτοριιειῖεξίέᾶὧέῆξῇιζζξξξέςίοξ

152 1975 275 1989 ,,,,,,
329 1960 425 1989 με,
482 1962 736 1989 mnu“
792 1965 1102 1989 p-__-,,.-
1392 1976 1426 1989 -ο
1524 1977 1546 1989 ι-
1760 1982 1773 1989 -

152 1975 276 2015 rum
329 1960 426 2017 hic
480 1962 738 2035 Procopii
791 1965 1234 2029 Commentarius
1284 1976 1461 2031 media
1519 1977 1639 2035 fere
1690 1982 1775 2036 sui

145 2062 310 2121 parte
345 2062 643 2113 truncatus
681 2060 749 2113 ad
783 2074 883 2117 nos
935 2062 1193 2133 devehit,
1227 2066 1565 2127 lectionibus
1596 2071 1775 2130 Hexa-

147 2142 368 2214 plorum
405 2146 668 2218 refertus,
691 2166 924 2223 quarum
976 2166 1037 2210 ut
1083 2160 1377 2219 nonnullas
1407 2162 1574 2221 habet
1611 2166 1774 2224 Euse-

144 2234 295 2304 bius,
315 2235 393 2292 ita
428 2237 725 2313 plerasque
754 2242 934 2313 aﬂ’ert,
965 2245 1238 2322 Procopio
1260 2252 1495 2312 intactas
1525 2266 1580 2314 et
1615 2258 1770 2317 inob-

144 2338 423 2385 servatas.
447 2330 744 2403 Caeterum,
788 2335 1011 2395 allatum
1060 2341 1201 2401 istuc
1247 2347 1316 2402 de
1364 2347 1573 2406 Hesaize
1626 2350 1769 2409 libro

144 2419 562 2513 testimonium,
594 2424 776 2495 palam
806 2438 893 2485 est
939 2432 1207 2504 scriptum
1248 2436 1423 2496 fuisse
1472 2451 1765 2513 antequam

142 2503 396 2579 Henpla
444 2511 753 2569 interirent.
798 2515 956 2586 Quod
994 2503 1343 2592 quandonam
1385 2503 1676 2600 acciderit,
1710 2536 1763 2590 in

141 2601 478 2660 collectione
506 2602 878 2679 Hexaplorum
919 2614 1233 2685 propediem
1280 2618 1513 2690 edenda,
1541 2624 1763 2699 indaga-

144 2691 337 2750 bimus
368 2696 473 2767 (2).

212 2784 317 2843 llis
343 2788 622 2882 subjicere
655 2792 833 2850 visum
859 2804 943 2853 est
970 2798 1258 2872 prologum
1294 2803 1347 2860 in
1373 2807 1560 2863 codice
1588 2809 1760 2882 Regio

138 2874 481 2949 bombycino
512 2881 733 2939 Catenae
761 2885 815 2939 in
844 2886 1096 2944 Hes‘aiam
1118 2894 1426 2965 prretixum,
1457 2899 1547 2967 qui
1569 2874 1757 2971 lectori

151 2984 257 3027 nec
292 2972 634 3043 injucundus
665 2992 766 3033 nec
792 2978 1166 3042 infructuosus
1197 2989 1323 3043 erit.

135 3113 464 3196 11136107324:
478 3113 588 3196 fat?
618 3115 986 3196 loquor-rith
1039 3119 1141 3174 καὶ
1190 3128 1757 3196 πᾳνευγενεστάτου

1879 2016 2001 2057 cum
2037 2002 2365 2073 scriptorum
2397 2004 2754 2077 assequendae
2798 2004 2971 2063 menti
2998 2023 3098 2081 par
3134 2024 3250 2067 non
3272 2024 3475 2076 essem,

1876 2093 1945 2149 ad
1976 2096 2094 2166 ejus
2125 2096 2479 2167 interpretes,
2499 2113 2594 2155 seu
2630 2109 3094 2160 commentatores
3112 2117 3199 2160 me
3232 2105 3473 2169 contuli;

1873 2202 1938 2243 ac
1963 2188 2057 2245 ubi
2088 2188 2384 2245 dubiorum
2410 2189 2739 2248 solutionem
2785 2193 2941 2251 varie
2970 2193 3193 2252 allatam
3220 2198 3473 2255 animad-

1870 2281 2035 2346 verti,
2050 2281 2421 2337 necessarium
2442 2282 2568 2338 duxi
2592 2284 2717 2342 huic
2744 2282 2885 2341 libro
2905 2300 3128 2343 manum
3157 2290 3473 2360 admovere,

1869 2382 1930 2427 ut
1969 2387 2091 2443 quae
2130 2372 2332 2429 ibidem
2359 2371 2594 2431 obscura
2622 2383 2679 2432 et
2710 2376 2891 2434 dubiae
2913 2380 3199 2437 sententia
3227 2387 3471 2451 exstant,

1868 2460 2027 2531 plana
2058 2459 2368 2533 legentibus
2411 2466 2732 2521 evaderent.
2770 2464 2854 2525 Ne
2883 2469 3007 2540 quis
3034 2483 3166 2527 vero
3195 2471 3326 2528 mihi
3363 2474 3474 2530 criv

1867 2552 1999 2608 mini
2053 2563 2250 2621 vertat,
2288 2557 2433 2627 quod
2476 2558 2941 2620 heterodosorum
2987 2564 3471 2637 interpretationes

1863 2644 2466 2722 collegerim,f0rigenis
2484 2653 2631 2720 dico,
2650 2654 2869 2712 Eusebii
2895 2656 3271 2737 Caesariensis,
3290 2659 3471 2720 Theo~

1863 2738 1981 2793 dori
2030 2739 2408 2813 Heracleotar,
2449 2744 2673 2803 Eusebii
2715 2748 2967 2806 limeseni
2991 2792 3007 2819 ,
3045 2753 3374 2823 Apollinarii
3414 2765 3471 2814 et

1863 2828 2189 2890 Theodoreti
2215 2836 2343 2908 Cyri
2376 2853 2539 2892 :nam
2572 2840 2628 2905 ii,
2664 2856 2788 2897 cum
2814 2860 2920 2899 non
2946 2846 3013 2900 de
3052 2846 3168 2903 suis
3198 2849 3469 2919 dogmati-

1861 2922 1963 2979 bus
1992 2926 2160 2982 verba
2197 2926 2430 2998 faciunt,
2474 2930 2747 2987 interdum
2777 2935 3009 3004 pulchre
3044 2940 3460 2998 ratiocinantur.

1860 3013 1915 3070 ld
1942 3032 2107 3087 porro
2137 3034 2245 3075 non
2272 3031 2405 3078 nutu
2434 3032 2489 3080 et
2522 3024 2797 3082 arbitratu
2842 3044 2963 3084 meo
2991 3028 3093 3086 feci
3120 3048 3135 3097 ;
3171 3031 3268 3087 seti
3302 3033 3467 3090 obse-

1860 3119 2017 3167 cutus
2042 3112 2393 3172 sanctissimo
2423 3114 2572 3172 Patri
2606 3128 2799 3175 nostro
2844 3119 3081 3191 Cyrillo,
3107 3123 3330 3183 Christo
3363 3126 3464 3183 ad-

206 3182 406 3251 κυροῦ
451 3182 736 3240 Ἰωάννου
777 3186 888 3257 τῆς
920 3192 1329 3264 Δρουῖγαρίας
1369 3182 1487 3271 (ἧς)
1516 3182 1755 3267 eiciet—)1;

206 3253 512 3312 μακάριον
550 3255 817 3312 Ἡσαΐαν.

1866 3203 2019 3260 dicite
2047 3214 2102 3262 et
2126 3221 2338 3280 magnae
2355 3210 2735 3268 Alexandrinas
2759 3182 2999 3273 civitatis
3022 3182 3461 3294 archiepiscopo,

204 3389 328 3460 Τῆς
362 3406 703 3464 προφητειας
729 3393 825 3447 τοῦ
866 3394 1159 3453 Θεσπεσίου
1198 3400 1424 3457 Ἡσαΐου
1451 3406 1545 3459 τοῦ
1580 3426 1751 3479 μεγαι

130 3478 517 3553 λοφωνοτάτου
542 3485 651 3539 τῶν
679 3490 976 3560 προφητῶν
1016 3493 1117 3564 τὴν
1150 3494 1335 3566 βίϐλον
1375 3500 1518 3569 μετά
1558 3506 1748 3577 χεῖρας

132 3572 343 3642 λαϐὼν,
364 3578 463 3631 καὶ
478 3578 685 3671 ταύτης
701 3580 804 3653 τὴν
819 3582 1127 3654 ἀνάγνωσιν
1147 3592 1543 3664 ποιησάμενος,
1560 3572 1661 3651 καί
1672 3598 1747 3671 μὴ

132 3664 409 3739 εὑρίσκων
446 3671 546 3742 τῆς
578 3659 689 3727 τῶν
718 3677 1124 3755 γεγραμμένων
1160 3659 1400 3749 διανοίας
1434 3659 1743 3758 ἐφικέσθαι,

132 3761 269 3832 πρὸς
304 3763 437 3827 τοὺς
481 3766 690 3839 ταύτην
731 3767 1168 3841 ἠρμηνευκότας,
1213 3776 1383 3849 ἤγουν
1413 3780 1746 3856 ὑπομνημα-

132 3852 395 3918 τίσαντας
424 3855 734 3928 ἀνέδραμον
751 3898 769 3924 ,
795 3861 891 3914 καὶ
920 3862 1022 3936 τὴν
1060 3862 1215 3920 λύσιν
1253 3868 1365 3924 τῶν
1393 3852 1743 3944 ζητουμένων

128 3942 427 4018 δαφόρως,
462 3948 539 4013 ὡς
577 3944 689 4005 οἷόν
729 3968 812 4016 τε,
854 3954 1052 4027 εὑρὼν,
1090 3958 1391 4029 ἀναγκαῖον
1444 3942 1743 4038 ἡγησάμην

128 4036 253 4108 τῇδε
304 4038 377 4111 ’τῇ
424 4038 594 4112 βίϐλῳ
651 4044 1032 4115 παραθέσθαι,
1070 4049 1159 4106 ῐνα
1193 4055 1308 4118 τοῖς
1352 4036 1741 4128 ἐντυγχάνουσι

129 4129 439 4201 κατάδηλος
488 4135 522 4205 ἡ
566 4134 676 4190 τῶν
724 4137 1121 4212 ἀπορουμένων
1173 4150 1441 4219 σαφήνεια
1490 4150 1736 4223 γένηται.

127 4221 337 4293 Μηδεὶς
385 4224 444 4279 δὲ
504 4226 582 4293 ὡς
629 4230 958 4305 ἑέεροδρξων
1010 4237 1311 4310 ἑρμηνείας
1375 4221 1740 4314 συναγαγόντι

127 4312 454 4381 ἐγκαλείτω*
500 4320 647 4392 φημὶ
690 4320 756 4395 δὴ
812 4323 1140 4397 Ὠριγένους,
1178 4332 1273 4385 καὶ
1326 4312 1608 4389 Εὑσεὸίουή
1642 4338 1737 4392 τοῦ

1854 3298 1945 3366 qui
1976 3298 2028 3352 in
2059 3313 2156 3354 sua
2192 3302 2259 3358 ad
2294 3301 2580 3374 Eulogium
2611 3306 2839 3375 epistola
2870 3308 2949 3362 ait
2994 3323 3011 3364 :
3050 3328 3071 3363 ι
3118 3310 3241 3370 Non
3277 3317 3463 3373 omnia

1856 3388 2239 3448 haereticorum
2296 3394 2443 3449 dicta
2504 3393 2762 3467 fugienda
2819 3408 2876 3456 et
2916 3406 3224 3473 respuenda
3285 3418 3457 3478 sunt;

1852 3481 2020 3538 multa
2059 3485 2204 3541 enim
2234 3488 2585 3555 conﬁtentur,
2611 3505 2735 3561 quas
2766 3507 2865 3550 nos
2904 3495 3036 3553 item
3062 3500 3410 3560 conﬁtemur.
3436 3524 3457 3559 ι

1851 3569 1965 3628 iloc
2006 3573 2137 3628 item
2194 3578 2459 3633 monitum
2504 3580 2764 3638 lectorem
2802 3586 2985 3657 volui,
3020 3606 3277 3663 magnum
3312 3596 3460 3653 scili-

1849 3672 1935 3719 cet
1962 3663 2223 3722 Basilium
2260 3667 2423 3737 hujus
2457 3676 2758 3744 prophetia:
2784 3688 2996 3750 partem
3035 3682 3456 3756 interpretatum

1848 3773 1971 3815 esse
2002 3774 2016 3811 :
2045 3775 2165 3828 quae
2191 3770 2366 3818 tamen
2397 3764 2799 3839 interpretatio,
2831 3787 2900 3830 an
2926 3774 3046 3845 ejus
3083 3778 3177 3845 sit,
3210 3794 3241 3833 a
3272 3781 3458 3838 multis

1848 3850 1901 3904 in
1954 3851 2175 3908 dubium
2235 3865 2476 3910 vocatur.
2518 3857 2710 3930 Opera:
2764 3866 3001 3934 pretium
3054 3885 3273 3943 quoque
3323 3874 3457 3932 duxi

1847 3943 1949 3997 hoc
1980 3942 2282 4015 legentibus
2312 3948 2553 4006 indicare
2590 3960 2866 4011 et-notum
2900 3958 3104 4027 facere,
3129 3963 3455 4038 interpretes

1844 4044 1900 4089 et
1933 4046 2411 4106 commentatores,
2457 4058 2567 4098 non
2609 4047 2789 4117 modo,
2824 4052 3001 4120 quoad
3046 4056 3245 4115 divina:
3294 4054 3455 4116 Scri-

1842 4138 2017 4197 ptura:
2045 4146 2266 4187 sensum
2298 4143 2353 4189 et
2385 4135 2827 4209 intelligentiam,
2867 4156 3055 4203 mutuo
3089 4148 3405 4223 discrepare
3433 4193 3452 4223 ,

1843 4222 1936 4278 sed
1967 4224 2131 4279 etiam
2190 4225 2309 4295 ipsa
2364 4228 2561 4286 divina:
2613 4232 2910 4305 Scriptura:
2967 4241 3133 4296 verba
3188 4222 3295 4301 non
3332 4222 3455 4316 pari

1842 4315 2003 4372 modo
2051 4318 2365 4377 distinxisse
2415 4321 2469 4377 in
2516 4326 2632 4381 suis
2687 4328 3280 4405 interpretationibus;
3322 4315 3447 4395 nam

127 4406 493 4481 Καισαρείας,
520 4414 615 4468 καὶ
643 4412 923 4491 Θεοδώρου
977 4420 1449 4508 Ἢρακλείαςχκαὶ
1468 4428 1734 4486 Εὑσεϐίου

1866 4409 1940 4465 iiii
1993 4412 2274 4483 pluribus,
2313 4417 2407 4473 alii
2457 4420 2806 4489 paucioribus
2845 4428 3113 4497 appositis
3156 4437 3449 4503 vet-sibus,

138 4501 398 4577 Ἐμέσης,
426 4509 521 4562 mi.
554 4509 963 4585 Ἀπολλιναρίου
981 4556 995 4583 ,
1021 4518 1117 4572 καὶ
1143 4501 1478 4593 Θεοδωρίτου
1506 4525 1694 4598 Κύρου
1718 4545 1731 4558 ·

1866 4506 2213 4573 ιιροείιίοηοε
2262 4524 2389 4566 suas
2440 4512 2778 4570 adornarunt
2826 4532 2841 4570 :
2885 4519 3120 4592 indeque
3170 4535 3257 4582 est
3301 4501 3447 4597 quotl

125 4594 179 4649 ιν
197 4593 283 4662 οἷς
308 4598 422 4671 γὰρ
454 4602 535 4673 μὴ
562 4603 692 4677 περὶ
723 4604 836 4661 τῶν
868 4606 1014 4664 ἰδίων
1042 4609 1335 4684 δογμάτων
1370 4593 1731 4688 διαλέγονται,

1866 4600 2054 4656 numeri
2080 4602 2352 4673 capitibus
2390 4608 2599 4676 praeﬁxi
2631 4623 2750 4677 eos,
2787 4613 2881 4683 qui
2916 4623 3120 4671 textum
3151 4593 3336 4689 ipsum
3361 4619 3445 4677 le-

124 4684 269 4744 ῐστιν
289 4690 381 4743 ὅτε
401 4691 583 4758 καλῶς
604 4694 978 4757 ἐπιδάλλουσι.
994 4702 1111 4756 Καὶ
1130 4704 1290 4760 τοῦτο
1313 4705 1371 4760 δὲ
1388 4709 1490 4763 οὑκ
1506 4684 1732 4767 aurove;

1866 4704 1994 4761 gunt,
2027 4696 2094 4751 ad
2127 4696 2387 4755 ulteriora
2418 4704 2698 4762 remittere
2747 4708 3062 4767 videantur.
3100 4712 3250 4783 Opus
3278 4716 3444 4787 igitur

128 4796 240 4849 μως
270 4784 581 4856 πεποίηκα·
606 4786 723 4841 ἀλλ’
738 4789 1115 4865 ἀκολουθήσας
1141 4794 1223 4869 τῷ
1247 4798 1537 4874 ἁγιωτάτῳ
1575 4805 1733 4878 ἡμῶν

1866 4796 1926 4840 ιει
1948 4787 2179 4845 alterum
2199 4792 2490 4851 tertiumve
2512 4809 2673 4867 caput
2699 4809 2879 4859 textus
2904 4815 3111 4861 sanctae
3143 4784 3445 4878 Scriptura!

125 4870 301 4945 Πατρὶ
338 4874 420 4946 τῷ
456 4875 559 4946 τῆς
612 4878 994 4954 Ἀλεξάνδρου,
1028 4885 1381 4962 φιλοχρίστου
1401 4933 1417 4958 ,
1444 4870 1733 4963 Μεγάλου-

1866 4892 2043 4949 egere,
2072 4891 2128 4937 et
2160 4894 2346 4953 postea
2380 4889 2661 4959 appositas
2698 4892 3214 4966 interpretationes,
3246 4870 3308 4958 ut
3347 4915 3442 4959 ea-

125 4964 330 5030 πόλεως
355 4968 776 5045 ἀρχιεπισκόπῳ
805 4975 1098 5049 Κυρίλλῳ,
1124 4981 1359 5054 φήσαντι
1389 4985 1448 5039 ἐν
1490 4990 1557 5059 τῇ
1595 4991 1733 5060 πρὸς

1866 4986 1962 5025 um
1993 4987 2188 5031 sensus
2221 4974 2408 5035 lectori
2439 4980 2616 5038 facilis
2644 4964 2950 5059 obvittsque
2982 4990 3077 5046 sit.
3112 5010 3133 5044 ι

122 5055 382 5126 Εὑλόγιον
425 5062 686 5135 ἐπιστολῇ
705 5080 720 5095 ·
752 5067 837 5121 οὐ
856 5067 1059 5125 πάντα
1089 5062 1212 5128 ὅσα
1238 5055 1612 5146 λέτυυσικ-οι
1641 5055 1731 5138 ξιι-

1915 5063 1981 5122 lii
2021 5083 2235 5139 omnes,
2287 5072 2363 5127 uti
2407 5075 2615 5143 videas,
2649 5055 2970 5150 scriptores,
2999 5083 3259 5143 videlicet
3307 5087 3436 5145 Ori-

119 5151 340 5224 ρετικοί
397 5154 647 5224 φεύγειν
696 5157 795 5211 καὶ
838 5162 1259 5231 παραιτεῖσθαι
1312 5168 1430 5240 χρή
1476 5188 1491 5201 °
1526 5176 1732 5231 πολλὰ

1866 5171 2018 5223 enes,
2064 5160 2336 5221 Eusebius
2374 5166 2754 5241 Caesariensis,
2786 5172 3110 5235 Theodorus
3140 5178 3436 5240 Heracleo-

123 5244 226 5313 τὰρ
263 5248 679 5318 ὁμολογοῦσιν
694 5243 784 5305 ὧν
810 5254 909 5308 καὶ
931 5255 1109 5328 ἡμεῖς
1155 5258 1588 5335 ὁμολογοῦμεν.
1614 5268 1727 5323 Καὶ

1866 5264 1933 5317 εδ,
1974 5251 2247 5313 Eusebius
2285 5257 2619 5332 Emesenus,
2667 5265 3040 5336 Apollinarius
3073 5281 3130 5327 et
3171 5271 3429 5331 Theodo-

124 5334 277 5390 τοῦτο
308 5336 367 5391 δὲ
397 5339 700 5413 κατάδηλον
726 5344 868 5399 ποιῶ
893 5350 1008 5413 τοῖς
1037 5334 1483 5425 ἐντυγχάνουσιν,
1502 5357 1581 5423 ὡς
1607 5360 1638 5413 ὁ
1667 5360 1727 5415 ἐν

1866 5354 2008 5413 etus,
2038 5348 2185 5404 inter
2213 5351 2507 5412 haereticos
2550 5334 3027 5420 numerabantur:
3064 5379 3170 5434 qua
3208 5366 3275 5421 de
3310 5381 3371 5422 re
3399 5382 3431 5423 a

123 5427 296 5494 ἁγίοις
341 5429 645 5499 Βασίλειος,
695 5436 862 5510 μέρος
889 5457 943 5495 τι
963 5442 1060 5514 τῆς
1098 5445 1157 5499 ἐν
1194 5447 1355 5519 χερσὶ
1386 5450 1728 5524 προφητείας

1866 5439 2066 5509 eptimo
2108 5442 2310 5499 mulo
2343 5460 2453 5501 una
2484 5447 2587 5504 fuit
2619 5452 2863 5508 omnium
2898 5427 3431 5515 ferme-Graecorum

122 5520 627 5599 ἡρμήνευσενοῆτις
663 5530 933 5603 ἑρμηνεία
962 5535 1116 5607 παρά
1140 5537 1359 5605 πολλοῖς
1387 5520 1727 5615 assidam-

123 5629 223 5669 ται.
254 5616 584 5687 Ἀναγκαῖον
612 5620 672 5675 δέ
698 5620 887 5697 ᾠήθην
919 5627 1016 5682 καὶ
1040 5628 1203 5686 τοῦτο
1236 5633 1565 5707 παραθεῖναι
1582 5636 1725 5709 τῷδε

121 5705 195 5777 τῷ
223 5710 500 5782 προοιμίῳ
521 5712 662 5785 πρὸς
690 5716 1000 5790 φανέρωσιν
1028 5722 1125 5777 καὶ
1163 5705 1466 5800 σαφήνειαν
1491 5732 1606 5797 τοῖς
1631 5705 1721 5790 ἐν-

1832 5534 2127 5589 sententia.
2172 5534 2361 5593 Basilii
2402 5554 2535 5597 vero
2567 5541 3013 5604 Commentarius
3082 5547 3177 5604 ille
3226 5549 3430 5640 imper-

1831 5618 2030 5690 iectus,
2077 5625 2132 5682 in
2180 5628 2396 5697 νοθείας
2440 5635 2806 5705 suspicionem
2845 5648 3094 5709 vocatus,
3138 5651 3199 5699 ut
3232 5618 3431 5700 testin-

1835 5724 1995 5773 catur
2018 5713 2261 5779 Joannes
2290 5721 2398 5782 iste
2431 5723 2793 5800 Drungarius,
2821 5746 2853 5789 a
2880 5730 3071 5792 multis
3095 5733 3262 5793 hodie
3286 5734 3435 5798 inta-

186 5881 264 5957 (2)
292 5882 427 5945 Vide
466 5886 697 5961 hujusce
726 5889 1049 5969 Patroiogic
1076 5907 1117 5961 t.
1157 5900 1276 5963 XV.
