4014 6452
620 410 691 467 83
1284 403 1557 461 EUSEBH
1588 402 2060 459 (ΞΕΒΑΒῘΕΝΞΙΞ
2098 403 2247 459 ΟΡΡ.
2285 401 2463 457 PARS
2497 402 2587 457 ιιι.
2625 431 2696 444 ο-
2733 398 3141 455 EXEGETICA.
3784 399 3842 457 81

613 528 773 584 dubia
804 539 961 594 opera
1001 530 1271 585 censetur.
1305 522 1588 578 Hodiernis
1618 536 1777 592 porro
1808 521 2166 591 scriptoribus
2194 524 2240 581 Α
2268 518 2464 584 cuum',
2508 516 2604 588 qui
2651 516 2779 571 hinc
2811 513 3209 585 quamplurima
3258 513 3593 581 eapiscatur,
3623 526 3679 567 et
3720 528 3843 567 non-

611 617 726 672 haec
771 615 1048 672 dubitandi
1089 629 1247 670 causa
1274 622 1377 679 est,
1424 613 1698 673 silentium
1747 628 1939 683 nempe
1972 612 2164 668 Hiero-

608 705 777 777 nymi,
806 706 899 777 qui
932 721 1056 761 cum
1083 706 1135 760 in
1167 706 1387 775 prologo
1420 718 1518 759 suo
1548 704 1615 758 ad
1645 702 1857 759 Hesaiae
1887 705 2167 759 Commen-

606 799 745 851 taria
795 812 1010 866 omnes,
1060 806 1323 866 quotquot
1372 806 1528 850 antea
1586 795 1792 851 Hesaia:
1846 799 2164 865 interpretes

603 897 860 957 egerant,
909 897 1157 942 accurate
1215 896 1522 949 recenseat,
1576 904 1643 942 ne
1689 889 1793 958 γρὺ
1840 887 2054 955 quidem
2100 886 2166 940 de

604 975 786 1032 Basilii
842 978 1229 1032 commentario
1285 977 1490 1041 habet;
1542 974 1745 1031 Grecis
1794 984 1973 1029 autem
2038 974 2163 1029 hinc

603 1066 748 1122 haud
778 1067 939 1121 dubie
969 1059 1204 1136 suspicio
1252 1069 1589 1131 nascebatur,
1618 1069 1757 1137 quod
1802 1069 1972 1139 stylus
2000 1066 2162 1122 Com-

604 1158 989 1217 mentariorum
1053 1161 1324 1216 Basiliano
1372 1163 1522 1231 longe
1576 1160 1840 1215 absimilis
1894 1161 2156 1214 videatur.

602 1249 736 1307 Hem
780 1250 1044 1307 mittimus
1080 1254 1300 1319 nostris,
1342 1253 1433 1324 qui
1466 1252 1647 1307 Basilii
1692 1265 1914 1321 operum
1965 1249 2160 1305 editio-

602 1351 723 1397 nem
753 1355 957 1396 novam
980 1341 1264 1397 adornant.

669 1431 795 1487 Haec
833 1439 1027 1487 catena
1066 1447 1095 1486 a
1135 1431 1342 1488 Joanne
1389 1433 1690 1502 Druugario
1732 1434 1955 1489 collecta
2007 1450 2160 1505 repe-

599 1522 740 1579 ritur
773 1523 901 1578 item
948 1523 1000 1576 in
1041 1523 1223 1579 codice
1272 1523 1441 1594 Regio
1499 1540 1649 1579 num.
1679 1523 1839 1590 l89l,
1874 1523 2051 1580 surculi
2102 1540 2154 1593 x,

599 1614 1047 1681 membranaceo,
1090 1623 1277 1682 estque
1318 1614 1390 1669 ibi
1422 1628 1613 1685 magna
1656 1616 1738 1669 sui
1787 1624 1937 1684 parte
1973 1615 2157 1670 mutila

2269 624 2547 679 nunquam
2598 608 2815 663 Eusebii
2866 605 3368 674 interpretationes,
3405 612 3464 657 ut
3513 603 3605 657 bic
3644 603 3844 659 haben-

2267 712 2373 765 tur,
2424 701 2579 770 quasi
2636 699 2732 755 abs
2781 713 2840 752 re
2878 698 3039 752 datas
3078 697 3297 766 depellit
3327 694 3683 751 et-coul'utat.
3728 694 3844 750 lmo

2266 794 2382 862 ipse
2418 792 2685 847 Eusebius
2726 804 2849 845 sese
2892 789 3069 859 prodit
3122 788 3283 856 hujus
3315 788 3713 844 Commentarii
3748 802 3845 842 aus

2264 893 2501 949 cterem,
2549 898 2668 938 cum
2721 892 2897 938 motas
2952 884 3021 938 ab
3075 882 3322 937 Ethnicis
3373 883 3437 936 in
3477 880 3846 938 Christianum

2263 988 2460 1029 nomen
2508 976 2823 1030 vexationes
2872 984 2928 1031 et
2966 973 3331 1038 carniﬁcinas,
3360 975 3598 1043 itemque
3646 975 3845 1043 princi-

2262 1079 2388 1134 pum
2433 1064 2563 1120 olim
2612 1064 2908 1120 inﬁdelium
2944 1066 3011 1120 ad
3070 1065 3229 1120 iidem
3278 1066 3733 1128 conversionem,
3787 1072 3852 1119 ur

2261 1156 2507 1212 oculatus
2560 1157 2712 1213 testis
2752 1165 3058 1211 memorat:
3099 1158 3194 1212 sed
3251 1158 3487 1212 maxime
3540 1157 3631 1213 ubi
3667 1158 3844 1213 Chro-

2260 1248 2381 1303 nica
2430 1250 2499 1304 ab
2548 1264 2608 1305 se
2661 1249 2805 1304 edita
2861 1250 3050 1303 laudat
3101 1248 3188 1305 his
3238 1249 3420 1305 verbis
3468 1251 3536 1303 ad
3590 1264 3712 1320 cap.
3742 1262 3843 1305 xm

2261 1336 2486 1404 Hesaiac,
2522 1339 2610 1410 Τῷ
2647 1341 2705 1394 δὲ
2733 1342 2996 1411 φάσκοντι
3026 1342 3191 1412 λόγῳ·
3239 1342 3383 1397 Ἰδοὺ
3414 1341 3673 1411 ἐπεγερῶ
3704 1339 3847 1411 ὑμῖν

2258 1430 2401 1496 τοὺς
2442 1430 2706 1499 Μήδους,
2750 1436 3049 1506 μςιιρτυρεῖ⁸
3075 1436 3109 1505 ή
3158 1433 3258 1504 τῆς
3305 1433 3544 1505 ἱστορίας
3581 1432 3841 1497 ἕκδασις⁸

2258 1518 2605 1591 ἀνάγραπτος
2635 1518 2771 1576 οὖσα
2805 1526 2955 1595 παρὰ
2986 1526 3101 1587 τοῖς
3157 1523 3425 1595 Ἐλλήνων
3457 1522 3525 1576 τὰ
3566 1521 3851 1589 Χαλδαϊκὰ

2258 1606 2353 1660 καὶ
2384 1608 2451 1661 τὰ
2488 1610 2823 1682 ’Δσσυριακὰ
2852 1611 3354 1684 συγγραψαμένοις,
3384 1614 3498 1676 τοῖς
3530 1628 3590 1664 τε
3622 1611 3691 1664 τὰ
3733 1612 3847 1683 Μη-

601 1705 671 1759 ab
706 1705 879 1760 initio.
904 1705 1101 1761 Catena
1135 1713 1317 1759 autem
1354 1705 1463 1760 alia
1505 1707 1561 1760 in
1595 1706 1763 1776 Regio
1796 1706 1983 1761 codice
2017 1704 2155 1760 2437

2270 1695 2383 1752 sua:
2426 1699 2801 1772 ἱστορηκόσιν·
2834 1696 2908 1757 ὧν
2944 1703 3040 1757 καὶ
3084 1704 3259 1774 ἡμεῖς,
3287 1703 3549 1767 πλείστας
3588 1704 3845 1770 ἀνελεξά-

600 1798 670 1852 ab
709 1797 811 1851 bac
856 1796 1014 1866 longe
1060 1796 1277 1852 diversa
1323 1803 1439 1862 est,
1479 1810 1543 1850 ac
1568 1810 1829 1866 perquam
1883 1796 2155 1850 minimam

2262 1786 2400 1856 μεθα.
2447 1793 2758 1862 μαρτυρίας
2800 1794 2857 1846 ὲν
2892 1796 3003 1858 τοῖς
3020 1793 3327 1865 πονηθεῖσιν
3366 1796 3499 1866 ἡμῖν
3534 1796 3850 1865 Χρονικοῖς

600 1888 843 1942 locorum
881 1894 1090 1956 partem
1125 1884 1302 1953 all'ert,
1348 1884 1748 1955 innumerisque
1798 1886 2007 1941 mendis
2050 1885 2154 1941 fte-

2270 1879 2704 1952 συγτράμμαιη.
2746 1880 2804 1939 id
2848 1894 2966 1951 est,
3011 1902 3030 1937 ι
3059 1884 3195 1941 Huic
3232 1888 3410 1941 autem
3445 1886 3591 1943 dicto
3642 1905 3655 1941 :
3703 1883 3842 1940 Ecce

602 1979 792 2045 datur,
836 1978 940 2036 etsi
989 1977 1308 2048 perantiqua
1354 1994 1367 2029 :
1409 1990 1532 2032 nam
1570 1976 1763 2032 decimi
1815 1977 1942 2032 item
1980 1976 2163 2035 saeculi

599 2078 707 2126 Cll.

601 2177 671 2233 ll.
689 2180 769 2234 De
786 2192 977 2245 genere
1007 2180 1446 2292 interpretandis?
1466 2179 1533 2230 de
1574 2183 1798 2230 veterum
1838 2180 2165 2243 interpretum

670 2346 825 2415 Quod
867 2345 935 2401 ad
976 2344 1367 2418 interpretandi
1417 2343 1707 2409 rationem,
1754 2358 1859 2415 qua
1906 2344 2167 2401 Eusebius

598 2438 704 2495 hoc
746 2440 802 2493 in
837 2436 1227 2493 Commentaric
1279 2437 1473 2502 utitur,
1523 2434 1788 2491 adeantur
1842 2450 1910 2490 ea
1955 2450 2075 2505 quae
2109 2438 2163 2491 in

598 2528 1058 2585 Prteliminaribus
1104 2528 1172 2583 ad
1224 2527 1599 2598 Expositiones
1668 2526 1727 2582 in
1774 2526 2017 2583 Psalmos
2061 2529 2166 2584 hac

601 2621 670 2675 de
702 2634 762 2692 re
797 2619 1032 2674 diximus
1070 2619 1153 2689 (ὅ)
1185 2637 1198 2673 :
1236 2620 1421 2675 eodem
1472 2618 1616 2673 enim
1666 2617 1950 2688 utrobique
1988 2618 2163 2689 explie

598 2710 758 2766 caudi
801 2723 1001 2777 genere
1043 2709 1284 2779 phcedit
1324 2726 1338 2763 :
1373 2723 1437 2764 ac
1484 2708 1773 2765 litteralem
1814 2711 1995 2777 modo,
2038 2725 2166 2766 mox

598 2800 1022 2872 mystagogicum
1062 2807 1116 2855 et
1164 2800 1513 2872 allegoricum
1561 2815 1780 2856 sensum
1830 2802 2065 2871 exquirit
2110 2811 2165 2856 et

600 2890 778 2948 adfert.
811 2876 1073 2946 Nimirum
1108 2904 1173 2946 ea
1203 2891 1528 2960 explanandi
1558 2892 1646 2945 via
1675 2892 1726 2946 in
1756 2891 1990 2947 Psalmis
2023 2902 2079 2949 et
2109 2893 2166 2949 in

597 2981 888 3054 prophetia
923 2981 1153 3047 Hesaiaa,
1183 2981 1279 3038 ubi
1310 2981 1567 3051 frequens
1596 2982 1796 3039 Christi
1825 2991 1881 3039 et
1912 2982 2165 3042 Ecclesia

599 3075 822 3139 mentio,
864 3074 1160 3143 prasertim
1206 3073 1438 3129 ineunda
1467 3082 1589 3129 est:
1620 3090 1783 3144 quam
1828 3076 2161 3146 disciplinam

602 3165 1052 3234 evangelistarum
1115 3164 1588 3235 apostolorumque
1646 3166 1893 3236 exemplo
1945 3175 2165 3224 tenuere

602 3254 705 3311 SS.
743 3254 950 3313 Patres.
1006 3252 1361 3319 Quamobrem
1420 3253 1775 3327 Hieronymus
1813 3272 1919 3312 non
1963 3273 2029 3314 eo
2064 3260 2168 3315 Eu-

601 3346 811 3403 sebium
860 3346 1075 3413 carpit,
1119 3346 1261 3415 quod
1313 3344 1562 3402 Hesaiam
1613 3347 1903 3417 allegorica
1942 3349 2167 3406 subinde

601 3453 756 3495 more
790 3438 1211 3507 interpretetur;
1262 3440 1356 3494 sed
1409 3439 1551 3507 quod
1609 3442 1998 3509 promissorum
2064 3444 2167 3499 im-

600 3545 827 3595 memor,
856 3531 948 3599 qui
976 3545 1035 3586 se
1064 3530 1351 3586 litteraiem
1380 3529 1802 3600 bistoricamque
1844 3535 2164 3589 sententiam

599 3622 888 3677 allaturum
926 3621 1203 3691 professus
1242 3630 1389 3687 erat,
1435 3623 1704 3677 interdum
1738 3625 1803 3678 ad
1853 3624 2163 3695 allegoriam

598 3714 849 3770 declinet.
897 3712 1031 3772 Nam
1086 3714 1199 3782 ipse
1248 3712 1609 3783 Hieronymus
1641 3715 1692 3769 in
1737 3715 2010 3785 allegoriis
2058 3715 2166 3772 ire-

598 3819 797 3873 quens,
848 3805 989 3860 hanc
1042 3804 1205 3859 tradit
1246 3800 1299 3857 in
1350 3816 1572 3874 prorogo
1623 3806 1909 3873 regulam:
1962 3825 1981 3858 ‹
2014 3806 2166 3865 Unde

596 3904 719 3965 post
773 3894 1016 3949 historia:
1064 3895 1382 3957 veritatem,
1434 3892 1787 3963 spiritualiter
1856 3896 2163 3965 accipienda

602 3996 738 4043 sunt
757 3988 1061 4042 omnia:et
1106 3986 1186 4041 sic
1220 3983 1400 4043 Judaza
1446 3994 1501 4039 et
1547 3979 1872 4052 lcrusalem,
1917 3987 2162 4059 Babylon

602 4087 658 4133 et
694 4076 1061 4144 Philistbiim,
1108 4076 1263 4134 Moab
1308 4086 1364 4133 et
1416 4076 1744 4145 Damascus,
1791 4078 2059 4149 Egyptus
2111 4089 2166 4134 et

602 4168 879 4225 desertum
931 4181 1099 4231 mare,
1148 4166 1375 4222 ldumaca
1405 4177 1458 4221 et
1504 4167 1720 4231 Arabia,
1764 4182 1830 4222 ac
1875 4167 2044 4223 Vallis
2088 4170 2167 4223 vi-

602 4259 817 4325 sionis;
855 4266 911 4313 et
962 4257 1028 4311 ad
1077 4266 1377 4312 extremum
1422 4256 1599 4328 Tyrus
1640 4267 1696 4314 et
1734 4259 1872 4313 visio
1919 4259 2163 4328 quadru-

601 4349 817 4420 pedum,
866 4349 1216 4419 intelligenda
1254 4355 1407 4414 sunt;
1440 4357 1499 4402 ut
1527 4357 1721 4405 cuncta
1754 4362 2063 4419 quaramus
2111 4352 2165 4404 in

598 4455 761 4495 sensu
785 4458 799 4495 :
829 4450 882 4495 et
916 4440 971 4494 in
997 4441 1249 4496 omnibus
1275 4440 1383 4505 bis,
1413 4440 1811 4509 quasi'sapieus
1836 4442 2166 4498 architectus

603 4530 801 4585 Paulus
851 4530 1123 4600 apostolus
1150 4528 1322 4601 jaciat
1372 4529 1780 4586 fundamentum
1806 4568 1822 4595 ,
1866 4533 2010 4600 quod
2056 4547 2162 4587 non

599 4632 683 4677 est
717 4622 858 4677 aliud
889 4632 1083 4691 praeter
1108 4621 1287 4678 iesum
1317 4607 1611 4678 Christum.
1643 4639 1663 4672 ι

674 4713 1034 4783 Hexaplorum
1090 4729 1152 4769 ac
1204 4723 1444 4768 veterum
1494 4713 1851 4782 interpretum
1900 4712 2166 4769 lectiones

603 4805 803 4873 passim
860 4804 1019 4860 allert
1060 4804 1360 4869 Eusebius,
1412 4814 1467 4859 et
1508 4804 1726 4873 quidem
1764 4803 1962 4859 inultas
2009 4806 2165 4874 queis

602 4896 964 4965 Hieronymus
1014 4912 1145 4950 usus
1201 4911 1306 4949 non
1356 4904 1456 4951 est.
1506 4896 1689 4951 Sicubi
1744 4910 1873 4950 vero
1917 4898 2162 4950 eamdem

603 4996 835 5055 uterque
879 4987 1163 5041 lectionem
1224 4988 1506 5052 exscribit,
1533 4988 1796 5045 Eusebius
1842 4988 2163 5057 prolixiores

602 5077 870 5132 exhibet:
917 5094 1039 5132 nam
1096 5077 1456 5151 Hieronymus
1515 5096 1617 5134 una
1681 5080 1921 5135 alterave
1979 5079 2168 5135 vocula

604 5178 911 5233 contentus,
945 5170 1225 5225 lectionem
1264 5173 1394 5227 item
1435 5168 1755 5227 Hebraicam
1785 5170 1997 5240 adjicit,
2023 5171 2165 5241 quod

604 5260 784 5315 rarius
820 5272 1044 5331 praestat
1074 5262 1355 5320 Eusebius.

996 5366 1079 5417 iii.
1105 5368 1237 5418 Nihil
1256 5368 1390 5419 dubii
1410 5382 1490 5430 mi
1511 5382 1763 5431 τησιόητος.

676 5448 783 5506 Hes
826 5466 893 5506 ex
927 5465 985 5506 se
1014 5452 1158 5506 clara
1196 5463 1251 5507 et
1281 5464 1464 5523 aperta
1499 5465 1600 5518 est,
1641 5456 1823 5522 hosce,
1851 5470 1988 5527 quos
2020 5472 2164 5512 nunc

603 5542 829 5607 edimus,
862 5558 1147 5614 germanos
1172 5556 1223 5601 et
1254 5562 1412 5601 veros
1436 5563 1555 5605 esse
1580 5547 1795 5604 Eusebii
1831 5550 1885 5605 in
1914 5550 2166 5605 Hesaiam

606 5634 1055 5691 Commentarios.
1107 5638 1162 5692 ld
1214 5637 1526 5709 Hieronymi
1598 5642 1901 5699 testimonio
1952 5643 2165 5711 conspi-

677 5796 754 5868 (3)
784 5796 914 5852 Vide
943 5806 1141 5855 tomum
1174 5801 1524 5871 superiorem.

2194 4577 2241 4633 D

2269 1973 2530 2027 suscitabo
2583 1977 2730 2030 vobis
2790 1975 3009 2044 Hedos,
3085 1978 3200 2047 ipse
3268 1979 3512 2034 historia
3585 1990 3844 2045 eventus,

2270 2054 2660 2124 testimonium.
2681 2078 2736 2125 et
2795 2069 2953 2127 iidem
3003 2070 3154 2126 addit
3198 2086 3213 2126 :
3251 2085 3371 2141 quae
3418 2071 3647 2126 historia
3700 2072 3845 2142 apud

2269 2155 2511 2227 Graecos,
2541 2158 2635 2229 qui
2671 2159 2996 2225 Cbaldaica,
3025 2161 3313 2232 Asqriaca
3354 2169 3410 2217 et
3461 2160 3666 2218 Medica
3704 2162 3845 2219 scri-

2269 2258 2513 2318 pserunt,
2546 2251 2818 2319 reperitur
2848 2268 2862 2307 :
2888 2267 3123 2323 quorum
3171 2268 3272 2309 nos
3321 2252 3634 2309 testimonia
3668 2252 3842 2309 multa

2269 2339 2582 2411 collegimus
2607 2342 2659 2395 in
2688 2341 2959 2398 Chronicis
2988 2343 3212 2401 nostris.
3250 2361 3272 2397 ι

2268 2443 2351 2496 ιν.
2381 2445 2489 2506 Quo
2524 2449 2752 2510 tempore
2792 2446 2900 2499 haec
2919 2447 3280 2500 Commentaria
3318 2446 3567 2500 Eusebius
3605 2447 3842 2498 ediderit.

2340 2528 2465 2585 Haec
2501 2544 2666 2599 porro
2717 2545 2824 2586 una
2876 2530 2931 2586 iu
2989 2531 3075 2588 bis
3111 2531 3533 2587 Commentariis
3584 2531 3844 2600 temporis

2271 2628 2398 2675 nota
2429 2629 2729 2692 comparet.
2761 2623 2889 2679 Post
2916 2621 3063 2679 edita
3097 2637 3293 2694 nempe
3321 2622 3606 2688 Chronica,
3643 2621 3713 2677 id-
3734 2633 3844 2700 est,

2266 2720 2390 2781 post
2434 2725 2635 2766 annum
2680 2710 2807 2778 524,
2831 2711 3206 2784 Expositiones
3247 2714 3303 2767 in
3337 2710 3589 2767 Hesaiam
3640 2711 3850 2777 edidis,

2268 2816 2374 2872 quo
2434 2813 2623 2858 autem
2683 2817 2864 2865 anno,
2923 2818 2992 2859 ne
3052 2803 3361 2875 conjectare
3433 2802 3653 2875 quidem
3710 2815 3848 2873 pos-

2984 2965 3015 3038 s
3050 2965 3137 3021 ιιι.

2268 3077 2309 3133 l.
2349 3078 2609 3151 Eusebius
2639 3096 2794 3149 parce
2824 3088 2876 3135 et
2905 3081 3075 3151 sobrie
3110 3080 3177 3151 de
3219 3078 3363 3136 Filio
3390 3079 3488 3137 Dei
3515 3079 3749 3151 loquitur
3790 3080 3861 3144 in,

2338 3148 2422 3202 his
2478 3148 2899 3206 Commentariis.
2970 3150 3035 3206 H.
3107 3149 3303 3205 Contra
3360 3152 3539 3205 alltcoa
3577 3148 3631 3206 st
3678 3166 3843 3217 gene-

2194 3222 2236 3281 c
2343 3219 2563 3275 thliacos
2591 3221 2851 3291 interdum
2880 3221 3006 3291 agit.
3030 3218 3118 3275 Ill.
3143 3220 3419 3291 Apostolos
3452 3220 3848 3289 quatuordcciua

2349 3299 2618 3360 numerat.
2650 3288 2741 3345 IV.
2788 3288 3091 3360 Singularis
3121 3288 3534 3360 demartyribus
3582 3291 3845 3343 narratio.

2344 3353 2408 3410 ν.
2439 3358 2746 3429 Principum
2794 3353 3124 3413 saecularium
3167 3375 3290 3430 ergo
3329 3353 3620 3414 Ecclesium
3654 3360 3851 3429 pictus.

2272 3468 2310 3520 Ι.
2334 3468 2578 3519 Eusebius
2615 3482 2764 3532 parce
2788 3474 2843 3519 et
2861 3469 3025 3533 sobrie
3052 3470 3116 3519 de
3152 3469 3281 3519 Filio
3300 3468 3399 3520 Dei
3441 3469 3663 3533 loquitur
3685 3470 3740 3520 in
3770 3469 3867 3521 bis-

2858 3531 3252 3583 Commentariis.

2338 3610 2438 3676 Qui
2494 3611 2549 3665 in
2598 3611 3012 3667 Commentariis
3064 3613 3117 3667 in
3173 3611 3420 3668 Psalmos
3490 3625 3731 3668 errorem
3774 3612 3853 3667 de

2273 3702 2407 3758 Filio
2444 3701 2537 3758 Dei
2577 3717 2734 3757 suum
2791 3704 2991 3771 passim
3045 3704 3378 3773 iusperserat
3424 3702 3706 3769 Eusebius,
3753 3703 3850 3759 hic

2269 3812 2434 3867 parce
2478 3806 2534 3853 et
2576 3797 2757 3853 sobrie
2796 3790 2861 3853 ea
2911 3798 2977 3852 de
3028 3810 3088 3852 re
3116 3804 3177 3851 ut
3225 3795 3517 3866 plurimum
3559 3795 3848 3865 loquitur:

2273 3888 2623 3957 quamobrem
2666 3888 3024 3961 Hieronymus
3053 3887 3143 3957 qui
3172 3885 3512 3942 Psalmorum
3540 3885 3854 3956 Expositio-

2274 3994 2397 4035 nem
2423 3980 2695 4035 Arianicis
2724 3980 3003 4035 erroribus
3032 3992 3307 4049 aspersam
3344 3991 3465 4033 esse
3500 3977 3853 4046 testiﬁcatur,

2273 4074 2405 4128 nihil
2440 4074 2746 4144 iiujusmodi
2783 4074 3035 4130 observat
3058 4075 3111 4129 in
3148 4075 3256 4131 hoc
3285 4073 3699 4130 commentario.
3733 4071 3849 4129 Sed

2272 4166 2395 4233 quia
2424 4165 2655 4220 arduum
2696 4175 2781 4221 est
2819 4168 2907 4221 diu
2943 4166 3279 4238 multumque
3308 4167 3567 4229 scribere,
3610 4166 3744 4235 quin
3778 4182 3854 4223 ex

2270 4266 2464 4313 tuente.
2496 4257 2776 4327 scriptoris
2820 4257 3023 4327 aliquid
3074 4257 3156 4313 vel
3204 4258 3576 4330 imprudenter
3621 4256 3848 4321 ellluat,

2272 4365 2375 4405 non
2424 4352 2655 4406 obscure
2695 4353 3021 4406 sententiam
3056 4365 3208 4405 suam
3247 4352 3429 4419 prodit
3461 4350 3727 4407 Eusebius
3772 4354 3848 4408 ad

2272 4455 2391 4511 cap.
2420 4457 2577 4506 mn,
2608 4442 2698 4497 ubi
2733 4440 2786 4495 in
2816 4442 2929 4497 haec
2963 4440 3125 4498 verba
3159 4461 3172 4495 :
3211 4440 3355 4510 Ἐγὼ
3381 4444 3411 4496 ὁ
3442 4442 3595 4507 Θεὸς,
3626 4444 3723 4498 καὶ
3742 4445 3854 4500 οὐκ

2272 4535 2385 4591 ἔστι
2414 4534 2589 4607 παρὲξ
2617 4535 2752 4606 ἐμοῦ
2796 4536 3006 4602 σώζων,
3032 4537 3084 4591 id
3118 4546 3202 4592 est
3227 4554 3242 4592 :
3279 4554 3298 4588 ι
3327 4535 3438 4605 Ego
3458 4536 3623 4602 Deus,
3650 4546 3705 4591 et
3734 4552 3850 4592 non

2269 4639 2351 4683 est
2366 4638 2561 4697 prater
2584 4644 2670 4683 me
2693 4629 2787 4699 qui
2813 4629 3020 4685 salvum
3039 4628 3256 4696 faciat,»
3275 4630 3455 4686 sicille
3468 4630 3631 4685 habet
3654 4647 3669 4683 :
3692 4631 3851 4695 Μιᾶς

2267 4719 2375 4789 γὰρ
2411 4718 2577 4791 οὔσης
2613 4720 2809 4792 ἀρχῆς,
2841 4720 2938 4791 μία
2967 4721 3051 4791 εῐη
3083 4720 3205 4792 ἂνὴ
3243 4721 3453 4792 θεότης,
3485 4716 3520 4796 ᾖ
3551 4737 3853 4792 συμπαρα-

2265 4810 2597 4881 λαμϐάνεται
2640 4812 2734 4863 καὶ
2780 4811 2814 4881 ἡ
2844 4810 2938 4864 τοῦ
2986 4810 3323 4879 Μονογενοῢς
3350 4813 3516 4865 αὐτοῦ
3569 4811 3847 4881 θεολογία.

2267 4901 2380 4957 Hoc
2428 4913 2511 4957 est
2546 4920 2560 4957 :
2602 4920 2621 4952 ι
2651 4901 2784 4957 Nam
2817 4917 2937 4957 cum
2971 4919 3138 4959 unum
3188 4914 3259 4960 sit
3320 4905 3644 4975 principium
3667 4946 3684 4971 ,
3735 4921 3855 4960 una

2266 4995 2429 5051 fuerit
2471 5006 2528 5050 et
2557 4996 2754 5059 deitas,
2800 5008 3032 5064 quacum
3066 4998 3363 5053 assumitur
3411 4996 3684 5067 Unigeniti
3716 4996 3848 5067 ejus

2269 5089 2533 5159 theologia
2562 5102 2577 5141 :
2606 5106 2626 5139 ι
2680 5086 2773 5141 ubi
2826 5102 2931 5143 non
2982 5090 3105 5146 ideo
3150 5087 3273 5143 Filii
3327 5089 3653 5160 theologiam
3712 5104 3849 5146 cum

2268 5188 2488 5248 paterna
2522 5179 2725 5233 deitate
2768 5183 2970 5237 assumi
3002 5182 3141 5246 vult,
3173 5183 3315 5251 quod
3365 5182 3537 5236 deitas
3577 5181 3698 5237 Filii
3733 5199 3846 5239 una

2268 5274 2567 5342 eademque
2596 5274 2669 5327 sit
2697 5280 2861 5342 atque
2892 5282 3159 5343 paterna:
3192 5290 3313 5329 nam
3345 5290 3465 5334 eam
3501 5274 3591 5329 ille
3619 5285 3846 5332 senten-

2268 5366 2393 5419 tiam
2424 5375 2484 5419 ut
2535 5365 2895 5421 Sabellianam
2938 5368 3168 5436 respuit;
3205 5368 3305 5420 sed
3348 5367 3503 5437 quod
3536 5368 3607 5423 ob
3640 5368 3848 5424 simili-

2269 5456 2507 5512 tudinem
2557 5458 2864 5526 quamdam,
2911 5459 2979 5514 ab
3010 5470 3134 5514 ortu
3184 5457 3325 5514 Deus
3374 5460 3678 5529 appellatus
3732 5464 3850 5529 sit,

2268 5551 2531 5621 siquidem
2560 5550 2805 5621 principii
2831 5561 2884 5606 et
2912 5551 3130 5607 deitatis
3160 5553 3423 5607 unitatem
3455 5553 3508 5607 in
3536 5553 3651 5608 solo
3673 5553 3849 5613 Patre

2269 5643 2474 5700 servari
2507 5642 2582 5699 ait
2611 5642 2719 5712 hic,
2750 5653 2803 5700 et
2833 5645 3033 5713 passim
3064 5645 3413 5717 apertiusque
3458 5646 3513 5702 in
3546 5647 3669 5705 aliis
3704 5664 3852 5722 ope-
