  <div class='ocr_page' id='page_1' title='image "/cluster/home/n/w/nwhite01/storage/ocr_20150623/24/ien.35556001660497/054.png"; bbox 0 0 4014 6386; ppageno 0'>
   <div class='ocr_carea' id='block_1_1' title="bbox 227 341 3534 404">
    <p class='ocr_par' dir='ltr' id='par_1_1' title="bbox 227 341 3534 404">
     <span class='ocr_line' id='line_1_1' title="bbox 227 341 3534 404; baseline -0.002 -1"><span class='ocrx_word' id='word_1_1' title='bbox 227 350 302 404; x_wconf 71' lang='lat'><strong>95</strong></span> <span class='ocrx_word' id='word_1_2' title='bbox 1155 347 1670 404; x_wconf 61' lang='lat' dir='ltr'><strong>COMMENTARIA</strong></span> <span class='ocrx_word' id='word_1_3' title='bbox 1715 346 1780 400; x_wconf 79' lang='lat' dir='ltr'><strong>IN</strong></span> <span class='ocrx_word' id='word_1_4' title='bbox 1822 344 2081 401; x_wconf 73' lang='lat' dir='ltr'><strong>ISAIAM.</strong></span> <span class='ocrx_word' id='word_1_5' title='bbox 2124 374 2190 384; x_wconf 89' lang='lat'><strong>——-</strong></span> <span class='ocrx_word' id='word_1_6' title='bbox 2228 341 2628 400; x_wconf 62' lang='lat' dir='ltr'><strong>PRA&#39;LFATIO.</strong></span> <span class='ocrx_word' id='word_1_7' title='bbox 3464 348 3534 397; x_wconf 75' lang='lat'><strong>86</strong></span> 
     </span>
    </p>
   </div>
   <div class='ocr_carea' id='block_1_2' title="bbox 228 451 3534 529">
    <p class='ocr_par' dir='ltr' id='par_1_2' title="bbox 228 451 3534 529">
     <span class='ocr_line' id='line_1_2' title="bbox 228 451 3534 529; baseline -0.002 -15"><span class='ocrx_word' id='word_1_8' title='bbox 228 465 422 525; x_wconf 86' lang='lat' dir='ltr'><strong>ribus,</strong></span> <span class='ocrx_word' id='word_1_9' title='bbox 497 469 558 513; x_wconf 90' lang='lat' dir='ltr'><strong>ut</strong></span> <span class='ocrx_word' id='word_1_10' title='bbox 623 467 1089 514; x_wconf 73' lang='lat' dir='ltr'><strong>cmnmoustratur</strong></span> <span class='ocrx_word' id='word_1_11' title='bbox 1152 476 1204 512; x_wconf 83' lang='lat' dir='ltr'><strong>In</strong></span> <span class='ocrx_word' id='word_1_12' title='bbox 1269 460 1728 529; x_wconf 72' lang='lat' dir='ltr'><strong>prtulimiuaribus</strong></span> <span class='ocrx_word' id='word_1_13' title='bbox 1780 461 1846 514; x_wconf 92' lang='lat' dir='ltr'><strong>ad</strong></span> <span class='ocrx_word' id='word_1_14' title='bbox 1877 464 1922 520; x_wconf 71' lang='grc' dir='ltr'><strong>Α</strong></span> <span class='ocrx_word' id='word_1_15' title='bbox 1952 467 2299 523; x_wconf 76' lang='lat' dir='ltr'><strong>accedentes,</strong></span> <span class='ocrx_word' id='word_1_16' title='bbox 2339 463 2686 523; x_wconf 89' lang='lat' dir='ltr'><strong>usurparent.</strong></span> <span class='ocrx_word' id='word_1_17' title='bbox 2717 452 2921 508; x_wconf 83' lang='lat' dir='ltr'><strong>Locum</strong></span> <span class='ocrx_word' id='word_1_18' title='bbox 2975 451 3174 509; x_wconf 70' lang='lat' dir='ltr'><strong>afferre</strong></span> <span class='ocrx_word' id='word_1_19' title='bbox 3220 472 3290 511; x_wconf 90' lang='lat' dir='ltr'><strong>ue</strong></span> <span class='ocrx_word' id='word_1_20' title='bbox 3333 457 3534 527; x_wconf 79' lang='lat' dir='ltr'><strong>pigeat.</strong></span> 
     </span>
    </p>
   </div>
   <div class='ocr_carea' id='block_1_3' title="bbox 223 549 1469 614">
    <p class='ocr_par' dir='ltr' id='par_1_3' title="bbox 223 549 1469 614">
     <span class='ocr_line' id='line_1_3' title="bbox 223 549 1469 614; baseline -0.001 -7"><span class='ocrx_word' id='word_1_21' title='bbox 223 553 702 607; x_wconf 76' lang='lat' dir='ltr'><strong>Commentariqu</strong></span> <span class='ocrx_word' id='word_1_22' title='bbox 736 551 788 603; x_wconf 91' lang='lat' dir='ltr'><strong>iu</strong></span> <span class='ocrx_word' id='word_1_23' title='bbox 827 549 1094 614; x_wconf 80' lang='lat' dir='ltr'><strong>Psalmos,</strong></span> <span class='ocrx_word' id='word_1_24' title='bbox 1129 552 1218 605; x_wconf 89' lang='lat' dir='ltr'><strong>ubi</strong></span> <span class='ocrx_word' id='word_1_25' title='bbox 1254 553 1469 608; x_wconf 77' lang='lat' dir='ltr'><strong>videsis.</strong></span> 
     </span>
    </p>
   </div>
   <div class='ocr_carea' id='block_1_4' title="bbox 368 657 1685 722">
    <p class='ocr_par' dir='ltr' id='par_1_4' title="bbox 368 657 1685 722">
     <span class='ocr_line' id='line_1_4' title="bbox 368 657 1685 722; baseline -0.001 -13"><span class='ocrx_word' id='word_1_26' title='bbox 368 661 428 709; x_wconf 90' lang='lat' dir='ltr'><strong>ll.</strong></span> <span class='ocrx_word' id='word_1_27' title='bbox 453 659 633 712; x_wconf 85' lang='lat' dir='ltr'><strong>Contra</strong></span> <span class='ocrx_word' id='word_1_28' title='bbox 658 659 908 706; x_wconf 84' lang='lat' dir='ltr'><strong>atheuset</strong></span> <span class='ocrx_word' id='word_1_29' title='bbox 931 657 1274 721; x_wconf 58' lang='lat' dir='ltr'><strong>genethliacos</strong></span> <span class='ocrx_word' id='word_1_30' title='bbox 1295 659 1545 707; x_wconf 73' lang='lat' dir='ltr'><strong>interdum</strong></span> <span class='ocrx_word' id='word_1_31' title='bbox 1568 662 1685 722; x_wconf 76' lang='lat' dir='ltr'><strong>agit.</strong></span> 
     </span>
    </p>
   </div>
   <div class='ocr_carea' id='block_1_5' title="bbox 300 743 1825 814">
    <p class='ocr_par' dir='ltr' id='par_1_5' title="bbox 300 743 1825 814">
     <span class='ocr_line' id='line_1_5' title="bbox 300 743 1825 814; baseline 0.001 -16"><span class='ocrx_word' id='word_1_32' title='bbox 300 744 440 812; x_wconf 84' lang='lat' dir='ltr'><strong>Quia</strong></span> <span class='ocrx_word' id='word_1_33' title='bbox 516 743 734 797; x_wconf 84' lang='lat' dir='ltr'><strong>Eusebii</strong></span> <span class='ocrx_word' id='word_1_34' title='bbox 791 759 938 807; x_wconf 74' lang='lat' dir='ltr'><strong>mro,</strong></span> <span class='ocrx_word' id='word_1_35' title='bbox 990 744 1131 796; x_wconf 89' lang='lat' dir='ltr'><strong>atbei</strong></span> <span class='ocrx_word' id='word_1_36' title='bbox 1191 743 1401 804; x_wconf 73' lang='lat' dir='ltr'><strong>multi,’</strong></span> <span class='ocrx_word' id='word_1_37' title='bbox 1435 753 1490 798; x_wconf 91' lang='lat' dir='ltr'><strong>et</strong></span> <span class='ocrx_word' id='word_1_38' title='bbox 1549 745 1825 814; x_wconf 81' lang='lat' dir='ltr'><strong>religionis</strong></span> 
     </span>
    </p>
   </div>
   <div class='ocr_carea' id='block_1_6' title="bbox 220 835 1824 904">
    <p class='ocr_par' dir='ltr' id='par_1_6' title="bbox 220 835 1824 904">
     <span class='ocr_line' id='line_1_6' title="bbox 220 835 1824 904; baseline 0.001 -14"><span class='ocrx_word' id='word_1_39' title='bbox 220 837 433 891; x_wconf 85' lang='lat' dir='ltr'><strong>nullius</strong></span> <span class='ocrx_word' id='word_1_40' title='bbox 489 835 740 890; x_wconf 78' lang='lat' dir='ltr'><strong>homines</strong></span> <span class='ocrx_word' id='word_1_41' title='bbox 813 843 1012 900; x_wconf 84' lang='lat' dir='ltr'><strong>erant,</strong></span> <span class='ocrx_word' id='word_1_42' title='bbox 1063 836 1155 904; x_wconf 94' lang='lat' dir='ltr'><strong>qui</strong></span> <span class='ocrx_word' id='word_1_43' title='bbox 1216 836 1328 892; x_wconf 81' lang='lat' dir='ltr'><strong>fato</strong></span> <span class='ocrx_word' id='word_1_44' title='bbox 1387 852 1577 892; x_wconf 91' lang='lat' dir='ltr'><strong>omnes</strong></span> <span class='ocrx_word' id='word_1_45' title='bbox 1641 854 1824 894; x_wconf 86' lang='lat' dir='ltr'><strong>rerum</strong></span> 
     </span>
    </p>
   </div>
   <div class='ocr_carea' id='block_1_7' title="bbox 218 922 1826 996">
    <p class='ocr_par' dir='ltr' id='par_1_7' title="bbox 218 922 1826 996">
     <span class='ocr_line' id='line_1_7' title="bbox 218 922 1826 996; baseline 0 -14"><span class='ocrx_word' id='word_1_46' title='bbox 218 939 455 983; x_wconf 86' lang='lat' dir='ltr'><strong>eventus</strong></span> <span class='ocrx_word' id='word_1_47' title='bbox 493 929 868 991; x_wconf 76' lang='lat' dir='ltr'><strong>ascriberent;</strong></span> <span class='ocrx_word' id='word_1_48' title='bbox 904 927 1146 995; x_wconf 86' lang='lat' dir='ltr'><strong>ejusdem</strong></span> <span class='ocrx_word' id='word_1_49' title='bbox 1193 926 1381 982; x_wconf 65' lang='lat' dir='ltr'><strong>fat-inte</strong></span> <span class='ocrx_word' id='word_1_50' title='bbox 1425 922 1676 982; x_wconf 79' lang='lat' dir='ltr'><strong>homines</strong></span> <span class='ocrx_word' id='word_1_51' title='bbox 1710 943 1826 996; x_wconf 91' lang='lat' dir='ltr'><strong>pas-</strong></span> 
     </span>
    </p>
   </div>
   <div class='ocr_carea' id='block_1_8' title="bbox 216 1018 1822 1083">
    <p class='ocr_par' dir='ltr' id='par_1_8' title="bbox 216 1018 1822 1083">
     <span class='ocr_line' id='line_1_8' title="bbox 216 1018 1822 1083; baseline 0.002 -11"><span class='ocrx_word' id='word_1_52' title='bbox 216 1021 325 1073; x_wconf 93' lang='lat' dir='ltr'><strong>sim</strong></span> <span class='ocrx_word' id='word_1_53' title='bbox 360 1022 667 1073; x_wconf 77' lang='lat' dir='ltr'><strong>insectatur</strong></span> <span class='ocrx_word' id='word_1_54' title='bbox 694 1019 962 1074; x_wconf 81' lang='lat' dir='ltr'><strong>Eusebius</strong></span> <span class='ocrx_word' id='word_1_55' title='bbox 997 1019 1108 1083; x_wconf 91' lang='lat' dir='ltr'><strong>hic,</strong></span> <span class='ocrx_word' id='word_1_56' title='bbox 1143 1029 1200 1072; x_wconf 91' lang='lat' dir='ltr'><strong>ut</strong></span> <span class='ocrx_word' id='word_1_57' title='bbox 1234 1020 1286 1074; x_wconf 92' lang='lat' dir='ltr'><strong>in</strong></span> <span class='ocrx_word' id='word_1_58' title='bbox 1315 1018 1743 1076; x_wconf 85' lang='lat' dir='ltr'><strong>Commentariis</strong></span> <span class='ocrx_word' id='word_1_59' title='bbox 1770 1023 1822 1081; x_wconf 85' lang='lat' dir='ltr'><strong>in</strong></span> 
     </span>
    </p>
   </div>
   <div class='ocr_carea' id='block_1_9' title="bbox 215 1109 1820 1184">
    <p class='ocr_par' dir='ltr' id='par_1_9' title="bbox 215 1109 1820 1184">
     <span class='ocr_line' id='line_1_9' title="bbox 215 1109 1820 1184; baseline 0 -20"><span class='ocrx_word' id='word_1_60' title='bbox 215 1109 507 1164; x_wconf 83' lang='lat' dir='ltr'><strong>Psalmos:</strong></span> <span class='ocrx_word' id='word_1_61' title='bbox 536 1110 626 1164; x_wconf 90' lang='lat' dir='ltr'><strong>ubi</strong></span> <span class='ocrx_word' id='word_1_62' title='bbox 659 1120 770 1164; x_wconf 92' lang='lat' dir='ltr'><strong>tum</strong></span> <span class='ocrx_word' id='word_1_63' title='bbox 799 1111 1030 1176; x_wconf 85' lang='lat' dir='ltr'><strong>ratione,</strong></span> <span class='ocrx_word' id='word_1_64' title='bbox 1049 1120 1160 1165; x_wconf 89' lang='lat' dir='ltr'><strong>tum</strong></span> <span class='ocrx_word' id='word_1_65' title='bbox 1188 1113 1455 1180; x_wconf 80' lang='lat' dir='ltr'><strong>exemplis</strong></span> <span class='ocrx_word' id='word_1_66' title='bbox 1478 1113 1820 1184; x_wconf 82' lang='lat' dir='ltr'><strong>comprobat,</strong></span> 
     </span>
    </p>
   </div>
   <div class='ocr_carea' id='block_1_10' title="bbox 214 1201 1818 1270">
    <p class='ocr_par' dir='ltr' id='par_1_10' title="bbox 214 1201 1818 1270">
     <span class='ocr_line' id='line_1_10' title="bbox 214 1201 1818 1270; baseline 0.002 -16"><span class='ocrx_word' id='word_1_67' title='bbox 214 1202 468 1255; x_wconf 87' lang='lat' dir='ltr'><strong>numinis</strong></span> <span class='ocrx_word' id='word_1_68' title='bbox 511 1202 855 1270; x_wconf 80' lang='lat' dir='ltr'><strong>providentia</strong></span> <span class='ocrx_word' id='word_1_69' title='bbox 897 1201 1155 1255; x_wconf 90' lang='lat' dir='ltr'><strong>mundum</strong></span> <span class='ocrx_word' id='word_1_70' title='bbox 1193 1201 1588 1256; x_wconf 84' lang='lat' dir='ltr'><strong>administrari.</strong></span> <span class='ocrx_word' id='word_1_71' title='bbox 1633 1219 1651 1253; x_wconf 76' lang='grc' dir='ltr'>ι</span> <span class='ocrx_word' id='word_1_72' title='bbox 1683 1201 1818 1258; x_wconf 86' lang='lat' dir='ltr'><strong>Nam</strong></span> 
     </span>
    </p>
   </div>
   <div class='ocr_carea' id='block_1_11' title="bbox 214 1290 1818 1362">
    <p class='ocr_par' dir='ltr' id='par_1_11' title="bbox 214 1290 1818 1362">
     <span class='ocr_line' id='line_1_11' title="bbox 214 1290 1818 1362; baseline 0.001 -17"><span class='ocrx_word' id='word_1_73' title='bbox 214 1307 346 1345; x_wconf 91' lang='lat' dir='ltr'><strong>cum</strong></span> <span class='ocrx_word' id='word_1_74' title='bbox 383 1292 660 1359; x_wconf 88' lang='lat' dir='ltr'><strong>sapientes</strong></span> <span class='ocrx_word' id='word_1_75' title='bbox 697 1291 856 1360; x_wconf 80' lang='lat' dir='ltr'><strong>hujus</strong></span> <span class='ocrx_word' id='word_1_76' title='bbox 905 1290 1106 1356; x_wconf 65' lang='lat' dir='ltr'><strong>saeculi,</strong></span> <span class='ocrx_word' id='word_1_77' title='bbox 1136 1309 1155 1344; x_wconf 74' lang='grc' dir='ltr'><strong>ι</strong></span> <span class='ocrx_word' id='word_1_78' title='bbox 1191 1292 1271 1345; x_wconf 90' lang='lat' dir='ltr'><strong>sic</strong></span> <span class='ocrx_word' id='word_1_79' title='bbox 1320 1291 1411 1346; x_wconf 92' lang='lat' dir='ltr'><strong>ille</strong></span> <span class='ocrx_word' id='word_1_80' title='bbox 1442 1292 1511 1346; x_wconf 89' lang='lat' dir='ltr'><strong>ad</strong></span> <span class='ocrx_word' id='word_1_81' title='bbox 1557 1306 1680 1362; x_wconf 90' lang='lat' dir='ltr'><strong>cap.</strong></span> <span class='ocrx_word' id='word_1_82' title='bbox 1713 1308 1818 1359; x_wconf 69' lang='grc' dir='ltr'><strong>χι..</strong></span> 
     </span>
    </p>
   </div>
   <div class='ocr_carea' id='block_1_12' title="bbox 217 1383 1820 1452">
    <p class='ocr_par' dir='ltr' id='par_1_12' title="bbox 217 1383 1820 1452">
     <span class='ocr_line' id='line_1_12' title="bbox 217 1383 1820 1452; baseline 0.002 -17"><span class='ocrx_word' id='word_1_83' title='bbox 217 1404 238 1435; x_wconf 72' lang='grc' dir='ltr'>ι</span> <span class='ocrx_word' id='word_1_84' title='bbox 271 1383 460 1436; x_wconf 87' lang='lat' dir='ltr'><strong>omnia</strong></span> <span class='ocrx_word' id='word_1_85' title='bbox 510 1391 810 1452; x_wconf 79' lang='lat' dir='ltr'><strong>spontaneo</strong></span> <span class='ocrx_word' id='word_1_86' title='bbox 860 1383 1076 1437; x_wconf 86' lang='lat' dir='ltr'><strong>cuidam</strong></span> <span class='ocrx_word' id='word_1_87' title='bbox 1115 1398 1297 1438; x_wconf 91' lang='lat' dir='ltr'><strong>rerum</strong></span> <span class='ocrx_word' id='word_1_88' title='bbox 1345 1384 1550 1447; x_wconf 91' lang='lat' dir='ltr'><strong>motui,</strong></span> <span class='ocrx_word' id='word_1_89' title='bbox 1597 1399 1661 1439; x_wconf 91' lang='lat' dir='ltr'><strong>ac</strong></span> <span class='ocrx_word' id='word_1_90' title='bbox 1713 1383 1820 1438; x_wconf 90' lang='lat' dir='ltr'><strong>for-</strong></span> 
     </span>
    </p>
   </div>
   <div class='ocr_carea' id='block_1_13' title="bbox 210 1475 1821 1542">
    <p class='ocr_par' dir='ltr' id='par_1_13' title="bbox 210 1475 1821 1542">
     <span class='ocr_line' id='line_1_13' title="bbox 210 1475 1821 1542; baseline 0.003 -12"><span class='ocrx_word' id='word_1_91' title='bbox 210 1477 360 1530; x_wconf 82' lang='lat' dir='ltr'><strong>tuito</strong></span> <span class='ocrx_word' id='word_1_92' title='bbox 409 1475 649 1530; x_wconf 84' lang='lat' dir='ltr'><strong>naturali</strong></span> <span class='ocrx_word' id='word_1_93' title='bbox 706 1475 962 1540; x_wconf 46' lang='lat' dir='ltr'><strong>casui.et</strong></span> <span class='ocrx_word' id='word_1_94' title='bbox 1007 1475 1119 1530; x_wconf 88' lang='lat' dir='ltr'><strong>fato</strong></span> <span class='ocrx_word' id='word_1_95' title='bbox 1150 1477 1462 1542; x_wconf 90' lang='lat' dir='ltr'><strong>ascribant;</strong></span> <span class='ocrx_word' id='word_1_96' title='bbox 1508 1481 1821 1535; x_wconf 82' lang='lat' dir='ltr'><strong>necessario</strong></span> 
     </span>
    </p>
   </div>
   <div class='ocr_carea' id='block_1_14' title="bbox 206 1567 1816 1637">
    <p class='ocr_par' dir='ltr' id='par_1_14' title="bbox 206 1567 1816 1637">
     <span class='ocr_line' id='line_1_14' title="bbox 206 1567 1816 1637; baseline 0.003 -14"><span class='ocrx_word' id='word_1_97' title='bbox 206 1583 466 1637; x_wconf 65' lang='lat' dir='ltr'><strong>praesens</strong></span> <span class='ocrx_word' id='word_1_98' title='bbox 514 1583 716 1634; x_wconf 86' lang='lat' dir='ltr'><strong>sermo,</strong></span> <span class='ocrx_word' id='word_1_99' title='bbox 774 1567 978 1622; x_wconf 89' lang='lat' dir='ltr'><strong>nullam</strong></span> <span class='ocrx_word' id='word_1_100' title='bbox 1023 1583 1206 1623; x_wconf 89' lang='lat' dir='ltr'><strong>rerum</strong></span> <span class='ocrx_word' id='word_1_101' title='bbox 1263 1568 1493 1625; x_wconf 88' lang='lat' dir='ltr'><strong>fortuito</strong></span> <span class='ocrx_word' id='word_1_102' title='bbox 1545 1587 1672 1626; x_wconf 88' lang='lat' dir='ltr'><strong>casu</strong></span> <span class='ocrx_word' id='word_1_103' title='bbox 1718 1589 1816 1627; x_wconf 78' lang='lat' dir='ltr'><strong>ex-</strong></span> 
     </span>
    </p>
   </div>
   <div class='ocr_carea' id='block_1_15' title="bbox 205 1656 1820 1722">
    <p class='ocr_par' dir='ltr' id='par_1_15' title="bbox 205 1656 1820 1722">
     <span class='ocr_line' id='line_1_15' title="bbox 205 1656 1820 1722; baseline 0.002 -12"><span class='ocrx_word' id='word_1_104' title='bbox 205 1657 440 1722; x_wconf 84' lang='lat' dir='ltr'><strong>sistere,</strong></span> <span class='ocrx_word' id='word_1_105' title='bbox 468 1658 567 1711; x_wconf 90' lang='lat' dir='ltr'><strong>sed</strong></span> <span class='ocrx_word' id='word_1_106' title='bbox 601 1656 781 1712; x_wconf 88' lang='lat' dir='ltr'><strong>omnia</strong></span> <span class='ocrx_word' id='word_1_107' title='bbox 823 1673 947 1712; x_wconf 91' lang='lat' dir='ltr'><strong>cum</strong></span> <span class='ocrx_word' id='word_1_108' title='bbox 996 1673 1250 1712; x_wconf 82' lang='lat' dir='ltr'><strong>mensura</strong></span> <span class='ocrx_word' id='word_1_109' title='bbox 1295 1667 1352 1713; x_wconf 91' lang='lat' dir='ltr'><strong>et</strong></span> <span class='ocrx_word' id='word_1_110' title='bbox 1387 1675 1616 1715; x_wconf 90' lang='lat' dir='ltr'><strong>numero</strong></span> <span class='ocrx_word' id='word_1_111' title='bbox 1649 1676 1677 1715; x_wconf 94' lang='lat' dir='ltr'><strong>a</strong></span> <span class='ocrx_word' id='word_1_112' title='bbox 1715 1661 1820 1716; x_wconf 87' lang='lat' dir='ltr'><strong>Du-</strong></span> 
     </span>
    </p>
   </div>
   <div class='ocr_carea' id='block_1_16' title="bbox 205 1750 1815 1821">
    <p class='ocr_par' dir='ltr' id='par_1_16' title="bbox 205 1750 1815 1821">
     <span class='ocr_line' id='line_1_16' title="bbox 205 1750 1815 1821; baseline 0.004 -17"><span class='ocrx_word' id='word_1_113' title='bbox 205 1751 391 1817; x_wconf 79' lang='lat' dir='ltr'><strong>mino,</strong></span> <span class='ocrx_word' id='word_1_114' title='bbox 435 1750 530 1821; x_wconf 90' lang='lat' dir='ltr'><strong>qui</strong></span> <span class='ocrx_word' id='word_1_115' title='bbox 567 1750 704 1805; x_wconf 90' lang='lat' dir='ltr'><strong>Deus</strong></span> <span class='ocrx_word' id='word_1_116' title='bbox 743 1751 1095 1820; x_wconf 66' lang='lat' dir='ltr'><strong>praedicatur,</strong></span> <span class='ocrx_word' id='word_1_117' title='bbox 1142 1753 1443 1807; x_wconf 89' lang='lat' dir='ltr'><strong>constituta</strong></span> <span class='ocrx_word' id='word_1_118' title='bbox 1494 1753 1683 1820; x_wconf 87' lang='lat' dir='ltr'><strong>fuisse,</strong></span> <span class='ocrx_word' id='word_1_119' title='bbox 1718 1757 1815 1811; x_wconf 87' lang='lat' dir='ltr'><strong>de-</strong></span> 
     </span>
    </p>
   </div>
   <div class='ocr_carea' id='block_1_17' title="bbox 1930 540 3536 616">
    <p class='ocr_par' dir='ltr' id='par_1_17' title="bbox 1930 540 3536 616">
     <span class='ocr_line' id='line_1_17' title="bbox 1930 540 3536 616; baseline -0.001 -13"><span class='ocrx_word' id='word_1_120' title='bbox 1930 552 2010 603; x_wconf 86' lang='lat' dir='ltr'><strong>Ad</strong></span> <span class='ocrx_word' id='word_1_121' title='bbox 2042 549 2188 603; x_wconf 74' lang='lat' dir='ltr'><strong>illiilli</strong></span> <span class='ocrx_word' id='word_1_122' title='bbox 2221 549 2426 604; x_wconf 77' lang='lat' dir='ltr'><strong>llesaite</strong></span> <span class='ocrx_word' id='word_1_123' title='bbox 2453 562 2668 601; x_wconf 83' lang='lat' dir='ltr'><strong>versum</strong></span> <span class='ocrx_word' id='word_1_124' title='bbox 2694 561 2814 613; x_wconf 85' lang='lat' dir='ltr'><strong>cap.</strong></span> <span class='ocrx_word' id='word_1_125' title='bbox 2841 560 2966 600; x_wconf 67' lang='grc' dir='ltr'><strong>κων</strong></span> <span class='ocrx_word' id='word_1_126' title='bbox 2992 566 3003 599; x_wconf 91' lang='lat'><strong>:</strong></span> <span class='ocrx_word' id='word_1_127' title='bbox 3030 540 3220 611; x_wconf 83' lang='grc' dir='ltr'><em>Οὗτος</em></span> <span class='ocrx_word' id='word_1_128' title='bbox 3241 547 3394 616; x_wconf 81' lang='grc' dir='ltr'><strong>ἐρεῖ·</strong></span> <span class='ocrx_word' id='word_1_129' title='bbox 3423 547 3536 602; x_wconf 83' lang='grc' dir='ltr'><strong>Τοῦ</strong></span> 
     </span>
    </p>
   </div>
   <div class='ocr_carea' id='block_1_18' title="bbox 1933 635 3534 712">
    <p class='ocr_par' dir='ltr' id='par_1_18' title="bbox 1933 635 3534 712">
     <span class='ocr_line' id='line_1_18' title="bbox 1933 635 3534 712; baseline -0.003 -14"><span class='ocrx_word' id='word_1_130' title='bbox 1933 643 2082 698; x_wconf 78' lang='grc' dir='ltr'><strong>Θεοῦ</strong></span> <span class='ocrx_word' id='word_1_131' title='bbox 2114 646 2264 712; x_wconf 78' lang='grc' dir='ltr'><strong>εἰμι,</strong></span> <span class='ocrx_word' id='word_1_132' title='bbox 2302 641 2399 696; x_wconf 75' lang='grc' dir='ltr'><strong>καὶ</strong></span> <span class='ocrx_word' id='word_1_133' title='bbox 2445 635 2624 704; x_wconf 83' lang='grc' dir='ltr'><em>οὗτος</em></span> <span class='ocrx_word' id='word_1_134' title='bbox 2667 638 2967 704; x_wconf 70' lang='grc' dir='ltr'><strong>,ϐοήσεται</strong></span> <span class='ocrx_word' id='word_1_135' title='bbox 3017 639 3116 692; x_wconf 79' lang='grc' dir='ltr'><strong>ἐπὶ</strong></span> <span class='ocrx_word' id='word_1_136' title='bbox 3164 637 3244 703; x_wconf 82' lang='grc' dir='ltr'><strong>τῷ</strong></span> <span class='ocrx_word' id='word_1_137' title='bbox 3290 641 3534 709; x_wconf 64' lang='grc' dir='ltr'><strong>όνιζαατι</strong></span> 
     </span>
    </p>
   </div>
   <div class='ocr_carea' id='block_1_19' title="bbox 1943 728 3529 800">
    <p class='ocr_par' dir='ltr' id='par_1_19' title="bbox 1943 728 3529 800">
     <span class='ocr_line' id='line_1_19' title="bbox 1943 728 3529 800; baseline -0.001 -12"><span class='ocrx_word' id='word_1_138' title='bbox 1943 733 2176 797; x_wconf 74' lang='grc' dir='ltr'><strong>Ἰακὼϐ,</strong></span> <span class='ocrx_word' id='word_1_139' title='bbox 2226 735 2322 788; x_wconf 69' lang='grc' dir='ltr'><strong>καὶ</strong></span> <span class='ocrx_word' id='word_1_140' title='bbox 2373 733 2574 800; x_wconf 63' lang='grc' dir='ltr'><em>ἕτερος</em></span> <span class='ocrx_word' id='word_1_141' title='bbox 2621 729 2937 799; x_wconf 62' lang='grc' dir='ltr'><strong>ἐςτιγιράψει</strong></span> <span class='ocrx_word' id='word_1_142' title='bbox 2998 728 3069 797; x_wconf 71' lang='grc' dir='ltr'><em>τῇ</em></span> <span class='ocrx_word' id='word_1_143' title='bbox 3123 729 3273 800; x_wconf 78' lang='grc' dir='ltr'><strong>χειρὶ</strong></span> <span class='ocrx_word' id='word_1_144' title='bbox 3321 730 3529 787; x_wconf 81' lang='grc' dir='ltr'><strong>αὐτοῦ’</strong></span> 
     </span>
    </p>
   </div>
   <div class='ocr_carea' id='block_1_20' title="bbox 1935 822 3532 895">
    <p class='ocr_par' dir='ltr' id='par_1_20' title="bbox 1935 822 3532 895">
     <span class='ocr_line' id='line_1_20' title="bbox 1935 822 3532 895; baseline -0.003 -14"><span class='ocrx_word' id='word_1_145' title='bbox 1935 827 2046 881; x_wconf 83' lang='grc' dir='ltr'><strong>Τοῦ</strong></span> <span class='ocrx_word' id='word_1_146' title='bbox 2081 825 2230 880; x_wconf 84' lang='grc' dir='ltr'><strong>Θεοῦ</strong></span> <span class='ocrx_word' id='word_1_147' title='bbox 2259 829 2396 895; x_wconf 68' lang='grc' dir='ltr'><strong>εἰμι,</strong></span> <span class='ocrx_word' id='word_1_148' title='bbox 2434 825 2530 879; x_wconf 81' lang='grc' dir='ltr'><strong>καὶ</strong></span> <span class='ocrx_word' id='word_1_149' title='bbox 2563 823 2661 876; x_wconf 75' lang='grc' dir='ltr'><strong>ἐπὶ</strong></span> <span class='ocrx_word' id='word_1_150' title='bbox 2700 822 2777 888; x_wconf 82' lang='grc' dir='ltr'><strong>τῷ</strong></span> <span class='ocrx_word' id='word_1_151' title='bbox 2809 825 3055 892; x_wconf 78' lang='grc' dir='ltr'><strong>ὀνόματι</strong></span> <span class='ocrx_word' id='word_1_152' title='bbox 3090 823 3340 893; x_wconf 72' lang='grc' dir='ltr'><strong>Ἰσραὴλ</strong></span> <span class='ocrx_word' id='word_1_153' title='bbox 3376 825 3532 892; x_wconf 78' lang='grc' dir='ltr'><strong>,Βοή-</strong></span> 
     </span>
    </p>
   </div>
   <div class='ocr_carea' id='block_1_21' title="bbox 1927 914 3532 980">
    <p class='ocr_par' dir='ltr' id='par_1_21' title="bbox 1927 914 3532 980">
     <span class='ocr_line' id='line_1_21' title="bbox 1927 914 3532 980; baseline -0.001 -8"><span class='ocrx_word' id='word_1_154' title='bbox 1927 935 2129 972; x_wconf 85' lang='grc' dir='ltr'><em>σεται·</em></span> <span class='ocrx_word' id='word_1_155' title='bbox 2169 918 2219 971; x_wconf 95' lang='lat' dir='ltr'><strong>id</strong></span> <span class='ocrx_word' id='word_1_156' title='bbox 2269 927 2353 972; x_wconf 83' lang='lat' dir='ltr'><strong>est</strong></span> <span class='ocrx_word' id='word_1_157' title='bbox 2398 937 2409 970; x_wconf 90' lang='lat'>:</span> <span class='ocrx_word' id='word_1_158' title='bbox 2446 935 2463 968; x_wconf 76' lang='grc' dir='ltr'>ι</span> <span class='ocrx_word' id='word_1_159' title='bbox 2496 914 2594 970; x_wconf 86' lang='lat' dir='ltr'><strong>llic</strong></span> <span class='ocrx_word' id='word_1_160' title='bbox 2641 915 2781 969; x_wconf 87' lang='lat' dir='ltr'><strong>dicet</strong></span> <span class='ocrx_word' id='word_1_161' title='bbox 2817 933 2828 967; x_wconf 90' lang='lat'><strong>:</strong></span> <span class='ocrx_word' id='word_1_162' title='bbox 2875 915 2966 969; x_wconf 89' lang='lat' dir='ltr'><strong>Dei</strong></span> <span class='ocrx_word' id='word_1_163' title='bbox 3005 931 3156 980; x_wconf 86' lang='lat' dir='ltr'><strong>smn,</strong></span> <span class='ocrx_word' id='word_1_164' title='bbox 3185 927 3242 970; x_wconf 90' lang='lat' dir='ltr'><strong>et</strong></span> <span class='ocrx_word' id='word_1_165' title='bbox 3292 916 3382 970; x_wconf 89' lang='lat' dir='ltr'><strong>hic</strong></span> <span class='ocrx_word' id='word_1_166' title='bbox 3423 915 3532 971; x_wconf 84' lang='lat' dir='ltr'><strong>cla-</strong></span> 
     </span>
    </p>
   </div>
   <div class='ocr_carea' id='block_1_22' title="bbox 1928 1007 3530 1073">
    <p class='ocr_par' dir='ltr' id='par_1_22' title="bbox 1928 1007 3530 1073">
     <span class='ocr_line' id='line_1_22' title="bbox 1928 1007 3530 1073; baseline 0 -9"><span class='ocrx_word' id='word_1_167' title='bbox 1928 1013 2098 1064; x_wconf 90' lang='lat' dir='ltr'><strong>mabit</strong></span> <span class='ocrx_word' id='word_1_168' title='bbox 2146 1012 2196 1064; x_wconf 93' lang='lat' dir='ltr'><strong>in</strong></span> <span class='ocrx_word' id='word_1_169' title='bbox 2249 1010 2468 1064; x_wconf 87' lang='lat' dir='ltr'><strong>nomine</strong></span> <span class='ocrx_word' id='word_1_170' title='bbox 2513 1007 2712 1073; x_wconf 77' lang='lat' dir='ltr'><strong>Iacob;</strong></span> <span class='ocrx_word' id='word_1_171' title='bbox 2765 1017 2821 1062; x_wconf 91' lang='lat' dir='ltr'><strong>et</strong></span> <span class='ocrx_word' id='word_1_172' title='bbox 2869 1009 3010 1062; x_wconf 87' lang='lat' dir='ltr'><strong>alius</strong></span> <span class='ocrx_word' id='word_1_173' title='bbox 3055 1008 3330 1064; x_wconf 84' lang='lat' dir='ltr'><strong>describet</strong></span> <span class='ocrx_word' id='word_1_174' title='bbox 3364 1025 3530 1064; x_wconf 86' lang='lat' dir='ltr'><strong>manu</strong></span> 
     </span>
    </p>
   </div>
   <div class='ocr_carea' id='block_1_23' title="bbox 1927 1098 3532 1167">
    <p class='ocr_par' dir='ltr' id='par_1_23' title="bbox 1927 1098 3532 1167">
     <span class='ocr_line' id='line_1_23' title="bbox 1927 1098 3532 1167; baseline 0.001 -11"><span class='ocrx_word' id='word_1_175' title='bbox 1927 1117 2022 1156; x_wconf 89' lang='lat' dir='ltr'><strong>sua</strong></span> <span class='ocrx_word' id='word_1_176' title='bbox 2053 1118 2065 1153; x_wconf 72' lang='grc' dir='ltr'><strong>ε</strong></span> <span class='ocrx_word' id='word_1_177' title='bbox 2094 1101 2184 1154; x_wconf 87' lang='lat' dir='ltr'><strong>Dei</strong></span> <span class='ocrx_word' id='word_1_178' title='bbox 2226 1116 2371 1166; x_wconf 88' lang='lat' dir='ltr'><strong>smn,</strong></span> <span class='ocrx_word' id='word_1_179' title='bbox 2405 1110 2460 1152; x_wconf 90' lang='lat' dir='ltr'><strong>et</strong></span> <span class='ocrx_word' id='word_1_180' title='bbox 2510 1099 2563 1152; x_wconf 89' lang='lat' dir='ltr'><strong>in</strong></span> <span class='ocrx_word' id='word_1_181' title='bbox 2602 1099 2824 1152; x_wconf 87' lang='lat' dir='ltr'><strong>nomine</strong></span> <span class='ocrx_word' id='word_1_182' title='bbox 2857 1098 3028 1153; x_wconf 85' lang='lat' dir='ltr'><strong>Israel</strong></span> <span class='ocrx_word' id='word_1_183' title='bbox 3069 1099 3361 1167; x_wconf 80' lang='lat' dir='ltr'><strong>clamabit;</strong></span> <span class='ocrx_word' id='word_1_184' title='bbox 3395 1122 3414 1154; x_wconf 74' lang='grc' dir='ltr'><strong><em>ι</em></strong></span> <span class='ocrx_word' id='word_1_185' title='bbox 3452 1102 3532 1157; x_wconf 90' lang='lat' dir='ltr'><strong>sic</strong></span> 
     </span>
    </p>
   </div>
   <div class='ocr_carea' id='block_1_24' title="bbox 1926 1189 3529 1263">
    <p class='ocr_par' dir='ltr' id='par_1_24' title="bbox 1926 1189 3529 1263">
     <span class='ocr_line' id='line_1_24' title="bbox 1926 1189 3529 1263; baseline -0.001 -15"><span class='ocrx_word' id='word_1_186' title='bbox 1926 1193 2090 1248; x_wconf 84' lang='lat' dir='ltr'><strong>habet</strong></span> <span class='ocrx_word' id='word_1_187' title='bbox 2127 1193 2216 1246; x_wconf 90' lang='lat' dir='ltr'><strong>ille</strong></span> <span class='ocrx_word' id='word_1_188' title='bbox 2257 1211 2269 1246; x_wconf 92' lang='lat'>:</span> <span class='ocrx_word' id='word_1_189' title='bbox 2317 1191 2610 1262; x_wconf 66' lang='grc' dir='ltr'><strong>Θαυμάσαι</strong></span> <span class='ocrx_word' id='word_1_190' title='bbox 2642 1190 2699 1242; x_wconf 78' lang='grc' dir='ltr'><strong>δὲ</strong></span> <span class='ocrx_word' id='word_1_191' title='bbox 2753 1189 2903 1254; x_wconf 75' lang='grc' dir='ltr'><strong>ἐστι,</strong></span> <span class='ocrx_word' id='word_1_192' title='bbox 2957 1193 3050 1244; x_wconf 71' lang='grc' dir='ltr'><strong>καὶ</strong></span> <span class='ocrx_word' id='word_1_193' title='bbox 3105 1193 3529 1263; x_wconf 80' lang='grc' dir='ltr'><strong>καταπλαγῆναι</strong></span> 
     </span>
    </p>
   </div>
   <div class='ocr_carea' id='block_1_25' title="bbox 1924 1281 3530 1356">
    <p class='ocr_par' dir='ltr' id='par_1_25' title="bbox 1924 1281 3530 1356">
     <span class='ocr_line' id='line_1_25' title="bbox 1924 1281 3530 1356; baseline -0.002 -16"><span class='ocrx_word' id='word_1_194' title='bbox 1924 1285 2138 1356; x_wconf 69' lang='grc' dir='ltr'><strong>ἀληθῶς</strong></span> <span class='ocrx_word' id='word_1_195' title='bbox 2191 1285 2291 1356; x_wconf 75' lang='grc' dir='ltr'>τὴν</span> <span class='ocrx_word' id='word_1_196' title='bbox 2343 1283 2452 1336; x_wconf 79' lang='grc' dir='ltr'><strong>τῶν</strong></span> <span class='ocrx_word' id='word_1_197' title='bbox 2505 1283 2860 1354; x_wconf 59' lang='grc' dir='ltr'><strong>προφητικῶν</strong></span> <span class='ocrx_word' id='word_1_198' title='bbox 2924 1281 3097 1350; x_wconf 73' lang='grc' dir='ltr'><strong>λόγων</strong></span> <span class='ocrx_word' id='word_1_199' title='bbox 3153 1283 3403 1356; x_wconf 79' lang='grc' dir='ltr'><strong>δύναμιν,</strong></span> <span class='ocrx_word' id='word_1_200' title='bbox 3453 1283 3530 1348; x_wconf 81' lang='grc' dir='ltr'><strong>ὡς</strong></span> 
     </span>
    </p>
   </div>
   <div class='ocr_carea' id='block_1_26' title="bbox 1925 1376 3527 1450">
    <p class='ocr_par' dir='ltr' id='par_1_26' title="bbox 1925 1376 3527 1450">
     <span class='ocr_line' id='line_1_26' title="bbox 1925 1376 3527 1450; baseline -0.001 -18"><span class='ocrx_word' id='word_1_201' title='bbox 1925 1381 2105 1442; x_wconf 72' lang='grc' dir='ltr'>αὐτοῖς</span> <span class='ocrx_word' id='word_1_202' title='bbox 2139 1377 2324 1450; x_wconf 71' lang='grc' dir='ltr'><strong>ἔργοις</strong></span> <span class='ocrx_word' id='word_1_203' title='bbox 2368 1376 2436 1429; x_wconf 70' lang='grc' dir='ltr'>τὰ</span> <span class='ocrx_word' id='word_1_204' title='bbox 2487 1376 2902 1446; x_wconf 70' lang='grc' dir='ltr'><strong>ἀποτελέσματα</strong></span> <span class='ocrx_word' id='word_1_205' title='bbox 2956 1376 3398 1449; x_wconf 67' lang='grc' dir='ltr'><strong>παρειλήφαμεν.</strong></span> <span class='ocrx_word' id='word_1_206' title='bbox 3439 1379 3527 1431; x_wconf 87' lang='grc' dir='ltr'>Ἐν</span> 
     </span>
    </p>
   </div>
   <div class='ocr_carea' id='block_1_27' title="bbox 1923 1469 3524 1542">
    <p class='ocr_par' dir='ltr' id='par_1_27' title="bbox 1923 1469 3524 1542">
     <span class='ocr_line' id='line_1_27' title="bbox 1923 1469 3524 1542; baseline -0.002 -17"><span class='ocrx_word' id='word_1_207' title='bbox 1923 1472 2054 1542; x_wconf 73' lang='grc' dir='ltr'>γοῦν</span> <span class='ocrx_word' id='word_1_208' title='bbox 2091 1474 2200 1534; x_wconf 78' lang='grc' dir='ltr'><strong>τοῖς</strong></span> <span class='ocrx_word' id='word_1_209' title='bbox 2246 1470 2366 1522; x_wconf 68' lang='grc' dir='ltr'>καθ’</span> <span class='ocrx_word' id='word_1_210' title='bbox 2416 1471 2565 1541; x_wconf 76' lang='grc' dir='ltr'><strong>ἡμᾶς</strong></span> <span class='ocrx_word' id='word_1_211' title='bbox 2619 1471 2819 1532; x_wconf 72' lang='grc' dir='ltr'>αὐτοὺς</span> <span class='ocrx_word' id='word_1_212' title='bbox 2875 1469 3193 1540; x_wconf 75' lang='grc' dir='ltr'>γενομένοις</span> <span class='ocrx_word' id='word_1_213' title='bbox 3240 1471 3524 1542; x_wconf 84' lang='grc' dir='ltr'><strong>διωγμοῖς,</strong></span> 
     </span>
    </p>
   </div>
   <div class='ocr_carea' id='block_1_28' title="bbox 1924 1563 3526 1635">
    <p class='ocr_par' dir='ltr' id='par_1_28' title="bbox 1924 1563 3526 1635">
     <span class='ocr_line' id='line_1_28' title="bbox 1924 1563 3526 1635; baseline -0.002 -16"><span class='ocrx_word' id='word_1_214' title='bbox 1924 1566 2152 1630; x_wconf 69' lang='grc' dir='ltr'>πολλοὺς</span> <span class='ocrx_word' id='word_1_215' title='bbox 2186 1564 2295 1617; x_wconf 73' lang='grc' dir='ltr'><strong>τῶν</strong></span> <span class='ocrx_word' id='word_1_216' title='bbox 2337 1563 2650 1632; x_wconf 78' lang='grc' dir='ltr'><strong>ἀλλοφύλων</strong></span> <span class='ocrx_word' id='word_1_217' title='bbox 2699 1565 2869 1618; x_wconf 78' lang='grc' dir='ltr'>ἐθνῶν</span> <span class='ocrx_word' id='word_1_218' title='bbox 2901 1563 3270 1635; x_wconf 74' lang='grc' dir='ltr'><strong>ἐθεασάμεθα,</strong></span> <span class='ocrx_word' id='word_1_219' title='bbox 3315 1580 3526 1634; x_wconf 80' lang='grc' dir='ltr'><strong>προαρ-</strong></span> 
     </span>
    </p>
   </div>
   <div class='ocr_carea' id='block_1_29' title="bbox 1924 1657 3526 1732">
    <p class='ocr_par' dir='ltr' id='par_1_29' title="bbox 1924 1657 3526 1732">
     <span class='ocr_line' id='line_1_29' title="bbox 1924 1657 3526 1732; baseline -0.006 -18"><span class='ocrx_word' id='word_1_220' title='bbox 1924 1658 2196 1723; x_wconf 76' lang='grc' dir='ltr'>πάζοντας</span> <span class='ocrx_word' id='word_1_221' title='bbox 2238 1659 2453 1721; x_wconf 67' lang='grc' dir='ltr'><strong>ἑαυτοῖς</strong></span> <span class='ocrx_word' id='word_1_222' title='bbox 2486 1657 2583 1720; x_wconf 64' lang='grc' dir='ltr'><strong>τὰς</strong></span> <span class='ocrx_word' id='word_1_223' title='bbox 2624 1657 2732 1710; x_wconf 81' lang='grc' dir='ltr'>τῶν</span> <span class='ocrx_word' id='word_1_224' title='bbox 2781 1657 2952 1725; x_wconf 69' lang='grc' dir='ltr'>ἁγίων</span> <span class='ocrx_word' id='word_1_225' title='bbox 2991 1657 3202 1732; x_wconf 80' lang='grc' dir='ltr'>ἀνδρῶν</span> <span class='ocrx_word' id='word_1_226' title='bbox 3248 1673 3526 1729; x_wconf 71' lang='grc' dir='ltr'><strong>προοηγορ</strong></span> 
     </span>
    </p>
   </div>
   <div class='ocr_carea' id='block_1_30' title="bbox 1926 1746 3526 1822">
    <p class='ocr_par' dir='ltr' id='par_1_30' title="bbox 1926 1746 3526 1822">
     <span class='ocr_line' id='line_1_30' title="bbox 1926 1746 3526 1822; baseline -0.001 -20"><span class='ocrx_word' id='word_1_227' title='bbox 1926 1752 2076 1822; x_wconf 67' lang='grc' dir='ltr'><strong>ρὶας·</strong></span> <span class='ocrx_word' id='word_1_228' title='bbox 2122 1746 2197 1804; x_wconf 82' lang='grc' dir='ltr'>ὧν</span> <span class='ocrx_word' id='word_1_229' title='bbox 2239 1753 2266 1802; x_wconf 84' lang='grc' dir='ltr'>ὁ</span> <span class='ocrx_word' id='word_1_230' title='bbox 2315 1751 2412 1820; x_wconf 79' lang='grc' dir='ltr'>μὲν</span> <span class='ocrx_word' id='word_1_231' title='bbox 2448 1749 2639 1804; x_wconf 73' lang='grc' dir='ltr'><strong>ἑαυτὸν</strong></span> <span class='ocrx_word' id='word_1_232' title='bbox 2697 1748 2874 1802; x_wconf 77' lang='grc' dir='ltr'><strong>Ιακὼϐ</strong></span> <span class='ocrx_word' id='word_1_233' title='bbox 2924 1750 3142 1812; x_wconf 71' lang='grc' dir='ltr'><strong>ἐκάλει,</strong></span> <span class='ocrx_word' id='word_1_234' title='bbox 3199 1750 3293 1803; x_wconf 79' lang='grc' dir='ltr'>καὶ</span> <span class='ocrx_word' id='word_1_235' title='bbox 3337 1749 3526 1820; x_wconf 78' lang='grc' dir='ltr'>ἕτερος</span> 
     </span>
    </p>
   </div>
   <div class='ocr_carea' id='block_1_31' title="bbox 203 1821 1806 1915">
    <p class='ocr_par' dir='ltr' id='par_1_31' title="bbox 203 1841 1806 1915">
     <span class='ocr_line' id='line_1_31' title="bbox 203 1841 1806 1915; baseline 0.002 -18"><span class='ocrx_word' id='word_1_236' title='bbox 203 1842 412 1898; x_wconf 87' lang='lat' dir='ltr'><strong>clarat.</strong></span> <span class='ocrx_word' id='word_1_237' title='bbox 442 1862 463 1895; x_wconf 77' lang='grc' dir='ltr'><strong><em>ι</em></strong></span> <span class='ocrx_word' id='word_1_238' title='bbox 516 1841 640 1896; x_wconf 87' lang='lat' dir='ltr'><strong>Pari</strong></span> <span class='ocrx_word' id='word_1_239' title='bbox 690 1843 853 1898; x_wconf 91' lang='lat' dir='ltr'><strong>modo</strong></span> <span class='ocrx_word' id='word_1_240' title='bbox 910 1843 1184 1898; x_wconf 84' lang='lat' dir='ltr'><strong>invehitur</strong></span> <span class='ocrx_word' id='word_1_241' title='bbox 1231 1844 1284 1898; x_wconf 89' lang='lat' dir='ltr'><strong>in</strong></span> <span class='ocrx_word' id='word_1_242' title='bbox 1331 1857 1427 1899; x_wconf 87' lang='lat' dir='ltr'><strong>eos</strong></span> <span class='ocrx_word' id='word_1_243' title='bbox 1468 1846 1593 1915; x_wconf 88' lang='lat' dir='ltr'><strong>qui,</strong></span> <span class='ocrx_word' id='word_1_244' title='bbox 1643 1848 1806 1902; x_wconf 85' lang='lat' dir='ltr'><strong>motui</strong></span> 
     </span>
    </p>
   </div>
   <div class='ocr_carea' id='block_1_32' title="bbox 1918 1821 3522 1915">
    <p class='ocr_par' dir='ltr' id='par_1_32' title="bbox 1934 1840 3522 1914">
     <span class='ocr_line' id='line_1_32' title="bbox 1934 1840 3522 1914; baseline 0 -20"><span class='ocrx_word' id='word_1_245' title='bbox 1934 1841 2171 1914; x_wconf 73' lang='grc' dir='ltr'><strong>Ἰσραὴλ,</strong></span> <span class='ocrx_word' id='word_1_246' title='bbox 2231 1841 2390 1907; x_wconf 74' lang='grc' dir='ltr'><strong>ἄλλος</strong></span> <span class='ocrx_word' id='word_1_247' title='bbox 2424 1843 2480 1895; x_wconf 78' lang='grc' dir='ltr'><strong>δὲ</strong></span> <span class='ocrx_word' id='word_1_248' title='bbox 2538 1841 2829 1913; x_wconf 79' lang='grc' dir='ltr'>Ἱερεμίαν,</span> <span class='ocrx_word' id='word_1_249' title='bbox 2886 1841 2978 1895; x_wconf 58' lang='grc' dir='ltr'><strong>καὶ</strong></span> <span class='ocrx_word' id='word_1_250' title='bbox 3024 1841 3251 1894; x_wconf 76' lang='grc' dir='ltr'>Ἡσαΐαν</span> <span class='ocrx_word' id='word_1_251' title='bbox 3296 1840 3522 1911; x_wconf 77' lang='grc' dir='ltr'><strong>ἕτερος,</strong></span> 
     </span>
    </p>
   </div>
   <div class='ocr_carea' id='block_1_33' title="bbox 204 1933 1820 2008">
    <p class='ocr_par' dir='ltr' id='par_1_33' title="bbox 204 1933 1820 2008">
     <span class='ocr_line' id='line_1_33' title="bbox 204 1933 1820 2008; baseline 0.004 -20"><span class='ocrx_word' id='word_1_252' title='bbox 204 1946 498 1990; x_wconf 88' lang='lat' dir='ltr'><strong>astrorum</strong></span> <span class='ocrx_word' id='word_1_253' title='bbox 560 1933 744 1990; x_wconf 85' lang='lat' dir='ltr'><strong>omnia</strong></span> <span class='ocrx_word' id='word_1_254' title='bbox 819 1936 1196 2001; x_wconf 75' lang='lat' dir='ltr'><strong>ascribentes,</strong></span> <span class='ocrx_word' id='word_1_255' title='bbox 1246 1937 1491 2006; x_wconf 80' lang='lat' dir='ltr'><strong>genesim</strong></span> <span class='ocrx_word' id='word_1_256' title='bbox 1553 1938 1820 2008; x_wconf 86' lang='lat' dir='ltr'><strong>cujusque</strong></span> 
     </span>
    </p>
   </div>
   <div class='ocr_carea' id='block_1_34' title="bbox 203 2027 1813 2099">
    <p class='ocr_par' dir='ltr' id='par_1_34' title="bbox 203 2027 1813 2099">
     <span class='ocr_line' id='line_1_34' title="bbox 203 2027 1813 2099; baseline 0.002 -19"><span class='ocrx_word' id='word_1_257' title='bbox 203 2027 618 2095; x_wconf 80' lang='lat' dir='ltr'><strong>explorabant:</strong></span> <span class='ocrx_word' id='word_1_258' title='bbox 650 2029 742 2099; x_wconf 91' lang='lat' dir='ltr'><strong>qui</strong></span> <span class='ocrx_word' id='word_1_259' title='bbox 778 2027 1097 2098; x_wconf 81' lang='lat' dir='ltr'><strong>frequentes</strong></span> <span class='ocrx_word' id='word_1_260' title='bbox 1149 2029 1242 2083; x_wconf 92' lang='lat' dir='ltr'><strong>illa</strong></span> <span class='ocrx_word' id='word_1_261' title='bbox 1274 2037 1597 2098; x_wconf 83' lang='lat' dir='ltr'><strong>tempestate</strong></span> <span class='ocrx_word' id='word_1_262' title='bbox 1629 2040 1813 2084; x_wconf 89' lang='lat' dir='ltr'><strong>erant.</strong></span> 
     </span>
    </p>
   </div>
   <div class='ocr_carea' id='block_1_35' title="bbox 205 2117 1818 2192">
    <p class='ocr_par' dir='ltr' id='par_1_35' title="bbox 205 2117 1818 2192">
     <span class='ocr_line' id='line_1_35' title="bbox 205 2117 1818 2192; baseline 0.004 -21"><span class='ocrx_word' id='word_1_263' title='bbox 205 2117 478 2189; x_wconf 78' lang='lat' dir='ltr'><strong>Legimus</strong></span> <span class='ocrx_word' id='word_1_264' title='bbox 522 2135 656 2176; x_wconf 82' lang='lat' dir='ltr'><strong>sane</strong></span> <span class='ocrx_word' id='word_1_265' title='bbox 693 2121 984 2176; x_wconf 83' lang='lat' dir='ltr'><strong>Eusebium</strong></span> <span class='ocrx_word' id='word_1_266' title='bbox 1021 2121 1387 2186; x_wconf 85' lang='lat' dir='ltr'><strong>Emesenum,</strong></span> <span class='ocrx_word' id='word_1_267' title='bbox 1431 2124 1576 2192; x_wconf 91' lang='lat' dir='ltr'><strong>quod</strong></span> <span class='ocrx_word' id='word_1_268' title='bbox 1619 2123 1818 2177; x_wconf 84' lang='grc' dir='ltr'><strong>ἀποτε-</strong></span> 
     </span>
    </p>
   </div>
   <div class='ocr_carea' id='block_1_36' title="bbox 200 2209 1816 2283">
    <p class='ocr_par' dir='ltr' id='par_1_36' title="bbox 200 2209 1816 2283">
     <span class='ocr_line' id='line_1_36' title="bbox 200 2209 1816 2283; baseline 0.005 -19"><span class='ocrx_word' id='word_1_269' title='bbox 200 2209 560 2283; x_wconf 78' lang='grc' dir='ltr'><strong>λεσματικὴν</strong></span> <span class='ocrx_word' id='word_1_270' title='bbox 633 2221 953 2279; x_wconf 83' lang='lat' dir='ltr'><strong>exerceret,</strong></span> <span class='ocrx_word' id='word_1_271' title='bbox 1011 2228 1040 2266; x_wconf 91' lang='lat' dir='ltr'><strong>a</strong></span> <span class='ocrx_word' id='word_1_272' title='bbox 1095 2211 1257 2282; x_wconf 88' lang='lat' dir='ltr'><strong>plebe</strong></span> <span class='ocrx_word' id='word_1_273' title='bbox 1324 2212 1544 2283; x_wconf 90' lang='lat' dir='ltr'><strong>pulsum</strong></span> <span class='ocrx_word' id='word_1_274' title='bbox 1617 2215 1816 2273; x_wconf 90' lang='lat' dir='ltr'><strong>throno</strong></span> 
     </span>
    </p>
   </div>
   <div class='ocr_carea' id='block_1_37' title="bbox 200 2301 384 2360">
    <p class='ocr_par' dir='ltr' id='par_1_37' title="bbox 200 2301 384 2360">
     <span class='ocr_line' id='line_1_37' title="bbox 200 2301 384 2360; baseline 0.011 -4"><span class='ocrx_word' id='word_1_275' title='bbox 200 2301 384 2360; x_wconf 87' lang='lat' dir='ltr'><strong>fuisse</strong></span> 
     </span>
    </p>
   </div>
   <div class='ocr_carea' id='block_1_38' title="bbox 341 2393 1681 2461">
    <p class='ocr_par' dir='ltr' id='par_1_38' title="bbox 341 2393 1681 2461">
     <span class='ocr_line' id='line_1_38' title="bbox 341 2393 1681 2461; baseline 0.003 -15"><span class='ocrx_word' id='word_1_276' title='bbox 341 2393 432 2446; x_wconf 85' lang='grc' dir='ltr'><strong>ΠΙ.</strong></span> <span class='ocrx_word' id='word_1_277' title='bbox 472 2395 742 2459; x_wconf 77' lang='lat' dir='ltr'><strong>Apostolos</strong></span> <span class='ocrx_word' id='word_1_278' title='bbox 763 2400 1142 2461; x_wconf 87' lang='lat' dir='ltr'><strong>quatuordecim</strong></span> <span class='ocrx_word' id='word_1_279' title='bbox 1166 2407 1396 2452; x_wconf 87' lang='lat' dir='ltr'><strong>numerat</strong></span> <span class='ocrx_word' id='word_1_280' title='bbox 1419 2401 1681 2454; x_wconf 82' lang='lat' dir='ltr'><strong>Eusebius.</strong></span> 
     </span>
    </p>
   </div>
   <div class='ocr_carea' id='block_1_39' title="bbox 280 2479 1814 2553">
    <p class='ocr_par' dir='ltr' id='par_1_39' title="bbox 280 2479 1814 2553">
     <span class='ocr_line' id='line_1_39' title="bbox 280 2479 1814 2553; baseline 0.003 -18"><span class='ocrx_word' id='word_1_281' title='bbox 280 2479 580 2550; x_wconf 76' lang='lat' dir='ltr'><strong>Apostolus</strong></span> <span class='ocrx_word' id='word_1_282' title='bbox 621 2483 1041 2552; x_wconf 87' lang='lat' dir='ltr'><strong>quatuordecim</strong></span> <span class='ocrx_word' id='word_1_283' title='bbox 1092 2497 1346 2542; x_wconf 82' lang='lat' dir='ltr'><strong>recenset</strong></span> <span class='ocrx_word' id='word_1_284' title='bbox 1389 2485 1684 2553; x_wconf 87' lang='lat' dir='ltr'><strong>Eusebius,</strong></span> <span class='ocrx_word' id='word_1_285' title='bbox 1729 2487 1814 2541; x_wconf 88' lang='lat' dir='ltr'><strong>ni-</strong></span> 
     </span>
    </p>
   </div>
   <div class='ocr_carea' id='block_1_40' title="bbox 199 2574 1812 2650">
    <p class='ocr_par' dir='ltr' id='par_1_40' title="bbox 199 2574 1812 2650">
     <span class='ocr_line' id='line_1_40' title="bbox 199 2574 1812 2650; baseline 0.004 -20"><span class='ocrx_word' id='word_1_286' title='bbox 199 2574 416 2630; x_wconf 85' lang='lat' dir='ltr'><strong>mirum</strong></span> <span class='ocrx_word' id='word_1_287' title='bbox 465 2575 754 2630; x_wconf 85' lang='lat' dir='ltr'><strong>duodecim</strong></span> <span class='ocrx_word' id='word_1_288' title='bbox 795 2575 919 2633; x_wconf 89' lang='lat' dir='ltr'><strong>illos</strong></span> <span class='ocrx_word' id='word_1_289' title='bbox 950 2577 1236 2650; x_wconf 80' lang='lat' dir='ltr'><strong>pristinos,</strong></span> <span class='ocrx_word' id='word_1_290' title='bbox 1267 2577 1494 2636; x_wconf 78' lang='lat' dir='ltr'><strong>Matthia</strong></span> <span class='ocrx_word' id='word_1_291' title='bbox 1529 2581 1584 2636; x_wconf 89' lang='lat' dir='ltr'><strong>in</strong></span> <span class='ocrx_word' id='word_1_292' title='bbox 1629 2581 1812 2636; x_wconf 89' lang='lat' dir='ltr'><strong>locum</strong></span> 
     </span>
    </p>
   </div>
   <div class='ocr_carea' id='block_1_41' title="bbox 197 2663 1809 2742">
    <p class='ocr_par' dir='ltr' id='par_1_41' title="bbox 197 2663 1809 2742">
     <span class='ocr_line' id='line_1_41' title="bbox 197 2663 1809 2742; baseline 0.002 -20"><span class='ocrx_word' id='word_1_293' title='bbox 197 2663 363 2723; x_wconf 73' lang='lat' dir='ltr'><strong>J‘udte</strong></span> <span class='ocrx_word' id='word_1_294' title='bbox 432 2669 732 2736; x_wconf 87' lang='lat' dir='ltr'><strong>proditoris</strong></span> <span class='ocrx_word' id='word_1_295' title='bbox 780 2668 1168 2726; x_wconf 88' lang='lat' dir='ltr'><strong>duodecimum</strong></span> <span class='ocrx_word' id='word_1_296' title='bbox 1233 2671 1417 2728; x_wconf 86' lang='lat' dir='ltr'><strong>locum</strong></span> <span class='ocrx_word' id='word_1_297' title='bbox 1478 2680 1809 2742; x_wconf 89' lang='lat' dir='ltr'><strong>occupante,</strong></span> 
     </span>
    </p>
   </div>
   <div class='ocr_carea' id='block_1_42' title="bbox 200 2755 1809 2830">
    <p class='ocr_par' dir='ltr' id='par_1_42' title="bbox 200 2755 1809 2830">
     <span class='ocr_line' id='line_1_42' title="bbox 200 2755 1809 2830; baseline 0.006 -19"><span class='ocrx_word' id='word_1_298' title='bbox 200 2755 441 2812; x_wconf 83' lang='lat' dir='ltr'><strong>Paulum</strong></span> <span class='ocrx_word' id='word_1_299' title='bbox 468 2769 524 2814; x_wconf 86' lang='lat' dir='ltr'><strong>et</strong></span> <span class='ocrx_word' id='word_1_300' title='bbox 552 2757 816 2816; x_wconf 70' lang='lat' dir='ltr'><strong>Iacobum</strong></span> <span class='ocrx_word' id='word_1_301' title='bbox 849 2759 1074 2818; x_wconf 79' lang='lat' dir='ltr'><strong>fratrem</strong></span> <span class='ocrx_word' id='word_1_302' title='bbox 1109 2762 1358 2830; x_wconf 89' lang='lat' dir='ltr'><strong>Domini;</strong></span> <span class='ocrx_word' id='word_1_303' title='bbox 1389 2778 1514 2819; x_wconf 89' lang='lat' dir='ltr'><strong>nam</strong></span> <span class='ocrx_word' id='word_1_304' title='bbox 1547 2763 1809 2820; x_wconf 81' lang='lat' dir='ltr'><strong>Jacobum</strong></span> 
     </span>
    </p>
   </div>
   <div class='ocr_carea' id='block_1_43' title="bbox 197 2848 1806 2928">
    <p class='ocr_par' dir='ltr' id='par_1_43' title="bbox 197 2848 1806 2928">
     <span class='ocr_line' id='line_1_43' title="bbox 197 2848 1806 2928; baseline 0.006 -23"><span class='ocrx_word' id='word_1_305' title='bbox 197 2848 360 2905; x_wconf 79' lang='lat' dir='ltr'><strong>illum</strong></span> <span class='ocrx_word' id='word_1_306' title='bbox 394 2849 620 2907; x_wconf 77' lang='lat' dir='ltr'><strong>fratrem</strong></span> <span class='ocrx_word' id='word_1_307' title='bbox 654 2849 892 2918; x_wconf 85' lang='lat' dir='ltr'><strong>Domini,</strong></span> <span class='ocrx_word' id='word_1_308' title='bbox 921 2852 1085 2908; x_wconf 91' lang='lat' dir='ltr'><strong>alium</strong></span> <span class='ocrx_word' id='word_1_309' title='bbox 1117 2869 1148 2908; x_wconf 90' lang='lat' dir='ltr'><strong>a</strong></span> <span class='ocrx_word' id='word_1_310' title='bbox 1177 2852 1380 2911; x_wconf 85' lang='lat' dir='ltr'><strong>Jacobo</strong></span> <span class='ocrx_word' id='word_1_311' title='bbox 1408 2856 1615 2927; x_wconf 77' lang='lat' dir='ltr'><strong>Alphtei</strong></span> <span class='ocrx_word' id='word_1_312' title='bbox 1647 2866 1806 2928; x_wconf 86' lang='lat' dir='ltr'><strong>putat</strong></span> 
     </span>
    </p>
   </div>
   <div class='ocr_carea' id='block_1_44' title="bbox 195 2942 1808 3019">
    <p class='ocr_par' dir='ltr' id='par_1_44' title="bbox 195 2942 1808 3019">
     <span class='ocr_line' id='line_1_44' title="bbox 195 2942 1808 3019; baseline 0.007 -22"><span class='ocrx_word' id='word_1_313' title='bbox 195 2957 355 2998; x_wconf 83' lang='lat' dir='ltr'><strong>esse.</strong></span> <span class='ocrx_word' id='word_1_314' title='bbox 407 2942 545 2998; x_wconf 80' lang='lat' dir='ltr'><strong>Tres</strong></span> <span class='ocrx_word' id='word_1_315' title='bbox 603 2945 790 3014; x_wconf 84' lang='lat' dir='ltr'><strong>itaque</strong></span> <span class='ocrx_word' id='word_1_316' title='bbox 837 2944 1166 3016; x_wconf 82' lang='grc' dir='ltr'><strong>ὁμωνύμους</strong></span> <span class='ocrx_word' id='word_1_317' title='bbox 1225 2948 1504 3019; x_wconf 88' lang='lat' dir='ltr'><strong>apostolos</strong></span> <span class='ocrx_word' id='word_1_318' title='bbox 1555 2962 1808 3009; x_wconf 87' lang='lat' dir='ltr'><strong>numerat</strong></span> 
     </span>
    </p>
   </div>
   <div class='ocr_carea' id='block_1_45' title="bbox 201 3035 1808 3107">
    <p class='ocr_par' dir='ltr' id='par_1_45' title="bbox 201 3035 1808 3107">
     <span class='ocr_line' id='line_1_45' title="bbox 201 3035 1808 3107; baseline 0.007 -17"><span class='ocrx_word' id='word_1_319' title='bbox 201 3035 502 3102; x_wconf 82' lang='lat' dir='ltr'><strong>Eusebius,</strong></span> <span class='ocrx_word' id='word_1_320' title='bbox 544 3036 804 3093; x_wconf 84' lang='lat' dir='ltr'><strong>Jacobum</strong></span> <span class='ocrx_word' id='word_1_321' title='bbox 856 3038 1086 3094; x_wconf 80' lang='lat' dir='ltr'><strong>fratrem</strong></span> <span class='ocrx_word' id='word_1_322' title='bbox 1131 3036 1382 3107; x_wconf 78' lang='lat' dir='ltr'><strong>Joannis,</strong></span> <span class='ocrx_word' id='word_1_323' title='bbox 1419 3040 1681 3100; x_wconf 72' lang='lat' dir='ltr'><strong>Iacobum</strong></span> <span class='ocrx_word' id='word_1_324' title='bbox 1710 3047 1808 3101; x_wconf 83' lang='lat' dir='ltr'><strong>Al-</strong></span> 
     </span>
    </p>
   </div>
   <div class='ocr_carea' id='block_1_46' title="bbox 194 3126 1879 3230">
    <p class='ocr_par' dir='ltr' id='par_1_46' title="bbox 194 3126 1879 3230">
     <span class='ocr_line' id='line_1_46' title="bbox 194 3126 1879 3230; baseline 0.008 -49"><span class='ocrx_word' id='word_1_325' title='bbox 194 3128 478 3230; x_wconf 43' lang='lat' dir='ltr'><strong>phaiLet</strong></span> <span class='ocrx_word' id='word_1_326' title='bbox 529 3126 795 3230; x_wconf 70' lang='lat' dir='ltr'><strong>Iacobum</strong></span> <span class='ocrx_word' id='word_1_327' title='bbox 846 3129 1070 3230; x_wconf 63' lang='lat' dir='ltr'><strong>fratrem</strong></span> <span class='ocrx_word' id='word_1_328' title='bbox 1107 3130 1366 3230; x_wconf 75' lang='lat' dir='ltr'><strong>Domini,</strong></span> <span class='ocrx_word' id='word_1_329' title='bbox 1411 3149 1571 3206; x_wconf 88' lang='lat' dir='ltr'><strong>quem</strong></span> <span class='ocrx_word' id='word_1_330' title='bbox 1617 3138 1694 3194; x_wconf 92' lang='lat' dir='ltr'><strong>ait</strong></span> <span class='ocrx_word' id='word_1_331' title='bbox 1737 3139 1805 3195; x_wconf 90' lang='lat' dir='ltr'><strong>ab</strong></span> <span class='ocrx_word' id='word_1_332' title='bbox 1836 3171 1879 3230; x_wconf 65' lang='grc' dir='ltr'>ο</span> 
     </span>
    </p>
   </div>
   <div class='ocr_carea' id='block_1_47' title="bbox 197 3218 1804 3294">
    <p class='ocr_par' dir='ltr' id='par_1_47' title="bbox 197 3218 1804 3294">
     <span class='ocr_line' id='line_1_47' title="bbox 197 3218 1804 3294; baseline 0.009 -21"><span class='ocrx_word' id='word_1_333' title='bbox 197 3219 327 3288; x_wconf 90' lang='lat' dir='ltr'><strong>ipso</strong></span> <span class='ocrx_word' id='word_1_334' title='bbox 346 3218 562 3275; x_wconf 87' lang='lat' dir='ltr'><strong>Christo</strong></span> <span class='ocrx_word' id='word_1_335' title='bbox 583 3221 894 3292; x_wconf 87' lang='lat' dir='ltr'><strong>episcopum</strong></span> <span class='ocrx_word' id='word_1_336' title='bbox 913 3219 1426 3294; x_wconf 84' lang='lat' dir='ltr'><strong>Jerosolymitanum</strong></span> <span class='ocrx_word' id='word_1_337' title='bbox 1448 3230 1804 3287; x_wconf 87' lang='lat' dir='ltr'><strong>constitutum</strong></span> 
     </span>
    </p>
   </div>
   <div class='ocr_carea' id='block_1_48' title="bbox 195 3310 1806 3390">
    <p class='ocr_par' dir='ltr' id='par_1_48' title="bbox 195 3310 1806 3390">
     <span class='ocr_line' id='line_1_48' title="bbox 195 3310 1806 3390; baseline 0.009 -24"><span class='ocrx_word' id='word_1_338' title='bbox 195 3311 394 3366; x_wconf 63' lang='lat' dir='ltr'><strong>fuisse.</strong></span> <span class='ocrx_word' id='word_1_339' title='bbox 449 3310 606 3368; x_wconf 87' lang='lat' dir='ltr'><strong>Hunc</strong></span> <span class='ocrx_word' id='word_1_340' title='bbox 634 3329 800 3383; x_wconf 90' lang='lat' dir='ltr'><strong>porro</strong></span> <span class='ocrx_word' id='word_1_341' title='bbox 837 3315 1015 3371; x_wconf 91' lang='lat' dir='ltr'><strong>locum</strong></span> <span class='ocrx_word' id='word_1_342' title='bbox 1053 3316 1421 3390; x_wconf 81' lang='lat' dir='ltr'><strong>Hieronymus</strong></span> <span class='ocrx_word' id='word_1_343' title='bbox 1461 3335 1528 3378; x_wconf 82' lang='lat' dir='ltr'><strong>ex</strong></span> <span class='ocrx_word' id='word_1_344' title='bbox 1567 3322 1806 3380; x_wconf 90' lang='lat' dir='ltr'><strong>Eusebio</strong></span> 
     </span>
    </p>
   </div>
   <div class='ocr_carea' id='block_1_49' title="bbox 196 3406 1804 3488">
    <p class='ocr_par' dir='ltr' id='par_1_49' title="bbox 196 3406 1804 3488">
     <span class='ocr_line' id='line_1_49' title="bbox 196 3406 1804 3488; baseline 0.007 -28"><span class='ocrx_word' id='word_1_345' title='bbox 196 3407 270 3460; x_wconf 88' lang='lat' dir='ltr'><strong>ad</strong></span> <span class='ocrx_word' id='word_1_346' title='bbox 311 3406 536 3462; x_wconf 82' lang='lat' dir='ltr'><strong>verbum</strong></span> <span class='ocrx_word' id='word_1_347' title='bbox 584 3423 747 3478; x_wconf 91' lang='lat' dir='ltr'><strong>pene,</strong></span> <span class='ocrx_word' id='word_1_348' title='bbox 796 3419 857 3464; x_wconf 93' lang='lat' dir='ltr'><strong>ut</strong></span> <span class='ocrx_word' id='word_1_349' title='bbox 890 3412 1094 3479; x_wconf 90' lang='lat' dir='ltr'><strong>passim</strong></span> <span class='ocrx_word' id='word_1_350' title='bbox 1141 3411 1315 3478; x_wconf 87' lang='lat' dir='ltr'><strong>solet,</strong></span> <span class='ocrx_word' id='word_1_351' title='bbox 1364 3415 1675 3480; x_wconf 89' lang='lat' dir='ltr'><strong>transtulit,</strong></span> <span class='ocrx_word' id='word_1_352' title='bbox 1713 3419 1804 3488; x_wconf 91' lang='lat' dir='ltr'><strong>qui</strong></span> 
     </span>
    </p>
   </div>
   <div class='ocr_carea' id='block_1_50' title="bbox 195 3502 1805 3571">
    <p class='ocr_par' dir='ltr' id='par_1_50' title="bbox 195 3502 1805 3571">
     <span class='ocr_line' id='line_1_50' title="bbox 195 3502 1805 3571; baseline 0.006 -19"><span class='ocrx_word' id='word_1_353' title='bbox 195 3508 388 3553; x_wconf 86' lang='lat' dir='ltr'><strong>tamen</strong></span> <span class='ocrx_word' id='word_1_354' title='bbox 424 3514 544 3554; x_wconf 88' lang='lat' dir='ltr'><strong>eam</strong></span> <span class='ocrx_word' id='word_1_355' title='bbox 591 3502 764 3570; x_wconf 92' lang='lat' dir='ltr'><strong>ipsam</strong></span> <span class='ocrx_word' id='word_1_356' title='bbox 807 3503 1119 3571; x_wconf 89' lang='lat' dir='ltr'><strong>opinionem</strong></span> <span class='ocrx_word' id='word_1_357' title='bbox 1154 3505 1207 3559; x_wconf 92' lang='lat' dir='ltr'><strong>in</strong></span> <span class='ocrx_word' id='word_1_358' title='bbox 1248 3505 1390 3561; x_wconf 91' lang='lat' dir='ltr'><strong>libro</strong></span> <span class='ocrx_word' id='word_1_359' title='bbox 1431 3505 1632 3563; x_wconf 87' lang='lat' dir='ltr'><strong>Contra</strong></span> <span class='ocrx_word' id='word_1_360' title='bbox 1673 3507 1805 3564; x_wconf 83' lang='lat' dir='ltr'><strong>Hel-</strong></span> 
     </span>
    </p>
   </div>
   <div class='ocr_carea' id='block_1_51' title="bbox 194 3591 1805 3666">
    <p class='ocr_par' dir='ltr' id='par_1_51' title="bbox 194 3591 1805 3666">
     <span class='ocr_line' id='line_1_51' title="bbox 194 3591 1805 3666; baseline 0.009 -22"><span class='ocrx_word' id='word_1_361' title='bbox 194 3591 407 3644; x_wconf 73' lang='lat' dir='ltr'><strong>vidium</strong></span> <span class='ocrx_word' id='word_1_362' title='bbox 451 3602 766 3663; x_wconf 78' lang='lat' dir='ltr'><strong>oppugnat,</strong></span> <span class='ocrx_word' id='word_1_363' title='bbox 819 3595 1062 3666; x_wconf 90' lang='lat' dir='ltr'><strong>duosque</strong></span> <span class='ocrx_word' id='word_1_364' title='bbox 1130 3607 1339 3653; x_wconf 90' lang='lat' dir='ltr'><strong>tantum</strong></span> <span class='ocrx_word' id='word_1_365' title='bbox 1388 3598 1622 3658; x_wconf 86' lang='lat' dir='ltr'><strong>Jacobos</strong></span> <span class='ocrx_word' id='word_1_366' title='bbox 1683 3617 1805 3658; x_wconf 88' lang='lat' dir='ltr'><strong>esse</strong></span> 
     </span>
    </p>
   </div>
   <div class='ocr_carea' id='block_1_52' title="bbox 194 3682 1806 3764">
    <p class='ocr_par' dir='ltr' id='par_1_52' title="bbox 194 3682 1806 3764">
     <span class='ocr_line' id='line_1_52' title="bbox 194 3682 1806 3764; baseline 0.011 -28"><span class='ocrx_word' id='word_1_367' title='bbox 194 3682 468 3739; x_wconf 81' lang='lat' dir='ltr'><strong>defendit.</strong></span> <span class='ocrx_word' id='word_1_368' title='bbox 496 3685 686 3741; x_wconf 83' lang='lat' dir='ltr'><strong>Trium</strong></span> <span class='ocrx_word' id='word_1_369' title='bbox 723 3703 888 3759; x_wconf 92' lang='lat' dir='ltr'><strong>porro</strong></span> <span class='ocrx_word' id='word_1_370' title='bbox 930 3688 1259 3746; x_wconf 82' lang='lat' dir='ltr'><strong>Jacohorum</strong></span> <span class='ocrx_word' id='word_1_371' title='bbox 1288 3693 1599 3764; x_wconf 84' lang='lat' dir='ltr'><strong>Opinionem</strong></span> <span class='ocrx_word' id='word_1_372' title='bbox 1631 3694 1806 3753; x_wconf 85' lang='lat' dir='ltr'><strong>Euse-</strong></span> 
     </span>
    </p>
   </div>
   <div class='ocr_carea' id='block_1_53' title="bbox 195 3777 1802 3858">
    <p class='ocr_par' dir='ltr' id='par_1_53' title="bbox 195 3777 1802 3858">
     <span class='ocr_line' id='line_1_53' title="bbox 195 3777 1802 3858; baseline 0.006 -26"><span class='ocrx_word' id='word_1_373' title='bbox 195 3777 326 3832; x_wconf 88' lang='lat' dir='ltr'><strong>bius</strong></span> <span class='ocrx_word' id='word_1_374' title='bbox 369 3793 439 3832; x_wconf 75' lang='lat' dir='ltr'><strong>ex</strong></span> <span class='ocrx_word' id='word_1_375' title='bbox 483 3778 724 3849; x_wconf 85' lang='lat' dir='ltr'><strong>Origene</strong></span> <span class='ocrx_word' id='word_1_376' title='bbox 759 3790 1042 3838; x_wconf 89' lang='lat' dir='ltr'><strong>mutuatus</strong></span> <span class='ocrx_word' id='word_1_377' title='bbox 1073 3783 1332 3839; x_wconf 88' lang='lat' dir='ltr'><strong>videtur:</strong></span> <span class='ocrx_word' id='word_1_378' title='bbox 1367 3800 1491 3840; x_wconf 89' lang='lat' dir='ltr'><strong>nam</strong></span> <span class='ocrx_word' id='word_1_379' title='bbox 1545 3787 1591 3842; x_wconf 89' lang='lat' dir='ltr'><strong>is</strong></span> <span class='ocrx_word' id='word_1_380' title='bbox 1639 3803 1802 3858; x_wconf 86' lang='lat' dir='ltr'><strong>quem</strong></span> 
     </span>
    </p>
   </div>
   <div class='ocr_carea' id='block_1_54' title="bbox 195 3870 1802 3943">
    <p class='ocr_par' dir='ltr' id='par_1_54' title="bbox 195 3870 1802 3943">
     <span class='ocr_line' id='line_1_54' title="bbox 195 3870 1802 3943; baseline 0.006 -17"><span class='ocrx_word' id='word_1_381' title='bbox 195 3870 302 3927; x_wconf 89' lang='lat' dir='ltr'><strong>sibi</strong></span> <span class='ocrx_word' id='word_1_382' title='bbox 337 3871 573 3925; x_wconf 86' lang='lat' dir='ltr'><strong>alterum</strong></span> <span class='ocrx_word' id='word_1_383' title='bbox 621 3871 742 3940; x_wconf 89' lang='lat' dir='ltr'><strong>ejus</strong></span> <span class='ocrx_word' id='word_1_384' title='bbox 779 3875 1057 3943; x_wconf 88' lang='lat' dir='ltr'><strong>opinionis</strong></span> <span class='ocrx_word' id='word_1_385' title='bbox 1096 3887 1381 3933; x_wconf 90' lang='lat' dir='ltr'><strong>auctorem</strong></span> <span class='ocrx_word' id='word_1_386' title='bbox 1414 3878 1644 3934; x_wconf 88' lang='lat' dir='ltr'><strong>ascribit</strong></span> <span class='ocrx_word' id='word_1_387' title='bbox 1695 3882 1802 3936; x_wconf 84' lang='lat' dir='ltr'><strong>Eu-</strong></span> 
     </span>
    </p>
   </div>
   <div class='ocr_carea' id='block_1_55' title="bbox 191 3963 1802 4040">
    <p class='ocr_par' dir='ltr' id='par_1_55' title="bbox 191 3963 1802 4040">
     <span class='ocr_line' id='line_1_55' title="bbox 191 3963 1802 4040; baseline 0.008 -24"><span class='ocrx_word' id='word_1_388' title='bbox 191 3963 410 4030; x_wconf 84' lang='lat' dir='ltr'><strong>sebius,</strong></span> <span class='ocrx_word' id='word_1_389' title='bbox 452 3964 548 4018; x_wconf 90' lang='lat' dir='ltr'><strong>lib.</strong></span> <span class='ocrx_word' id='word_1_390' title='bbox 577 3980 615 4018; x_wconf 88' lang='grc' dir='ltr'>ιι</span> <span class='ocrx_word' id='word_1_391' title='bbox 657 3963 805 4020; x_wconf 82' lang='lat' dir='ltr'><strong>Hist.</strong></span> <span class='ocrx_word' id='word_1_392' title='bbox 829 3967 982 4034; x_wconf 78' lang='lat' dir='ltr'><strong>eccl.,</strong></span> <span class='ocrx_word' id='word_1_393' title='bbox 1017 3983 1138 4040; x_wconf 89' lang='lat' dir='ltr'><strong>cap.</strong></span> <span class='ocrx_word' id='word_1_394' title='bbox 1169 3969 1221 4038; x_wconf 78' lang='grc'><strong>1,</strong></span> <span class='ocrx_word' id='word_1_395' title='bbox 1259 3970 1518 4026; x_wconf 89' lang='lat' dir='ltr'><strong>Clemens</strong></span> <span class='ocrx_word' id='word_1_396' title='bbox 1551 3974 1802 4029; x_wconf 83' lang='lat' dir='ltr'><strong>videlicet</strong></span> 
     </span>
    </p>
   </div>
   <div class='ocr_carea' id='block_1_56' title="bbox 192 4056 1799 4128">
    <p class='ocr_par' dir='ltr' id='par_1_56' title="bbox 192 4056 1799 4128">
     <span class='ocr_line' id='line_1_56' title="bbox 192 4056 1799 4128; baseline 0.008 -19"><span class='ocrx_word' id='word_1_397' title='bbox 192 4056 630 4120; x_wconf 81' lang='lat' dir='ltr'><strong>Alexandrinus,</strong></span> <span class='ocrx_word' id='word_1_398' title='bbox 662 4057 880 4113; x_wconf 88' lang='lat' dir='ltr'><strong>Eusebii</strong></span> <span class='ocrx_word' id='word_1_399' title='bbox 922 4062 1213 4117; x_wconf 69' lang='lat' dir='ltr'><strong>sententia:</strong></span> <span class='ocrx_word' id='word_1_400' title='bbox 1240 4062 1587 4128; x_wconf 81' lang='lat' dir='ltr'><strong>adversatur,</strong></span> <span class='ocrx_word' id='word_1_401' title='bbox 1617 4066 1711 4120; x_wconf 86' lang='grc' dir='ltr'><strong>δύο</strong></span> <span class='ocrx_word' id='word_1_402' title='bbox 1740 4067 1799 4121; x_wconf 79' lang='grc' dir='ltr'><strong>δὲ</strong></span> 
     </span>
    </p>
   </div>
   <div class='ocr_carea' id='block_1_57' title="bbox 191 4146 1800 4229">
    <p class='ocr_par' dir='ltr' id='par_1_57' title="bbox 191 4146 1800 4229">
     <span class='ocr_line' id='line_1_57' title="bbox 191 4146 1800 4229; baseline 0.01 -32"><span class='ocrx_word' id='word_1_403' title='bbox 191 4146 458 4215; x_wconf 76' lang='grc' dir='ltr'><strong>γεγόνασι</strong></span> <span class='ocrx_word' id='word_1_404' title='bbox 496 4146 766 4211; x_wconf 83' lang='grc' dir='ltr'><strong>’1ἀκω6οι,</strong></span> <span class='ocrx_word' id='word_1_405' title='bbox 799 4150 878 4205; x_wconf 88' lang='lat' dir='ltr'><strong>sic</strong></span> <span class='ocrx_word' id='word_1_406' title='bbox 926 4150 1036 4216; x_wconf 87' lang='lat' dir='ltr'><strong>ille,</strong></span> <span class='ocrx_word' id='word_1_407' title='bbox 1066 4149 1150 4218; x_wconf 79' lang='grc' dir='ltr'><strong>εἷς</strong></span> <span class='ocrx_word' id='word_1_408' title='bbox 1179 4156 1208 4207; x_wconf 76' lang='grc' dir='ltr'>ὁ</span> <span class='ocrx_word' id='word_1_409' title='bbox 1248 4153 1487 4219; x_wconf 76' lang='grc' dir='ltr'><strong>δίκαιος·</strong></span> <span class='ocrx_word' id='word_1_410' title='bbox 1524 4156 1712 4229; x_wconf 75' lang='grc' dir='ltr'><strong>ἕτερος</strong></span> <span class='ocrx_word' id='word_1_411' title='bbox 1743 4159 1800 4212; x_wconf 84' lang='grc' dir='ltr'><strong>δὲ</strong></span> 
     </span>
    </p>
   </div>
   <div class='ocr_carea' id='block_1_58' title="bbox 190 4240 1801 4314">
    <p class='ocr_par' dir='ltr' id='par_1_58' title="bbox 190 4240 1801 4314">
     <span class='ocr_line' id='line_1_58' title="bbox 190 4240 1801 4314; baseline 0.007 -22"><span class='ocrx_word' id='word_1_412' title='bbox 190 4241 220 4292; x_wconf 78' lang='grc'>6</span> <span class='ocrx_word' id='word_1_413' title='bbox 252 4240 670 4310; x_wconf 76' lang='grc' dir='ltr'><strong>καρατομηθείς</strong></span> <span class='ocrx_word' id='word_1_414' title='bbox 709 4258 722 4295; x_wconf 91' lang='lat'>:</span> <span class='ocrx_word' id='word_1_415' title='bbox 768 4259 787 4292; x_wconf 70' lang='grc' dir='ltr'>ι</span> <span class='ocrx_word' id='word_1_416' title='bbox 820 4241 935 4297; x_wconf 89' lang='lat' dir='ltr'><strong>Duo</strong></span> <span class='ocrx_word' id='word_1_417' title='bbox 964 4251 1145 4299; x_wconf 86' lang='lat' dir='ltr'><strong>autem</strong></span> <span class='ocrx_word' id='word_1_418' title='bbox 1203 4242 1390 4302; x_wconf 71' lang='lat' dir='ltr'><strong>Jacobi</strong></span> <span class='ocrx_word' id='word_1_419' title='bbox 1432 4246 1619 4314; x_wconf 87' lang='lat' dir='ltr'><strong>fuere;</strong></span> <span class='ocrx_word' id='word_1_420' title='bbox 1661 4249 1801 4305; x_wconf 86' lang='lat' dir='ltr'><strong>alius</strong></span> 
     </span>
    </p>
   </div>
   <div class='ocr_carea' id='block_1_59' title="bbox 187 4329 1798 4407">
    <p class='ocr_par' dir='ltr' id='par_1_59' title="bbox 187 4329 1798 4407">
     <span class='ocr_line' id='line_1_59' title="bbox 187 4329 1798 4407; baseline 0.01 -26"><span class='ocrx_word' id='word_1_421' title='bbox 187 4329 396 4399; x_wconf 83' lang='lat' dir='ltr'><strong>justus,</strong></span> <span class='ocrx_word' id='word_1_422' title='bbox 423 4346 446 4384; x_wconf 72' lang='grc' dir='ltr'>ι</span> <span class='ocrx_word' id='word_1_423' title='bbox 496 4331 612 4385; x_wconf 88' lang='lat' dir='ltr'><strong>sive</strong></span> <span class='ocrx_word' id='word_1_424' title='bbox 642 4331 852 4400; x_wconf 75' lang='lat' dir='ltr'><strong>Minor;</strong></span> <span class='ocrx_word' id='word_1_425' title='bbox 905 4352 925 4384; x_wconf 74' lang='grc' dir='ltr'>α</span> <span class='ocrx_word' id='word_1_426' title='bbox 957 4334 1099 4391; x_wconf 91' lang='lat' dir='ltr'><strong>alius</strong></span> <span class='ocrx_word' id='word_1_427' title='bbox 1133 4338 1226 4406; x_wconf 90' lang='lat' dir='ltr'><strong>qui</strong></span> <span class='ocrx_word' id='word_1_428' title='bbox 1277 4339 1461 4407; x_wconf 88' lang='lat' dir='ltr'><strong>capite</strong></span> <span class='ocrx_word' id='word_1_429' title='bbox 1514 4349 1798 4397; x_wconf 89' lang='lat' dir='ltr'><strong>truncatus</strong></span> 
     </span>
    </p>
   </div>
   <div class='ocr_carea' id='block_1_60' title="bbox 190 4421 1792 4502">
    <p class='ocr_par' dir='ltr' id='par_1_60' title="bbox 190 4421 1792 4502">
     <span class='ocr_line' id='line_1_60' title="bbox 190 4421 1792 4502; baseline 0.007 -28"><span class='ocrx_word' id='word_1_430' title='bbox 190 4429 300 4484; x_wconf 86' lang='lat' dir='ltr'><strong>est,</strong></span> <span class='ocrx_word' id='word_1_431' title='bbox 327 4439 348 4472; x_wconf 64' lang='grc' dir='ltr'>θ</span> <span class='ocrx_word' id='word_1_432' title='bbox 381 4433 479 4475; x_wconf 86' lang='lat' dir='ltr'><strong>seu</strong></span> <span class='ocrx_word' id='word_1_433' title='bbox 519 4421 712 4492; x_wconf 80' lang='lat' dir='ltr'><strong>Major.</strong></span> <span class='ocrx_word' id='word_1_434' title='bbox 741 4421 853 4479; x_wconf 89' lang='lat' dir='ltr'><strong>Nec</strong></span> <span class='ocrx_word' id='word_1_435' title='bbox 887 4423 1100 4481; x_wconf 88' lang='lat' dir='ltr'><strong>felicius</strong></span> <span class='ocrx_word' id='word_1_436' title='bbox 1125 4431 1315 4482; x_wconf 86' lang='lat' dir='ltr'><strong>eodem</strong></span> <span class='ocrx_word' id='word_1_437' title='bbox 1353 4427 1512 4494; x_wconf 92' lang='lat' dir='ltr'><strong>libro,</strong></span> <span class='ocrx_word' id='word_1_438' title='bbox 1551 4445 1674 4502; x_wconf 89' lang='lat' dir='ltr'><strong>cap.</strong></span> <span class='ocrx_word' id='word_1_439' title='bbox 1699 4431 1792 4496; x_wconf 75' lang='lat'><strong>25,</strong></span> 
     </span>
    </p>
   </div>
   <div class='ocr_carea' id='block_1_61' title="bbox 1922 1932 3520 2007">
    <p class='ocr_par' dir='ltr' id='par_1_61' title="bbox 1922 1932 3520 2007">
     <span class='ocr_line' id='line_1_61' title="bbox 1922 1932 3520 2007; baseline -0.003 -17"><span class='ocrx_word' id='word_1_440' title='bbox 1922 1937 2013 1990; x_wconf 79' lang='grc' dir='ltr'><strong>καὶ</strong></span> <span class='ocrx_word' id='word_1_441' title='bbox 2072 1936 2267 2007; x_wconf 69' lang='grc' dir='ltr'><strong>Δανιὴλ</strong></span> <span class='ocrx_word' id='word_1_442' title='bbox 2310 1937 2472 1990; x_wconf 74' lang='grc' dir='ltr'>πάλιν</span> <span class='ocrx_word' id='word_1_443' title='bbox 2519 1935 2697 1999; x_wconf 73' lang='grc' dir='ltr'><strong>ἄλλος.</strong></span> <span class='ocrx_word' id='word_1_444' title='bbox 2747 1934 2986 1988; x_wconf 72' lang='grc' dir='ltr'><strong>Τοιαῦτα.</strong></span> <span class='ocrx_word' id='word_1_445' title='bbox 3032 1934 3163 2003; x_wconf 78' lang='grc' dir='ltr'>γοῦν</span> <span class='ocrx_word' id='word_1_446' title='bbox 3216 1932 3520 2004; x_wconf 69' lang='grc' dir='ltr'><strong>ἐπιγραφό-</strong></span> 
     </span>
    </p>
   </div>
   <div class='ocr_carea' id='block_1_62' title="bbox 1923 2025 3525 2099">
    <p class='ocr_par' dir='ltr' id='par_1_62' title="bbox 1923 2025 3525 2099">
     <span class='ocr_line' id='line_1_62' title="bbox 1923 2025 3525 2099; baseline 0 -19"><span class='ocrx_word' id='word_1_447' title='bbox 1923 2045 2074 2096; x_wconf 77' lang='grc' dir='ltr'>μενοι</span> <span class='ocrx_word' id='word_1_448' title='bbox 2146 2029 2386 2099; x_wconf 73' lang='grc' dir='ltr'><strong>ὀνόματα</strong></span> <span class='ocrx_word' id='word_1_449' title='bbox 2447 2027 2540 2080; x_wconf 70' lang='grc' dir='ltr'>ἐπὶ</span> <span class='ocrx_word' id='word_1_450' title='bbox 2593 2027 2652 2080; x_wconf 80' lang='grc' dir='ltr'>τὸ</span> <span class='ocrx_word' id='word_1_451' title='bbox 2723 2025 3023 2098; x_wconf 78' lang='grc' dir='ltr'>μαρτύριον</span> <span class='ocrx_word' id='word_1_452' title='bbox 3077 2025 3173 2078; x_wconf 74' lang='grc' dir='ltr'><strong>τοῦ</strong></span> <span class='ocrx_word' id='word_1_453' title='bbox 3231 2025 3367 2078; x_wconf 76' lang='grc' dir='ltr'><strong>Θεοῦ</strong></span> <span class='ocrx_word' id='word_1_454' title='bbox 3424 2026 3525 2080; x_wconf 73' lang='grc' dir='ltr'>σὺν</span> 
     </span>
    </p>
   </div>
   <div class='ocr_carea' id='block_1_63' title="bbox 1919 2117 3521 2194">
    <p class='ocr_par' dir='ltr' id='par_1_63' title="bbox 1919 2117 3521 2194">
     <span class='ocr_line' id='line_1_63' title="bbox 1919 2117 3521 2194; baseline -0.001 -21"><span class='ocrx_word' id='word_1_455' title='bbox 1919 2120 2100 2192; x_wconf 82' lang='grc' dir='ltr'><strong>πολλῴ</strong></span> <span class='ocrx_word' id='word_1_456' title='bbox 2131 2120 2322 2194; x_wconf 76' lang='grc' dir='ltr'>θάρσει</span> <span class='ocrx_word' id='word_1_457' title='bbox 2354 2121 2446 2174; x_wconf 75' lang='grc' dir='ltr'>καὶ</span> <span class='ocrx_word' id='word_1_458' title='bbox 2482 2120 2772 2192; x_wconf 75' lang='grc' dir='ltr'><strong>παρῤησῐᾳ.</strong></span> <span class='ocrx_word' id='word_1_459' title='bbox 2801 2119 3086 2191; x_wconf 69' lang='grc' dir='ltr'><strong>παρῄεσαν</strong></span> <span class='ocrx_word' id='word_1_460' title='bbox 3107 2136 3120 2148; x_wconf 92' lang='grc'><strong>·</strong></span> <span class='ocrx_word' id='word_1_461' title='bbox 3157 2117 3193 2172; x_wconf 79' lang='grc' dir='ltr'>ἃ</span> <span class='ocrx_word' id='word_1_462' title='bbox 3221 2117 3285 2189; x_wconf 81' lang='grc' dir='ltr'><strong>δὴ</strong></span> <span class='ocrx_word' id='word_1_463' title='bbox 3320 2118 3521 2189; x_wconf 79' lang='grc' dir='ltr'>σημαί-</span> 
     </span>
    </p>
   </div>
   <div class='ocr_carea' id='block_1_64' title="bbox 1916 2205 3522 2283">
    <p class='ocr_par' dir='ltr' id='par_1_64' title="bbox 1916 2205 3522 2283">
     <span class='ocr_line' id='line_1_64' title="bbox 1916 2205 3522 2283; baseline -0.001 -18"><span class='ocrx_word' id='word_1_464' title='bbox 1916 2227 2082 2265; x_wconf 85' lang='grc' dir='ltr'>νουσα</span> <span class='ocrx_word' id='word_1_465' title='bbox 2125 2212 2158 2283; x_wconf 82' lang='grc' dir='ltr'><strong>ή</strong></span> <span class='ocrx_word' id='word_1_466' title='bbox 2193 2211 2502 2282; x_wconf 73' lang='grc' dir='ltr'>προφητεία</span> <span class='ocrx_word' id='word_1_467' title='bbox 2547 2211 2746 2282; x_wconf 73' lang='grc' dir='ltr'><strong>φησίνο</strong></span> <span class='ocrx_word' id='word_1_468' title='bbox 2787 2205 2977 2276; x_wconf 82' lang='grc' dir='ltr'><strong>Οὗτος</strong></span> <span class='ocrx_word' id='word_1_469' title='bbox 3021 2209 3160 2278; x_wconf 81' lang='grc' dir='ltr'><em>ἐρεῖ·</em></span> <span class='ocrx_word' id='word_1_470' title='bbox 3213 2209 3323 2264; x_wconf 89' lang='grc' dir='ltr'><strong>Τοῦ</strong></span> <span class='ocrx_word' id='word_1_471' title='bbox 3372 2209 3522 2264; x_wconf 86' lang='grc' dir='ltr'><strong>Θεοῦ</strong></span> 
     </span>
    </p>
   </div>
   <div class='ocr_carea' id='block_1_65' title="bbox 1915 2302 3522 2373">
    <p class='ocr_par' dir='ltr' id='par_1_65' title="bbox 1915 2302 3522 2373">
     <span class='ocr_line' id='line_1_65' title="bbox 1915 2302 3522 2373; baseline 0.001 -17"><span class='ocrx_word' id='word_1_472' title='bbox 1915 2305 2054 2372; x_wconf 78' lang='grc' dir='ltr'><em>ειμι,</em></span> <span class='ocrx_word' id='word_1_473' title='bbox 2078 2321 2131 2357; x_wconf 86' lang='grc' dir='ltr'><strong>κ.</strong></span> <span class='ocrx_word' id='word_1_474' title='bbox 2162 2321 2211 2356; x_wconf 88' lang='grc' dir='ltr'><strong>τ.</strong></span> <span class='ocrx_word' id='word_1_475' title='bbox 2239 2302 2289 2356; x_wconf 87' lang='grc' dir='ltr'><strong>λ.</strong></span> <span class='ocrx_word' id='word_1_476' title='bbox 2318 2302 2430 2357; x_wconf 87' lang='lat' dir='ltr'><strong>Hoc</strong></span> <span class='ocrx_word' id='word_1_477' title='bbox 2455 2312 2574 2358; x_wconf 87' lang='lat' dir='ltr'><strong>est:</strong></span> <span class='ocrx_word' id='word_1_478' title='bbox 2610 2322 2628 2354; x_wconf 83' lang='grc'><strong>‹</strong></span> <span class='ocrx_word' id='word_1_479' title='bbox 2653 2302 3018 2373; x_wconf 67' lang='grc' dir='ltr'><strong>Μίωτίξριδηε</strong></span> <span class='ocrx_word' id='word_1_480' title='bbox 3048 2303 3196 2358; x_wconf 91' lang='lat' dir='ltr'><strong>subit</strong></span> <span class='ocrx_word' id='word_1_481' title='bbox 3222 2302 3522 2373; x_wconf 60' lang='lat' dir='ltr'><strong>prophetiae</strong></span> 
     </span>
    </p>
   </div>
   <div class='ocr_carea' id='block_1_66' title="bbox 1915 2395 3521 2468">
    <p class='ocr_par' dir='ltr' id='par_1_66' title="bbox 1915 2395 3521 2468">
     <span class='ocr_line' id='line_1_66' title="bbox 1915 2395 3521 2468; baseline -0.002 -17"><span class='ocrx_word' id='word_1_482' title='bbox 1915 2397 2025 2452; x_wconf 91' lang='lat' dir='ltr'><strong>vim</strong></span> <span class='ocrx_word' id='word_1_483' title='bbox 2062 2407 2116 2452; x_wconf 92' lang='lat' dir='ltr'><strong>et</strong></span> <span class='ocrx_word' id='word_1_484' title='bbox 2143 2395 2467 2461; x_wconf 84' lang='lat' dir='ltr'><strong>ellicaciam,</strong></span> <span class='ocrx_word' id='word_1_485' title='bbox 2497 2407 2554 2450; x_wconf 90' lang='lat' dir='ltr'><strong>et</strong></span> <span class='ocrx_word' id='word_1_486' title='bbox 2587 2411 2752 2468; x_wconf 90' lang='lat' dir='ltr'><strong>quam</strong></span> <span class='ocrx_word' id='word_1_487' title='bbox 2791 2409 2921 2450; x_wconf 88' lang='lat' dir='ltr'><strong>vere</strong></span> <span class='ocrx_word' id='word_1_488' title='bbox 2946 2397 3026 2451; x_wconf 89' lang='lat' dir='ltr'><strong>rei</strong></span> <span class='ocrx_word' id='word_1_489' title='bbox 3057 2406 3315 2455; x_wconf 84' lang='lat' dir='ltr'><strong>eventum</strong></span> <span class='ocrx_word' id='word_1_490' title='bbox 3344 2395 3521 2450; x_wconf 90' lang='lat' dir='ltr'><strong>oculis</strong></span> 
     </span>
    </p>
   </div>
   <div class='ocr_carea' id='block_1_67' title="bbox 1914 2483 3519 2558">
    <p class='ocr_par' dir='ltr' id='par_1_67' title="bbox 1914 2483 3519 2558">
     <span class='ocr_line' id='line_1_67' title="bbox 1914 2483 3519 2558; baseline -0.005 -16"><span class='ocrx_word' id='word_1_491' title='bbox 1914 2487 2346 2558; x_wconf 88' lang='lat' dir='ltr'><strong>perceperimus.</strong></span> <span class='ocrx_word' id='word_1_492' title='bbox 2396 2484 2530 2539; x_wconf 82' lang='lat' dir='ltr'><strong>Nam</strong></span> <span class='ocrx_word' id='word_1_493' title='bbox 2563 2485 2615 2539; x_wconf 92' lang='lat' dir='ltr'><strong>in</strong></span> <span class='ocrx_word' id='word_1_494' title='bbox 2651 2483 3127 2557; x_wconf 88' lang='lat' dir='ltr'><strong>persecutionibus</strong></span> <span class='ocrx_word' id='word_1_495' title='bbox 3156 2493 3346 2549; x_wconf 79' lang='lat' dir='ltr'><strong>nostro</strong></span> <span class='ocrx_word' id='word_1_496' title='bbox 3382 2492 3519 2537; x_wconf 87' lang='lat' dir='ltr'><strong>tem-</strong></span> 
     </span>
    </p>
   </div>
   <div class='ocr_carea' id='block_1_68' title="bbox 1913 2573 3522 2650">
    <p class='ocr_par' dir='ltr' id='par_1_68' title="bbox 1913 2573 3522 2650">
     <span class='ocr_line' id='line_1_68' title="bbox 1913 2573 3522 2650; baseline -0.004 -15"><span class='ocrx_word' id='word_1_497' title='bbox 1913 2593 2050 2650; x_wconf 86' lang='lat' dir='ltr'><strong>pore</strong></span> <span class='ocrx_word' id='word_1_498' title='bbox 2076 2577 2391 2642; x_wconf 89' lang='lat' dir='ltr'><strong>concitatis,</strong></span> <span class='ocrx_word' id='word_1_499' title='bbox 2417 2577 2619 2634; x_wconf 90' lang='lat' dir='ltr'><strong>multos</strong></span> <span class='ocrx_word' id='word_1_500' title='bbox 2661 2592 2729 2633; x_wconf 80' lang='lat' dir='ltr'><strong>ex</strong></span> <span class='ocrx_word' id='word_1_501' title='bbox 2764 2574 3093 2646; x_wconf 70' lang='lat' dir='ltr'><strong>alienigenis</strong></span> <span class='ocrx_word' id='word_1_502' title='bbox 3138 2573 3391 2644; x_wconf 74' lang='lat' dir='ltr'><strong>gentibus</strong></span> <span class='ocrx_word' id='word_1_503' title='bbox 3439 2573 3522 2628; x_wconf 92' lang='lat' dir='ltr'><strong>vi-</strong></span> 
     </span>
    </p>
   </div>
   <div class='ocr_carea' id='block_1_69' title="bbox 1915 2669 3520 2742">
    <p class='ocr_par' dir='ltr' id='par_1_69' title="bbox 1915 2669 3520 2742">
     <span class='ocr_line' id='line_1_69' title="bbox 1915 2669 3520 2742; baseline -0.004 -16"><span class='ocrx_word' id='word_1_504' title='bbox 1915 2673 2117 2736; x_wconf 89' lang='lat' dir='ltr'><strong>dimus,</strong></span> <span class='ocrx_word' id='word_1_505' title='bbox 2164 2673 2258 2742; x_wconf 89' lang='lat' dir='ltr'><strong>qui</strong></span> <span class='ocrx_word' id='word_1_506' title='bbox 2314 2681 2633 2727; x_wconf 91' lang='lat' dir='ltr'><strong>sanctorum</strong></span> <span class='ocrx_word' id='word_1_507' title='bbox 2694 2670 2942 2726; x_wconf 87' lang='lat' dir='ltr'><strong>virorum</strong></span> <span class='ocrx_word' id='word_1_508' title='bbox 2999 2669 3223 2725; x_wconf 89' lang='lat' dir='ltr'><strong>nomina</strong></span> <span class='ocrx_word' id='word_1_509' title='bbox 3283 2681 3520 2736; x_wconf 86' lang='lat' dir='ltr'><strong>usurpa-</strong></span> 
     </span>
    </p>
   </div>
   <div class='ocr_carea' id='block_1_70' title="bbox 1913 2759 3519 2835">
    <p class='ocr_par' dir='ltr' id='par_1_70' title="bbox 1913 2759 3519 2835">
     <span class='ocr_line' id='line_1_70' title="bbox 1913 2759 3519 2835; baseline -0.002 -17"><span class='ocrx_word' id='word_1_510' title='bbox 1913 2762 2074 2829; x_wconf 88' lang='lat' dir='ltr'><strong>bant;</strong></span> <span class='ocrx_word' id='word_1_511' title='bbox 2111 2762 2251 2820; x_wconf 88' lang='lat' dir='ltr'><strong>alius</strong></span> <span class='ocrx_word' id='word_1_512' title='bbox 2283 2765 2486 2835; x_wconf 87' lang='lat' dir='ltr'><strong>quippe</strong></span> <span class='ocrx_word' id='word_1_513' title='bbox 2515 2777 2637 2819; x_wconf 86' lang='lat' dir='ltr'><strong>sese</strong></span> <span class='ocrx_word' id='word_1_514' title='bbox 2682 2761 2947 2819; x_wconf 85' lang='lat' dir='ltr'><strong>Jacobum</strong></span> <span class='ocrx_word' id='word_1_515' title='bbox 2995 2759 3336 2830; x_wconf 86' lang='lat' dir='ltr'><strong>appellabat;</strong></span> <span class='ocrx_word' id='word_1_516' title='bbox 3376 2761 3519 2816; x_wconf 88' lang='lat' dir='ltr'><strong>alius</strong></span> 
     </span>
    </p>
   </div>
   <div class='ocr_carea' id='block_1_71' title="bbox 1913 2852 3513 2923">
    <p class='ocr_par' dir='ltr' id='par_1_71' title="bbox 1913 2852 3513 2923">
     <span class='ocr_line' id='line_1_71' title="bbox 1913 2852 3513 2923; baseline -0.003 -9"><span class='ocrx_word' id='word_1_517' title='bbox 1913 2856 2194 2922; x_wconf 84' lang='lat' dir='ltr'><strong>Israelem,</strong></span> <span class='ocrx_word' id='word_1_518' title='bbox 2228 2857 2369 2912; x_wconf 86' lang='lat' dir='ltr'><strong>alius</strong></span> <span class='ocrx_word' id='word_1_519' title='bbox 2417 2855 2748 2923; x_wconf 88' lang='lat' dir='ltr'><strong>Jeremiam;</strong></span> <span class='ocrx_word' id='word_1_520' title='bbox 2797 2855 2886 2910; x_wconf 91' lang='lat' dir='ltr'><strong>hic</strong></span> <span class='ocrx_word' id='word_1_521' title='bbox 2921 2853 3206 2920; x_wconf 85' lang='lat' dir='ltr'><strong>Hesaiam,</strong></span> <span class='ocrx_word' id='word_1_522' title='bbox 3255 2855 3362 2910; x_wconf 88' lang='lat' dir='ltr'><strong>iste</strong></span> <span class='ocrx_word' id='word_1_523' title='bbox 3401 2852 3513 2909; x_wconf 88' lang='lat' dir='ltr'><strong>Da-</strong></span> 
     </span>
    </p>
   </div>
   <div class='ocr_carea' id='block_1_72' title="bbox 1911 2945 3511 3018">
    <p class='ocr_par' dir='ltr' id='par_1_72' title="bbox 1911 2945 3511 3018">
     <span class='ocr_line' id='line_1_72' title="bbox 1911 2945 3511 3018; baseline -0.003 -15"><span class='ocrx_word' id='word_1_524' title='bbox 1911 2949 2134 3007; x_wconf 88' lang='lat' dir='ltr'><strong>nielem.</strong></span> <span class='ocrx_word' id='word_1_525' title='bbox 2189 2949 2406 3005; x_wconf 87' lang='lat' dir='ltr'><strong>Etenim</strong></span> <span class='ocrx_word' id='word_1_526' title='bbox 2459 2949 2545 3004; x_wconf 89' lang='lat' dir='ltr'><strong>his</strong></span> <span class='ocrx_word' id='word_1_527' title='bbox 2599 2949 2704 3004; x_wconf 85' lang='lat' dir='ltr'><strong>sibi</strong></span> <span class='ocrx_word' id='word_1_528' title='bbox 2759 2947 3015 3018; x_wconf 87' lang='lat' dir='ltr'><strong>ascriptis</strong></span> <span class='ocrx_word' id='word_1_529' title='bbox 3070 2946 3405 3011; x_wconf 83' lang='lat' dir='ltr'><strong>nominibus,</strong></span> <span class='ocrx_word' id='word_1_530' title='bbox 3440 2945 3511 3000; x_wconf 92' lang='lat' dir='ltr'><strong>ad</strong></span> 
     </span>
    </p>
   </div>
   <div class='ocr_carea' id='block_1_73' title="bbox 1912 3035 3516 3114">
    <p class='ocr_par' dir='ltr' id='par_1_73' title="bbox 1912 3035 3516 3114">
     <span class='ocr_line' id='line_1_73' title="bbox 1912 3035 3516 3114; baseline -0.002 -18"><span class='ocrx_word' id='word_1_531' title='bbox 1912 3042 2236 3114; x_wconf 86' lang='lat' dir='ltr'><strong>martyrium</strong></span> <span class='ocrx_word' id='word_1_532' title='bbox 2301 3057 2401 3111; x_wconf 91' lang='lat' dir='ltr'><strong>pro</strong></span> <span class='ocrx_word' id='word_1_533' title='bbox 2453 3041 2566 3096; x_wconf 85' lang='lat' dir='ltr'><strong>Deo</strong></span> <span class='ocrx_word' id='word_1_534' title='bbox 2621 3039 2968 3095; x_wconf 88' lang='lat' dir='ltr'><strong>subeundum</strong></span> <span class='ocrx_word' id='word_1_535' title='bbox 3033 3051 3158 3093; x_wconf 89' lang='lat' dir='ltr'><strong>cum</strong></span> <span class='ocrx_word' id='word_1_536' title='bbox 3211 3035 3411 3092; x_wconf 77' lang='lat' dir='ltr'><strong>fiducia</strong></span> <span class='ocrx_word' id='word_1_537' title='bbox 3459 3046 3516 3093; x_wconf 90' lang='lat' dir='ltr'><strong>et</strong></span> 
     </span>
    </p>
   </div>
   <div class='ocr_carea' id='block_1_74' title="bbox 1913 3130 3510 3203">
    <p class='ocr_par' dir='ltr' id='par_1_74' title="bbox 1913 3130 3510 3203">
     <span class='ocr_line' id='line_1_74' title="bbox 1913 3130 3510 3203; baseline -0.004 -11"><span class='ocrx_word' id='word_1_538' title='bbox 1913 3135 2222 3192; x_wconf 87' lang='lat' dir='ltr'><strong>constantia</strong></span> <span class='ocrx_word' id='word_1_539' title='bbox 2256 3134 2612 3190; x_wconf 86' lang='lat' dir='ltr'><strong>accedebant.</strong></span> <span class='ocrx_word' id='word_1_540' title='bbox 2639 3131 2771 3200; x_wconf 71' lang='lat' dir='ltr'><strong>Qua:</strong></span> <span class='ocrx_word' id='word_1_541' title='bbox 2807 3131 3089 3203; x_wconf 87' lang='lat' dir='ltr'><strong>prophetia</strong></span> <span class='ocrx_word' id='word_1_542' title='bbox 3117 3130 3347 3197; x_wconf 90' lang='lat' dir='ltr'><strong>indicat,</strong></span> <span class='ocrx_word' id='word_1_543' title='bbox 3381 3130 3510 3185; x_wconf 91' lang='lat' dir='ltr'><strong>dum</strong></span> 
     </span>
    </p>
   </div>
   <div class='ocr_carea' id='block_1_75' title="bbox 1913 3227 2941 3292">
    <p class='ocr_par' dir='ltr' id='par_1_75' title="bbox 1913 3227 2941 3292">
     <span class='ocr_line' id='line_1_75' title="bbox 1913 3227 2941 3292; baseline -0.006 -8"><span class='ocrx_word' id='word_1_544' title='bbox 1913 3227 1991 3284; x_wconf 88' lang='lat' dir='ltr'><strong>ait</strong></span> <span class='ocrx_word' id='word_1_545' title='bbox 2041 3249 2054 3282; x_wconf 88' lang='lat'>:</span> <span class='ocrx_word' id='word_1_546' title='bbox 2103 3227 2205 3282; x_wconf 78' lang='lat' dir='ltr'><strong>llic</strong></span> <span class='ocrx_word' id='word_1_547' title='bbox 2233 3228 2368 3282; x_wconf 79' lang='lat' dir='ltr'><strong>dicet</strong></span> <span class='ocrx_word' id='word_1_548' title='bbox 2403 3243 2420 3280; x_wconf 92' lang='lat'><strong><em>:</em></strong></span> <span class='ocrx_word' id='word_1_549' title='bbox 2453 3227 2546 3281; x_wconf 79' lang='lat' dir='ltr'><strong>Dei</strong></span> <span class='ocrx_word' id='word_1_550' title='bbox 2582 3242 2730 3292; x_wconf 76' lang='lat' dir='ltr'><strong>sum,</strong></span> <span class='ocrx_word' id='word_1_551' title='bbox 2764 3237 2869 3280; x_wconf 86' lang='lat' dir='ltr'><strong>etc.</strong></span> <span class='ocrx_word' id='word_1_552' title='bbox 2922 3245 2941 3278; x_wconf 74' lang='grc' dir='ltr'><strong><em>ι</em></strong></span> 
     </span>
    </p>
   </div>
   <div class='ocr_carea' id='block_1_76' title="bbox 2020 3317 3393 3383">
    <p class='ocr_par' dir='ltr' id='par_1_76' title="bbox 2020 3317 3393 3383">
     <span class='ocr_line' id='line_1_76' title="bbox 2020 3317 3393 3383; baseline -0.005 -10"><span class='ocrx_word' id='word_1_553' title='bbox 2020 3320 2081 3373; x_wconf 79' lang='lat' dir='ltr'><strong>V.</strong></span> <span class='ocrx_word' id='word_1_554' title='bbox 2108 3317 2399 3383; x_wconf 86' lang='lat' dir='ltr'><strong>Principum</strong></span> <span class='ocrx_word' id='word_1_555' title='bbox 2422 3319 2730 3369; x_wconf 61' lang='lat' dir='ltr'><strong>secundum</strong></span> <span class='ocrx_word' id='word_1_556' title='bbox 2756 3330 2878 3381; x_wconf 80' lang='lat' dir='ltr'><strong>erga</strong></span> <span class='ocrx_word' id='word_1_557' title='bbox 2903 3317 3180 3368; x_wconf 86' lang='lat' dir='ltr'><strong>Ecclesiam</strong></span> <span class='ocrx_word' id='word_1_558' title='bbox 3214 3319 3393 3380; x_wconf 76' lang='lat' dir='ltr'><strong>pietas.</strong></span> 
     </span>
    </p>
   </div>
   <div class='ocr_carea' id='block_1_77' title="bbox 1981 3400 3515 3474">
    <p class='ocr_par' dir='ltr' id='par_1_77' title="bbox 1981 3400 3515 3474">
     <span class='ocr_line' id='line_1_77' title="bbox 1981 3400 3515 3474; baseline 0.001 -17"><span class='ocrx_word' id='word_1_559' title='bbox 1981 3400 2043 3458; x_wconf 82' lang='lat' dir='ltr'><strong>In</strong></span> <span class='ocrx_word' id='word_1_560' title='bbox 2102 3404 2246 3459; x_wconf 90' lang='lat' dir='ltr'><strong>hunc</strong></span> <span class='ocrx_word' id='word_1_561' title='bbox 2299 3418 2519 3459; x_wconf 86' lang='lat' dir='ltr'><strong>versum</strong></span> <span class='ocrx_word' id='word_1_562' title='bbox 2578 3417 2702 3474; x_wconf 91' lang='lat' dir='ltr'><strong>cap.</strong></span> <span class='ocrx_word' id='word_1_563' title='bbox 2755 3417 2884 3457; x_wconf 71' lang='grc' dir='ltr'><strong>χιιι</strong></span> <span class='ocrx_word' id='word_1_564' title='bbox 2920 3421 2933 3458; x_wconf 93' lang='lat'>:</span> <span class='ocrx_word' id='word_1_565' title='bbox 2967 3421 2986 3454; x_wconf 71' lang='grc' dir='ltr'><strong><em>ι</em></strong></span> <span class='ocrx_word' id='word_1_566' title='bbox 3023 3402 3087 3456; x_wconf 90' lang='lat' dir='ltr'><strong>Et</strong></span> <span class='ocrx_word' id='word_1_567' title='bbox 3141 3412 3306 3458; x_wconf 91' lang='lat' dir='ltr'><strong>erunt</strong></span> <span class='ocrx_word' id='word_1_568' title='bbox 3355 3415 3515 3474; x_wconf 80' lang='lat' dir='ltr'><strong>reges</strong></span> 
     </span>
    </p>
   </div>
   <div class='ocr_carea' id='block_1_78' title="bbox 1907 3495 3512 3567">
    <p class='ocr_par' dir='ltr' id='par_1_78' title="bbox 1907 3495 3512 3567">
     <span class='ocr_line' id='line_1_78' title="bbox 1907 3495 3512 3567; baseline -0.001 -15"><span class='ocrx_word' id='word_1_569' title='bbox 1907 3497 2124 3553; x_wconf 90' lang='lat' dir='ltr'><strong>nutritii</strong></span> <span class='ocrx_word' id='word_1_570' title='bbox 2160 3498 2266 3563; x_wconf 91' lang='lat' dir='ltr'><strong>tui,</strong></span> <span class='ocrx_word' id='word_1_571' title='bbox 2303 3506 2359 3552; x_wconf 89' lang='lat' dir='ltr'><strong>et</strong></span> <span class='ocrx_word' id='word_1_572' title='bbox 2407 3496 2610 3567; x_wconf 72' lang='lat' dir='ltr'><strong>regina:</strong></span> <span class='ocrx_word' id='word_1_573' title='bbox 2649 3496 2897 3551; x_wconf 90' lang='lat' dir='ltr'><strong>nutrices</strong></span> <span class='ocrx_word' id='word_1_574' title='bbox 2945 3506 3090 3561; x_wconf 67' lang='lat' dir='ltr'><strong>tute,</strong></span> <span class='ocrx_word' id='word_1_575' title='bbox 3117 3514 3136 3547; x_wconf 73' lang='grc' dir='ltr'><strong><em>ι</em></strong></span> <span class='ocrx_word' id='word_1_576' title='bbox 3182 3495 3301 3550; x_wconf 70' lang='lat' dir='ltr'><strong>hac</strong></span> <span class='ocrx_word' id='word_1_577' title='bbox 3344 3495 3512 3551; x_wconf 86' lang='lat' dir='ltr'><strong>habet</strong></span> 
     </span>
    </p>
   </div>
   <div class='ocr_carea' id='block_1_79' title="bbox 1907 3587 3508 3660">
    <p class='ocr_par' dir='ltr' id='par_1_79' title="bbox 1907 3587 3508 3660">
     <span class='ocr_line' id='line_1_79' title="bbox 1907 3587 3508 3660; baseline -0.003 -13"><span class='ocrx_word' id='word_1_578' title='bbox 1907 3590 2180 3647; x_wconf 84' lang='lat' dir='ltr'><strong>Eusebius</strong></span> <span class='ocrx_word' id='word_1_579' title='bbox 2216 3599 2522 3646; x_wconf 90' lang='lat' dir='ltr'><strong>memoratu</strong></span> <span class='ocrx_word' id='word_1_580' title='bbox 2579 3589 2743 3660; x_wconf 91' lang='lat' dir='ltr'><strong>plane</strong></span> <span class='ocrx_word' id='word_1_581' title='bbox 2792 3587 2998 3659; x_wconf 75' lang='lat' dir='ltr'><strong>digna:</strong></span> <span class='ocrx_word' id='word_1_582' title='bbox 3042 3607 3061 3640; x_wconf 75' lang='grc' dir='ltr'><strong><em>ι</em></strong></span> <span class='ocrx_word' id='word_1_583' title='bbox 3091 3587 3248 3657; x_wconf 84' lang='lat' dir='ltr'><strong>Quod</strong></span> <span class='ocrx_word' id='word_1_584' title='bbox 3294 3589 3362 3644; x_wconf 91' lang='lat' dir='ltr'><strong>ad</strong></span> <span class='ocrx_word' id='word_1_585' title='bbox 3412 3589 3508 3643; x_wconf 80' lang='lat' dir='ltr'><strong>lit-</strong></span> 
     </span>
    </p>
   </div>
   <div class='ocr_carea' id='block_1_80' title="bbox 1911 3681 3509 3754">
    <p class='ocr_par' dir='ltr' id='par_1_80' title="bbox 1911 3681 3509 3754">
     <span class='ocr_line' id='line_1_80' title="bbox 1911 3681 3509 3754; baseline 0 -16"><span class='ocrx_word' id='word_1_586' title='bbox 1911 3693 2084 3740; x_wconf 87' lang='lat' dir='ltr'><strong>teram</strong></span> <span class='ocrx_word' id='word_1_587' title='bbox 2120 3684 2406 3754; x_wconf 87' lang='lat' dir='ltr'><strong>impletum</strong></span> <span class='ocrx_word' id='word_1_588' title='bbox 2459 3683 2593 3754; x_wconf 91' lang='lat' dir='ltr'><strong>ipsis</strong></span> <span class='ocrx_word' id='word_1_589' title='bbox 2630 3681 2811 3738; x_wconf 88' lang='lat' dir='ltr'><strong>oculis</strong></span> <span class='ocrx_word' id='word_1_590' title='bbox 2837 3683 3138 3750; x_wconf 89' lang='lat' dir='ltr'><strong>cernimus,</strong></span> <span class='ocrx_word' id='word_1_591' title='bbox 3176 3685 3304 3740; x_wconf 91' lang='lat' dir='ltr'><strong>dum</strong></span> <span class='ocrx_word' id='word_1_592' title='bbox 3344 3684 3383 3739; x_wconf 89' lang='lat' dir='ltr'><strong>ii</strong></span> <span class='ocrx_word' id='word_1_593' title='bbox 3415 3682 3509 3753; x_wconf 84' lang='lat' dir='ltr'><strong>qui</strong></span> 
     </span>
    </p>
   </div>
   <div class='ocr_carea' id='block_1_81' title="bbox 1907 3775 3506 3848">
    <p class='ocr_par' dir='ltr' id='par_1_81' title="bbox 1907 3775 3506 3848">
     <span class='ocr_line' id='line_1_81' title="bbox 1907 3775 3506 3848; baseline 0 -17"><span class='ocrx_word' id='word_1_594' title='bbox 1907 3790 2223 3848; x_wconf 88' lang='lat' dir='ltr'><strong>supremum</strong></span> <span class='ocrx_word' id='word_1_595' title='bbox 2279 3775 2570 3848; x_wconf 91' lang='lat' dir='ltr'><strong>imperium</strong></span> <span class='ocrx_word' id='word_1_596' title='bbox 2610 3776 2884 3842; x_wconf 89' lang='lat' dir='ltr'><strong>obtinent,</strong></span> <span class='ocrx_word' id='word_1_597' title='bbox 2935 3775 3275 3843; x_wconf 87' lang='lat' dir='ltr'><strong>Eeclesiam,</strong></span> <span class='ocrx_word' id='word_1_598' title='bbox 3326 3778 3506 3832; x_wconf 81' lang='lat' dir='ltr'><strong>nutri-</strong></span> 
     </span>
    </p>
   </div>
   <div class='ocr_carea' id='block_1_82' title="bbox 1909 3869 3504 3941">
    <p class='ocr_par' dir='ltr' id='par_1_82' title="bbox 1909 3869 3504 3941">
     <span class='ocr_line' id='line_1_82' title="bbox 1909 3869 3504 3941; baseline 0.002 -19"><span class='ocrx_word' id='word_1_599' title='bbox 1909 3869 2105 3923; x_wconf 90' lang='lat' dir='ltr'><strong>tiorum</strong></span> <span class='ocrx_word' id='word_1_600' title='bbox 2141 3870 2338 3932; x_wconf 86' lang='lat' dir='ltr'><strong>instar.</strong></span> <span class='ocrx_word' id='word_1_601' title='bbox 2385 3876 2602 3939; x_wconf 80' lang='lat' dir='ltr'><strong>gestant</strong></span> <span class='ocrx_word' id='word_1_602' title='bbox 2632 3878 2688 3924; x_wconf 91' lang='lat' dir='ltr'><strong>et</strong></span> <span class='ocrx_word' id='word_1_603' title='bbox 2725 3869 2956 3927; x_wconf 88' lang='lat' dir='ltr'><strong>fovent:</strong></span> <span class='ocrx_word' id='word_1_604' title='bbox 2997 3885 3061 3925; x_wconf 90' lang='lat' dir='ltr'><strong>ac</strong></span> <span class='ocrx_word' id='word_1_605' title='bbox 3113 3871 3317 3941; x_wconf 67' lang='lat' dir='ltr'><strong>regium</strong></span> <span class='ocrx_word' id='word_1_606' title='bbox 3366 3885 3504 3940; x_wconf 79' lang='lat' dir='ltr'><strong>gen-</strong></span> 
     </span>
    </p>
   </div>
   <div class='ocr_carea' id='block_1_83' title="bbox 1906 3958 3505 4030">
    <p class='ocr_par' dir='ltr' id='par_1_83' title="bbox 1906 3958 3505 4030">
     <span class='ocr_line' id='line_1_83' title="bbox 1906 3958 3505 4030; baseline 0.003 -18"><span class='ocrx_word' id='word_1_607' title='bbox 1906 3958 2060 4022; x_wconf 90' lang='lat' dir='ltr'><strong>tium,</strong></span> <span class='ocrx_word' id='word_1_608' title='bbox 2096 3958 2146 4011; x_wconf 91' lang='lat' dir='ltr'><strong>id</strong></span> <span class='ocrx_word' id='word_1_609' title='bbox 2182 3967 2286 4022; x_wconf 90' lang='lat' dir='ltr'><strong>est,</strong></span> <span class='ocrx_word' id='word_1_610' title='bbox 2328 3958 2668 4030; x_wconf 74' lang='lat' dir='ltr'><strong>singularum</strong></span> <span class='ocrx_word' id='word_1_611' title='bbox 2717 3959 2959 4029; x_wconf 87' lang='lat' dir='ltr'><strong>gentium</strong></span> <span class='ocrx_word' id='word_1_612' title='bbox 3007 3969 3061 4016; x_wconf 89' lang='lat' dir='ltr'><strong>et</strong></span> <span class='ocrx_word' id='word_1_613' title='bbox 3094 3961 3505 4030; x_wconf 85' lang='lat' dir='ltr'><strong>provinciarum</strong></span> 
     </span>
    </p>
   </div>
   <div class='ocr_carea' id='block_1_84' title="bbox 1905 4054 3504 4128">
    <p class='ocr_par' dir='ltr' id='par_1_84' title="bbox 1905 4054 3504 4128">
     <span class='ocr_line' id='line_1_84' title="bbox 1905 4054 3504 4128; baseline 0.001 -19"><span class='ocrx_word' id='word_1_614' title='bbox 1905 4056 2283 4126; x_wconf 79' lang='lat' dir='ltr'><strong>magistratus,</strong></span> <span class='ocrx_word' id='word_1_615' title='bbox 2328 4068 2567 4124; x_wconf 87' lang='lat' dir='ltr'><strong>superno</strong></span> <span class='ocrx_word' id='word_1_616' title='bbox 2609 4054 2729 4123; x_wconf 88' lang='lat' dir='ltr'><strong>regi</strong></span> <span class='ocrx_word' id='word_1_617' title='bbox 2777 4055 3193 4121; x_wconf 89' lang='lat' dir='ltr'><strong>ministrantes,</strong></span> <span class='ocrx_word' id='word_1_618' title='bbox 3242 4065 3504 4128; x_wconf 90' lang='lat' dir='ltr'><strong>tanquam</strong></span> 
     </span>
    </p>
   </div>
   <div class='ocr_carea' id='block_1_85' title="bbox 1903 4144 3504 4218">
    <p class='ocr_par' dir='ltr' id='par_1_85' title="bbox 1903 4144 3504 4218">
     <span class='ocr_line' id='line_1_85' title="bbox 1903 4144 3504 4218; baseline 0.002 -18"><span class='ocrx_word' id='word_1_619' title='bbox 1903 4147 2169 4210; x_wconf 90' lang='lat' dir='ltr'><strong>nutrices,</strong></span> <span class='ocrx_word' id='word_1_620' title='bbox 2227 4144 2559 4216; x_wconf 87' lang='lat' dir='ltr'><strong>pauperibus</strong></span> <span class='ocrx_word' id='word_1_621' title='bbox 2620 4145 2881 4202; x_wconf 72' lang='lat' dir='ltr'><strong>Ecclesia:</strong></span> <span class='ocrx_word' id='word_1_622' title='bbox 2939 4148 3297 4218; x_wconf 89' lang='lat' dir='ltr'><strong>imperatorio</strong></span> <span class='ocrx_word' id='word_1_623' title='bbox 3367 4157 3504 4204; x_wconf 91' lang='lat' dir='ltr'><strong>nutu</strong></span> 
     </span>
    </p>
   </div>
   <div class='ocr_carea' id='block_1_86' title="bbox 1900 4238 3506 4311">
    <p class='ocr_par' dir='ltr' id='par_1_86' title="bbox 1900 4238 3506 4311">
     <span class='ocr_line' id='line_1_86' title="bbox 1900 4238 3506 4311; baseline 0.002 -18"><span class='ocrx_word' id='word_1_624' title='bbox 1900 4253 2170 4294; x_wconf 83' lang='lat' dir='ltr'><strong>auneaam</strong></span> <span class='ocrx_word' id='word_1_625' title='bbox 2220 4238 2614 4308; x_wconf 89' lang='lat' dir='ltr'><strong>suppeditant:</strong></span> <span class='ocrx_word' id='word_1_626' title='bbox 2649 4254 2821 4308; x_wconf 90' lang='lat' dir='ltr'><strong>quare</strong></span> <span class='ocrx_word' id='word_1_627' title='bbox 2863 4240 3108 4295; x_wconf 89' lang='lat' dir='ltr'><strong>nutrices</strong></span> <span class='ocrx_word' id='word_1_628' title='bbox 3141 4241 3262 4311; x_wconf 84' lang='lat' dir='ltr'><strong>ejus</strong></span> <span class='ocrx_word' id='word_1_629' title='bbox 3302 4255 3506 4296; x_wconf 85' lang='lat' dir='ltr'><strong>vocan-</strong></span> 
     </span>
    </p>
   </div>
   <div class='ocr_carea' id='block_1_87' title="bbox 1903 4329 3500 4402">
    <p class='ocr_par' dir='ltr' id='par_1_87' title="bbox 1903 4329 3500 4402">
     <span class='ocr_line' id='line_1_87' title="bbox 1903 4329 3500 4402; baseline 0.002 -18"><span class='ocrx_word' id='word_1_630' title='bbox 1903 4338 2022 4396; x_wconf 90' lang='lat' dir='ltr'><strong>tur;</strong></span> <span class='ocrx_word' id='word_1_631' title='bbox 2053 4329 2166 4384; x_wconf 89' lang='lat' dir='ltr'><strong>sive</strong></span> <span class='ocrx_word' id='word_1_632' title='bbox 2193 4329 2492 4383; x_wconf 89' lang='lat' dir='ltr'><strong>secundum</strong></span> <span class='ocrx_word' id='word_1_633' title='bbox 2511 4329 2924 4400; x_wconf 80' lang='lat' dir='ltr'><strong>Symmachum,</strong></span> <span class='ocrx_word' id='word_1_634' title='bbox 2950 4349 2969 4382; x_wconf 83' lang='grc'><strong><em>‹</em></strong></span> <span class='ocrx_word' id='word_1_635' title='bbox 2996 4331 3081 4386; x_wconf 91' lang='lat' dir='ltr'><strong>lac</strong></span> <span class='ocrx_word' id='word_1_636' title='bbox 3107 4332 3452 4402; x_wconf 69' lang='lat' dir='ltr'><strong>praebentes;</strong></span> <span class='ocrx_word' id='word_1_637' title='bbox 3477 4351 3500 4387; x_wconf 74' lang='grc' dir='ltr'><strong><em>ι</em></strong></span> 
     </span>
    </p>
   </div>
   <div class='ocr_carea' id='block_1_88' title="bbox 1899 4421 3498 4493">
    <p class='ocr_par' dir='ltr' id='par_1_88' title="bbox 1899 4421 3498 4493">
     <span class='ocr_line' id='line_1_88' title="bbox 1899 4421 3498 4493; baseline 0.004 -15"><span class='ocrx_word' id='word_1_638' title='bbox 1899 4422 1979 4478; x_wconf 86' lang='lat' dir='ltr'><strong>sic</strong></span> <span class='ocrx_word' id='word_1_639' title='bbox 2021 4423 2168 4477; x_wconf 89' lang='lat' dir='ltr'><strong>enim</strong></span> <span class='ocrx_word' id='word_1_640' title='bbox 2200 4421 2369 4477; x_wconf 86' lang='lat' dir='ltr'><strong>habet</strong></span> <span class='ocrx_word' id='word_1_641' title='bbox 2425 4440 2439 4475; x_wconf 91' lang='lat'><strong>:</strong></span> <span class='ocrx_word' id='word_1_642' title='bbox 2485 4421 2553 4476; x_wconf 85' lang='lat' dir='ltr'><strong>Et</strong></span> <span class='ocrx_word' id='word_1_643' title='bbox 2597 4422 2793 4493; x_wconf 71' lang='lat' dir='ltr'><strong>regina:</strong></span> <span class='ocrx_word' id='word_1_644' title='bbox 2833 4441 3016 4480; x_wconf 79' lang='lat' dir='ltr'><strong>eorum</strong></span> <span class='ocrx_word' id='word_1_645' title='bbox 3051 4426 3135 4480; x_wconf 81' lang='lat' dir='ltr'><strong>lac</strong></span> <span class='ocrx_word' id='word_1_646' title='bbox 3170 4428 3498 4485; x_wconf 74' lang='lat' dir='ltr'><strong>urtebebmu.</strong></span> 
     </span>
    </p>
   </div>
   <div class='ocr_carea' id='block_1_89' title="bbox 191 4509 1806 4593">
    <p class='ocr_par' dir='ltr' id='par_1_89' title="bbox 191 4509 1796 4593">
     <span class='ocr_line' id='line_1_89' title="bbox 191 4509 1796 4593; baseline 0.009 -29"><span class='ocrx_word' id='word_1_647' title='bbox 191 4509 565 4582; x_wconf 75' lang='lat' dir='ltr'><strong>Hegesippum</strong></span> <span class='ocrx_word' id='word_1_648' title='bbox 593 4523 652 4566; x_wconf 93' lang='lat' dir='ltr'><strong>ut</strong></span> <span class='ocrx_word' id='word_1_649' title='bbox 677 4513 782 4569; x_wconf 86' lang='lat' dir='ltr'><strong>sibi</strong></span> <span class='ocrx_word' id='word_1_650' title='bbox 813 4515 1202 4585; x_wconf 88' lang='lat' dir='ltr'><strong>astipulantem</strong></span> <span class='ocrx_word' id='word_1_651' title='bbox 1227 4515 1405 4573; x_wconf 78' lang='lat' dir='ltr'><strong>aﬂ&#39;ert.</strong></span> <span class='ocrx_word' id='word_1_652' title='bbox 1438 4518 1530 4576; x_wconf 86' lang='lat' dir='ltr'><strong>ille</strong></span> <span class='ocrx_word' id='word_1_653' title='bbox 1559 4537 1796 4593; x_wconf 89' lang='lat' dir='ltr'><strong>namque</strong></span> 
     </span>
    </p>
   </div>
   <div class='ocr_carea' id='block_1_90' title="bbox 1918 4509 3502 4593">
    <p class='ocr_par' dir='ltr' id='par_1_90' title="bbox 1918 4514 3502 4586">
     <span class='ocr_line' id='line_1_90' title="bbox 1918 4514 3502 4586; baseline 0.006 -17"><span class='ocrx_word' id='word_1_654' title='bbox 1918 4514 2038 4583; x_wconf 59' lang='lat' dir='ltr'><strong>Quis</strong></span> <span class='ocrx_word' id='word_1_655' title='bbox 2066 4525 2248 4571; x_wconf 90' lang='lat' dir='ltr'><strong>autem</strong></span> <span class='ocrx_word' id='word_1_656' title='bbox 2300 4525 2630 4571; x_wconf 87' lang='lat' dir='ltr'><strong>memoratos</strong></span> <span class='ocrx_word' id='word_1_657' title='bbox 2676 4515 2964 4586; x_wconf 75' lang='lat' dir='ltr'><strong>przrfectos</strong></span> <span class='ocrx_word' id='word_1_658' title='bbox 3015 4533 3248 4577; x_wconf 89' lang='lat' dir='ltr'><strong>cernens</strong></span> <span class='ocrx_word' id='word_1_659' title='bbox 3306 4523 3362 4577; x_wconf 92' lang='lat' dir='ltr'><strong>in</strong></span> <span class='ocrx_word' id='word_1_660' title='bbox 3410 4537 3502 4578; x_wconf 90' lang='lat' dir='ltr'><strong>ec-</strong></span> 
     </span>
    </p>
   </div>
   <div class='ocr_carea' id='block_1_91' title="bbox 186 4599 1798 4679">
    <p class='ocr_par' dir='ltr' id='par_1_91' title="bbox 186 4599 1798 4679">
     <span class='ocr_line' id='line_1_91' title="bbox 186 4599 1798 4679; baseline 0.009 -21"><span class='ocrx_word' id='word_1_661' title='bbox 186 4599 461 4658; x_wconf 80' lang='lat' dir='ltr'><strong>.Iacobum</strong></span> <span class='ocrx_word' id='word_1_662' title='bbox 511 4606 726 4675; x_wconf 89' lang='lat' dir='ltr'><strong>quidem</strong></span> <span class='ocrx_word' id='word_1_663' title='bbox 775 4621 897 4663; x_wconf 92' lang='lat' dir='ltr'><strong>cum</strong></span> <span class='ocrx_word' id='word_1_664' title='bbox 945 4607 1207 4679; x_wconf 87' lang='lat' dir='ltr'><strong>apostolis</strong></span> <span class='ocrx_word' id='word_1_665' title='bbox 1243 4608 1545 4668; x_wconf 84' lang='lat' dir='ltr'><strong>Ecclesiam</strong></span> <span class='ocrx_word' id='word_1_666' title='bbox 1577 4612 1798 4671; x_wconf 82' lang='lat' dir='ltr'><strong>Jeroso-</strong></span> 
     </span>
    </p>
   </div>
   <div class='ocr_carea' id='block_1_92' title="bbox 192 4697 1794 4780">
    <p class='ocr_par' dir='ltr' id='par_1_92' title="bbox 192 4697 1794 4780">
     <span class='ocr_line' id='line_1_92' title="bbox 192 4697 1794 4780; baseline 0.011 -31"><span class='ocrx_word' id='word_1_667' title='bbox 192 4697 518 4769; x_wconf 82' lang='lat' dir='ltr'><strong>lymitanam</strong></span> <span class='ocrx_word' id='word_1_668' title='bbox 553 4701 762 4757; x_wconf 76' lang='lat' dir='ltr'><strong>rexisse</strong></span> <span class='ocrx_word' id='word_1_669' title='bbox 805 4703 917 4767; x_wconf 88' lang='lat' dir='ltr'><strong>ait,</strong></span> <span class='ocrx_word' id='word_1_670' title='bbox 962 4719 1065 4759; x_wconf 90' lang='lat' dir='ltr'><strong>nec</strong></span> <span class='ocrx_word' id='word_1_671' title='bbox 1100 4705 1222 4762; x_wconf 88' lang='lat' dir='ltr'><strong>ideo</strong></span> <span class='ocrx_word' id='word_1_672' title='bbox 1271 4716 1451 4763; x_wconf 85' lang='lat' dir='ltr'><strong>tamen</strong></span> <span class='ocrx_word' id='word_1_673' title='bbox 1500 4710 1676 4780; x_wconf 91' lang='lat' dir='ltr'><strong>ipsum</strong></span> <span class='ocrx_word' id='word_1_674' title='bbox 1727 4727 1794 4767; x_wconf 80' lang='lat' dir='ltr'><strong>ex</strong></span> 
     </span>
    </p>
   </div>
   <div class='ocr_carea' id='block_1_93' title="bbox 191 4792 1792 4872">
    <p class='ocr_par' dir='ltr' id='par_1_93' title="bbox 191 4792 1792 4872">
     <span class='ocr_line' id='line_1_93' title="bbox 191 4792 1792 4872; baseline 0.01 -27"><span class='ocrx_word' id='word_1_675' title='bbox 191 4792 264 4845; x_wconf 74' lang='grc'><strong>12</strong></span> <span class='ocrx_word' id='word_1_676' title='bbox 300 4792 676 4860; x_wconf 81' lang='lat' dir='ltr'><strong>apostolorum</strong></span> <span class='ocrx_word' id='word_1_677' title='bbox 722 4810 951 4852; x_wconf 91' lang='lat' dir='ltr'><strong>numero</strong></span> <span class='ocrx_word' id='word_1_678' title='bbox 995 4812 1102 4852; x_wconf 91' lang='lat' dir='ltr'><strong>non</strong></span> <span class='ocrx_word' id='word_1_679' title='bbox 1152 4798 1343 4866; x_wconf 88' lang='lat' dir='ltr'><strong>fuisse,</strong></span> <span class='ocrx_word' id='word_1_680' title='bbox 1385 4801 1472 4858; x_wconf 89' lang='lat' dir='ltr'><strong>vel</strong></span> <span class='ocrx_word' id='word_1_681' title='bbox 1527 4805 1792 4872; x_wconf 82' lang='lat' dir='ltr'><strong>declarat,</strong></span> 
     </span>
    </p>
   </div>
   <div class='ocr_carea' id='block_1_94' title="bbox 188 4883 1794 4955">
    <p class='ocr_par' dir='ltr' id='par_1_94' title="bbox 188 4883 1794 4955">
     <span class='ocr_line' id='line_1_94' title="bbox 188 4883 1794 4955; baseline 0.013 -20"><span class='ocrx_word' id='word_1_682' title='bbox 188 4883 276 4938; x_wconf 84' lang='lat' dir='ltr'><strong>vel</strong></span> <span class='ocrx_word' id='word_1_683' title='bbox 311 4884 515 4938; x_wconf 89' lang='lat' dir='ltr'><strong>innuit.</strong></span> <span class='ocrx_word' id='word_1_684' title='bbox 548 4883 701 4952; x_wconf 87' lang='lat' dir='ltr'><strong>Quod</strong></span> <span class='ocrx_word' id='word_1_685' title='bbox 743 4902 874 4942; x_wconf 84' lang='lat' dir='ltr'><strong>vero</strong></span> <span class='ocrx_word' id='word_1_686' title='bbox 906 4888 959 4942; x_wconf 91' lang='lat' dir='ltr'><strong>in</strong></span> <span class='ocrx_word' id='word_1_687' title='bbox 990 4888 1427 4949; x_wconf 86' lang='lat' dir='ltr'><strong>Commentariis</strong></span> <span class='ocrx_word' id='word_1_688' title='bbox 1461 4895 1515 4950; x_wconf 89' lang='lat' dir='ltr'><strong>in</strong></span> <span class='ocrx_word' id='word_1_689' title='bbox 1543 4896 1794 4955; x_wconf 88' lang='lat' dir='ltr'><strong>Psalmos</strong></span> 
     </span>
    </p>
   </div>
   <div class='ocr_carea' id='block_1_95' title="bbox 187 4974 1793 5058">
    <p class='ocr_par' dir='ltr' id='par_1_95' title="bbox 187 4974 1793 5058">
     <span class='ocr_line' id='line_1_95' title="bbox 187 4974 1793 5058; baseline 0.01 -30"><span class='ocrx_word' id='word_1_690' title='bbox 187 4975 270 5028; x_wconf 88' lang='lat' dir='ltr'><strong>ait</strong></span> <span class='ocrx_word' id='word_1_691' title='bbox 320 4974 616 5041; x_wconf 86' lang='lat' dir='ltr'><strong>Eusebius,</strong></span> <span class='ocrx_word' id='word_1_692' title='bbox 646 4977 793 5032; x_wconf 90' lang='lat' dir='ltr'><strong>haud</strong></span> <span class='ocrx_word' id='word_1_693' title='bbox 827 4978 1048 5037; x_wconf 82' lang='lat' dir='ltr'><strong>diﬂicile</strong></span> <span class='ocrx_word' id='word_1_694' title='bbox 1082 4997 1204 5038; x_wconf 89' lang='lat' dir='ltr'><strong>esse</strong></span> <span class='ocrx_word' id='word_1_695' title='bbox 1248 4985 1517 5056; x_wconf 88' lang='lat' dir='ltr'><strong>cujusque</strong></span> <span class='ocrx_word' id='word_1_696' title='bbox 1569 4999 1793 5058; x_wconf 84' lang='lat' dir='ltr'><strong>aposto-</strong></span> 
     </span>
    </p>
   </div>
   <div class='ocr_carea' id='block_1_96' title="bbox 187 5062 1790 5146">
    <p class='ocr_par' dir='ltr' id='par_1_96' title="bbox 187 5062 1790 5146">
     <span class='ocr_line' id='line_1_96' title="bbox 187 5062 1790 5146; baseline 0.009 -28"><span class='ocrx_word' id='word_1_697' title='bbox 187 5062 372 5120; x_wconf 84' lang='lat' dir='ltr'><strong>lorum</strong></span> <span class='ocrx_word' id='word_1_698' title='bbox 424 5065 625 5120; x_wconf 91' lang='lat' dir='ltr'><strong>tribum</strong></span> <span class='ocrx_word' id='word_1_699' title='bbox 676 5070 993 5139; x_wconf 86' lang='lat' dir='ltr'><strong>assignare,</strong></span> <span class='ocrx_word' id='word_1_700' title='bbox 1036 5071 1126 5128; x_wconf 90' lang='lat' dir='ltr'><strong>hic</strong></span> <span class='ocrx_word' id='word_1_701' title='bbox 1174 5074 1505 5131; x_wconf 81' lang='lat' dir='ltr'><strong>confirmare</strong></span> <span class='ocrx_word' id='word_1_702' title='bbox 1555 5078 1790 5146; x_wconf 89' lang='lat' dir='ltr'><strong>videtur,</strong></span> 
     </span>
    </p>
   </div>
   <div class='ocr_carea' id='block_1_97' title="bbox 189 5155 1792 5235">
    <p class='ocr_par' dir='ltr' id='par_1_97' title="bbox 189 5155 1792 5235">
     <span class='ocr_line' id='line_1_97' title="bbox 189 5155 1792 5235; baseline 0.011 -27"><span class='ocrx_word' id='word_1_703' title='bbox 189 5157 322 5210; x_wconf 89' lang='lat' dir='ltr'><strong>dum</strong></span> <span class='ocrx_word' id='word_1_704' title='bbox 365 5156 446 5210; x_wconf 88' lang='lat' dir='ltr'><strong>ait</strong></span> <span class='ocrx_word' id='word_1_705' title='bbox 496 5155 695 5212; x_wconf 86' lang='lat' dir='ltr'><strong>Judam</strong></span> <span class='ocrx_word' id='word_1_706' title='bbox 761 5162 1066 5230; x_wconf 85' lang='lat' dir='ltr'><strong>apostolum</strong></span> <span class='ocrx_word' id='word_1_707' title='bbox 1120 5166 1458 5235; x_wconf 89' lang='lat' dir='ltr'><strong>proditorem</strong></span> <span class='ocrx_word' id='word_1_708' title='bbox 1518 5183 1588 5224; x_wconf 75' lang='lat' dir='ltr'><strong>ex</strong></span> <span class='ocrx_word' id='word_1_709' title='bbox 1647 5171 1792 5226; x_wconf 91' lang='lat' dir='ltr'><strong>tribu</strong></span> 
     </span>
    </p>
   </div>
   <div class='ocr_carea' id='block_1_98' title="bbox 191 5246 682 5316">
    <p class='ocr_par' dir='ltr' id='par_1_98' title="bbox 191 5246 682 5316">
     <span class='ocr_line' id='line_1_98' title="bbox 191 5246 682 5316; baseline 0.012 -16"><span class='ocrx_word' id='word_1_710' title='bbox 191 5246 458 5316; x_wconf 85' lang='lat' dir='ltr'><strong>Ephraim</strong></span> <span class='ocrx_word' id='word_1_711' title='bbox 491 5249 682 5306; x_wconf 90' lang='lat' dir='ltr'><strong>fuisse.</strong></span> 
     </span>
    </p>
   </div>
   <div class='ocr_carea' id='block_1_99' title="bbox 339 5363 1620 5436">
    <p class='ocr_par' dir='ltr' id='par_1_99' title="bbox 339 5363 1620 5436">
     <span class='ocr_line' id='line_1_99' title="bbox 339 5363 1620 5436; baseline 0.01 -22"><span class='ocrx_word' id='word_1_712' title='bbox 339 5363 422 5414; x_wconf 77' lang='lat' dir='ltr'><strong>IV.</strong></span> <span class='ocrx_word' id='word_1_713' title='bbox 452 5365 731 5429; x_wconf 86' lang='lat' dir='ltr'><strong>Singularis</strong></span> <span class='ocrx_word' id='word_1_714' title='bbox 755 5367 956 5419; x_wconf 86' lang='lat' dir='ltr'><strong>Eusebii</strong></span> <span class='ocrx_word' id='word_1_715' title='bbox 978 5371 1042 5419; x_wconf 91' lang='lat' dir='ltr'><strong>de</strong></span> <span class='ocrx_word' id='word_1_716' title='bbox 1068 5373 1364 5436; x_wconf 81' lang='lat' dir='ltr'><strong>martyribus</strong></span> <span class='ocrx_word' id='word_1_717' title='bbox 1386 5380 1620 5427; x_wconf 89' lang='lat' dir='ltr'><strong>narratio.</strong></span> 
     </span>
    </p>
   </div>
   <div class='ocr_carea' id='block_1_100' title="bbox 265 5448 1792 5523">
    <p class='ocr_par' dir='ltr' id='par_1_100' title="bbox 265 5448 1792 5523">
     <span class='ocr_line' id='line_1_100' title="bbox 265 5448 1792 5523; baseline 0.01 -20"><span class='ocrx_word' id='word_1_718' title='bbox 265 5448 562 5516; x_wconf 72' lang='lat' dir='ltr'><strong>Singulare</strong></span> <span class='ocrx_word' id='word_1_719' title='bbox 613 5466 841 5520; x_wconf 85' lang='lat' dir='ltr'><strong>prorsus</strong></span> <span class='ocrx_word' id='word_1_720' title='bbox 884 5464 970 5508; x_wconf 89' lang='lat' dir='ltr'><strong>est</strong></span> <span class='ocrx_word' id='word_1_721' title='bbox 1012 5457 1156 5523; x_wconf 91' lang='lat' dir='ltr'><strong>quod</strong></span> <span class='ocrx_word' id='word_1_722' title='bbox 1196 5458 1361 5513; x_wconf 90' lang='lat' dir='ltr'><strong>habet</strong></span> <span class='ocrx_word' id='word_1_723' title='bbox 1407 5461 1679 5516; x_wconf 83' lang='lat' dir='ltr'><strong>Eusebius</strong></span> <span class='ocrx_word' id='word_1_724' title='bbox 1724 5463 1792 5518; x_wconf 90' lang='lat' dir='ltr'><strong>de</strong></span> 
     </span>
    </p>
   </div>
   <div class='ocr_carea' id='block_1_101' title="bbox 189 5541 1789 5619">
    <p class='ocr_par' dir='ltr' id='par_1_101' title="bbox 189 5541 1789 5619">
     <span class='ocr_line' id='line_1_101' title="bbox 189 5541 1789 5619; baseline 0.009 -24"><span class='ocrx_word' id='word_1_725' title='bbox 189 5541 258 5595; x_wconf 88' lang='lat' dir='ltr'><strong>iis</strong></span> <span class='ocrx_word' id='word_1_726' title='bbox 307 5542 437 5612; x_wconf 88' lang='lat' dir='ltr'><strong>qui,</strong></span> <span class='ocrx_word' id='word_1_727' title='bbox 483 5557 548 5596; x_wconf 82' lang='lat' dir='ltr'><strong>ex</strong></span> <span class='ocrx_word' id='word_1_728' title='bbox 583 5544 879 5611; x_wconf 79' lang='lat' dir='ltr'><strong>gentilibus</strong></span> <span class='ocrx_word' id='word_1_729' title='bbox 911 5547 980 5601; x_wconf 88' lang='lat' dir='ltr'><strong>ad</strong></span> <span class='ocrx_word' id='word_1_730' title='bbox 1015 5549 1175 5605; x_wconf 82' lang='lat' dir='ltr'><strong>ﬁdem</strong></span> <span class='ocrx_word' id='word_1_731' title='bbox 1226 5555 1508 5619; x_wconf 84' lang='lat' dir='ltr'><strong>conversi,</strong></span> <span class='ocrx_word' id='word_1_732' title='bbox 1541 5557 1608 5610; x_wconf 88' lang='lat' dir='ltr'><strong>ad</strong></span> <span class='ocrx_word' id='word_1_733' title='bbox 1641 5570 1789 5610; x_wconf 91' lang='lat' dir='ltr'><strong>mar-</strong></span> 
     </span>
    </p>
   </div>
   <div class='ocr_carea' id='block_1_102' title="bbox 190 5635 1790 5719">
    <p class='ocr_par' dir='ltr' id='par_1_102' title="bbox 190 5635 1790 5719">
     <span class='ocr_line' id='line_1_102' title="bbox 190 5635 1790 5719; baseline 0.011 -33"><span class='ocrx_word' id='word_1_734' title='bbox 190 5635 392 5702; x_wconf 83' lang='lat' dir='ltr'><strong>tyrium</strong></span> <span class='ocrx_word' id='word_1_735' title='bbox 440 5636 810 5704; x_wconf 84' lang='lat' dir='ltr'><strong>accedebant;</strong></span> <span class='ocrx_word' id='word_1_736' title='bbox 860 5642 1006 5709; x_wconf 90' lang='lat' dir='ltr'><strong>quod</strong></span> <span class='ocrx_word' id='word_1_737' title='bbox 1037 5644 1268 5713; x_wconf 88' lang='lat' dir='ltr'><strong>scilicet,</strong></span> <span class='ocrx_word' id='word_1_738' title='bbox 1305 5648 1542 5718; x_wconf 92' lang='lat' dir='ltr'><strong>propriis</strong></span> <span class='ocrx_word' id='word_1_739' title='bbox 1594 5649 1790 5719; x_wconf 89' lang='lat' dir='ltr'><strong>positis</strong></span> 
     </span>
    </p>
   </div>
   <div class='ocr_carea' id='block_1_103' title="bbox 191 5725 1785 5810">
    <p class='ocr_par' dir='ltr' id='par_1_103' title="bbox 191 5725 1785 5810">
     <span class='ocr_line' id='line_1_103' title="bbox 191 5725 1785 5810; baseline 0.011 -34"><span class='ocrx_word' id='word_1_740' title='bbox 191 5725 527 5791; x_wconf 85' lang='lat' dir='ltr'><strong>nominibus,</strong></span> <span class='ocrx_word' id='word_1_741' title='bbox 557 5728 860 5798; x_wconf 88' lang='lat' dir='ltr'><strong>priscorum</strong></span> <span class='ocrx_word' id='word_1_742' title='bbox 898 5736 1340 5804; x_wconf 86' lang='lat' dir='ltr'><strong>patriarcharum</strong></span> <span class='ocrx_word' id='word_1_743' title='bbox 1385 5749 1442 5793; x_wconf 91' lang='lat' dir='ltr'><strong>et</strong></span> <span class='ocrx_word' id='word_1_744' title='bbox 1487 5741 1785 5810; x_wconf 88' lang='lat' dir='ltr'><strong>propheta—</strong></span> 
     </span>
    </p>
   </div>
   <div class='ocr_carea' id='block_1_104' title="bbox 190 5822 1787 5892">
    <p class='ocr_par' dir='ltr' id='par_1_104' title="bbox 190 5822 1787 5892">
     <span class='ocr_line' id='line_1_104' title="bbox 190 5822 1787 5892; baseline 0.014 -22"><span class='ocrx_word' id='word_1_745' title='bbox 190 5830 312 5871; x_wconf 87' lang='lat' dir='ltr'><strong>rum</strong></span> <span class='ocrx_word' id='word_1_746' title='bbox 349 5822 647 5882; x_wconf 80' lang='lat' dir='ltr'><strong>vocabula.</strong></span> <span class='ocrx_word' id='word_1_747' title='bbox 694 5823 760 5878; x_wconf 85' lang='lat' dir='ltr'><strong>ad</strong></span> <span class='ocrx_word' id='word_1_748' title='bbox 807 5841 998 5882; x_wconf 82' lang='lat' dir='ltr'><strong>necem</strong></span> <span class='ocrx_word' id='word_1_749' title='bbox 1035 5844 1132 5886; x_wconf 87' lang='lat' dir='ltr'><strong>nro</strong></span> <span class='ocrx_word' id='word_1_750' title='bbox 1177 5829 1400 5888; x_wconf 82' lang='lat' dir='ltr'><strong>Christo</strong></span> <span class='ocrx_word' id='word_1_751' title='bbox 1450 5833 1787 5892; x_wconf 82' lang='lat' dir='ltr'><strong>subeundam</strong></span> 
     </span>
    </p>
   </div>
   <div class='ocr_carea' id='block_1_105' title="bbox 1901 4606 3499 4686">
    <p class='ocr_par' dir='ltr' id='par_1_105' title="bbox 1901 4606 3499 4686">
     <span class='ocr_line' id='line_1_105' title="bbox 1901 4606 3499 4686; baseline 0.005 -24"><span class='ocrx_word' id='word_1_752' title='bbox 1901 4608 2064 4662; x_wconf 88' lang='lat' dir='ltr'><strong>clesia</strong></span> <span class='ocrx_word' id='word_1_753' title='bbox 2101 4607 2195 4662; x_wconf 89' lang='lat' dir='ltr'><strong>Dei</strong></span> <span class='ocrx_word' id='word_1_754' title='bbox 2227 4623 2405 4678; x_wconf 83' lang='lat' dir='ltr'><strong>genua</strong></span> <span class='ocrx_word' id='word_1_755' title='bbox 2447 4606 2692 4674; x_wconf 82' lang='lat' dir='ltr'><strong>flectere,</strong></span> <span class='ocrx_word' id='word_1_756' title='bbox 2722 4624 2787 4663; x_wconf 90' lang='lat' dir='ltr'><strong>ac</strong></span> <span class='ocrx_word' id='word_1_757' title='bbox 2824 4609 2878 4664; x_wconf 88' lang='lat' dir='ltr'><strong>in</strong></span> <span class='ocrx_word' id='word_1_758' title='bbox 2911 4609 3154 4668; x_wconf 88' lang='lat' dir='ltr'><strong>frontem</strong></span> <span class='ocrx_word' id='word_1_759' title='bbox 3187 4613 3340 4669; x_wconf 90' lang='lat' dir='ltr'><strong>humi</strong></span> <span class='ocrx_word' id='word_1_760' title='bbox 3380 4631 3499 4686; x_wconf 87' lang='lat' dir='ltr'><strong>pro-</strong></span> 
     </span>
    </p>
   </div>
   <div class='ocr_carea' id='block_1_106' title="bbox 1899 4698 3495 4773">
    <p class='ocr_par' dir='ltr' id='par_1_106' title="bbox 1899 4698 3495 4773">
     <span class='ocr_line' id='line_1_106' title="bbox 1899 4698 3495 4773; baseline 0.006 -20"><span class='ocrx_word' id='word_1_761' title='bbox 1899 4698 2193 4763; x_wconf 88' lang='lat' dir='ltr'><strong>cumbere,</strong></span> <span class='ocrx_word' id='word_1_762' title='bbox 2237 4713 2345 4755; x_wconf 92' lang='lat' dir='ltr'><strong>non</strong></span> <span class='ocrx_word' id='word_1_763' title='bbox 2406 4701 2645 4755; x_wconf 87' lang='lat' dir='ltr'><strong>fateatur</strong></span> <span class='ocrx_word' id='word_1_764' title='bbox 2696 4700 2839 4757; x_wconf 90' lang='lat' dir='ltr'><strong>hanc</strong></span> <span class='ocrx_word' id='word_1_765' title='bbox 2893 4705 3237 4773; x_wconf 83' lang='lat' dir='ltr'><strong>prophetiam</strong></span> <span class='ocrx_word' id='word_1_766' title='bbox 3293 4707 3364 4762; x_wconf 87' lang='lat' dir='ltr'><strong>ad</strong></span> <span class='ocrx_word' id='word_1_767' title='bbox 3408 4707 3495 4762; x_wconf 91' lang='lat' dir='ltr'><strong>lit-</strong></span> 
     </span>
    </p>
   </div>
   <div class='ocr_carea' id='block_1_107' title="bbox 1902 4791 3499 4872">
    <p class='ocr_par' dir='ltr' id='par_1_107' title="bbox 1902 4791 3499 4872">
     <span class='ocr_line' id='line_1_107' title="bbox 1902 4791 3499 4872; baseline 0.007 -28"><span class='ocrx_word' id='word_1_768' title='bbox 1902 4800 2071 4845; x_wconf 88' lang='lat' dir='ltr'><strong>teram</strong></span> <span class='ocrx_word' id='word_1_769' title='bbox 2117 4791 2445 4861; x_wconf 88' lang='lat' dir='ltr'><strong>completam</strong></span> <span class='ocrx_word' id='word_1_770' title='bbox 2499 4809 2658 4860; x_wconf 79' lang='lat' dir='ltr'><strong>esse,</strong></span> <span class='ocrx_word' id='word_1_771' title='bbox 2709 4813 2815 4867; x_wconf 90' lang='lat' dir='ltr'><strong>qua</strong></span> <span class='ocrx_word' id='word_1_772' title='bbox 2863 4799 3068 4854; x_wconf 76' lang='lat' dir='ltr'><strong>diserte</strong></span> <span class='ocrx_word' id='word_1_773' title='bbox 3116 4799 3230 4854; x_wconf 86' lang='lat' dir='ltr'><strong>ait:</strong></span> <span class='ocrx_word' id='word_1_774' title='bbox 3261 4819 3280 4853; x_wconf 71' lang='grc' dir='ltr'>ι</span> <span class='ocrx_word' id='word_1_775' title='bbox 3320 4800 3499 4872; x_wconf 85' lang='lat' dir='ltr'><strong>Super</strong></span> 
     </span>
    </p>
   </div>
   <div class='ocr_carea' id='block_1_108' title="bbox 1899 4885 3497 4963">
    <p class='ocr_par' dir='ltr' id='par_1_108' title="bbox 1899 4885 3497 4963">
     <span class='ocr_line' id='line_1_108' title="bbox 1899 4885 3497 4963; baseline 0.007 -25"><span class='ocrx_word' id='word_1_776' title='bbox 1899 4885 2094 4940; x_wconf 87' lang='lat' dir='ltr'><strong>faciem</strong></span> <span class='ocrx_word' id='word_1_777' title='bbox 2120 4893 2278 4940; x_wconf 79' lang='lat' dir='ltr'><strong>terrae</strong></span> <span class='ocrx_word' id='word_1_778' title='bbox 2303 4886 2610 4943; x_wconf 90' lang='lat' dir='ltr'><strong>adorabunt</strong></span> <span class='ocrx_word' id='word_1_779' title='bbox 2635 4899 2710 4955; x_wconf 92' lang='lat' dir='ltr'><strong>te,</strong></span> <span class='ocrx_word' id='word_1_780' title='bbox 2738 4900 2793 4945; x_wconf 91' lang='lat' dir='ltr'><strong>et</strong></span> <span class='ocrx_word' id='word_1_781' title='bbox 2831 4892 3107 4960; x_wconf 85' lang='lat' dir='ltr'><strong>pulverem</strong></span> <span class='ocrx_word' id='word_1_782' title='bbox 3162 4893 3497 4963; x_wconf 88' lang='lat' dir='ltr'><strong>pedumtuo-</strong></span> 
     </span>
    </p>
   </div>
   <div class='ocr_carea' id='block_1_109' title="bbox 1905 4975 3495 5055">
    <p class='ocr_par' dir='ltr' id='par_1_109' title="bbox 1905 4975 3495 5055">
     <span class='ocr_line' id='line_1_109' title="bbox 1905 4975 3495 5055; baseline 0.006 -22"><span class='ocrx_word' id='word_1_783' title='bbox 1905 4975 2028 5033; x_wconf 84' lang='lat' dir='ltr'><strong>rum</strong></span> <span class='ocrx_word' id='word_1_784' title='bbox 2055 4978 2316 5050; x_wconf 64' lang='lat' dir='ltr'><strong>litigent.»</strong></span> <span class='ocrx_word' id='word_1_785' title='bbox 2356 4979 2453 5035; x_wconf 88' lang='lat' dir='ltr'><strong>Ubi</strong></span> <span class='ocrx_word' id='word_1_786' title='bbox 2480 4981 2631 5036; x_wconf 83' lang='lat' dir='ltr'><strong>vides</strong></span> <span class='ocrx_word' id='word_1_787' title='bbox 2662 4983 2792 5037; x_wconf 85' lang='lat' dir='ltr'><strong>item</strong></span> <span class='ocrx_word' id='word_1_788' title='bbox 2827 5000 3037 5040; x_wconf 88' lang='lat' dir='ltr'><strong>morem</strong></span> <span class='ocrx_word' id='word_1_789' title='bbox 3070 4985 3495 5055; x_wconf 80' lang='lat' dir='ltr'><strong>genuﬂectendi,</strong></span> 
     </span>
    </p>
   </div>
   <div class='ocr_carea' id='block_1_110' title="bbox 1898 5070 3494 5142">
    <p class='ocr_par' dir='ltr' id='par_1_110' title="bbox 1898 5070 3494 5142">
     <span class='ocr_line' id='line_1_110' title="bbox 1898 5070 3494 5142; baseline 0.007 -17"><span class='ocrx_word' id='word_1_790' title='bbox 1898 5087 1962 5127; x_wconf 89' lang='lat' dir='ltr'><strong>ac</strong></span> <span class='ocrx_word' id='word_1_791' title='bbox 1991 5070 2045 5125; x_wconf 89' lang='lat' dir='ltr'><strong>in</strong></span> <span class='ocrx_word' id='word_1_792' title='bbox 2083 5082 2284 5126; x_wconf 89' lang='lat' dir='ltr'><strong>terram</strong></span> <span class='ocrx_word' id='word_1_793' title='bbox 2321 5075 2739 5142; x_wconf 91' lang='lat' dir='ltr'><strong>procumbeudi,</strong></span> <span class='ocrx_word' id='word_1_794' title='bbox 2778 5077 2866 5132; x_wconf 92' lang='lat' dir='ltr'><strong>hic</strong></span> <span class='ocrx_word' id='word_1_795' title='bbox 2898 5091 2958 5133; x_wconf 92' lang='lat' dir='ltr'><strong>ut</strong></span> <span class='ocrx_word' id='word_1_796' title='bbox 2990 5079 3044 5133; x_wconf 90' lang='lat' dir='ltr'><strong>in</strong></span> <span class='ocrx_word' id='word_1_797' title='bbox 3073 5079 3494 5136; x_wconf 89' lang='lat' dir='ltr'><strong>Commentariis</strong></span> 
     </span>
    </p>
   </div>
   <div class='ocr_carea' id='block_1_111' title="bbox 1897 5161 2594 5233">
    <p class='ocr_par' dir='ltr' id='par_1_111' title="bbox 1897 5161 2594 5233">
     <span class='ocr_line' id='line_1_111' title="bbox 1897 5161 2594 5233; baseline 0.006 -18"><span class='ocrx_word' id='word_1_798' title='bbox 1897 5161 1951 5215; x_wconf 87' lang='lat' dir='ltr'><strong>in</strong></span> <span class='ocrx_word' id='word_1_799' title='bbox 1998 5161 2246 5217; x_wconf 82' lang='lat' dir='ltr'><strong>Psalmos</strong></span> <span class='ocrx_word' id='word_1_800' title='bbox 2279 5163 2594 5233; x_wconf 74' lang='lat' dir='ltr'><strong>pra&#39;dicari.</strong></span> 
     </span>
    </p>
   </div>
   <div class='ocr_carea' id='block_1_112' title="bbox 2617 5255 2776 5327">
    <p class='ocr_par' dir='ltr' id='par_1_112' title="bbox 2617 5255 2776 5327">
     <span class='ocr_line' id='line_1_112' title="bbox 2617 5255 2776 5327; baseline 0.006 -16"><span class='ocrx_word' id='word_1_801' title='bbox 2617 5255 2644 5327; x_wconf 86' lang='lat'>§</span> <span class='ocrx_word' id='word_1_802' title='bbox 2687 5256 2776 5312; x_wconf 86' lang='lat' dir='ltr'><strong>tv.</strong></span> 
     </span>
    </p>
   </div>
   <div class='ocr_carea' id='block_1_113' title="bbox 1895 5343 3497 5424">
    <p class='ocr_par' dir='ltr' id='par_1_113' title="bbox 1895 5343 3497 5424">
     <span class='ocr_line' id='line_1_113' title="bbox 1895 5343 3497 5424; baseline 0.006 -26"><span class='ocrx_word' id='word_1_803' title='bbox 1895 5344 1938 5398; x_wconf 87' lang='grc' dir='ltr'><strong>Ι.</strong></span> <span class='ocrx_word' id='word_1_804' title='bbox 1978 5343 2311 5424; x_wconf 48' lang='lat' dir='ltr'><strong>Deuteroses</strong></span> <span class='ocrx_word' id='word_1_805' title='bbox 2333 5344 2774 5424; x_wconf 41' lang='lat' dir='ltr'><strong>Judteorumzll.</strong></span> <span class='ocrx_word' id='word_1_806' title='bbox 2805 5348 2883 5424; x_wconf 73' lang='lat' dir='ltr'><strong>Qa</strong></span> <span class='ocrx_word' id='word_1_807' title='bbox 2917 5352 3240 5424; x_wconf 54' lang='lat' dir='ltr'><strong>patriarcha</strong></span> <span class='ocrx_word' id='word_1_808' title='bbox 3271 5362 3322 5406; x_wconf 84' lang='lat' dir='ltr'><strong>et</strong></span> <span class='ocrx_word' id='word_1_809' title='bbox 3365 5370 3497 5424; x_wconf 86' lang='lat' dir='ltr'><strong>apo-</strong></span> 
     </span>
    </p>
   </div>
   <div class='ocr_carea' id='block_1_114' title="bbox 1965 5416 3495 5483">
    <p class='ocr_par' dir='ltr' id='par_1_114' title="bbox 1965 5416 3495 5483">
     <span class='ocr_line' id='line_1_114' title="bbox 1965 5416 3495 5483; baseline 0.006 -14"><span class='ocrx_word' id='word_1_810' title='bbox 1965 5416 2117 5469; x_wconf 77' lang='lat' dir='ltr'><strong>stalis</strong></span> <span class='ocrx_word' id='word_1_811' title='bbox 2169 5417 2311 5483; x_wconf 86' lang='lat' dir='ltr'><strong>apud</strong></span> <span class='ocrx_word' id='word_1_812' title='bbox 2354 5416 2597 5470; x_wconf 75' lang='lat' dir='ltr'><strong>Judwoa.</strong></span> <span class='ocrx_word' id='word_1_813' title='bbox 2658 5417 2746 5472; x_wconf 86' lang='lat' dir='ltr'><strong>Ill.</strong></span> <span class='ocrx_word' id='word_1_814' title='bbox 2797 5416 3058 5476; x_wconf 76' lang='lat' dir='ltr'><strong>Eusebius</strong></span> <span class='ocrx_word' id='word_1_815' title='bbox 3114 5421 3340 5477; x_wconf 69' lang='lat' dir='ltr'><strong>Hebrwo</strong></span> <span class='ocrx_word' id='word_1_816' title='bbox 3394 5416 3495 5478; x_wconf 70' lang='lat' dir='ltr'><strong>ilo-</strong></span> 
     </span>
    </p>
   </div>
   <div class='ocr_carea' id='block_1_115' title="bbox 1965 5485 3497 5626">
    <p class='ocr_par' dir='ltr' id='par_1_115' title="bbox 1965 5485 3497 5626">
     <span class='ocr_line' id='line_1_115' title="bbox 1965 5485 3497 5626; baseline 0.009 -90"><span class='ocrx_word' id='word_1_817' title='bbox 1965 5496 2108 5626; x_wconf 64' lang='lat' dir='ltr'><strong>;tore</strong></span> <span class='ocrx_word' id='word_1_818' title='bbox 2147 5495 2223 5538; x_wconf 77' lang='lat' dir='ltr'><strong>est</strong></span> <span class='ocrx_word' id='word_1_819' title='bbox 2259 5504 2406 5539; x_wconf 78' lang='lat' dir='ltr'><strong>usus.</strong></span> <span class='ocrx_word' id='word_1_820' title='bbox 2441 5485 2527 5541; x_wconf 87' lang='lat' dir='ltr'><strong>IV.</strong></span> <span class='ocrx_word' id='word_1_821' title='bbox 2557 5489 2644 5540; x_wconf 76' lang='lat' dir='ltr'><strong>Ait</strong></span> <span class='ocrx_word' id='word_1_822' title='bbox 2687 5500 2882 5544; x_wconf 81' lang='lat' dir='ltr'><strong>terram</strong></span> <span class='ocrx_word' id='word_1_823' title='bbox 2917 5509 3020 5546; x_wconf 85' lang='lat' dir='ltr'><strong>non</strong></span> <span class='ocrx_word' id='word_1_824' title='bbox 3067 5509 3176 5547; x_wconf 80' lang='lat' dir='ltr'><strong>esse</strong></span> <span class='ocrx_word' id='word_1_825' title='bbox 3233 5496 3497 5564; x_wconf 75' lang='lat' dir='ltr'><strong>sphwrica</strong></span> 
     </span>
     <span class='ocr_line' id='line_1_116' title="bbox 1991 5572 2158 5610; baseline -0.012 0"><span class='ocrx_word' id='word_1_826' title='bbox 1991 5572 2158 5610; x_wconf 85' lang='lat' dir='ltr'><strong>arma.</strong></span> 
     </span>
    </p>
   </div>
   <div class='ocr_carea' id='block_1_116' title="bbox 2330 5649 3050 5706">
    <p class='ocr_par' dir='ltr' id='par_1_116' title="bbox 2330 5649 3050 5706">
     <span class='ocr_line' id='line_1_117' title="bbox 2330 5649 3050 5706; baseline 0.008 -7"><span class='ocrx_word' id='word_1_827' title='bbox 2330 5649 2366 5700; x_wconf 79' lang='grc' dir='ltr'><strong>ἰ.</strong></span> <span class='ocrx_word' id='word_1_828' title='bbox 2404 5649 2717 5702; x_wconf 89' lang='lat' dir='ltr'><strong>Deuteroses</strong></span> <span class='ocrx_word' id='word_1_829' title='bbox 2749 5655 3050 5706; x_wconf 63' lang='lat' dir='ltr'><strong>Judaorum.</strong></span> 
     </span>
    </p>
   </div>
   <div class='ocr_carea' id='block_1_117' title="bbox 1967 5735 3491 5814">
    <p class='ocr_par' dir='ltr' id='par_1_117' title="bbox 1967 5735 3491 5814">
     <span class='ocr_line' id='line_1_118' title="bbox 1967 5735 3491 5814; baseline 0.007 -24"><span class='ocrx_word' id='word_1_830' title='bbox 1967 5735 2184 5793; x_wconf 61' lang='lat' dir='ltr'><strong>Iudaeos</strong></span> <span class='ocrx_word' id='word_1_831' title='bbox 2221 5751 2544 5809; x_wconf 76' lang='lat' dir='ltr'><strong>plerumque</strong></span> <span class='ocrx_word' id='word_1_832' title='bbox 2580 5742 2898 5809; x_wconf 86' lang='lat' dir='ltr'><strong>insectatur,</strong></span> <span class='ocrx_word' id='word_1_833' title='bbox 2930 5747 3044 5814; x_wconf 86' lang='lat' dir='ltr'><strong>qui,</strong></span> <span class='ocrx_word' id='word_1_834' title='bbox 3071 5746 3301 5801; x_wconf 89' lang='lat' dir='ltr'><strong>dimisso</strong></span> <span class='ocrx_word' id='word_1_835' title='bbox 3339 5745 3491 5802; x_wconf 80' lang='lat' dir='ltr'><strong>Scri-</strong></span> 
     </span>
    </p>
   </div>
   <div class='ocr_carea' id='block_1_118' title="bbox 1895 5835 3491 5905">
    <p class='ocr_par' dir='ltr' id='par_1_118' title="bbox 1895 5835 3491 5905">
     <span class='ocr_line' id='line_1_119' title="bbox 1895 5835 3491 5905; baseline 0.008 -18"><span class='ocrx_word' id='word_1_836' title='bbox 1895 5841 2182 5899; x_wconf 81' lang='lat' dir='ltr'><strong>nturaruin</strong></span> <span class='ocrx_word' id='word_1_837' title='bbox 2221 5849 2350 5892; x_wconf 83' lang='lat' dir='ltr'><strong>vero</strong></span> <span class='ocrx_word' id='word_1_838' title='bbox 2403 5835 2644 5905; x_wconf 88' lang='lat' dir='ltr'><strong>tramite,</strong></span> <span class='ocrx_word' id='word_1_839' title='bbox 2683 5855 2702 5890; x_wconf 70' lang='grc' dir='ltr'><strong><em>ι</em></strong></span> <span class='ocrx_word' id='word_1_840' title='bbox 2734 5838 3008 5896; x_wconf 83' lang='lat' dir='ltr'><strong>fabulosas</strong></span> <span class='ocrx_word' id='word_1_841' title='bbox 3061 5839 3378 5899; x_wconf 62' lang='lat' dir='ltr'><strong>deuteroses</strong></span> <span class='ocrx_word' id='word_1_842' title='bbox 3422 5843 3491 5899; x_wconf 85' lang='lat' dir='ltr'><strong>ad</strong></span> 
     </span>
    </p>
   </div>
  </div>
