4014 6382
538 388 604 444 87
1213 367 1479 429 EUSEBI‘I
1516 355 1992 423 CESARIENSIS
2030 349 2181 407 OPP.
2225 343 2404 400 PARS
2440 340 2530 396 111.
2571 368 2641 380 -
2676 332 3099 391 EXEGETICA-

541 501 785 560 lectionis
815 492 1231 567 explicationem
1262 487 1599 543 adhiberent.
1635 479 1893 532 Doctores
1925 483 2100 523 autem
2132 471 2177 528 Α

539 601 796 665 ipsorum,
821 589 912 660 qui
955 584 1259 642 doctrinam
1306 574 1777 646 cauponahantur,
1808 580 1839 620 e
1871 579 1928 617 re
1971 578 2100 616 cau—

536 654 701 754 pones
730 654 861 736 dicti
893 686 1055 731 sunt:
1091 673 1181 743 qui
1212 670 1393 723 vinum
1428 679 1567 733 aqua
1610 658 1932 719 miscebant,
1972 654 2098 706 dum

536 745 788 839 sermone
833 771 887 824 in
924 780 1114 837 aquam
1166 758 1422 823 resoluto,
1463 768 1667 809 meram
1708 759 1761 805 et
1791 745 2099 802 restrictam

534 868 843 921 divinarum
896 858 1297 926 Scripturarum
1359 859 1595 904 mentem
1624 885 1638 908 ,
1686 856 1784 911 per
1822 849 2101 893 commen-

536 958 685 1012 titias
741 967 869 1010 suas
934 950 1251 1005 deuteroses
1314 941 1603 997 fmdarent.
1634 952 1654 986 ι
1713 931 1880 985 Erant
1940 938 2103 994 porro

536 1050 879 1108 deuteroses,
929 1041 1043 1095 sive
1090 1034 1342 1093 secundm
1396 1030 1748 1091 traditiones,
1806 1017 2103 1090 Epiphanio

540 1144 677 1192 teste
705 1137 836 1190 hasr.
866 1144 1061 1193 xum,
1094 1144 1148 1181 n.
1174 1126 1231 1190 9,
1257 1117 1620 1192 quadruplicis
1642 1112 1883 1183 generis;
1918 1110 2104 1179 primae

543 1225 740 1295 Hoysis
774 1221 993 1283 nomine
1029 1212 1587 1295 circumferebantur;
1631 1196 2102 1295 secundmﬂRabhi

542 1283 776 1373 ’Λκιόας
809 1305 980 1361 tertia:
1009 1301 1195 1366 Adda,
1258 1297 1374 1351 sive
1406 1292 1590 1355 ludas;
1626 1294 1833 1358 quarta:
1870 1283 2103 1337 ﬁliorum

536 1398 864 1457 Assamonzei
909 1403 1085 1451 erant.
1114 1388 1453 1445 Traditiones
1492 1382 1612 1436 illas
1649 1377 1861 1434 Hebraei
1910 1380 2106 1429 vocant

535 1501 725 1559 nam
758 1490 955 1554 Histra,
984 1486 1126 1557 quod
1176 1482 1316 1537 idem
1356 1486 1513 1533 sonat
1545 1483 1709 1543 atque
1736 1468 1966 1526 secunda
2004 1477 2108 1519 tra-

539 1587 691 1639 ditio.
721 1583 802 1639 An
834 1596 995 1652 porro
1022 1578 1123 1633 illa:
1151 1576 1219 1630 ab
1251 1570 1491 1640 antiquis
1526 1567 1758 1622 laudate
1793 1560 2106 1617 traditiones

541 1678 741 1733 eadem
796 1683 958 1742 atque
1011 1669 1285 1725 hodierna
1340 1665 1481 1727 sint,
1538 1660 1840 1716 edissercre
1885 1670 1988 1710 non
2021 1660 2104 1709 est

539 1768 773 1824 instituti
814 1764 1006 1821 nostri.

724 1878 787 1929 li.
811 1879 886 1929 De
913 1875 1201 1941 patriarchis
1226 1877 1279 1922 et
1307 1869 1539 1933 apostolis
1561 1867 1688 1929 apud
1709 1864 1919 1914 Iudaeos.

609 1965 763 2032 Quod
811 1962 877 2017 ad
926 1958 1268 2032 patriarchas
1306 1953 1651 2013 Iudaeorum,
1700 1962 1823 2019 quae
1870 1944 2108 2015 dignitas

543 2056 759 2112 nonnisi
800 2062 923 2125 post
959 2052 1109 2107 urbis
1146 2045 1414 2104 excidium
1446 2050 1702 2111 usurpata
1748 2046 1988 2109 putatur,
2019 2048 2109 2088 eo-

540 2166 662 2205 mm
712 2151 1045 2207 mentionem
1097 2146 1228 2200 facit
1279 2140 1545 2197 Eusebius
1591 2137 1655 2191 ad
1695 2141 1855 2203 caput
1901 2129 2112 2186 Hesaia:

540 2255 622 2306 ιιι,
650 2257 703 2295 v.
728 2243 781 2301 4.
818 2242 903 2295 his
944 2226 1159 2293 verbis:
1188 2235 1283 2298 Τίς
1325 2229 1415 2287 οὖν
1444 2231 1585 2303 ὁρῶν
1627 2230 1754 2291 τοὺς
1797 2223 1945 2297 παρὰ
1983 2224 2112 2276 Ἰουο

541 2332 708 2395 δαίοις
748 2330 1181 2402 ὀνομαζομένους
1220 2326 1593 2397 πατριάρχας,
1630 2319 1944 2379 νεανίσκους
1983 2314 2113 2385 ἀλη-

541 2423 669 2487 θῶς,
699 2424 759 2476 οὐ
785 2422 883 2492 τὴν
915 2421 1022 2475 τῶν
1058 2421 1326 2490 σωμάτων
1353 2415 1589 2488 ἠλικίαν,
1628 2411 1763 2466 ἀλλὰ
1795 2410 1894 2472 τὰς
1936 2408 2112 2479 ψυχὰς

542 2514 770 2577 ἀτελεῖς,
807 2514 902 2566 καὶ
929 2512 1125 2575 ἐνδεεῖς
1162 2508 1405 2581 φρενῶν;
1440 2506 1565 2569 τούς
1603 2521 1660 2558 τε
1691 2500 1907 2562 λοιποὺς
1935 2496 2112 2550 αὐτῶν

544 2604 915 2667 διδασκάλους,
951 2604 1051 2656 οὐκ
1082 2601 1318 2655 ἂνοεῐποι
1352 2598 1656 2671 ἐμπαίκτας
1688 2593 1854 2657 εἶναι,
1900 2591 1994 2644 καὶ⁵
2020 2588 2113 2651 οὓς

546 2695 577 2762 ἡ
608 2692 916 2764 προφητεία
937 2691 1158 2762 ἐδήλους
1193 2689 1246 2743 ld
1274 2696 1356 2743 est
1389 2710 1400 2743 :
1434 2705 1453 2738 ι
1481 2686 1612 2752 Quis
1651 2698 1781 2754 ergo
1808 2678 2114 2749 conspectis

545 2784 690 2845 illis,
741 2783 830 2852 qui
880 2783 1019 2851 apud
1062 2781 1274 2837 Iudaeos
1327 2778 1649 2850 patriarchae
1694 2782 1979 2837 vorantur,
2024 2787 2115 2828 eos

546 2892 651 2932 non
682 2888 941 2943 corporea
984 2882 1213 2937 statura,
1241 2872 1335 2927 sed
1371 2869 1536 2924 animi
1576 2865 2017 2934 imperfectione,
2052 2879 2117 2920 ac

546 2966 742 3022 mentis
792 2965 1122 3035 indigentia,
1170 2977 1295 3017 vere
1342 2975 1540 3028 pueros
1584 2974 1690 3013 non
1742 2966 1936 3021 vocet;
1984 2955 2116 3011 reli-

547 3072 790 3127 quosque
815 3071 1001 3111 eorum
1031 3056 1303 3121 doctores,
1350 3068 1456 3106 non
1492 3052 1640 3106 dicat
1670 3065 1790 3107 esse
1819 3049 2116 3112 derisores,

548 3147 731 3215 quales
761 3147 1042 3216 praphetia
1085 3143 1316 3199 indicat?
1344 3162 1362 3195 ι
1399 3143 1567 3196 Erant
1596 3156 1757 3211 porro
1795 3141 2120 3211 patriarcha!
2146 3179 2188 3238 α

549 3239 823 3308 principes
848 3237 1087 3293 Iudaicae
1112 3236 1307 3305 gentis,
1343 3243 1477 3289 teste
1505 3234 1802 3304 Epiphanio
1826 3234 1958 3288 hair.
1989 3249 2117 3297 xxx,

552 3348 700 3387 num.
727 3332 781 3395 4,
812 3341 861 3385 et
897 3330 1095 3385 Codice
1140 3328 1516 3383 Theodosiano
1548 3327 1583 3380 1.
1614 3341 1728 3390 xvr,
1766 3327 1850 3381 tit.
1878 3326 1932 3380 8.
1968 3324 2123 3382 Hunc

550 3438 680 3478 vero
732 3422 950 3477 Eusebii
1005 3422 1181 3476 locum
1229 3420 1309 3475 sic
1356 3417 1614 3489 exprimit
1658 3416 2022 3487 Hieronymus
2070 3417 2123 3471 in

552 3516 800 3569 eumdem
850 3514 1174 3569 versiculum
1214 3531 1229 3566 :
1264 3530 1282 3562 r
1313 3511 1730 3567 Consideremus
1782 3509 2126 3580 patriarchas

553 3608 884 3670 Iudaeorum,
912 3618 966 3662 et
993 3607 1239 3676 juvenes,
1276 3607 1391 3661 sive
1422 3619 1642 3675 pueros,
1672 3602 2125 3675 etl‘eminalosque

552 3716 617 3755 ac
646 3700 857 3756 deliciis
892 3700 1191 3763 afﬂuentes,
1220 3708 1276 3755 et
1316 3698 1589 3768 impletam
1637 3699 1975 3769 pr0phetiam
2006 3712 2128 3754 esse

553 3806 876 3857 cernemus;
911 3813 930 3845 ι
971 3792 1025 3846 id
1074 3806 1141 3845 ex
1176 3791 1433 3854 Eusebio,
1485 3800 1544 3845 ut
1593 3800 1648 3846 et
1694 3791 1951 3861 pleraque
1997 3791 2127 3857 alia,

555 3893 856 3937 mutuatus.
889 3884 962 3937 De
994 3882 1255 3952 apostolis
1284 3882 1409 3937 item
1443 3879 1754 3945 Iudaeorum
1793 3881 1957 3935 verba
1999 3880 2131 3935 facit

552 3970 818 4027 Eusebius
859 3975 923 4027 ad
965 3983 1321 4041 caput.xvttt,
1350 3973 1482 4040 v.1,
1522 3964 1576 4025 Ὀ
1625 3971 2022 4026 ἀποστέλλοπ
2062 3971 2131 4023 ἐν

557 4062 840 4133 θαλάσσῃ
875 4064 1095 4133 ὅμηρα·
1134 4066 1185 4121 id
1220 4076 1302 4122 est
1334 4087 1347 4121 :
1384 4085 1402 4117 ι
1432 4065 1530 4132 Qui
1563 4066 1731 4120 mittit
1776 4065 1830 4119 in
1855 4079 2003 4119 mare
2034 4064 2133 4119 ob-

558 4156 745 4209 sides:
778 4172 796 4204 ι
847 4155 934 4207 ubi
984 4156 1342 4226 Symmachus
1386 4156 1571 4220 vertit,
1616 4154 1963 4209 ἀποστέλλων
2000 4154 2134 4207 ἀπο-

559 4245 775 4307 στόλους
799 4248 857 4299 ὲν
878 4245 1140 4317 θαλάσσῃ’
1171 4265 1189 4297 t
1213 4245 1313 4319 Qui
1344 4247 1506 4299 mittit
1530 4245 1801 4315 apostolos
1822 4245 1874 4298 in
1902 4260 2083 4312 mare;
2111 4260 2128 4293 ι

558 4338 673 4389 lucc
699 4338 843 4390 enim
870 4336 1054 4403 adjicit
1084 4355 1099 4391 :
1122 4338 1189 4390 υἱ
1228 4353 1287 4389 τε
1315 4336 1599 4390 ἀπόστολοι
1626 4334 1826 4400 αὐτῶν,
1851 4332 2135 4396 ἐπιστολὰς

560 4427 800 4499 βιϐλίνας
832 4428 1200 4501 κομιζόμενοι,
1233 4429 1489 4501 ὑπεράνω
1521 4444 1582 4480 τε
1616 4426 1723 4481 τῶν
1757 4426 1961 4480 ὑδάτων
2008 4441 2136 4478 ναυ-

557 4518 890 4588 τιλλόμενοι,
928 4519 1024 4572 καὶ
1086 4520 1184 4591 τὴν
1238 4519 1511 4573 θάλασσαν
1558 4516 1915 4587 ἐμπλέοντες,
1959 4517 2135 4570 ἁπαν·

560 4609 735 4679 ταχοῦ
773 4610 875 4680 γῆς
924 4610 1215 4682 διέτρεχον,
1259 4611 1350 4664 τὸν
1397 4610 1526 4679 περὶ
1555 4606 1650 4661 τοῦ
1691 4605 1940 4677 Σωτῆρος
1980 4605 2135 4677 ἡμῶν

562 4703 995 4768 ἑνδιαδάλλοντες
1040 4704 1215 4773 λόγον.
1257 4705 1610 4767 Ἀποστόλους
1636 4703 1692 4756 δὲ
1721 4702 1887 4755 εἰσέτι
1922 4701 2015 4754 καὶ
2042 4701 2137 4754 νῦν

564 4791 682 4856 ἔθος
724 4795 871 4847 ἐστὶν
922 4795 1195 4858 Ἰουδαίοις
1242 4794 1525 4865 ὀνομάζειν
1589 4794 1716 4857 τοὺς
1752 4792 1821 4846 τά
1874 4790 2139 4859 ἐγκύκλια

561 4888 866 4958 γράμματα
914 4890 1065 4961 παρὰ
1116 4888 1223 4942 τῶν
1265 4890 1541 4959 ἀρχόντων
1597 4888 1774 4942 αὐτῶν
1823 4886 2139 4957 ἐπικομιζο-

577 4978 785 5047 μένους.
830 4978 944 5035 Hoc
991 4992 1076 5035 est
1129 4999 1143 5034 :
1198 5000 1215 5032 ι
1246 4980 1595 5048 Apostolique
1618 4995 1833 5045 eorum,
1883 4978 2140 5049 epistolas

569 5068 800 5126 hiblinas
835 5070 1167 5136 deferentes,
1207 5088 1273 5125 ac
1304 5086 1464 5141 supra
1494 5074 1712 5127 dorsum
1759 5086 2044 5140 aquarum,
2086 5078 2143 5125 et

569 5163 622 5215 in
661 5163 795 5216 mari
824 5162 1162 5233 navigantes,
1213 5163 1412 5233 ubique
1448 5173 1711 5217 terrarum
1743 5163 2143 5229 discurrebant,

569 5268 871 5308 sermonem
924 5255 994 5308 de
1049 5253 1341 5310 Servatore
1409 5263 1598 5309 nostro
1648 5255 1935 5309 calumniis
1988 5252 2143 5308 velli-

568 5356 770 5399 cantes.
799 5345 1079 5414 Apostolos
1104 5361 1234 5401 vero
1263 5348 1426 5402 etiam
1459 5363 1599 5403 nunc
1633 5346 1796 5402 Judaei
1832 5358 2144 5413 nuncupare

572 5436 751 5488 solent
782 5451 898 5502 eos,
946 5436 1039 5505 qui
1095 5438 1391 5493 eirculares
1440 5430 1755 5510 principum
1786 5454 2003 5493 suorum
2055 5436 2145 5490 lit—

573 5535 717 5579 teras
750 5526 1171 5596 circumquaque
1198 5528 1499 5583 deferunt.»
1526 5530 1651 5585 llaec
1684 5546 1843 5600 porro
1873 5539 2142 5599 postrema

570 5617 757 5681 verba,
789 5619 1118 5685 ἀποστόλους
1161 5622 1217 5675 δὲ
1261 5623 1425 5675 εἰσέτι
1472 5623 1566 5675 καὶ
1608 5622 1722 5687 νῦν,
1753 5634 1881 5689 etc.,
1912 5623 2143 5692 ascripta

575 5708 741 5764 habes
764 5712 900 5779 apud
924 5710 1332 5777 (Ecumenium,
1355 5714 1421 5766 ad
1451 5712 1743 5781 Epistolnm
1766 5716 1833 5767 ad
1858 5714 2142 5768 Romanos.

570 5800 648 5855 Dc
698 5802 956 5872 apostolis
1007 5802 1310 5860 Juda'orum
1382 5804 1600 5874 paulum
1665 5806 1872 5862 divcrsa
1931 5805 2145 5861 tradere

3707 321 3785 376 88

2205 462 2414 514 videtur
2450 455 2777 525 Epiphanius
2808 451 2939 504 hmr.
2970 462 3166 509 xxxut,
3199 460 3346 500 num.
3374 444 3442 496 4:
3478 444 3648 502 ὒὺτος
3670 440 3779 511 γάρ

2198 554 2227 605 ὁ
2267 548 2525 618 Ἰώσηπος
2575 544 2679 595 τῶν
2733 540 2869 609 παρτ
2893 538 3076 598 αὐτοῖς
3126 528 3507 603 ἀξιωματικῶν
3566 525 3781 597 ἀνδρῶν

2200 617 2509 712 ἐναρίθμιος
2555 632 2642 706 ἦν.
2673 633 2793 687 Εἰσὶ
2836 630 2892 684 δὲ
2925 623 3070 683 οὗτοι
3113 623 3250 697 μετὰ
3292 623 3383 676 τὸν
3429 617 3784 690 πατριάρχην

2200 708 2482 787 ἀπόστολοι
2545 723 2896 794 καλούμενοι·
2949 714 3369 790 προσεδρεύουσι
3421 712 3478 765 δὲ
3534 708 3613 781 τῷ
3669 725 3783 762 πα-

2201 824 2456 897 τριάρχῃ,
2486 818 2583 873 καὶ
2615 819 2710 871 σὺν
2750 811 2900 882 αύτῷ
2942 808 3222 869 πολλάκις,
3253 806 3348 859 καὶ
3392 806 3448 858 ἐν
3486 802 3641 856 νυκτὶ
3684 796 3785 853 καὶ

2199 891 2257 971 ἂν
2547 908 2783 979 συνεχῶς
2829 905 3107 972 διάγουσι,
3155 898 3244 953 διὰ
3279 897 3341 951 τὸ
3386 891 3787 967 συμϐουλεύειν

2200 1010 2296 1062 καὶ
2325 982 2635 1076 ’άναιρὲρειν
2697 996 2846 1068 αὐτῷ
2891 993 2961 1050 τὰ
3005 991 3146 1047 κατὰ
3191 990 3282 1043 τὸν
3337 988 3519 1058 νόμον.
3555 982 3613 1038 Id
3659 991 3779 1038 est:

2208 1121 2227 1154 t
2260 1099 2472 1156 Etenim
2519 1096 2607 1149 hic
2667 1093 2779 1161 ipse
2827 1087 3094 1156 Josepltus
3141 1082 3284 1137 inter
3325 1080 3585 1148 dignitate
3643 1090 3786 1145 prae-

2203 1199 2411 1247 stantes
2456 1187 2603 1239 viros
2669 1195 2834 1252 penes
2888 1176 3096 1235 ludreos
3152 1171 3595 1226 numerabatur:
3644 1177 3790 1233 quos

2204 1294 2327 1355 post
2365 1277 2727 1352 patriarcham
2771 1269 3042 1342 apostolos
3078 1264 3378 1320 nominant.
3422 1259 3678 1315 Assident
3725 1255 3787 1311 hi

2203 1352 2549 1442 patriarchae,
2579 1372 2632 1418 et
2682 1373 2805 1416 cum
2853 1373 2919 1412 eo
2968 1354 3164 1424 stepius
3210 1352 3301 1408 diu
3342 1359 3614 1419 noctuque
3657 1362 3789 1401 ver—

2206 1439 2395 1516 santur
2420 1476 2436 1512 :
2462 1455 2605 1528 quod
2652 1453 2825 1509 eidem
2862 1465 2891 1505 a
2928 1444 3171 1504 consiliis
3204 1443 3344 1509 sint,
3382 1449 3439 1495 et
3483 1440 3551 1495 de
3598 1439 3662 1493 .is
3698 1451 3791 1492 re-

2206 1552 2416 1613 ferant,
2462 1527 2582 1618 qua:
2630 1545 2695 1600 ad
2733 1543 2902 1614 legem
2957 1536 3232 1609 pertinere
3268 1532 3583 1587 videntur.»
3633 1527 3786 1596 Quos

2208 1647 2370 1718 igitur
2416 1643 2483 1697 ad
2537 1642 2748 1713 litteras
2791 1635 2933 1690 ultro
2981 1632 3235 1699 citroque
3282 1624 3535 1681 ferendas
3582 1620 3799 1677 consti-

2208 1713 2352 1791 tutos
2385 1737 2461 1789 alt
2509 1730 2806 1792 Eusebius,
2855 1724 3074 1780 eosdem
3122 1728 3335 1784 contra,
3388 1724 3548 1771 noctu
3587 1713 3793 1782 diuque

2134 1824 2182 1883 B
2212 1840 2391 1884 astare
2439 1823 2785 1895 patriarchae,
2833 1816 3044 1887 ipsique
3084 1827 3112 1867 a
3154 1809 3399 1866 consiliis
3431 1821 3555 1863 esse
3602 1812 3797 1860 narrat

2207 1920 2563 1991 Epiphanius.
2620 1914 2818 1968 Verum
2873 1906 3088 1965 Eusebii
3137 1904 3428 1974 explicatio
3481 1916 3605 1956 cum
3658 1912 3803 1953 voce

2212 2009 2536 2071 ἀπόστολος,
2583 2005 2635 2059 id
2691 2011 2773 2058 est
2821 2002 3033 2067 missus,
3084 1998 3257 2067 magis
3308 1993 3581 2050 consentit
3630 2010 3641 2044 :
3700 1991 3795 2045 cui

2211 2100 2606 2158 acciuitCodex
2632 2094 3038 2152 Theodosianus
3055 2090 3130 2144 De
3162 2088 3390 2152 Judwis,
3427 2084 3522 2142 lib.
3550 2097 3664 2146 xtv,
3699 2081 3799 2152 qui

2212 2194 2291 2248 sic
2321 2170 2485 2247 habet
2512 2209 2524 2245 :
2568 2209 2586 2242 ι
2619 2182 3053 2256 Superstitionis,
3086 2178 3293 2248 inquit,
3322 2177 3550 2244 indignas
3582 2183 3702 2237 est,
3738 2180 3805 2227 ut

2213 2281 2641 2353 archisynagogi,
2671 2279 2785 2333 sive
2831 2272 3129 2347 presbyteri
3178 2268 3504 2329 Iudaeorum,
3530 2264 3614 2318 vel
3656 2277 3814 2331 quos

2214 2374 2315 2444 ipsi
2365 2372 2639 2443 apostolos
2693 2376 2916 2433 vocant,
2959 2365 3050 2434 qui
3107 2361 3173 2416 ad
3222 2358 3543 2430 exigendum
3596 2368 3798 2411 aurum

2213 2475 2373 2533 atque
2420 2470 2720 2531 argentum,
2748 2474 2777 2512 a
2817 2455 3124 2526 patriarcha
3171 2459 3319 2506 certo
3365 2456 3610 2517 tempore
3654 2444 3801 2499 diri-

2213 2564 2430 2627 gnntur,
2472 2570 2499 2608 a
2538 2551 2763 2623 singulis
2797 2558 3042 2605 exactam
3088 2557 3355 2605 summam
3400 2550 3566 2610 atque
3604 2551 3801 2593 susce-

2214 2657 2382 2718 ptam,
2430 2648 2495 2701 ad
2530 2644 2777 2703 eumdem
2810 2646 3108 2711 reportent.
3145 2655 3166 2689 ›
3211 2634 3317 2690 Sed
3351 2632 3581 2689 fortasse
3618 2629 3807 2685 conci-

2215 2738 2407 2794 lientur
2452 2736 2754 2806 opiniones,
2798 2732 2842 2787 si
2884 2732 3146 2793 dicamus,
3190 2723 3463 2796 apostolos
3490 2722 3809 2778 Iudaeorum

2218 2838 2505 2894 atrumque
2534 2823 2853 2895 praestitisse
2881 2835 3106 2887 munus;
3144 2826 3203 2871 ut
3236 2815 3443 2871 scilicet
3472 2811 3805 2885 patriarcha:

2216 2920 2539 2984 assiderent,
2567 2932 2633 2971 ac
2660 2916 2777 2986 ejus
2811 2912 2963 2984 iussa
2995 2919 3050 2966 et
3082 2907 3341 2979 epistolas
3369 2905 3515 2962 ultro
3550 2905 3809 2975 citroque

2222 3009 2519 3066 deferrent.

2478 3158 2565 3208 III.
2592 3154 2838 3207 Eusebius
2861 3152 3074 3203 Hebrato
3096 3150 3298 3201 doctore
3319 3152 3396 3199 est
3418 3161 3551 3197 usus.

2292 3308 2372 3364 Ad
2403 3316 2564 3377 caput
2594 3320 2725 3361 vero
2751 3318 2785 3354 v
2814 3302 2891 3357 ait
2920 3299 3158 3364 Judeos,
3186 3297 3277 3369 qui
3310 3296 3380 3352 ab
3419 3296 3706 3350 atlteorum
3750 3301 3812 3348 et

2224 3400 2627 3455 idololatrarum
2656 3392 2934 3451 consortio
2956 3389 3178 3445 minime
3209 3385 3596 3448 abhorrebant,
3629 3382 3811 3438 solum

2224 3490 2658 3547 Christianorum
2693 3481 3106 3541 contubernium
3137 3480 3427 3545 aversari,
3466 3477 3677 3546 piaeque
3723 3490 3818 3529 re-

2227 3583 2446 3655 ligionis
2494 3580 2728 3637 cultores
2766 3576 2969 3645 ubique
3000 3572 3201 3644 pellere
3229 3579 3286 3627 et
3331 3584 3551 3624 vexare.
3594 3565 3702 3621 Nec
3728 3574 3819 3621 ta-

2228 3690 2349 3731 men
2378 3674 2598 3730 insitum
2629 3669 2758 3726 illud
2784 3667 3095 3723 Iudaeorum
3127 3660 3326 3718 animis
3356 3661 3411 3715 in
3438 3658 3813 3714 Christianum

2230 3782 2425 3822 nomen
2475 3765 2656 3820 odium
2713 3759 3003 3819 Eusebium
3058 3755 3360 3819 deterruit,
3410 3751 3699 3824 quominus
3752 3748 3818 3804 in

2229 3854 2647 3915 Commentariis
2693 3853 2805 3908 suis
2838 3851 3066 3907 Hebraeo
3108 3852 3333 3905 doctore
3364 3846 3435 3901 sit
3465 3858 3615 3906 usus,
3645 3857 3675 3895 a
3704 3856 3824 3909 quo

2232 3966 2337 4006 non
2380 3948 2545 4005 semel
2575 3962 2634 4002 se
2679 3944 3158 4015 interpretationes
3201 3936 3437 3994 mutuari
3472 3949 3601 3989 suas
3640 3931 3819 4002 proti-

2234 4051 2393 4096 tetur.
2423 4039 2511 4105 Et,
2539 4039 2683 4107 quod
2712 4036 2970 4091 observes
2997 4034 3182 4097 velim,
3212 4031 3522 4098 ubicunque
3550 4025 3821 4108 Eusebia:-

2234 4148 2295 4188 se
2338 4132 2402 4186 ab
2430 4130 2657 4185 Hebraeo
2687 4128 2930 4192 doctore,
2960 4125 3046 4179 vel
3091 4124 3159 4178 ab
3193 4119 3435 4177 Hebmis
3467 4116 3669 4187 aliquid
3700 4115 3822 4170 edi-

2236 4224 2432 4278 dicisse
2462 4222 2569 4287 ait,
2618 4219 2817 4274 ibidem
2856 4217 3215 4288 Hieronymus
3246 4227 3306 4269 se
3347 4212 3578 4282 idipsutn
3610 4210 3679 4265 ab
3709 4205 3824 4263 He-

2242 4316 2395 4372 braeo
2426 4316 2649 4369 doctore
2675 4310 2949 4381 accepisse
2977 4307 3319 4362 testiﬁcatur.

2339 4426 2423 4477 ιν.
2452 4424 2703 4476 Eusebius
2725 4424 2796 4473 ait
2814 4426 2998 4471 terram
3023 4433 3123 4469 non
3150 4429 3261 4467 esse
3278 4416 3518 4478 sphaerica
3539 4414 3707 4464 forma.

2313 4513 2577 4569 Eusebius
2601 4509 2922 4581 plerumque
2954 4506 3007 4559 in
3038 4500 3464 4557 Commentariis
3494 4498 3547 4552 in
3575 4497 3824 4553 Psalrnos

2242 4606 2368 4662 dicit
2392 4603 2651 4659 mundum
2681 4597 2944 4670 sphaerica
2976 4595 3147 4650 forma
3169 4606 3319 4656 esse;
3354 4591 3447 4645 sed
3478 4590 3654 4643 addita
3685 4603 3824 4643 cau-

2246 4699 2408 4763 tione,
2457 4710 2575 4751 eam
2624 4707 2750 4749 esse
2799 4687 3153 4761 quorumdam
3203 4685 3511 4754 opinionem
3558 4684 3667 4746 ait,
3718 4698 3822 4737 nec

2245 4793 2475 4850 obscure
2516 4787 2824 4844 subindicat
2856 4799 2917 4839 se
2950 4782 3079 4836 item
3110 4780 3300 4836 eadem
3341 4777 3610 4832 sententia
3643 4789 3769 4830 esse
3802 4792 3824 4829 :

2244 4897 2343 4938 nec
2374 4892 2555 4937 tamen
2586 4878 2639 4933 id
2670 4884 2856 4947 aperte
2904 4872 3145 4944 profiteri
3178 4870 3369 4935 audet,
3410 4869 3537 4936 quia
3572 4865 3825 4922 fortassis

2246 4977 2401 5047 longe
2432 4973 2578 5028 aliud
2619 4968 2962 5025 aestimabant
2997 4965 3144 5019 illius
3190 4960 3370 5018 saeculi
3403 4959 3716 5015 Christiani.
3749 4951 3825 5013 Δί

2246 5068 2333 5123 hic
2395 5072 2620 5121 coactus
2688 5059 2982 5116 secundum
3040 5056 3314 5126 vulgarem
3387 5051 3825 5106 Christianorum

2246 5168 2480 5214 mentem
2536 5155 2685 5211 illum
2739 5152 2951 5209 Hesaite
3003 5149 3180 5205 locum
3225 5161 3346 5215 cap.
3394 5160 3463 5199 ιι.
3506 5142 3823 5210 explanare,

2256 5271 2273 5303 ι
2305 5251 2403 5317 Qui
2437 5247 2631 5305 statuit
2657 5244 2856 5301 cmlum
2897 5242 3051 5311 quasi
3089 5239 3373 5302 fornicem,
3406 5246 3459 5291 et
3489 5233 3733 5289 extendit
3768 5242 3829 5287 ut

2250 5339 2652 5397 tabernaculum
2699 5337 2764 5391 ad
2798 5334 3177 5398 habitandum,
3205 5350 3224 5385 ι
3275 5329 3340 5385 ad
3372 5328 3578 5383 Cosuue
3608 5326 3825 5395 opinio-

2250 5450 2371 5489 nem
2406 5446 2631 5504 prorsus
2658 5430 2909 5486 accedit:
2941 5446 2963 5479 ι
2990 5427 3211 5488 Deinde,
3234 5424 3428 5494 inquit,
3461 5436 3765 5477 sermonem
3794 5436 3827 5475 e

2253 5536 2393 5579 terra
2421 5525 2661 5597 erigens.
2691 5522 2974 5577 universos
3002 5520 3222 5582 excitat,
3262 5525 3321 5570 ut
3347 5516 3620 5572 caelestem
3656 5512 3825 5567 forni-

2250 5634 2390 5681 cem,
2414 5627 2469 5671 et
2498 5614 2937 5685 hemisphazrium
2964 5612 3089 5667 illud
3110 5624 3272 5678 supra
3302 5618 3498 5663 terram
3524 5606 3744 5671 elatum,
3769 5615 3825 5659 et

2253 5724 2481 5763 camera:
2517 5710 2691 5763 instar
2714 5706 2967 5761 omnibus
3008 5702 3315 5765 imminens,
3355 5700 3726 5763 admirentur;
3761 5712 3824 5752 ac

2254 5802 2489 5873 cogitent
2516 5809 2715 5871 quanta
2743 5800 2812 5855 sit
2836 5798 3009 5854 virtus
3036 5794 3179 5867 ejus,
3207 5793 3297 5866 qui
3322 5793 3516 5851 calum
3548 5789 3825 5855 condidit;
