4014 6420
197 415 280 475 8‘9

1229 401 1741 461 COMMENTARIA
1783 400 1852 457 IN
1890 398 2157 455 ISAIAM.
2191 428 2261 440 —-
2297 398 2455 453 CAP.
2496 397 2539 453 l.
3478 399 3539 456 9f

204 535 713 603 considerentque,
766 542 876 583 non
920 526 1037 581 sine
1075 539 1240 581 causa
1276 528 1345 578 ab
1392 538 1457 579 eo
1492 520 1693 577 coelum
1742 528 1825 574 ιο·
1854 523 1902 583 Α
1934 517 2090 583 vidit,
2134 530 2243 571 non
2280 531 2468 586 parem
2516 514 2623 570 iiiis
2657 514 2712 570 in
2763 514 3156 587 philosophicis
3205 521 3537 575 astronomi-

203 625 502 682 lnrnaculi
554 625 731 679 instar
765 618 1127 675 constitutum
1181 617 1377 681 luisse,
1424 629 1661 684 superne
1695 615 1818 682 qui-

200 716 336 771 dem
373 729 684 789 expansum
715 728 879 785 supra
913 711 1121 775 omnia,
1150 725 1272 781 quae
1304 709 1447 763 intra
1486 708 1659 778 ipsum
1691 720 1823 761 con-

202 806 503 874 tinentur;
539 806 610 860 iis
657 819 789 859 vero
813 804 907 875 qui
949 817 1115 872 supra
1156 799 1357 856 calum
1389 806 1539 862 sunt,
1577 796 1822 850 substra-

1921 609 2111 679 cisque
2146 607 2397 677 peritiam
2433 606 2652 662 indidit.
2693 606 2835 674 Quid
2871 607 3018 663 enim
3066 609 3133 668 ad
3187 612 3538 666 sanctitatem

1924 717 2254 771 morumque
2286 700 2663 757 sinceritatem
2712 701 2969 757 conferat
3004 700 3234 769 hujusce
3272 704 3369 758 rei
3400 706 3537 760 nuti-

1924 793 1996 846 lia
2016 792 2251 848 iVerum
2269 794 2368 845 hac
2380 792 2450 846 de
2470 808 2529 846 re
2561 792 2812 861 pluribus
2833 802 3016 848 actum
3034 803 3122 847 est
3140 794 3194 847 in
3219 794 3536 864 praefatione

196 907 326 952 tum
381 900 448 952 ad
504 896 861 953 domicilium.
890 914 911 949 ι
965 892 1097 962 Quae
1163 889 1433 962 ipsissima
1477 896 1559 944 est
1609 885 1822 943 Cusmas
1921 886 1991 941 ad
2032 886 2240 940 Cosmus
2272 883 2520 955 Egyptii
2566 885 2995 956 Tapographiam
3045 886 3435 943 Christianam.
3488 890 3538 945 is

194 988 487 1062 Egyptii,
533 1005 601 1044 ac
631 1004 771 1060 pene
798 989 1042 1045 omnium
1088 994 1334 1041 veterum
1377 983 1635 1045 Patrum,
1687 995 1815 1035 sen-

195 1081 408 1142 tentia.
456 1078 839 1152 Chrysostomi
881 1078 1110 1142 scilicet,
1142 1073 1427 1132 Severiani
1460 1072 1812 1135 Gabalorum,

190 1172 504 1240 Augustini
535 1182 592 1225 et
624 1172 878 1236 aliut-unt,
910 1170 999 1241 qui
1028 1169 1228 1226 caelum
1259 1170 1313 1222 in
1346 1165 1573 1221 fornicis
1603 1179 1810 1220 morem

190 1274 373 1318 terra:
420 1264 730 1328 imminere,
775 1279 840 1318 ac
872 1267 1233 1333 undequaque
1267 1259 1439 1314 muris
1481 1257 1811 1312 ﬁrmissimis

191 1365 372 1411 terra:
404 1355 589 1423 inniti,
612 1356 860 1411 arbitrati
888 1363 1037 1420 sunt,
1070 1354 1465 1424 antipodasque
1499 1358 1807 1420 negarunt:

192 1447 307 1501 rati
348 1462 455 1501 non
489 1462 652 1516 posse
684 1447 932 1503 homines
963 1448 1015 1500 in
1054 1445 1321 1514 oppositis
1359 1455 1516 1498 terrae
1563 1442 1810 1512 partibus

188 1542 454 1596 adversis
485 1542 733 1612 vestigiis
780 1550 951 1608 stare,
981 1541 1317 1610 sphzerasque
1339 1538 1650 1608 opinionem
1682 1550 1808 1590 cum

190 1634 491 1704 Scriptura
521 1635 703 1689 divina
735 1648 998 1702 pugnare.
1028 1631 1296 1686 Nimirum
1328 1631 1502 1695 Deus,
1531 1632 1621 1699 qui
1656 1628 1809 1684 nobis

1920 979 2067 1032 enim
2104 993 2214 1033 non
2251 979 2413 1035 modo
2460 978 2689 1033 Patrum
2736 980 3051 1048 opinionem
3100 997 3200 1051 pro
3221 981 3389 1043 °virili
3438 983 3536 1037 de-

1920 1070 2110 1140 fendit,
2142 1082 2197 1126 et
2244 1074 2313 1125 ab
2348 1082 2667 1127 exterorum
2716 1085 2919 1129 conatu
2956 1074 3247 1130 vindicare
3294 1076 3529 1147 satagit;

1915 1163 2014 1219 sed
2056 1164 2245 1227 etiam,
2292 1171 2555 1234 quantum
2610 1164 2843 1221 facultas
2894 1167 3127 1222 humana
3184 1178 3393 1237 potest,
3437 1149 3535 1223 ex;

1917 1257 2081 1324 plicat
2129 1265 2183 1311 et
2214 1257 2413 1324 aperit,
2462 1258 2557 1327 qui
2606 1258 2821 1326 possint
2871 1260 3169 1315 secundum
3206 1272 3528 1317 sanctorum

1916 1349 2139 1404 Patrum
2189 1350 2552 1415 sententiam,
2601 1366 2797 1406 cursus
2868 1351 3023 1419 solis,
3077 1352 3313 1423 eclipses
3368 1354 3529 1421 lunae,

1920 1454 2194 1496 astrorum
2263 1454 2474 1505 motus,
2530 1450 2839 1513 creteraque
2892 1444 3076 1499 omnia
3144 1445 3398 1514 intelligi.
3453 1446 3529 1501 lbi

1922 1537 2144 1589 videsis.
2196 1534 2322 1589 Haec
2378 1536 2429 1589 in
2476 1538 2823 1592 eruditorum
2878 1539 3227 1594 commodum
3287 1540 3531 1610 prmmit-

1923 1629 2081 1680 temla
2132 1627 2407 1681 duximus.
2452 1628 2531 1682 Tu
2568 1643 2717 1693 vero,
2771 1630 3001 1686 candide
3064 1629 3258 1697 lector,
3308 1630 3431 1687 vale
3475 1640 3531 1685 et

190 1737 425 1782 sanctos
457 1729 581 1782 illos
613 1730 664 1781 in
700 1727 961 1781 doctrinae
1010 1740 1334 1794 morumque
1370 1724 1659 1793 magistros
1692 1736 1820 1791 pro—
1853 1709 1894 1765 Β
1927 1719 2011 1772 his
2038 1717 2240 1773 fruere.

191 1878 2177 1905 ”_—_W“

798 2046 1604 2183 ΕΥΣΕΒΙΟΥ
1687 2039 2930 2181 ΥΠΟΜΝΗΜΑΤΑ

1515 2292 1687 2378 ΕΙΣ
1747 2294 2147 2380 ΗΣΑΙΑΝ
2165 2356 2185 2377 .

458 2618 1018 2734 EUSEBII
1101 2619 2169 2741 COMMENTARIA
2249 2626 2401 2742 IN
2492 2574 3187 2742 HESAIAM.

734 3004 1135 3059 ΚΕΦΑΛΜΟΝ
1174 3004 1253 3060 A'.

256 3116 277 3148 ι
330 3095 577 3168 Ὄρασις
623 3095 688 3166 ἦν
726 3094 834 3149 τδεν
878 3098 1109 3161 Ἡσαΐας
1160 3098 1275 3162 υίὸς
1317 3097 1529 3169 Ἀμὼς,
1577 3100 1645 3171 ἣν
1688 3098 1795 3152 ἴδεν
1824 3082 1865 3139 C

177 3190 330 3243 κατὰ
356 3189 461 3259 τῆς
500 3186 766 3251 Ἰουδαίας
806 3190 900 3243 καὶ
934 3190 1075 3243 κατὰ
1130 3191 1491 3262 Ἰερουσαλὴμ
1543 3193 1602 3243 ὲν
1640 3190 1793 3262 βασι-

176 3283 303 3353 hic}
341 3279 561 3345 Ὀζίου,
604 3281 699 3334 καὶ
743 3280 1119 3353 Ἰωαθὰμ,καὶ
1156 3283 1346 3354 Ἀχὰζ,
1384 3285 1479 3339 καὶ
1522 3283 1791 3351 Ἐζεκίου,

176 3374 227 3427 οἳ
274 3372 643 3427 ὲεασίλευσαν
684 3373 787 3444 τῆς
840 3375 1118 3440 Ἰουδαίας.
1162 3378 1385 3443 Ἀκουε,
1417 3379 1650 3451 οὐρανὲ,
1698 3380 1796 3433 καὶ

175 3465 465 3531 ὲνωτίζου.
501 3466 598 3538 γῆ,
640 3467 721 3520 ὅτι
751 3467 955 3540 Κύριος
986 3470 1268 3543 ἐλάλησεν.
1308 3472 1474 3537 Υίοὺς
1524 3472 1795 3543 ἐγέννησα

175 3558 277 3611 καὶ
306 3556 540 3627 ὕψωσαο
570 3560 727 3613 αὐτοὶ
755 3560 812 3613 δέ
849 3578 917 3633 με
946 3562 1244 3636 ἠθέτησαν.
1282 3585 1301 3618 ι
1331 3565 1595 3631 Σύνθετος
1634 3569 1662 3621 ὁ
1700 3567 1794 3621 ἄν-

174 3652 402 3723 θρωπος
436 3654 501 3705 ὲκ
534 3651 715 3725 ψυχῆς
743 3656 836 3708 καὶ
864 3654 1134 3727 σώματος·
1162 3660 1195 3724 ἡ
1230 3659 1367 3731 σὰρξ
1394 3660 1503 3713 ἀπὺ
1534 3660 1637 3730 τῆς
1666 3665 1789 3733 γῆς,

176 3744 388 3816 ἡψυχὴ
433 3745 686 3817 οὐρανία.
734 3748 886 3801 Ἐπεὶ
925 3745 1019 3803 οὖν
1064 3751 1201 3823 πρὸς
1241 3753 1531 3825 ἀμφότερα
1554 3754 1790 3826 αὐτῶνή

175 3838 477 3907 συγγένειά
501 3841 672 3904 ἐστιν,
699 3841 791 3893 ἐπὶ
810 3839 921 3894 τῶν
946 3844 1295 3900 οἰκειοτάτων
1324 3846 1490 3901 αὐτοῦ
1526 3848 1625 3920 τὴν
1656 3867 1794 3921 μαρ-

173 3931 368 4003 τυρίαν
424 3930 642 4003 ἐλέγχει
677 3949 691 3963 ο
743 3952 762 3984 ι
816 3933 983 3999 Υῐοὺς
1029 3936 1298 4007 ἐγέννησα
1362 3941 1457 3994 καὶ
1507 3940 1722 4011 ὕψωσα.
1766 3962 1784 3995 ι

173 4022 497 4094 Γεννήο-εως
558 4023 672 4097 εἴδη
736 4024 858 4079 δύο·
893 4030 925 4098 ἡ
950 4028 1052 4098 μὲν
1085 4031 1119 4099 ἠ
1142 4030 1283 4085 κατὰ
1308 4032 1440 4087 Θεὸν
1484 4035 1786 4106 μόρφωσις,

172 4114 234 4182 ἐξ
267 4116 453 4187 Εργων
514 4119 610 4170 καὶ
645 4118 963 4192 παραδοχῆς
1010 4120 1301 4194 δογμάτων
1344 4127 1741 4199 ἐπιτελουμένη
1771 4146 1783 4160 ο

170 4208 249 4274 ὡς
277 4212 451 4281 γεννᾷ
478 4209 695 4275 Παῦλος
711 4211 780 4264 δι’
801 4212 1139 4282 Εὑαγγελίου
1161 4217 1289 4282 τοὺς
1314 4219 1565 4290 μαθητὰς
1596 4222 1783 4277 αὐτοῦ.

249 4500 269 4529 ι
304 4480 495 4549 Ἔγνω
526 4479 655 4551 βοῦς
676 4482 770 4536 τὸν
792 4486 1158 4557 κτησάμενον,
1182 4488 1275 4541 καὶ
1304 4487 1425 4552 ὄνος
1448 4488 1547 4561 τὴν
1576 4492 1783 4563 φάτνην

2476 3030 2485 3037 ν
2541 3001 2778 3059 CAPUT
2830 3000 2872 3056 Ι.

1981 3098 2144 3154 Vens.
2190 3100 2244 3163 1,
2294 3099 2348 3152 Ξ.
2416 3119 2434 3150 ι
2469 3096 2620 3153 Visio
2654 3110 2821 3167 quam
2879 3095 3016 3152 vidit
3080 3094 3312 3151 Hessias
3365 3096 3512 3153 illius

1904 3190 2093 3255 Amos,
2128 3205 2294 3259 quam
2331 3189 2468 3243 vidit
2497 3198 2695 3245 contra
2734 3185 3000 3254 Iudaeam,
3033 3196 3089 3242 et
3129 3196 3319 3243 contra
3343 3184 3509 3243 Jeru-

1901 3284 2094 3350 Salem,
2123 3284 2484 3353 regnantibus
2516 3281 2671 3346 Ozia,
2718 3281 2997 3347 Joatham,
3052 3281 3238 3337 Achaz
3273 3289 3327 3335 et
3369 3282 3511 3336 Eae-

1899 3376 2047 3441 chia,
2078 3377 2172 3445 qui
2218 3386 2590 3446 regnaverunt
2642 3377 2696 3430 in
2744 3374 2956 3433 Iudaea.
3004 3374 3145 3429 Audi
3180 3374 3405 3439 coelum,
3452 3385 3511 3430 et

1901 3469 2130 3523 auribus
2155 3468 2375 3538 percipe
2424 3479 2594 3532 terra,
2643 3470 2774 3539 quia
2819 3468 3085 3523 Dominus
3116 3468 3335 3523 locutus
3396 3478 3503 3524 est.

1898 3562 2065 3617 Filios
2093 3564 2254 3632 genui
2286 3571 2340 3616 et
2364 3562 2601 3617 exaltavi
2632 3579 2647 3616 :
2680 3562 2755 3617 illi
2792 3572 2975 3617 autem
3008 3569 3337 3632 spreverunt
3358 3577 3501 3617 me.»

1900 3654 2075 3711 llomo
2104 3672 2171 3712 ex
2201 3658 2383 3711 anima
2418 3667 2471 3710 et
2498 3670 2735 3725 corpore
2757 3656 3093 3711 constitutus
3122 3664 3246 3711 est:
3275 3670 3404 3711 caro
3436 3670 3504 3711 ex

1900 3760 2068 3812 terra,
2126 3750 2308 3805 anima
2364 3750 2613 3806 caelestis
2666 3749 2909 3805 exsistit.
2976 3748 3115 3817 Quia
3170 3764 3305 3806 vero
3376 3764 3502 3804 cum

1897 3852 2130 3911 utroque
2158 3858 2351 3899 eorum
2383 3844 2773 3915 cognationem
2803 3844 2969 3900 habet
2997 3846 3198 3913 homo,
3239 3846 3388 3900 circa
3430 3859 3497 3899 ea

1890 3952 2017 4006 qua:
2073 3938 2173 4007 ipsi
2242 3939 2484 3992 maxime
2529 3937 2754 4007 propria
2832 3946 2963 3993 sunt
3031 3938 3345 3994 testimonio
3400 3952 3505 3994 suo

1895 4032 2071 4101 ipsum
2104 4032 2354 4101 coarguit
2387 4048 2401 4085 :
2432 4050 2451 4085 ι
2476 4031 2646 4089 Filios
2679 4032 2843 4099 genui
2870 4038 2925 4086 et
2958 4031 3221 4090 exaltavi.
3254 4051 3273 4084 ι
3321 4028 3503 4087 Gene-

1893 4122 2128 4177 rationis
2182 4123 2303 4178 dua:
2352 4123 2566 4191 species
2612 4132 2761 4191 sunt,
2815 4138 3047 4193 quarum
3097 4124 3200 4178 alia
3256 4132 3358 4185 est.
3408 4122 3499 4178 illa

1892 4215 2194 4268 secundum
2256 4213 2431 4269 Deum
2486 4212 2685 4280 forma,
2732 4228 2855 4282 quae
2895 4229 2961 4269 ex
3004 4213 3263 4283 operibus
3318 4219 3374 4267 et
3429 4226 3498 4266 ex

1893 4307 2277 4361 mandatorum
2334 4307 2688 4377 perceptione
2734 4306 3019 4378 perﬁcitur
3061 4324 3077 4362 :
3117 4322 3225 4376 qua
3280 4305 3503 4361 ratione

1891 4398 2094 4454 Paulus
2124 4400 2421 4470 discipulos
2454 4415 2584 4455 suos
2616 4414 2716 4471 per
2745 4400 3104 4473 Evangelium
3134 4401 3332 4472 gignit.

1961 4490 2129 4547 Vens.
2170 4492 2224 4548 '5.
2267 4512 2285 4545 ι
2322 4492 2590 4564 Cognovit
2618 4494 2716 4551 bos
2760 4508 3162 4565 possessorem,
3202 4503 3259 4549 et
3309 4494 3499 4548 asinus

170 4570 266 4625 τοῦ
318 4571 514 4644 κυρίου
554 4573 722 4628 αὐτοῦ
749 4595 762 4609 ο
814 4578 1032 4651 Ἰσραὴλ
1061 4579 1118 4635 δέ
1164 4598 1231 4651 με
1276 4581 1376 4634 οὐκ
1418 4582 1580 4652 ἔγνω,
1626 4585 1720 4637 καὶ
1755 4589 1782 4640 ὁ

1905 4599 2130 4655 iraasepe
2160 4584 2366 4640 domini
2406 4588 2510 4652 sui,
2545 4584 2717 4642 Israel
2739 4597 2921 4643 autem
2950 4602 3037 4643 me
3067 4602 3177 4643 non
3209 4588 3489 4659 cognovit,

170 4662 300 4727 ὶαός
327 4681 399 4734 με
431 4664 493 4716 οὐ
523 4665 813 4736 συνῆκεν.»
840 4667 979 4734 Βοῦς
1008 4669 1107 4740 μὲν
1128 4670 1223 4723 καὶ
1244 4670 1385 4737 ὄνος,
1418 4676 1621 4747 φυσικῇ
1648 4692 1784 4744 φαν-

171 4756 339 4827 τασίᾳ
366 4757 810 4828 τοὺςτρέφοντας
832 4761 1293 4830 ἐπιγινώσκουσιν
1311 4781 1325 4795 ο
1355 4766 1403 4817 oi
1427 4766 1484 4819 δὲ
1510 4767 1784 4839 τοσαύτης

169 4847 505 4913 ἀξιωθέντες
538 4850 691 4923 παρὰ
718 4851 815 4906 τοῦ
841 4852 977 4907 Θεοῦ
1003 4854 1281 4927 προνοίας,
1303 4856 1378 4919 ὡς
1410 4858 1484 4929 μὴ
1517 4858 1676 4930 μόνον
1696 4859 1784 4913 λο-

170 4944 365 5009 γικοῦς
398 4943 769 5014 καταστῆναι,
802 4944 939 4998 ἀλλὰ
973 4946 1070 5001 καὶ
1110 4946 1239 5001 λαὸν
1271 4948 1407 5003 Θεοῦ
1441 4954 1781 5023 χρηματίσαι

172 5031 604 5105 καταξιωθῆναι,
635 5038 770 5090 υἱῶν
828 5054 887 5090 τε
927 5041 1271 5112 προσηγορίᾳ
1296 5043 1625 5115 τιμηθῆναι,
1671 5048 1781 5101 οὐδ’

169 5125 380 5199 ΰμοίως
431 5129 548 5191 τοῖς
598 5129 819 5200 ἀλόγοις
854 5131 1137 5203 θρέμμασι
1176 5134 1267 5187 τὸν
1316 5139 1658 5207 γεννήσαντα
1687 5141 1783 5195 καὶ

171 5220 478 5294 θρέψαντα,
516 5224 829 5295 τιμήσαντά
859 5242 919 5278 τε
961 5227 1057 5279 καὶ
1102 5226 1397 5297 ὑψώσαντα
1439 5233 1639 5296 αὐτοὺς
1669 5235 1784 5288 Κύ-

173 5331 285 5385 ριον
312 5315 587 5384 ἔγνωσαν.
620 5313 788 5389 Οἶμαι
808 5317 865 5372 δὲ
888 5318 976 5374 διὰ
1000 5320 1208 5375 τούτων
1235 5325 1593 5395 προφητικῶς
1615 5326 1784 5379 αἰνίτ-

169 5406 357 5461 τεσθαι
366 5448 381 5471 ,
396 5408 477 5471 ὡς
490 5408 582 5462 τὸν
594 5410 639 5463 Χ
650 5410 832 5480 ριστὸν
844 5411 937 5465 τοῦ
949 5412 1085 5467 Θεοῦ
1102 5414 1264 5469 αὐτὸν
1291 5415 1420 5470 ὄντα
1432 5417 1524 5471 τὸν
1553 5419 1637 5472 Κύ
1647 5438 1781 5493 ριον,

176 5496 359 5567 μόνοις
390 5498 580 5564 αὐτοῖς
603 5501 663 5567 ἐξ
695 5502 953 5557 ἁπάντων
990 5503 1103 5558 τῶν
1144 5505 1319 5560 ὲθνῶν
1362 5509 1782 5584 ἐπιδημήσαντα

172 5591 310 5654 κατά
353 5592 459 5665 τὴν
533 5592 984 5667 ἐνανθρῶπησιν,
1068 5598 1129 5651 οὐ
1187 5600 1611 5670 παραδέξονται,
1662 5607 1784 5661 οὐδὲ

174 5684 574 5756 ἔτειγνώσονται
605 5686 791 5755 αὐτὸν,
841 5688 962 5744 οὐδὲ
993 5690 1311 5761 νοήσουσιν,
1346 5694 1461 5748 ἀλλ’
1496 5696 1613 5751 οὐδὲ
1651 5715 1778 5755 συν-

172 5780 378 5848 ﬁmum.

237 5887 259 5923 ι
295 5869 439 5927 οὐαὶ
485 5870 644 5940 levo;
685 5875 1029 5950 ἁμαρτωλὸν,
1057 5880 1188 5951 λαὸς
1211 5881 1427 5956 πλήρης
1463 5884 1739 5958 ἁμαρτίας
1763 5926 1778 5953 ,

1886 4686 1941 4731 et
1976 4677 2213 4748 populus
2249 4694 2337 4732 me
2374 4695 2483 4735 non
2524 4677 2821 4735 intellexit.
2852 4696 2873 4732 ι
2910 4677 3017 4734 Bos
3045 4678 3266 4750 quidem
3299 4688 3355 4735 et
3384 4680 3496 4735 asi-

1887 4784 1990 4823 nus
2028 4784 2093 4823 ex
2140 4768 2375 4825 naturali
2433 4770 2698 4825 instinctu
2736 4784 2854 4837 eos,
2902 4770 2998 4840 qui
3032 4769 3357 4826 alimentum
3386 4769 3491 4825 sibi

1886 4862 2277 4933 suppeditant,
2332 4863 2844 4934 cognoscuntzqui
2901 4878 3035 4919 vero
3083 4872 3240 4919 tanta
3298 4880 3330 4920 a
3384 4864 3499 4921 Deo

1885 4954 2235 5022 providentia
2262 4956 2467 5025 dignati
2495 4965 2655 5019 sunt,
2688 4964 2747 5010 ut
2791 4971 2901 5012 non
2943 4956 3106 5012 modo
3136 4956 3495 5013 rationabiles

1887 5055 2092 5112 essent,
2124 5048 2219 5103 sed
2247 5048 2411 5103 etiam
2454 5048 2689 5120 populus
2727 5049 2822 5105 Dei
2853 5061 3205 5117 vocarentur,
3230 5051 3497 5106 filiorum-

1885 5150 1991 5205 que
2023 5139 2244 5194 nomine
2271 5150 2627 5206 ornarentur,
2665 5156 2774 5197 non
2825 5142 2945 5212 pari
2983 5153 3149 5213 atque
3188 5143 3348 5199 bruta
3401 5142 3493 5212 ju-

1886 5237 2072 5284 menta
2108 5232 2270 5286 modo
2299 5246 2425 5286 eum
2458 5234 2551 5302 qui
2585 5248 2645 5289 se
2674 5236 2885 5304 genuit,
2920 5236 3205 5303 enutrivit,
3246 5236 3491 5293 honora-

1884 5322 1971 5407 vit
2021 5332 2077 5378 et
2133 5325 2417 5391 exaltavit,
2476 5326 2767 5382 Dominum
2816 5344 3117 5401 agnovere.
3178 5330 3274 5387 His
3327 5347 3493 5400 porro

1885 5408 2124 5473 arbitror
2147 5420 2469 5490 prophetice
2502 5420 2864 5490 subindicari,
2891 5425 3009 5480 fore
3032 5434 3092 5479 ut
3120 5423 3291 5481 Judaei
3316 5425 3489 5491 illum,

1884 5517 1978 5587 qui
2025 5514 2279 5572 Christus
2330 5516 2426 5571 Dei
2476 5524 2533 5571 et
2571 5516 2693 5587 ipse
2738 5518 3047 5586 Dominus,
3088 5523 3295 5592 quique
3344 5523 3490 5593 apud

1886 5609 2033 5676 illos,
2071 5626 2187 5681 prie
2215 5610 2339 5665 aliis
2370 5612 2630 5669 omnibus
2657 5614 2933 5682 gentibus,
2982 5615 3146 5670 homo
3173 5617 3492 5688 peregrina-

1890 5714 1979 5760 tus
2013 5712 2125 5769 est,
2160 5718 2269 5759 non
2300 5705 2673 5776 susciperent,
2708 5721 2886 5779 neque
2918 5719 3339 5777 cognoscerent,
3387 5722 3490 5765 noc

1888 5806 2070 5852 mente
2101 5794 2488 5867 intelligerent.

1967 5888 2135 5947 Vnus.
2180 5889 2233 5949 ι.
2297 5892 2434 5948 εγω
2497 5895 2642 5965 genti
2698 5894 3025 5967 peccatrici,
3077 5898 3275 5971 populo
3321 5896 3487 5968 pleno
