4014 6386
558 375 618 430 91
1234 372 1502 429 EUSEB”
1541 371 2023 428 (ΙΑΞΞᾹΗΙΕΝΒΙΞ
2060 371 2129 427 Oi

2251 372 2430 427 PARS
2469 371 2553 426 ill.
2598 401 2667 415 —-
2703 368 3119 427 EXEGETICA.
3210 366 3213 369 λ
3756 371 3827 425 92

558 490 859 558 iniquitate,
888 489 1081 542 semini
1123 488 1286 554 maio,
1320 488 1442 542 ﬁliis
1480 488 1702 556 iniquis.
1758 488 2129 556 Dereliquistis

2238 488 2461 560 σπέρμα
2481 487 2737 557 πονηρὸν,
2758 485 2865 538 υίοὶ
2891 486 3100 556 ἄνομοι.
3139 482 3554 551 Ἐγκατελίπετε
3591 483 3687 535 τὸν
3714 484 3828 536 Κύο

558 582 862 644 Dominum,
897 591 951 634 et
990 581 1243 634 irritastis
1290 588 1541 634 sanctum
1590 579 1753 634 lsrael
1786 598 1800 635 :
1831 579 2123 633 abalienati

554 656 675 725 sunt
740 683 1063 726 retrorsum.
1097 690 1115 722 ι
1181 669 1306 724 Ideo
1363 686 1494 739 ergo
1547 669 1858 725 Judaeorum
1911 682 2124 740 gentem

553 764 799 834 coarguit
856 765 1229 830 miseramque,
1272 765 1533 832 praedicat
1587 764 1825 831 Spiritus
1883 775 2124 827 sanctus,

552 856 676 923 quia
713 855 949 908 omnium
980 856 1135 922 plane
1170 854 1413 922 gentium
1458 856 1695 909 deterior
1746 863 1850 920 est,
1901 865 1955 910 et
2000 860 2126 924 quia

553 944 628 998 illi
664 960 838 1013 neque
863 959 927 997 ex
952 944 1261 1012 adoptione,
1306 960 1484 1015 neque
1514 962 1581 1000 ex
1622 948 1832 1002 honore
1866 946 2128 1001 divinitus

555 1037 660 1091 sibi
710 1036 924 1101 collato,
977 1036 1203 1089 exaltati
1252 1038 1531 1101 videlicet,
1584 1054 1648 1094 ac
1696 1039 2128 1107 prmceilcntibns

555 1130 871 1184 muneribus
906 1129 971 1181 ab
1000 1142 1064 1181 eo
1093 1130 1300 1195 donati,
1333 1132 1606 1199 quidpiam
1654 1133 1901 1186 utilitatis
1940 1148 2127 1201 perce-

554 1229 747 1288 perunt
778 1238 791 1273 :
825 1222 932 1273 imo
971 1237 1100 1276 vero
1128 1238 1195 1276 ne
1222 1238 1285 1276 ex
1319 1222 1491 1290 plagis
1540 1224 1757 1293 quidem
1792 1233 1846 1279 et
1889 1226 2126 1295 Castiga-

556 1312 814 1375 tionibus,
866 1313 1021 1380 queis
1063 1329 1093 1367 a
1137 1313 1247 1367 Deo
1286 1314 1601 1382 frequenter
1654 1316 1705 1370 vi
1751 1316 1955 1371 amoris
2007 1331 2131 1384 per-

562 1412 737 1466 moto,
773 1404 1069 1471 impietatis
1098 1420 1207 1459 sua;
1259 1420 1423 1480 causa
1460 1405 1641 1461 allecti
1690 1418 1835 1475 sunt,
1888 1409 2130 1478 resipue-

556 1503 683 1547 runt
710 1510 727 1549 :
759 1509 907 1560 nam,
951 1512 971 1545 ι
997 1511 1153 1559 quem
1184 1496 1361 1566 diligit
1396 1497 1678 1562 Dominus,
1728 1499 1982 1569 castigat,
2029 1499 2128 1554 ﬂa-

569 1584 733 1655 gellat
760 1593 937 1639 autem
969 1600 1179 1639 Omnem
1215 1586 1405 1649 lilium,
1438 1602 1596 1657 quem
1625 1588 1820 1659 accipit
1844 1591 1909 1644 “.
1938 1608 1956 1640 ι
1999 1589 2131 1656 Quis

557 1686 736 1728 autem
773 1676 862 1730 ille
895 1676 1014 1743 fuit,
1059 1691 1215 1743 quem
1248 1677 1653 1746 dereliquerunt
1676 1718 1693 1743 ,
1726 1680 1833 1734 nisi
1859 1679 2128 1747 Christus,

555 1780 714 1833 quem
760 1767 883 1833 quia
930 1766 1282 1821 irritaverunt
1332 1776 1387 1821 et
1426 1768 1857 1839 dereliquerunt,
1899 1786 1960 1828 ea
2010 1787 2131 1841 quae

554 1858 956 1925 Subsequuntur
985 1862 1226 1929 perpessi
1259 1860 1425 1914 sunt?

562 2011 566 2015 ,
627 1948 787 2003 Vens.
826 1949 880 2012 5,
912 1950 965 2004 6.
1012 1967 1031 2001 ι
1063 1948 1204 2017 Quid
1236 1950 1413 2005 adhuc
1442 1953 1827 2020 percutiamini
1858 1954 2122 2022 adjicien-

555 2052 638 2098 tes
670 2040 1247 2110 iniquitatemiomne
1293 2052 1457 2111 caput
1503 2044 1554 2097 in
1603 2043 1808 2110 labore,
1862 2054 1917 2101 et
1968 2062 2131 2102 omne

552 2149 649 2191 cor
687 2133 741 2188 in
793 2133 1055 2197 tristitia;
1093 2150 1121 2187 a
1163 2132 1388 2203 pedibus
1421 2150 1592 2205 usque
1615 2137 1683 2191 ad
1714 2149 1877 2208 caput
1908 2154 2019 2194 non
2045 2148 2132 2194 est

553 2224 611 2281 in
640 2224 964 2279 eosanitas.
1016 2223 1243 2290 Vulnus,
1293 2223 1457 2290 livor,
1507 2226 1666 2297 plaga
1722 2240 1961 2284 tumens.
2014 2229 2129 2284 Non

553 2316 680 2373 licet
704 2314 968 2385 malagma
1002 2316 1284 2387 imponere
1305 2357 1323 2384 ,
1356 2332 1531 2389 neque
1555 2320 1761 2387 oleum,
1793 2336 1968 2391 neque
1996 2322 2131 2393 liga-

551 2418 753 2464 menta.
777 2426 803 2456 ι
842 2408 944 2475 Qui
977 2407 1092 2463 ﬁeri
1128 2416 1362 2478 poterat,
1395 2418 1455 2464 ut
1484 2409 1631 2465 aliud
1664 2413 1733 2466 ad
1763 2413 2052 2469 sanitatem
2075 2424 2133 2471 et

553 2498 783 2555 salutem
823 2499 1221 2555 restituendam
1251 2499 1606 2569 pbarmacum
1640 2505 1981 2574 reperirent,
2033 2508 2128 2576 qui

555 2589 841 2645 Dominum
902 2592 1237 2661 abnegarent
1277 2606 1290 2643 :
1337 2606 1497 2661 quem
1554 2607 1660 2650 non
1711 2607 1978 2652 noverunt
2025 2613 2129 2653 nec

556 2681 941 2737 inteltexerunt
986 2682 1271 2737 advenisse
1313 2683 1420 2738 sibi
1477 2685 1781 2741 animarum
1831 2689 2126 2757 medicum,

555 2775 646 2843 qui
680 2776 828 2831 solus
878 2791 1092 2831 omnem
1141 2780 1391 2833 morbum
1436 2786 1492 2833 et
1552 2793 1771 2837 omnem
1819 2781 2126 2838 animarum

554 2862 925 2920 inﬁrmitatem
952 2881 1146 2921 curare
1176 2867 1424 2937 poterat?

628 2952 794 3008 Vens.
830 2953 883 3016 7,
931 2953 983 3009 8.
1047 2971 1066 3005 ι
1106 2954 1274 3011 Terra
1336 2963 1514 3011 vestra
1574 2959 1824 3026 deserta,
1874 2959 2128 3020 civitates

554 3053 749 3101 vestrae
794 3059 1071 3101 succensa:
1111 3047 1224 3117 igni
1260 3065 1272 3100 :
1312 3048 1592 3117 regionem
1650 3060 1892 3106 vestram
1940 3068 2126 3110 coram

559 3135 717 3189 vobis
746 3135 908 3190 alieni
957 3136 1266 3194 devorant:
1308 3147 1363 3194 et
1405 3138 1651 3196 desolata
1700 3152 1805 3209 est,
1856 3158 2049 3201 eversa
2096 3161 2126 3200 a

554 3227 768 3297 p0puiis
798 3227 1012 3294 alienis,
1037 3230 1180 3289 sicut
1202 3230 1611 3287 tabernaculum
1630 3231 1685 3287 in
1707 3234 1888 3301 vinea,
1917 3244 1969 3293 et
1992 3237 2132 3293 sicut

556 3320 828 3391 tugurium
857 3323 911 3376 in
958 3320 1358 3390 cucumerario,
1412 3325 1557 3380 sicut
1604 3325 1800 3383 civitas
1834 3328 2080 3386 obsessa.
2107 3350 2127 3384 ι

554 3409 636 3467 Ad
658 3412 956 3469 custodiam
986 3413 1258 3469 fructuum
1295 3416 1349 3470 in
1380 3416 1553 3473 vineis
1584 3420 1926 3475 nascentium
1960 3421 2135 3491 figun-

558 3512 647 3557 tur
684 3506 939 3561 tentoria.
998 3506 1132 3561 Cum
1185 3522 1315 3578 ergo
1368 3509 1528 3565 vinea
1579 3511 1813 3581 propriis
1861 3511 2133 3575 fnuctibus

555 3596 726 3663 probe
780 3596 1044 3652 instructa
1103 3606 1223 3666 est,
1270 3600 1419 3655 omni
1464 3616 1594 3657 cura
1660 3612 1717 3657 et
1764 3604 2135 3663 sollicitudine

564 3685 861 3738 tentorium
894 3696 1172 3751 servatur,
1209 3689 1283 3743 ita
1307 3700 1365 3744 nt
1392 3700 1576 3746 custos
1604 3693 1891 3765 diligenter
1925 3694 2137 3765 prospi-

557 3770 685 3836 ciat,
717 3786 805 3833 ne,
833 3771 925 3840 qui
953 3773 1006 3826 in
1043 3775 1125 3828 via
1153 3786 1502 3843 praetereunt,
1542 3780 1749 3837 fructus
1795 3783 1912 3853 ejus
1944 3785 2134 3839 decer-

557 3871 707 3925 pant.
749 3860 883 3916 Cum
935 3874 1113 3921 autem
1158 3867 1317 3922 vinea
1374 3870 1712 3929 infructuosa
1767 3885 1869 3941 est,
1923 3876 2055 3931 illud
2100 3891 2130 3930 a

555 3954 803 4021 custode,
830 3963 887 4008 ut
914 3966 1339 4013 consentaneum
1370 3970 1473 4029 est,
1513 3965 1820 4037 negligitur.
1846 3968 2127 4034 Quamob-

558 4056 673 4095 rem
708 4042 1061 4101 lsraeliticum
1096 4051 1347 4118 populum
1380 4054 1698 4110 derelictum
1767 4058 1833 4112 iri
1887 4060 2134 4115 intermi-

559 4144 743 4199 natnr,
824 4146 1013 4205 utpote
1072 4140 1164 4209 qui
1223 4156 1647 4203 consentaneum
1715 4148 1952 4206 fructum
2021 4168 2129 4208 non

556 4226 793 4282 emittat.
824 4228 1147 4286 Timendum
1182 4234 1365 4304 itaque
1396 4239 1552 4301 nobis
1584 4251 1688 4305 est,
1712 4257 1780 4297 ne
1810 4244 2131 4302 infructuosi

557 4316 747 4385 simus,
785 4328 841 4374 ut
866 4336 933 4376 ne
953 4338 1017 4376 ex
1044 4324 1124 4378 ira
1154 4324 1249 4380 Dei
1279 4328 1614 4386 deseramur.
1651 4332 1887 4405 Spiritus
1908 4346 2131 4393 sanctus

557 4413 763 4479 estqui
811 4427 908 4469 nos
946 4417 1203 4471 custodit.
1269 4418 1402 4474 Cum
1462 4420 1625 4491 igitur
1683 4426 1862 4482 anima
1912 4428 2127 4485 fructus

2237 596 2366 648 ριον,
2392 580 2485 632 καὶ
2501 577 2888 649 παρωργίσατε
2913 576 3002 629 τὸν
3020 576 3172 642 ἀγιον
3205 573 3298 627 τοῦ
3324 572 3556 645 Ἰσραήλ-ο
3577 574 3821 644 ἀπηλλορ

2232 670 2539 741 τριώθησαν
2569 672 2648 732 εὶς
2669 669 2737 722 τά
2758 668 2951 722 ὀπίσω.
2981 686 2999 719 ι
3032 667 3128 719 Διά
3152 667 3323 719 ταῦτα
3358 665 3485 735 γοῦν
3520 664 3823 732 ἀπελέγχει

2230 764 2292 815 τὸ
2336 762 2602 815 Ἰουδαίων
2655 760 2825 823 ἔθνος,
2864 760 2957 813 καί
2982 758 3256 823 ταλανίζει
3287 759 3480 821 αὐτοὺς
3500 757 3560 809 τὸ
3594 754 3824 823 Πνεῦμα

2231 855 2290 906 τὸ
2318 856 2502 922 ἅγιον,
2553 854 2629 916 ὡς
2673 853 2891 906 πάντων
2923 851 3030 904 τῶν
3059 850 3229 903 ἐθνῶν
3255 850 3489 921 χείρους,
3519 848 3612 901 καὶ
3640 847 3719 908 ὼς
3760 846 3824 897 τὸ

2236 949 2399 1019 μηδὲν
2437 946 2836 1017 ὠφεληθέντας,
2876 947 3011 1016 μήτε
3042 946 3105 996 ἐκ
3132 944 3230 1013 τῆς
3266 943 3551 1006 υἱοθεσίας,
3581 942 3719 1011 μήτε
3764 938 3825 1002 ἐξ

2230 1037 2297 1111 ἧς
2328 1038 2478 1108 παρά
2501 1036 2637 1090 Θεοῦ
2662 1038 2829 1107 τιμῆς
2855 1035 3161 1105 ἠξιώθησαν
3180 1051 3194 1063 ·
3220 1034 3524 1102 ύψωθέντες
3544 1034 3639 1086 καὶ
3669 1030 3824 1082 πλεί-

2234 1147 2373 1183 στων
2418 1130 2557 1181 ὅσων
2590 1127 2884 1197 ἐξαιρέτων
2914 1123 3062 1195 παρὰ
3083 1122 3247 1175 αὑτοῦ
3277 1123 3666 1193 τετυχηκότες·
3703 1118 3823 1173 ἀλλ’

2231 1222 2351 1275 οὑδέ
2377 1221 2433 1287 ἐξ
2456 1213 2530 1273 ὧν
2553 1219 2813 1282 πολλάκις
2840 1216 3154 1287 ἐπλήγησαν
3186 1214 3253 1268 δι’
3270 1216 3372 1267 ύπε
3382 1214 3573 1285 ρϐολὴν
3596 1212 3825 1282 ἀγάπης

2231 1312 2365 1367 Θεοῦ
2393 1296 2724 1383 τυπτόμενοι
2753 1310 2845 1365 καὶ
2915 1307 3286 1378 κολαζόμενοι,
3312 1306 3421 1359 τῶν
3452 1304 3825 1375 ἀσεϐημάτων

2232 1405 2409 1459 αὐτῶν
2448 1405 2669 1458 ἕνεκενο
2711 1423 2730 1456 ‹
2780 1405 2876 1455 Ὃν
2924 1402 3030 1473 γὰρ
3072 1401 3263 1471 ἀγαπᾷ
3307 1397 3511 1467 Κύριος
3544 1393 3823 1456 παιδεύει,

2236 1497 2488 1568 μαστιγοῖ
2512 1496 2569 1548 δὲ
2601 1495 2777 1548 πάντα
2795 1494 2927 1557 υίὸν,
2944 1493 3004 1546 ὃν
3025 1491 3403 1562 παραδέχεται.
3422 1508 3439 1539 ι
3456 1488 3552 1551 Τίς
3584 1487 3640 1539 δὲ
3661 1482 3733 1563 ἦν
3762 1483 3824 1537 ὃν

2234 1586 2607 1656 ἐγκατέλιπον,
2633 1587 2712 1658 ἢὸ
2728 1585 2978 1657 Χριστός·
2998 1584 3057 1637 δν
3079 1582 3168 1636 διά
3193 1582 3254 1634 τὸ
3283 1579 3701 1652 παρωργικέναι
3726 1577 3825 1631 καὶ

2235 1678 2770 1749 ὲγκαταλελοιπέναι,
2815 1676 2885 1730 τὰ
2904 1676 3032 1747 ἑξῆς
3062 1673 3425 1745 ἐπιλεγόμενα
3449 1670 3820 1733 πεπόνθασινς

2310 1962 2328 1995 ι
2370 1943 2434 1995 Τί
2482 1943 2562 1995 ἔτι
2613 1942 2859 2013 πληγῆτε
2911 1939 3297 2013 προστιθέντες
3345 1935 3610 2008 ἀνομίαν;
3667 1935 3825 1988 πᾶσα

2235 2035 2439 2105 κεφαλὴ
2468 2035 2547 2097 εἰς
2586 2035 2767 2096 πόνον,
2793 2032 2888 2086 καὶ
2929 2033 3079 2087 πᾶσα
3126 2028 3324 2101 καρδία
3355 2030 3437 2092 είς
3464 2027 3641 2093 λύπην
3663 2043 3677 2056 ·
3714 2024 3827 2078 ἀπὸ

2235 2126 2411 2180 ποδῶν
2456 2126 2562 2188 ἕως
2601 2124 2845 2194 κεφαλὴν
2890 2124 2991 2177 οὐκ
3022 2123 3169 2176 ἐστιν
3206 2123 3264 2175 ἐν
3307 2119 3457 2190 αύτῷ
3504 2116 3831 2189 ὁλοκληρία.

2233 2219 2485 2291 Τραῦμα,
2522 2217 2760 2289 μώλωψ,
2815 2216 2997 2291 πληγὴ
3048 2215 3477 2286 φλεγμαίνουσα.
3533 2212 3649 2265 Οὐκ
3702 2210 3827 2265 ἐστι

2236 2307 2498 2379 μάλαγμα
2521 2305 2810 2371 ἐπιθεῖναι,
2836 2305 2962 2359 οὔτε
2985 2304 3186 2369 ἔλαιον,
3220 2302 3344 2357 οὔτε
3372 2301 3768 2373 καταδεσμούςι.
3795 2320 3820 2354 a

2231 2400 2355 2465 Πῶς
2392 2400 2450 2454 δὲ
2487 2402 2581 2454 καὶ
2619 2394 2729 2453 οἷόν
2777 2416 2837 2452 τε
2890 2394 2959 2469 ἦν
2999 2397 3187 2469 ἕτερον
3235 2395 3434 2459 αὐτοὺς
3494 2394 3689 2464 ὑγείας
3726 2394 3827 2449 καὶ

2233 2490 2506 2564 σωτηρίας
2550 2489 2833 2561 ποιητικὸν
2864 2487 3121 2561 εὑρέσθαι
3164 2486 3458 2559 φάρμακον
3497 2483 3824 2557 ἀρνησαμέ-

2230 2600 2353 2647 νους
2395 2582 2486 2636 τὸν
2531 2582 2764 2653 Κύριονο
2817 2579 2953 2652 μηδὲ
2996 2577 3380 2649 ἐπεγνωκόαας
3434 2577 3621 2644 αὐτὸν,
3681 2573 3825 2647 μηδὲ

2234 2679 2509 2742 συνιέντας
2541 2677 2948 2750 ἐπιδημήσαντα
2964 2676 3146 2739 αὐτοῖς
3167 2674 3259 2728 τὸν
3284 2673 3390 2728 τῶν
3403 2671 3591 2744 ψυχῶν
3610 2669 3821 2743 ἰατρὸν,

2230 2772 2323 2825 τὸν
2355 2772 2514 2844 μόνον
2545 2772 2727 2824 πᾶσαν
2757 2768 2908 2821 νόσον
2942 2768 3037 2821 κιι)⁸
3080 2768 3263 2819 πᾶσαν
3310 2763 3579 2836 μαλακίαν
3621 2759 3821 2832 ψυχῶν

2227 2862 2367 2936 ὁμοῦ
2393 2864 2490 2918 καὶ
2510 2862 2776 2932 σωμάτων
2807 2857 3061 2913 ἰάσασθαι
3086 2856 3386 2926 δυνάμενον
3407 2897 3421 2921 ,

2305 2974 2323 3007 ι
2369 2956 2433 3009 Ἦ
2464 2956 2535 3025 γῆ
2569 2952 2722 3025 ὑμῶν
2759 2949 2985 3024 ἔρημος,
3021 2948 3079 3003 αἱ
3122 2948 3307 3012 πόλεις
3350 2946 3506 3019 ὑμῶν
3548 2947 3825 3018 πυρίκαυ-

2231 3065 2346 3103 στοι
2374 3049 2475 3118 τὴν
2515 3045 2697 3118 χώραν
2726 3042 2877 3115 ὑμῶν
2915 3042 3147 3095 ἐνώπιον
3177 3040 3333 3111 ὑμῶν
3386 3039 3658 3111 ἀλλότριοι
3686 3056 3825 3093 κατ-

2230 3142 2501 3196 εσθίουσιν
2533 3140 2735 3210 αὑτήν·
2777 3137 2872 3190 καὶ¹
2910 3134 3194 3205 ἡρέμωται
3227 3133 3687 3203 κατεστραμμένη
3714 3131 3829 3187 ὑπὸ

2232 3234 2376 3289 λαῶν
2428 3232 2742 3303 ἀλλοτρίων,
2797 3231 2875 3292 ὼς
2926 3226 3100 3298 σκηνὴ
3148 3229 3207 3280 ἐν
3260 3225 3565 3297 ἀμπελῶνι,
3617 3225 3713 3278 καὶ
3745 3225 3827 3289 ὡς

2232 3327 2676 3400 ὀπωροφυλάκιον
2724 3329 2781 3379 ἐν
2816 3324 3151 3397 σικυηλάτῳ,
3184 3326 3261 3388 ὼς
3315 3324 3473 3388 πόλις
3502 3323 3828 3393 πολιορκουο

2236 3418 2369 3490 μένη
2386 3418 2457 3487 (4)
2468 3459 2481 3472 .
2496 3436 2513 3467 ι
2539 3418 2632 3481 Εἰς
2648 3415 2889 3489 φρουρὰν
2899 3416 3006 3469 τῶν
3027 3418 3085 3469 ἐν
3101 3416 3219 3477 ταῖς
3235 3414 3500 3484 ἀμπέλοις
3524 3410 3753 3484 καρπῶν
3766 3413 3825 3464 αἱ

2236 3494 2432 3580 σκηναὶ
2464 3511 2786 3581 πήγνυνται.
2819 3509 2987 3562 Ὅταν
3012 3509 3111 3579 μὲν
3126 3502 3233 3560 οὖν
3254 3505 3453 3578 suam
3474 3507 3584 3569 τοῖς
3602 3504 3828 3567 οἰκείοις

2236 3606 2470 3675 καρποῖς
2501 3606 2534 3674 ἡ
2560 3603 2833 3674 ἄμπελος,
2874 3600 3287 3671 σπουδάζεταιή
3316 3598 3490 3671 σκηνὴ
3523 3597 3616 3651 καὶ
3640 3597 3828 3666 πάσης

2234 3695 2476 3760 ἀξιοῦται
2531 3695 2884 3766 ἐπιμελείας’
2930 3693 3071 3747 ὥστε
3115 3693 3209 3746 ἀπ’
3255 3691 3427 3762 αὐτῆς
3468 3688 3829 3742 κατοπτεύειν

2234 3789 2325 3841 τὸν
2352 3788 2587 3857 φύλακα,
2623 3788 2832 3857 μήποτε
2861 3785 3134 3857 τρυγῶσιν
3156 3784 3330 3853 αὐτὴν
3360 3783 3411 3835 οἱ
3433 3780 3826 3851 παραπορευό-

2246 3898 2393 3952 μενοι
2439 3880 2538 3950 τὴν
2588 3879 2728 3932 ὁδόν.
2781 3878 2945 3931 Ὅταν
2997 3877 3055 3929 δὲ
3106 3875 3357 3946 ἄκαρπος
3402 3868 3478 3947 ᾖ,
3537 3871 3828 3942 ἀμελεῖται

2237 3972 2549 4040 ἀναγκαίως
2589 3970 2689 4040 τῆς
2724 3967 2973 4039 ἀμπέλου
3015 3966 3084 4020 τὰ
3126 3965 3494 4037 φυλακτήρια.
3534 3962 3633 4016 Διά
3665 3962 3829 4015 τοῦτο

2235 4062 2330 4115 τοῦ
2374 4059 2767 4133 Ἰσραηλιτικοῦ
2798 4059 2926 4113 λαοῦ
2956 4059 3055 4129 τὴν
3082 4056 3468 4127 ἐγκατάλειψιν
3484 4055 3716 4119 ἀπειλεῖ,
3749 4056 3829 4119 ὡς

2241 4156 2315 4227 μὴ
2343 4153 2815 4226 καρποφοροῦντος
2841 4152 2910 4206 τά
2949 4152 3327 4206 ἐπιϐάλλοντα.
3365 4148 3697 4220 Φοϐηθῶμεν
3729 4144 3829 4201 οὖν

2237 4242 2375 4299 εἴναι
2424 4247 2681 4317 ἄκαρποι,
2732 4245 2808 4316 μὴ
2836 4242 3356 4313 ἐγκαταλειφθῶμεν
3383 4241 3608 4311 ὑπὸτῆς
3651 4240 3829 4311 ὀργῆς

2234 4336 2330 4390 τοῦ
2358 4335 2513 4391 Θεοῦ.
2550 4338 2622 4389 Τὸ
2670 4336 2939 4406 φυλάσσον
2985 4338 3154 4407 ἡμᾶς,
3188 4336 3249 4387 τὸ
3295 4334 3522 4405 Πνεῦμα
3565 4333 3628 4387 τὸ
3667 4334 3829 4402 ἀγιόν

2236 4428 2402 4480 ἐστιν.
2444 4429 2612 4481 Ὅταν
2659 4428 2755 4497 μὲν
2797 4424 2887 4481 οὖν
2931 4428 3256 4499 καρποφορῇ
3306 4427 3339 4497 ἡ
3384 4425 3531 4497 ψυχὴ
3556 4424 3682 4490 ἄξια
3713 4425 3829 4480 τῶν

557 4509 885 4555 aternorum
917 4508 1295 4574 penuariorum
1335 4509 1528 4577 dignos
1571 4512 1800 4581 profert,
1850 4526 1961 4572 tun.
2008 4534 2129 4589 per-

2237 4520 2470 4573 αξωνίων
2520 4518 2836 4588 ἀποθηκῶν,
2885 4520 3193 4591 παραμένει
3240 4520 3335 4572 καὶ
3381 4519 3673 4587 φυλάσσει,
3728 4521 3829 4573 καὶ

560 4600 747 4646 manet
774 4593 863 4649 ille
903 4606 1107 4663 custos,
1149 4608 1204 4654 et
1233 4600 1525 4671 singularis
1548 4603 1647 4659 feri
1685 4606 1907 4663 insidias
1940 4611 2127 4679 procul

561 4683 766 4753 abigit;
799 4700 925 4740 cum
955 4698 1135 4743 autem
1171 4706 1330 4744 uvam
1355 4692 1497 4749 fellis
1525 4702 1580 4748 et
1605 4697 1825 4753 botrum
1860 4702 2126 4756 amaritu-

560 4771 701 4828 dinis
731 4776 965 4845 profert,
1020 4779 1416 4838 infructuosam
1469 4786 1707 4841 animam
1751 4788 1843 4844 ille
1885 4791 2125 4848 deserit:

559 4872 611 4915 et
637 4872 760 4919 tunc
785 4868 837 4920 in
860 4872 1107 4937 quemvis
1138 4873 1355 4929 brutum
1384 4877 1701 4947 cogitatum,
1726 4890 1781 4935 et
1806 4880 1857 4933 in
1882 4885 2129 4952 quamvis

560 4954 988 5016 irrationabilem
1036 4966 1533 5036 concupiscentiam
1584 4971 1782 5026 decidit
1842 4973 1957 5028 illa.
2014 4973 2128 5028 Ple—

559 5059 788 5115 rumque
836 5065 998 5119 porro
1030 5054 1314 5124 Scriptura
1351 5057 1605 5115 Israelem
1654 5063 1870 5117 vineam
1929 5064 2133 5134 tropice

2233 4610 2516 4683 πόρρωθεν
2556 4610 2809 4681 ἀπείργει
2839 4610 2938 4673 τὰς
2976 4611 3072 4663 τοῦ
3117 4611 3301 4681 μονιοῦ
3332 4609 3427 4663 τοῦ
3472 4611 3668 4683 ἀγρίου
3699 4614 3829 4665 ἐπι-

2232 4702 2458 4765 ϐουλάς·
2498 4702 2624 4754 ὅταν
2660 4702 2715 4753 δὲ
2747 4700 3018 4772 σταφυλὴν
3058 4700 3219 4771 χολῆς
3252 4703 3472 4772 γεωργῇ
3500 4702 3595 4757 καὶ
3626 4701 3829 4773 βότρυν

2234 4794 2458 4863 πικρίας
2490 4793 2717 4865 ἐκφέρῃ,
2742 4792 3324 4863 ἐγκαταλιμπάνειτὴν
3352 4794 3598 4865 ἄκαρπον
3619 4795 3824 4864 ψυχήν·

2236 4886 2329 4936 καὶ
2356 4884 2472 4937 τότε
2506 4884 2611 4937 ὑπὸ
2641 4885 2844 4948 παντὸς
2874 4884 3137 4955 λογισμοῦ
3168 4884 3468 4956 θηριώδους
3502 4886 3598 4938 καὶ
3642 4886 3827 4957 πάσης

2231 4978 2425 5047 ἀλόγου
2458 4978 2758 5050 ἐπιθυμίας
2782 4983 3195 5033 καταπεσεῖται.
3232 4978 3508 5049 Πολλαχοῦ
3543 4978 3599 5031 δέ
3626 4996 3792 5049 τροπι
3813 5010 3829 5021 -

2232 5070 2341 5134 κῶς
2356 5070 2653 5140 ἀμπελῶνα
2671 5070 2759 5123 τὸν
2794 5072 3007 5142 Ἰσραὴλ
3030 5075 3058 5125 ὁ
3088 5070 3245 5137 λόγος
3269 5069 3699 5140 προσαγορεύει·
3748 5070 3827 5131 ὡς

454 5188 457 5189 ν
560 5150 864 5207 nuncupat;
903 5148 1041 5218 ιη’,ι
1068 5143 1292 5201 Vineam
1325 5162 1390 5203 ex
1437 5149 1672 5221 Egypto
1715 5155 2076 5223 transtulisti;
2110 5175 2128 5208 ι

2237 5160 2309 5225 τὸ,
2336 5178 2354 5211 ι
2388 5160 2669 5231 ’Ἄμπελον
2697 5161 2756 5227 ἐξ
2791 5161 3068 5230 Αἰγύπτου
3105 5164 3239 5232 μετῆ
3252 5178 3367 5231 ρας·
3393 5180 3411 5213 ›
3432 5162 3545 5222 καὶ,
3568 5180 3585 5212 ‹
3618 5162 3827 5230 Ἀμπε-

558 5236 634 5295 et,
700 5248 719 5281 ι
747 5230 912 5288 Vinea
946 5235 1086 5290 facta
1122 5248 1205 5293 est
1237 5239 1436 5295 dilecto
1468 5240 1577 5307 ¹’;›
1626 5253 1701 5309 et,
1761 5262 1779 5297 ι
1806 5245 1917 5316 Ego
1951 5258 2129 5303 autem

2237 5249 2336 5302 λὼν
2368 5230 2599 5321 ἐγενήθη
2620 5250 2697 5320 τῷ
2724 5252 3079 5322 ἠγαπημένῳ·
3132 5230 3290 5318 καὶμ
3314 5252 3456 5319 Ἐγὼ
3476 5252 3531 5303 δὲ
3548 5251 3826 5320 ἐφύτευσὰ

562 5320 796 5389 plantavi
832 5334 881 5380 te
920 5328 1131 5383 vineam
1179 5330 1537 5398 fructuosam,
1587 5344 1754 5391 totam
1802 5353 1986 5393 veram
2034 5341 2075 5396 ³.
2107 5359 2127 5391 ι

2237 5360 2295 5395 σε
2320 5320 2565 5414 ἄμπελον
2590 5320 2988 5415 καρποφόρον,
3036 5320 3223 5397 πᾶσαν
3248 5343 3529 5415 ἀληθινήν.
3564 5363 3582 5395 ›
3615 5344 3677 5395 Εί
3701 5342 3760 5395 δὲ
3796 5345 3824 5395 ὁ

639 5442 683 5471 ¹⁶
710 5440 870 5497 Prov.
902 5446 1091 5508 111,12.
1168 5449 1188 5478 ²
1213 5447 1351 5502 Psai.
1384 5464 1570 5513 ωιτη,
1604 5446 1658 5505 9.
1711 5462 1730 5491 ε
1754 5462 1772 5481 ⁶
1797 5458 1909 5516 Jsa.
1938 5477 1992 5526 ν,
2028 5460 2078 5513 1.
2103 5459 2123 5490 ⁸
2149 5456 2258 5515 Jcr.
2293 5478 2352 5525 ιι,
2382 5463 2472 5521 21.

633 5536 709 5603 (4)
744 5536 835 5621 llis
859 5540 1052 5621 similia
1085 5541 1246 5621 habet
1275 5542 1713 5621 Hieronymusin
1751 5549 1893 5603 ltunc
1926 5551 2126 5616 locum,
2243 5552 2415 5605 solent
2463 5550 2603 5603 natis
2628 5548 2893 5619 frugibus,
2918 5551 3159 5621 abigunt.
3215 5552 3350 5606 Cum
3407 5562 3583 5606 autem
3634 5553 3816 5607 ablata

564 5617 729 5691 atque
762 5610 832 5659 ita
863 5610 1139 5678 loquitur:
1177 5630 1194 5663 ι
1228 5613 1283 5691 In
1314 5610 1689 5671 cucutnerario
1721 5634 1956 5691 quoque,
1984 5610 2126 5690 quod
2235 5622 2443 5675 fuerint
2468 5610 2767 5674 istiusmodi
2789 5610 3083 5691 geniiminia,
3128 5634 3407 5677 remanent
3446 5625 3652 5677 arentia
3707 5624 3819 5676 fru-

567 5674 713 5760 l.XX_
755 5674 1023 5744 pomorum
1083 5686 1372 5760 custodiam
1418 5696 1635 5760 vocant,
1703 5674 1956 5760 parvulae,
1994 5674 2128 5745 fiunt
2237 5674 2400 5745 ticum
2454 5674 2819 5755 umbracula:
2867 5674 3177 5760 casui-atque
3210 5674 3817 5749 irecedcntcncuslode:

568 5748 769 5835 casulae
804 5760 1031 5835 propter'
1062 5754 1309 5835 ardorem
1353 5756 1482 5835 solis
1531 5771 1591 5833 ac
1619 5748 1813 5835 :radios
1858 5761 2123 5835 declinanf
2233 5763 2357 5835 quia
2386 5776 2489 5835 non
2525 5762 2684 5815 habet
2713 5748 2853 5835 ultra
2882 5764 3025 5831 quod
3057 5748 3257 5822 scrvct.
3294 5783 3311 5814 ι
3340 5748 3397 5821 et
3426 5774 3620 5822 cmtcra
3644 5807 3658 5833 ,
3696 5778 3820 5835 qua

570 5822 665 5872 dos
688 5836 698 5871 :
723 5828 773 5872 et
804 5820 927 5873 inde
954 5819 1031 5874 γει
1068 5821 1421 5892 lmittincs,vcl
1444 5826 1714 5894 bestiolas,
1736 5844 1852 5898 (μιαν
1878 5830 2120 5889 insidiari
2234 5819 2359 5888 item
2400 5832 2484 5887 ille
2525 5832 2820 5903 transtulit,
2854 5819 2944 5889 sed
2975 5819 3333 5897 συνοπτικῶς.
