  <div class='ocr_page' id='page_1' title='image "/cluster/home/n/w/nwhite01/storage/ocr_20150623/24/ien.35556001660497/058.png"; bbox 0 0 4014 6398; ppageno 0'>
   <div class='ocr_carea' id='block_1_1' title="bbox 203 375 1819 453">
    <p class='ocr_par' dir='ltr' id='par_1_1' title="bbox 203 382 1819 453">
     <span class='ocr_line' id='line_1_1' title="bbox 203 382 1819 453; baseline -0.011 0"><span class='ocrx_word' id='word_1_1' title='bbox 203 393 279 453; x_wconf 63' lang='grc'><strong>93</strong></span> <span class='ocrx_word' id='word_1_2' title='bbox 1222 382 1730 441; x_wconf 68' lang='grc' dir='ltr'><strong>ΟΟΜΜΕΝΤΑΒΙΑ</strong></span> <span class='ocrx_word' id='word_1_3' title='bbox 1770 382 1819 437; x_wconf 68' lang='grc' dir='ltr'><strong>ιι</strong></span> 
     </span>
    </p>
   </div>
   <div class='ocr_carea' id='block_1_2' title="bbox 1924 375 3507 453">
    <p class='ocr_par' dir='ltr' id='par_1_2' title="bbox 1924 375 3507 437">
     <span class='ocr_line' id='line_1_2' title="bbox 1924 375 3507 437; baseline -0.003 0"><span class='ocrx_word' id='word_1_4' title='bbox 1924 380 2135 437; x_wconf 73' lang='lat' dir='ltr'><strong>SAIAM.</strong></span> <span class='ocrx_word' id='word_1_5' title='bbox 2178 411 2246 429; x_wconf 85' lang='lat'><strong>—-.-</strong></span> <span class='ocrx_word' id='word_1_6' title='bbox 2285 378 2439 434; x_wconf 76' lang='lat' dir='ltr'><strong>CAP.</strong></span> <span class='ocrx_word' id='word_1_7' title='bbox 2481 378 2522 433; x_wconf 88' lang='lat' dir='ltr'><strong>l.</strong></span> <span class='ocrx_word' id='word_1_8' title='bbox 3434 375 3507 433; x_wconf 63' lang='lat'><strong>9‘6</strong></span> 
     </span>
    </p>
   </div>
   <div class='ocr_carea' id='block_1_3' title="bbox 214 494 1819 580">
    <p class='ocr_par' dir='ltr' id='par_1_3' title="bbox 214 495 1806 580">
     <span class='ocr_line' id='line_1_3' title="bbox 214 495 1806 580; baseline -0.006 -18"><span class='ocrx_word' id='word_1_9' title='bbox 214 506 441 580; x_wconf 75' lang='grc' dir='ltr'>Ἰσραήλ</span> <span class='ocrx_word' id='word_1_10' title='bbox 457 505 741 576; x_wconf 74' lang='grc' dir='ltr'>ἀμπελὼν,</span> <span class='ocrx_word' id='word_1_11' title='bbox 779 505 952 575; x_wconf 80' lang='grc' dir='ltr'>σκηνὴ</span> <span class='ocrx_word' id='word_1_12' title='bbox 976 505 1073 575; x_wconf 79' lang='grc' dir='ltr'>τῆς</span> <span class='ocrx_word' id='word_1_13' title='bbox 1096 503 1342 574; x_wconf 67' lang='grc' dir='ltr'>ἀμπέλου</span> <span class='ocrx_word' id='word_1_14' title='bbox 1366 520 1573 572; x_wconf 81' lang='grc' dir='ltr'>ταυτης</span> <span class='ocrx_word' id='word_1_15' title='bbox 1605 504 1633 555; x_wconf 99' lang='lat'><strong>6</strong></span> <span class='ocrx_word' id='word_1_16' title='bbox 1657 495 1806 564; x_wconf 81' lang='grc' dir='ltr'>οἶκος</span> 
     </span>
    </p>
   </div>
   <div class='ocr_carea' id='block_1_4' title="bbox 1924 494 3507 580">
    <p class='ocr_par' dir='ltr' id='par_1_4' title="bbox 1924 494 3507 566">
     <span class='ocr_line' id='line_1_4' title="bbox 1924 494 3507 566; baseline -0.002 -12"><span class='ocrx_word' id='word_1_17' title='bbox 1924 498 2065 566; x_wconf 69' lang='lat' dir='ltr'><strong>Quod</strong></span> <span class='ocrx_word' id='word_1_18' title='bbox 2090 499 2135 553; x_wconf 88' lang='lat' dir='ltr'><strong>si</strong></span> <span class='ocrx_word' id='word_1_19' title='bbox 2166 498 2329 554; x_wconf 92' lang='lat' dir='ltr'><strong>lsrael</strong></span> <span class='ocrx_word' id='word_1_20' title='bbox 2353 500 2507 551; x_wconf 88' lang='lat' dir='ltr'><strong>vinea</strong></span> <span class='ocrx_word' id='word_1_21' title='bbox 2548 495 2732 562; x_wconf 82' lang='lat' dir='ltr'><strong>fuerit,</strong></span> <span class='ocrx_word' id='word_1_22' title='bbox 2767 494 3179 549; x_wconf 74' lang='lat' dir='ltr'><strong>tabernaculum</strong></span> <span class='ocrx_word' id='word_1_23' title='bbox 3222 508 3355 551; x_wconf 82' lang='lat' dir='ltr'><strong>sane</strong></span> <span class='ocrx_word' id='word_1_24' title='bbox 3384 496 3507 565; x_wconf 80' lang='lat' dir='ltr'><strong>cjus</strong></span> 
     </span>
    </p>
   </div>
   <div class='ocr_carea' id='block_1_5' title="bbox 204 593 1806 669">
    <p class='ocr_par' dir='ltr' id='par_1_5' title="bbox 204 593 1806 669">
     <span class='ocr_line' id='line_1_5' title="bbox 204 593 1806 669; baseline -0.004 -17"><span class='ocrx_word' id='word_1_25' title='bbox 204 601 353 669; x_wconf 81' lang='grc' dir='ltr'>τάχα</span> <span class='ocrx_word' id='word_1_26' title='bbox 391 600 422 652; x_wconf 81' lang='lat'><strong>6</strong></span> <span class='ocrx_word' id='word_1_27' title='bbox 448 598 546 654; x_wconf 84' lang='grc' dir='ltr'><strong>τοῦ</strong></span> <span class='ocrx_word' id='word_1_28' title='bbox 584 598 716 652; x_wconf 84' lang='grc' dir='ltr'><strong>ναοῦ</strong></span> <span class='ocrx_word' id='word_1_29' title='bbox 743 614 757 628; x_wconf 90' lang='grc'><strong>·</strong></span> <span class='ocrx_word' id='word_1_30' title='bbox 790 598 1058 667; x_wconf 76' lang='grc' dir='ltr'><strong>σκήνωμα</strong></span> <span class='ocrx_word' id='word_1_31' title='bbox 1090 596 1201 664; x_wconf 86' lang='grc' dir='ltr'>γὰρ</span> <span class='ocrx_word' id='word_1_32' title='bbox 1237 594 1395 664; x_wconf 82' lang='grc' dir='ltr'><strong>δόξης</strong></span> <span class='ocrx_word' id='word_1_33' title='bbox 1432 593 1671 662; x_wconf 84' lang='grc' dir='ltr'>ἐλέγετο,</span> <span class='ocrx_word' id='word_1_34' title='bbox 1691 594 1806 656; x_wconf 76' lang='grc' dir='ltr'>καὶ,</span> 
     </span>
    </p>
   </div>
   <div class='ocr_carea' id='block_1_6' title="bbox 214 683 1812 761">
    <p class='ocr_par' dir='ltr' id='par_1_6' title="bbox 214 683 1812 761">
     <span class='ocr_line' id='line_1_6' title="bbox 214 683 1812 761; baseline -0.004 -17"><span class='ocrx_word' id='word_1_35' title='bbox 214 708 228 735; x_wconf 81' lang='grc' dir='ltr'><strong>ι</strong></span> <span class='ocrx_word' id='word_1_36' title='bbox 265 691 559 761; x_wconf 75' lang='grc' dir='ltr'><strong>σκήνωμα,</strong></span> <span class='ocrx_word' id='word_1_37' title='bbox 601 683 663 743; x_wconf 80' lang='grc' dir='ltr'><strong>οῦ</strong></span> <span class='ocrx_word' id='word_1_38' title='bbox 703 688 1122 759; x_wconf 79' lang='grc' dir='ltr'><strong>κατεσκήνωσεν</strong></span> <span class='ocrx_word' id='word_1_39' title='bbox 1157 687 1215 739; x_wconf 86' lang='grc' dir='ltr'><strong>ἐν</strong></span> <span class='ocrx_word' id='word_1_40' title='bbox 1236 684 1567 756; x_wconf 83' lang='grc' dir='ltr'>ἀνθρώποις.</span> <span class='ocrx_word' id='word_1_41' title='bbox 1614 704 1631 735; x_wconf 76' lang='grc' dir='ltr'><strong>ι</strong></span> <span class='ocrx_word' id='word_1_42' title='bbox 1664 685 1812 746; x_wconf 84' lang='grc' dir='ltr'><strong>Ἕως</strong></span> 
     </span>
    </p>
   </div>
   <div class='ocr_carea' id='block_1_7' title="bbox 206 776 1813 850">
    <p class='ocr_par' dir='ltr' id='par_1_7' title="bbox 206 776 1813 850">
     <span class='ocr_line' id='line_1_7' title="bbox 206 776 1813 850; baseline -0.003 -16"><span class='ocrx_word' id='word_1_43' title='bbox 206 780 317 834; x_wconf 60' lang='lat' dir='ltr'><strong>L1&quot;</strong></span> <span class='ocrx_word' id='word_1_44' title='bbox 348 777 445 835; x_wconf 78' lang='grc' dir='ltr'><strong>οὖν</strong></span> <span class='ocrx_word' id='word_1_45' title='bbox 488 782 577 834; x_wconf 81' lang='grc' dir='ltr'>ὅτε</span> <span class='ocrx_word' id='word_1_46' title='bbox 626 781 800 833; x_wconf 86' lang='grc' dir='ltr'>ἐποίει</span> <span class='ocrx_word' id='word_1_47' title='bbox 834 778 1047 850; x_wconf 83' lang='grc' dir='ltr'>καρπὸν</span> <span class='ocrx_word' id='word_1_48' title='bbox 1079 778 1268 842; x_wconf 72' lang='grc' dir='ltr'>πολὺν,</span> <span class='ocrx_word' id='word_1_49' title='bbox 1309 778 1404 830; x_wconf 80' lang='grc' dir='ltr'>καὶ</span> <span class='ocrx_word' id='word_1_50' title='bbox 1439 779 1473 848; x_wconf 87' lang='grc' dir='ltr'><strong>ή</strong></span> <span class='ocrx_word' id='word_1_51' title='bbox 1521 776 1698 847; x_wconf 82' lang='grc' dir='ltr'>σκηνὴ</span> <span class='ocrx_word' id='word_1_52' title='bbox 1726 776 1813 829; x_wconf 88' lang='grc' dir='ltr'><strong>διά</strong></span> 
     </span>
    </p>
   </div>
   <div class='ocr_carea' id='block_1_8' title="bbox 204 864 1814 942">
    <p class='ocr_par' dir='ltr' id='par_1_8' title="bbox 204 864 1814 942">
     <span class='ocr_line' id='line_1_8' title="bbox 204 864 1814 942; baseline -0.005 -18"><span class='ocrx_word' id='word_1_53' title='bbox 204 879 313 942; x_wconf 78' lang='grc' dir='ltr'><strong>τήν</strong></span> <span class='ocrx_word' id='word_1_54' title='bbox 350 869 460 923; x_wconf 89' lang='grc' dir='ltr'><strong>τῶν</strong></span> <span class='ocrx_word' id='word_1_55' title='bbox 508 869 738 941; x_wconf 78' lang='grc' dir='ltr'>καρπῶν</span> <span class='ocrx_word' id='word_1_56' title='bbox 781 869 1029 938; x_wconf 83' lang='grc' dir='ltr'>φυλακὴν</span> <span class='ocrx_word' id='word_1_57' title='bbox 1076 867 1453 936; x_wconf 81' lang='grc' dir='ltr'><strong>συνειστήκει·</strong></span> <span class='ocrx_word' id='word_1_58' title='bbox 1503 865 1629 918; x_wconf 74' lang='grc' dir='ltr'>ἐπεὶ</span> <span class='ocrx_word' id='word_1_59' title='bbox 1679 864 1736 917; x_wconf 86' lang='grc' dir='ltr'><strong>δέ</strong></span> <span class='ocrx_word' id='word_1_60' title='bbox 1785 866 1814 917; x_wconf 94' lang='lat'><strong>6</strong></span> 
     </span>
    </p>
   </div>
   <div class='ocr_carea' id='block_1_9' title="bbox 203 956 1811 1035">
    <p class='ocr_par' dir='ltr' id='par_1_9' title="bbox 203 956 1811 1035">
     <span class='ocr_line' id='line_1_9' title="bbox 203 956 1811 1035; baseline -0.007 -16"><span class='ocrx_word' id='word_1_61' title='bbox 203 964 492 1033; x_wconf 77' lang='grc' dir='ltr'>φυτεύσας</span> <span class='ocrx_word' id='word_1_62' title='bbox 508 963 680 1035; x_wconf 80' lang='grc' dir='ltr'>αὐτὴν</span> <span class='ocrx_word' id='word_1_63' title='bbox 708 962 891 1033; x_wconf 75' lang='grc' dir='ltr'>ἔμεινε</span> <span class='ocrx_word' id='word_1_64' title='bbox 912 958 1007 1013; x_wconf 91' lang='grc' dir='ltr'><strong>τοῦ</strong></span> <span class='ocrx_word' id='word_1_65' title='bbox 1032 958 1258 1029; x_wconf 77' lang='grc' dir='ltr'>ποιῆσαι</span> <span class='ocrx_word' id='word_1_66' title='bbox 1274 956 1572 1027; x_wconf 82' lang='grc' dir='ltr'>σταφυλὴν,</span> <span class='ocrx_word' id='word_1_67' title='bbox 1589 956 1811 1028; x_wconf 88' lang='grc' dir='ltr'>ἐποίησε</span> 
     </span>
    </p>
   </div>
   <div class='ocr_carea' id='block_1_10' title="bbox 202 1046 1811 1120">
    <p class='ocr_par' dir='ltr' id='par_1_10' title="bbox 202 1046 1811 1120">
     <span class='ocr_line' id='line_1_10' title="bbox 202 1046 1811 1120; baseline -0.006 -11"><span class='ocrx_word' id='word_1_68' title='bbox 202 1055 269 1109; x_wconf 71' lang='grc' dir='ltr'><strong>ει</strong></span> <span class='ocrx_word' id='word_1_69' title='bbox 303 1049 673 1117; x_wconf 73' lang='grc' dir='ltr'>ἀκάνθας,αἷς</span> <span class='ocrx_word' id='word_1_70' title='bbox 694 1052 783 1105; x_wconf 84' lang='grc' dir='ltr'><strong>τὸν</strong></span> <span class='ocrx_word' id='word_1_71' title='bbox 800 1051 1003 1120; x_wconf 82' lang='grc' dir='ltr'>Κύριον</span> <span class='ocrx_word' id='word_1_72' title='bbox 1026 1048 1431 1118; x_wconf 86' lang='grc' dir='ltr'>ἐστεφάνωσαν,</span> <span class='ocrx_word' id='word_1_73' title='bbox 1456 1048 1551 1099; x_wconf 80' lang='grc' dir='ltr'><strong>καὶ</strong></span> <span class='ocrx_word' id='word_1_74' title='bbox 1566 1046 1811 1116; x_wconf 77' lang='grc' dir='ltr'><strong>ἐστράφη</strong></span> 
     </span>
    </p>
   </div>
   <div class='ocr_carea' id='block_1_11' title="bbox 204 1140 1815 1216">
    <p class='ocr_par' dir='ltr' id='par_1_11' title="bbox 204 1140 1815 1216">
     <span class='ocr_line' id='line_1_11' title="bbox 204 1140 1815 1216; baseline -0.005 -16"><span class='ocrx_word' id='word_1_75' title='bbox 204 1148 367 1201; x_wconf 69' lang='grc' dir='ltr'><strong>¹πᾶσα</strong></span> <span class='ocrx_word' id='word_1_76' title='bbox 398 1148 479 1209; x_wconf 83' lang='grc' dir='ltr'><strong>είς</strong></span> <span class='ocrx_word' id='word_1_77' title='bbox 509 1146 737 1216; x_wconf 79' lang='grc' dir='ltr'>πικρίαν</span> <span class='ocrx_word' id='word_1_78' title='bbox 758 1162 771 1174; x_wconf 93' lang='grc'><strong>·</strong></span> <span class='ocrx_word' id='word_1_79' title='bbox 810 1144 1035 1215; x_wconf 85' lang='grc' dir='ltr'>ἐποίησε</span> <span class='ocrx_word' id='word_1_80' title='bbox 1066 1141 1174 1213; x_wconf 81' lang='grc' dir='ltr'><strong>γάρ</strong></span> <span class='ocrx_word' id='word_1_81' title='bbox 1216 1140 1491 1210; x_wconf 84' lang='grc' dir='ltr'>σταφυλὴν</span> <span class='ocrx_word' id='word_1_82' title='bbox 1524 1140 1687 1211; x_wconf 83' lang='grc' dir='ltr'>χολῆς</span> <span class='ocrx_word' id='word_1_83' title='bbox 1720 1140 1815 1193; x_wconf 73' lang='grc' dir='ltr'>καὶ</span> 
     </span>
    </p>
   </div>
   <div class='ocr_carea' id='block_1_12' title="bbox 208 1230 1816 1309">
    <p class='ocr_par' dir='ltr' id='par_1_12' title="bbox 208 1230 1816 1309">
     <span class='ocr_line' id='line_1_12' title="bbox 208 1230 1816 1309; baseline -0.004 -18"><span class='ocrx_word' id='word_1_84' title='bbox 208 1236 414 1309; x_wconf 76' lang='grc' dir='ltr'>βότρυν</span> <span class='ocrx_word' id='word_1_85' title='bbox 458 1237 720 1308; x_wconf 87' lang='grc' dir='ltr'>πικρίας·</span> <span class='ocrx_word' id='word_1_86' title='bbox 754 1236 835 1289; x_wconf 81' lang='grc' dir='ltr'>διὸ</span> <span class='ocrx_word' id='word_1_87' title='bbox 870 1235 964 1290; x_wconf 77' lang='grc' dir='ltr'><strong>καὶ</strong></span> <span class='ocrx_word' id='word_1_88' title='bbox 1010 1236 1093 1299; x_wconf 80' lang='grc' dir='ltr'><strong>είς</strong></span> <span class='ocrx_word' id='word_1_89' title='bbox 1134 1232 1197 1286; x_wconf 83' lang='grc' dir='ltr'><strong>τὸ</strong></span> <span class='ocrx_word' id='word_1_90' title='bbox 1242 1232 1440 1305; x_wconf 86' lang='grc' dir='ltr'>βρῶμα</span> <span class='ocrx_word' id='word_1_91' title='bbox 1484 1231 1693 1285; x_wconf 73' lang='grc' dir='ltr'>ἔδωκαν</span> <span class='ocrx_word' id='word_1_92' title='bbox 1736 1230 1816 1302; x_wconf 87' lang='grc' dir='ltr'>τῷ</span> 
     </span>
    </p>
   </div>
   <div class='ocr_carea' id='block_1_13' title="bbox 205 1322 1814 1400">
    <p class='ocr_par' dir='ltr' id='par_1_13' title="bbox 205 1322 1814 1400">
     <span class='ocr_line' id='line_1_13' title="bbox 205 1322 1814 1400; baseline -0.004 -18"><span class='ocrx_word' id='word_1_93' title='bbox 205 1330 412 1400; x_wconf 77' lang='grc' dir='ltr'>Κυρίῳ</span> <span class='ocrx_word' id='word_1_94' title='bbox 457 1329 623 1399; x_wconf 64' lang='grc' dir='ltr'>χολήν</span> <span class='ocrx_word' id='word_1_95' title='bbox 645 1346 659 1358; x_wconf 94' lang='grc'><strong>·</strong></span> <span class='ocrx_word' id='word_1_96' title='bbox 701 1328 791 1381; x_wconf 81' lang='grc' dir='ltr'>διὰ</span> <span class='ocrx_word' id='word_1_97' title='bbox 818 1327 976 1380; x_wconf 86' lang='grc' dir='ltr'>τοῦτο</span> <span class='ocrx_word' id='word_1_98' title='bbox 1023 1325 1425 1396; x_wconf 73' lang='grc' dir='ltr'>ἐγκατελείφθη</span> <span class='ocrx_word' id='word_1_99' title='bbox 1448 1328 1481 1392; x_wconf 85' lang='grc' dir='ltr'><strong>ή</strong></span> <span class='ocrx_word' id='word_1_100' title='bbox 1514 1325 1688 1396; x_wconf 83' lang='grc' dir='ltr'>σκηνὴ</span> <span class='ocrx_word' id='word_1_101' title='bbox 1721 1322 1814 1377; x_wconf 90' lang='grc' dir='ltr'><strong>τοῦ</strong></span> 
     </span>
    </p>
   </div>
   <div class='ocr_carea' id='block_1_14' title="bbox 204 1412 1816 1489">
    <p class='ocr_par' dir='ltr' id='par_1_14' title="bbox 204 1412 1816 1489">
     <span class='ocr_line' id='line_1_14' title="bbox 204 1412 1816 1489; baseline -0.002 -16"><span class='ocrx_word' id='word_1_102' title='bbox 204 1419 561 1489; x_wconf 69' lang='grc' dir='ltr'>ἀμπελῶνος.</span> <span class='ocrx_word' id='word_1_103' title='bbox 592 1440 612 1468; x_wconf 72' lang='grc' dir='ltr'><strong>ε</strong></span> <span class='ocrx_word' id='word_1_104' title='bbox 656 1418 787 1471; x_wconf 84' lang='grc' dir='ltr'>Ἰδοὺ</span> <span class='ocrx_word' id='word_1_105' title='bbox 821 1417 951 1489; x_wconf 73' lang='grc' dir='ltr'>γὰρ,</span> <span class='ocrx_word' id='word_1_106' title='bbox 983 1418 1175 1487; x_wconf 77' lang='grc' dir='ltr'>φησὶν,</span> <span class='ocrx_word' id='word_1_107' title='bbox 1208 1418 1432 1486; x_wconf 84' lang='grc' dir='ltr'>ἀφίεται</span> <span class='ocrx_word' id='word_1_108' title='bbox 1462 1416 1589 1486; x_wconf 80' lang='grc' dir='ltr'>ὑμῖν</span> <span class='ocrx_word' id='word_1_109' title='bbox 1616 1416 1644 1468; x_wconf 94' lang='lat'><strong>6</strong></span> <span class='ocrx_word' id='word_1_110' title='bbox 1669 1412 1816 1480; x_wconf 76' lang='grc' dir='ltr'>οἶκος</span> 
     </span>
    </p>
   </div>
   <div class='ocr_carea' id='block_1_15' title="bbox 208 1505 1811 1581">
    <p class='ocr_par' dir='ltr' id='par_1_15' title="bbox 208 1505 1811 1581">
     <span class='ocr_line' id='line_1_15' title="bbox 208 1505 1811 1581; baseline -0.002 -19"><span class='ocrx_word' id='word_1_111' title='bbox 208 1509 374 1579; x_wconf 84' lang='grc' dir='ltr'>ὑμῶν</span> <span class='ocrx_word' id='word_1_112' title='bbox 424 1508 660 1581; x_wconf 66' lang='grc' dir='ltr'>ἔρημος·</span> <span class='ocrx_word' id='word_1_113' title='bbox 708 1528 727 1561; x_wconf 77' lang='grc' dir='ltr'><strong>ι</strong></span> <span class='ocrx_word' id='word_1_114' title='bbox 774 1509 899 1561; x_wconf 90' lang='grc' dir='ltr'>τότε</span> <span class='ocrx_word' id='word_1_115' title='bbox 946 1507 1240 1580; x_wconf 77' lang='grc' dir='ltr'><strong>ἐπληρώθη</strong></span> <span class='ocrx_word' id='word_1_116' title='bbox 1294 1511 1327 1579; x_wconf 81' lang='grc' dir='ltr'>ἡ</span> <span class='ocrx_word' id='word_1_117' title='bbox 1378 1507 1580 1578; x_wconf 83' lang='grc' dir='ltr'>ἀπειλὴ</span> <span class='ocrx_word' id='word_1_118' title='bbox 1631 1505 1811 1577; x_wconf 77' lang='grc' dir='ltr'>αὕτη·</span> 
     </span>
    </p>
   </div>
   <div class='ocr_carea' id='block_1_16' title="bbox 214 1586 1817 1673">
    <p class='ocr_par' dir='ltr' id='par_1_16' title="bbox 214 1586 1817 1673">
     <span class='ocr_line' id='line_1_16' title="bbox 214 1586 1817 1673; baseline 0.001 -21"><span class='ocrx_word' id='word_1_119' title='bbox 214 1620 236 1652; x_wconf 76' lang='grc' dir='ltr'><strong>ι</strong></span> <span class='ocrx_word' id='word_1_120' title='bbox 270 1601 706 1671; x_wconf 72' lang='grc' dir='ltr'>Ἐγκατελείφθη</span> <span class='ocrx_word' id='word_1_121' title='bbox 747 1586 974 1672; x_wconf 68' lang='grc' dir='ltr'>γὰρ’ὼς</span> <span class='ocrx_word' id='word_1_122' title='bbox 1006 1601 1179 1673; x_wconf 81' lang='grc' dir='ltr'>σκηνὴ</span> <span class='ocrx_word' id='word_1_123' title='bbox 1214 1602 1275 1655; x_wconf 81' lang='grc' dir='ltr'><strong>ἐν</strong></span> <span class='ocrx_word' id='word_1_124' title='bbox 1316 1600 1626 1672; x_wconf 84' lang='grc' dir='ltr'>ἀμπελῶνι.</span> <span class='ocrx_word' id='word_1_125' title='bbox 1664 1619 1683 1650; x_wconf 75' lang='grc' dir='ltr'><strong>ι</strong></span> <span class='ocrx_word' id='word_1_126' title='bbox 1726 1597 1817 1665; x_wconf 78' lang='grc' dir='ltr'><strong>Ἐξ</strong></span> 
     </span>
    </p>
   </div>
   <div class='ocr_carea' id='block_1_17' title="bbox 208 1688 1817 1763">
    <p class='ocr_par' dir='ltr' id='par_1_17' title="bbox 208 1688 1817 1763">
     <span class='ocr_line' id='line_1_17' title="bbox 208 1688 1817 1763; baseline -0.001 -17"><span class='ocrx_word' id='word_1_127' title='bbox 208 1692 431 1755; x_wconf 71' lang='grc' dir='ltr'>ἐκείνου</span> <span class='ocrx_word' id='word_1_128' title='bbox 464 1693 651 1746; x_wconf 82' lang='grc' dir='ltr'>λοιπὸν</span> <span class='ocrx_word' id='word_1_129' title='bbox 684 1694 782 1745; x_wconf 75' lang='grc' dir='ltr'>καὶ</span> <span class='ocrx_word' id='word_1_130' title='bbox 820 1696 941 1757; x_wconf 86' lang='grc' dir='ltr'>ταῖς</span> <span class='ocrx_word' id='word_1_131' title='bbox 972 1692 1226 1763; x_wconf 78' lang='grc' dir='ltr'>νεφέλαις</span> <span class='ocrx_word' id='word_1_132' title='bbox 1269 1692 1576 1746; x_wconf 88' lang='grc' dir='ltr'>ἐνετείλατο</span> <span class='ocrx_word' id='word_1_133' title='bbox 1608 1688 1703 1744; x_wconf 87' lang='grc' dir='ltr'><strong>τοῦ</strong></span> <span class='ocrx_word' id='word_1_134' title='bbox 1742 1690 1817 1763; x_wconf 83' lang='grc' dir='ltr'>μὴ</span> 
     </span>
    </p>
   </div>
   <div class='ocr_carea' id='block_1_18' title="bbox 212 1784 1818 1857">
    <p class='ocr_par' dir='ltr' id='par_1_18' title="bbox 212 1784 1818 1857">
     <span class='ocr_line' id='line_1_18' title="bbox 212 1784 1818 1857; baseline -0.006 -15"><span class='ocrx_word' id='word_1_135' title='bbox 212 1784 409 1856; x_wconf 80' lang='grc' dir='ltr'>βρέξαι</span> <span class='ocrx_word' id='word_1_136' title='bbox 438 1786 535 1839; x_wconf 69' lang='grc' dir='ltr'>ἐπὶ</span> <span class='ocrx_word' id='word_1_137' title='bbox 572 1786 665 1839; x_wconf 84' lang='grc' dir='ltr'><strong>τὸν</strong></span> <span class='ocrx_word' id='word_1_138' title='bbox 696 1784 1019 1855; x_wconf 80' lang='grc' dir='ltr'>ἀμπελῶνα.</span> <span class='ocrx_word' id='word_1_139' title='bbox 1054 1784 1154 1838; x_wconf 89' lang='grc' dir='ltr'>Διά</span> <span class='ocrx_word' id='word_1_140' title='bbox 1193 1784 1353 1839; x_wconf 86' lang='grc' dir='ltr'>τοῦτο</span> <span class='ocrx_word' id='word_1_141' title='bbox 1381 1785 1567 1839; x_wconf 80' lang='grc' dir='ltr'>οὐκέτι</span> <span class='ocrx_word' id='word_1_142' title='bbox 1598 1784 1818 1857; x_wconf 83' lang='grc' dir='ltr'>προφῆ-</span> 
     </span>
    </p>
   </div>
   <div class='ocr_carea' id='block_1_19' title="bbox 1914 587 3506 660">
    <p class='ocr_par' dir='ltr' id='par_1_19' title="bbox 1914 587 3506 660">
     <span class='ocr_line' id='line_1_19' title="bbox 1914 587 3506 660; baseline -0.004 -12"><span class='ocrx_word' id='word_1_143' title='bbox 1914 595 2111 648; x_wconf 88' lang='lat' dir='ltr'><strong>domus</strong></span> <span class='ocrx_word' id='word_1_144' title='bbox 2148 590 2329 660; x_wconf 82' lang='lat' dir='ltr'><strong>templi</strong></span> <span class='ocrx_word' id='word_1_145' title='bbox 2358 592 2463 645; x_wconf 90' lang='lat' dir='ltr'><strong>erit</strong></span> <span class='ocrx_word' id='word_1_146' title='bbox 2491 608 2503 643; x_wconf 87' lang='lat'><strong>:</strong></span> <span class='ocrx_word' id='word_1_147' title='bbox 2530 604 2655 643; x_wconf 90' lang='lat' dir='ltr'><strong>nam</strong></span> <span class='ocrx_word' id='word_1_148' title='bbox 2690 587 3108 642; x_wconf 89' lang='lat' dir='ltr'><strong>tabernaculum</strong></span> <span class='ocrx_word' id='word_1_149' title='bbox 3142 588 3340 657; x_wconf 76' lang='lat' dir='ltr'><strong>gloriae</strong></span> <span class='ocrx_word' id='word_1_150' title='bbox 3370 588 3506 643; x_wconf 87' lang='lat' dir='ltr'><strong>dici-</strong></span> 
     </span>
    </p>
   </div>
   <div class='ocr_carea' id='block_1_20' title="bbox 1917 678 3506 750">
    <p class='ocr_par' dir='ltr' id='par_1_20' title="bbox 1917 678 3506 750">
     <span class='ocr_line' id='line_1_20' title="bbox 1917 678 3506 750; baseline -0.003 -12"><span class='ocrx_word' id='word_1_151' title='bbox 1917 695 2023 750; x_wconf 92' lang='lat' dir='ltr'><strong>tur,</strong></span> <span class='ocrx_word' id='word_1_152' title='bbox 2071 691 2147 747; x_wconf 89' lang='lat' dir='ltr'><strong>et,</strong></span> <span class='ocrx_word' id='word_1_153' title='bbox 2206 681 2702 745; x_wconf 74' lang='lat' dir='ltr'><strong>«tabernaculum,</strong></span> <span class='ocrx_word' id='word_1_154' title='bbox 2756 680 2844 734; x_wconf 93' lang='lat' dir='ltr'><strong>ubi</strong></span> <span class='ocrx_word' id='word_1_155' title='bbox 2893 679 3161 734; x_wconf 89' lang='lat' dir='ltr'><strong>habitavit</strong></span> <span class='ocrx_word' id='word_1_156' title='bbox 3214 678 3270 750; x_wconf 81' lang='lat' dir='ltr'><strong>in</strong></span> <span class='ocrx_word' id='word_1_157' title='bbox 3327 680 3506 734; x_wconf 84' lang='lat' dir='ltr'><strong>homi-</strong></span> 
     </span>
    </p>
   </div>
   <div class='ocr_carea' id='block_1_21' title="bbox 1915 771 3506 842">
    <p class='ocr_par' dir='ltr' id='par_1_21' title="bbox 1915 771 3506 842">
     <span class='ocr_line' id='line_1_21' title="bbox 1915 771 3506 842; baseline -0.004 -11"><span class='ocrx_word' id='word_1_158' title='bbox 1915 778 2074 831; x_wconf 87' lang='lat' dir='ltr'><strong>nibus</strong></span> <span class='ocrx_word' id='word_1_159' title='bbox 2109 776 2153 830; x_wconf 72' lang='grc' dir='ltr'>δ.</span> <span class='ocrx_word' id='word_1_160' title='bbox 2184 794 2203 828; x_wconf 81' lang='grc' dir='ltr'><strong>ι</strong></span> <span class='ocrx_word' id='word_1_161' title='bbox 2266 775 2453 830; x_wconf 90' lang='lat' dir='ltr'><strong>Donec</strong></span> <span class='ocrx_word' id='word_1_162' title='bbox 2489 775 2673 842; x_wconf 86' lang='lat' dir='ltr'><strong>itaque</strong></span> <span class='ocrx_word' id='word_1_163' title='bbox 2720 774 2950 828; x_wconf 87' lang='lat' dir='ltr'><strong>multum</strong></span> <span class='ocrx_word' id='word_1_164' title='bbox 2986 771 3223 826; x_wconf 78' lang='lat' dir='ltr'><strong>fructum</strong></span> <span class='ocrx_word' id='word_1_165' title='bbox 3255 772 3506 839; x_wconf 81' lang='lat' dir='ltr'><strong>protulit,</strong></span> 
     </span>
    </p>
   </div>
   <div class='ocr_carea' id='block_1_22' title="bbox 1917 862 3504 920">
    <p class='ocr_par' dir='ltr' id='par_1_22' title="bbox 1917 862 3504 920">
     <span class='ocr_line' id='line_1_22' title="bbox 1917 862 3504 920; baseline -0.002 -3"><span class='ocrx_word' id='word_1_166' title='bbox 1917 863 2333 920; x_wconf 82' lang='lat' dir='ltr'><strong>tabernaculum</strong></span> <span class='ocrx_word' id='word_1_167' title='bbox 2389 862 2456 917; x_wconf 92' lang='lat' dir='ltr'><strong>ad</strong></span> <span class='ocrx_word' id='word_1_168' title='bbox 2512 865 2790 918; x_wconf 74' lang='lat' dir='ltr'><strong>fructuum</strong></span> <span class='ocrx_word' id='word_1_169' title='bbox 2843 863 3151 918; x_wconf 84' lang='lat' dir='ltr'><strong>custodiam</strong></span> <span class='ocrx_word' id='word_1_170' title='bbox 3207 862 3504 917; x_wconf 78' lang='lat' dir='ltr'><strong>substitit:</strong></span> 
     </span>
    </p>
   </div>
   <div class='ocr_carea' id='block_1_23' title="bbox 1915 957 3507 1027">
    <p class='ocr_par' dir='ltr' id='par_1_23' title="bbox 1915 957 3507 1027">
     <span class='ocr_line' id='line_1_23' title="bbox 1915 957 3507 1027; baseline 0.001 -18"><span class='ocrx_word' id='word_1_171' title='bbox 1915 957 2045 1027; x_wconf 87' lang='lat' dir='ltr'><strong>quia</strong></span> <span class='ocrx_word' id='word_1_172' title='bbox 2087 972 2219 1013; x_wconf 92' lang='lat' dir='ltr'><strong>vero</strong></span> <span class='ocrx_word' id='word_1_173' title='bbox 2254 957 2347 1027; x_wconf 89' lang='lat' dir='ltr'><strong>qui</strong></span> <span class='ocrx_word' id='word_1_174' title='bbox 2389 958 2659 1027; x_wconf 81' lang='lat' dir='ltr'><strong>plantavit</strong></span> <span class='ocrx_word' id='word_1_175' title='bbox 2700 972 2857 1022; x_wconf 87' lang='lat' dir='ltr'><strong>eam,</strong></span> <span class='ocrx_word' id='word_1_176' title='bbox 2905 958 3243 1026; x_wconf 78' lang='lat' dir='ltr'><strong>exspectavit</strong></span> <span class='ocrx_word' id='word_1_177' title='bbox 3271 967 3328 1010; x_wconf 91' lang='lat' dir='ltr'><strong>ut</strong></span> <span class='ocrx_word' id='word_1_178' title='bbox 3362 957 3507 1013; x_wconf 81' lang='lat' dir='ltr'><strong>face-</strong></span> 
     </span>
    </p>
   </div>
   <div class='ocr_carea' id='block_1_24' title="bbox 1917 1047 3506 1120">
    <p class='ocr_par' dir='ltr' id='par_1_24' title="bbox 1917 1047 3506 1120">
     <span class='ocr_line' id='line_1_24' title="bbox 1917 1047 3506 1120; baseline 0.001 -20"><span class='ocrx_word' id='word_1_179' title='bbox 1917 1057 1996 1103; x_wconf 88' lang='lat' dir='ltr'><strong>ret</strong></span> <span class='ocrx_word' id='word_1_180' title='bbox 2046 1063 2236 1113; x_wconf 88' lang='lat' dir='ltr'><strong>uvam,</strong></span> <span class='ocrx_word' id='word_1_181' title='bbox 2289 1047 2423 1103; x_wconf 79' lang='lat' dir='ltr'><strong>fecit</strong></span> <span class='ocrx_word' id='word_1_182' title='bbox 2465 1058 2645 1103; x_wconf 89' lang='lat' dir='ltr'><strong>autem</strong></span> <span class='ocrx_word' id='word_1_183' title='bbox 2699 1048 2907 1120; x_wconf 88' lang='lat' dir='ltr'><strong>spinas,</strong></span> <span class='ocrx_word' id='word_1_184' title='bbox 2973 1047 3170 1116; x_wconf 81' lang='lat' dir='ltr'><strong>quibus</strong></span> <span class='ocrx_word' id='word_1_185' title='bbox 3221 1048 3506 1103; x_wconf 90' lang='lat' dir='ltr'><strong>Dominum</strong></span> 
     </span>
    </p>
   </div>
   <div class='ocr_carea' id='block_1_25' title="bbox 1915 1140 3507 1207">
    <p class='ocr_par' dir='ltr' id='par_1_25' title="bbox 1915 1140 3507 1207">
     <span class='ocr_line' id='line_1_25' title="bbox 1915 1140 3507 1207; baseline 0.001 -13"><span class='ocrx_word' id='word_1_186' title='bbox 1915 1150 2272 1207; x_wconf 85' lang='lat' dir='ltr'><strong>coronarunt,</strong></span> <span class='ocrx_word' id='word_1_187' title='bbox 2336 1150 2445 1197; x_wconf 90' lang='lat' dir='ltr'><strong>tota</strong></span> <span class='ocrx_word' id='word_1_188' title='bbox 2483 1156 2752 1196; x_wconf 83' lang='lat' dir='ltr'><strong>conversa</strong></span> <span class='ocrx_word' id='word_1_189' title='bbox 2794 1149 2879 1197; x_wconf 89' lang='lat' dir='ltr'><strong>est</strong></span> <span class='ocrx_word' id='word_1_190' title='bbox 2931 1142 2985 1196; x_wconf 91' lang='lat' dir='ltr'><strong>in</strong></span> <span class='ocrx_word' id='word_1_191' title='bbox 3043 1140 3507 1195; x_wconf 86' lang='lat' dir='ltr'><strong>amaritudinem:</strong></span> 
     </span>
    </p>
   </div>
   <div class='ocr_carea' id='block_1_26' title="bbox 1918 1231 3507 1289">
    <p class='ocr_par' dir='ltr' id='par_1_26' title="bbox 1918 1231 3507 1289">
     <span class='ocr_line' id='line_1_26' title="bbox 1918 1231 3507 1289; baseline 0.001 -4"><span class='ocrx_word' id='word_1_192' title='bbox 1918 1231 2048 1288; x_wconf 81' lang='lat' dir='ltr'><strong>fecit</strong></span> <span class='ocrx_word' id='word_1_193' title='bbox 2092 1233 2238 1288; x_wconf 91' lang='lat' dir='ltr'><strong>enim</strong></span> <span class='ocrx_word' id='word_1_194' title='bbox 2292 1248 2451 1287; x_wconf 89' lang='lat' dir='ltr'><strong>uvam</strong></span> <span class='ocrx_word' id='word_1_195' title='bbox 2502 1232 2646 1288; x_wconf 82' lang='lat' dir='ltr'><strong>fellis</strong></span> <span class='ocrx_word' id='word_1_196' title='bbox 2693 1244 2749 1289; x_wconf 89' lang='lat' dir='ltr'><strong>et</strong></span> <span class='ocrx_word' id='word_1_197' title='bbox 2808 1232 3022 1286; x_wconf 86' lang='lat' dir='ltr'><strong>botrum</strong></span> <span class='ocrx_word' id='word_1_198' title='bbox 3077 1231 3507 1287; x_wconf 77' lang='lat' dir='ltr'><strong>amaritudinis:</strong></span> 
     </span>
    </p>
   </div>
   <div class='ocr_carea' id='block_1_27' title="bbox 1918 1322 3510 1392">
    <p class='ocr_par' dir='ltr' id='par_1_27' title="bbox 1918 1322 3510 1392">
     <span class='ocr_line' id='line_1_27' title="bbox 1918 1322 3510 1392; baseline 0.001 -16"><span class='ocrx_word' id='word_1_199' title='bbox 1918 1322 2147 1392; x_wconf 78' lang='lat' dir='ltr'><strong>ideoque</strong></span> <span class='ocrx_word' id='word_1_200' title='bbox 2178 1322 2232 1377; x_wconf 91' lang='lat' dir='ltr'><strong>in</strong></span> <span class='ocrx_word' id='word_1_201' title='bbox 2267 1330 2454 1392; x_wconf 90' lang='lat' dir='ltr'><strong>potum</strong></span> <span class='ocrx_word' id='word_1_202' title='bbox 2501 1322 2731 1377; x_wconf 92' lang='lat' dir='ltr'><strong>Domino</strong></span> <span class='ocrx_word' id='word_1_203' title='bbox 2782 1322 2863 1379; x_wconf 80' lang='lat' dir='ltr'><strong>fel&#39;</strong></span> <span class='ocrx_word' id='word_1_204' title='bbox 2898 1323 3167 1377; x_wconf 90' lang='lat' dir='ltr'><strong>dederunt</strong></span> <span class='ocrx_word' id='word_1_205' title='bbox 3198 1341 3213 1390; x_wconf 91' lang='lat'><strong>;</strong></span> <span class='ocrx_word' id='word_1_206' title='bbox 3256 1338 3322 1380; x_wconf 79' lang='lat' dir='ltr'><strong>ua</strong></span> <span class='ocrx_word' id='word_1_207' title='bbox 3377 1338 3510 1379; x_wconf 84' lang='lat' dir='ltr'><strong>sane</strong></span> 
     </span>
    </p>
   </div>
   <div class='ocr_carea' id='block_1_28' title="bbox 1917 1414 3506 1491">
    <p class='ocr_par' dir='ltr' id='par_1_28' title="bbox 1917 1414 3506 1491">
     <span class='ocr_line' id='line_1_28' title="bbox 1917 1414 3506 1491; baseline 0 -19"><span class='ocrx_word' id='word_1_208' title='bbox 1917 1416 1985 1472; x_wconf 90' lang='lat' dir='ltr'><strong>de</strong></span> <span class='ocrx_word' id='word_1_209' title='bbox 2013 1429 2177 1491; x_wconf 78' lang='lat' dir='ltr'><strong>causa</strong></span> <span class='ocrx_word' id='word_1_210' title='bbox 2206 1416 2624 1471; x_wconf 84' lang='lat' dir='ltr'><strong>tabernaculum</strong></span> <span class='ocrx_word' id='word_1_211' title='bbox 2655 1416 2831 1470; x_wconf 63' lang='lat' dir='ltr'><strong>vinea</strong></span> <span class='ocrx_word' id='word_1_212' title='bbox 2870 1414 3189 1471; x_wconf 90' lang='lat' dir='ltr'><strong>derelictum</strong></span> <span class='ocrx_word' id='word_1_213' title='bbox 3218 1427 3300 1472; x_wconf 86' lang='lat' dir='ltr'><strong>est</strong></span> <span class='ocrx_word' id='word_1_214' title='bbox 3335 1435 3351 1472; x_wconf 89' lang='lat'><strong>:</strong></span> <span class='ocrx_word' id='word_1_215' title='bbox 3383 1432 3506 1472; x_wconf 90' lang='lat' dir='ltr'><strong>nam</strong></span> 
     </span>
    </p>
   </div>
   <div class='ocr_carea' id='block_1_29' title="bbox 1923 1504 3510 1576">
    <p class='ocr_par' dir='ltr' id='par_1_29' title="bbox 1923 1504 3510 1576">
     <span class='ocr_line' id='line_1_29' title="bbox 1923 1504 3510 1576; baseline 0.006 -20"><span class='ocrx_word' id='word_1_216' title='bbox 1923 1520 2140 1570; x_wconf 70' lang='lat' dir='ltr'><strong>«ecce,</strong></span> <span class='ocrx_word' id='word_1_217' title='bbox 2206 1507 2425 1576; x_wconf 88' lang='lat' dir='ltr'><strong>inquit,</strong></span> <span class='ocrx_word' id='word_1_218' title='bbox 2488 1504 2834 1576; x_wconf 87' lang='lat' dir='ltr'><strong>relinquetur</strong></span> <span class='ocrx_word' id='word_1_219' title='bbox 2887 1506 3042 1562; x_wconf 81' lang='lat' dir='ltr'><strong>vobis</strong></span> <span class='ocrx_word' id='word_1_220' title='bbox 3090 1508 3283 1564; x_wconf 90' lang='lat' dir='ltr'><strong>domus</strong></span> <span class='ocrx_word' id='word_1_221' title='bbox 3328 1520 3510 1569; x_wconf 71' lang='lat' dir='ltr'><strong>vestra</strong></span> 
     </span>
    </p>
   </div>
   <div class='ocr_carea' id='block_1_30' title="bbox 1919 1596 3513 1667">
    <p class='ocr_par' dir='ltr' id='par_1_30' title="bbox 1919 1596 3513 1667">
     <span class='ocr_line' id='line_1_30' title="bbox 1919 1596 3513 1667; baseline 0.003 -15"><span class='ocrx_word' id='word_1_222' title='bbox 1919 1597 2135 1653; x_wconf 86' lang='lat' dir='ltr'><strong>deserta</strong></span> <span class='ocrx_word' id='word_1_223' title='bbox 2195 1598 2235 1650; x_wconf 87' lang='lat'><strong>&#39;.</strong></span> <span class='ocrx_word' id='word_1_224' title='bbox 2264 1616 2283 1649; x_wconf 74' lang='grc' dir='ltr'><strong>ι</strong></span> <span class='ocrx_word' id='word_1_225' title='bbox 2330 1596 2482 1657; x_wconf 81' lang='lat' dir='ltr'><strong>Tunc</strong></span> <span class='ocrx_word' id='word_1_226' title='bbox 2523 1611 2653 1651; x_wconf 88' lang='lat' dir='ltr'><strong>vere</strong></span> <span class='ocrx_word' id='word_1_227' title='bbox 2688 1596 2909 1667; x_wconf 89' lang='lat' dir='ltr'><strong>impleta</strong></span> <span class='ocrx_word' id='word_1_228' title='bbox 2954 1608 3039 1653; x_wconf 89' lang='lat' dir='ltr'><strong>est</strong></span> <span class='ocrx_word' id='word_1_229' title='bbox 3081 1598 3170 1653; x_wconf 85' lang='lat' dir='ltr'><strong>illa</strong></span> <span class='ocrx_word' id='word_1_230' title='bbox 3208 1602 3513 1656; x_wconf 85' lang='lat' dir='ltr'><strong>commina-</strong></span> 
     </span>
    </p>
   </div>
   <div class='ocr_carea' id='block_1_31' title="bbox 1921 1686 3509 1752">
    <p class='ocr_par' dir='ltr' id='par_1_31' title="bbox 1921 1686 3509 1752">
     <span class='ocr_line' id='line_1_31' title="bbox 1921 1686 3509 1752; baseline 0.003 -9"><span class='ocrx_word' id='word_1_231' title='bbox 1921 1690 2021 1752; x_wconf 88' lang='lat' dir='ltr'><strong>tio,</strong></span> <span class='ocrx_word' id='word_1_232' title='bbox 2078 1688 2281 1743; x_wconf 91' lang='lat' dir='ltr'><strong>etenim</strong></span> <span class='ocrx_word' id='word_1_233' title='bbox 2321 1705 2340 1738; x_wconf 78' lang='grc' dir='ltr'><strong>ι</strong></span> <span class='ocrx_word' id='word_1_234' title='bbox 2370 1686 2636 1742; x_wconf 91' lang='lat' dir='ltr'><strong>derelicta</strong></span> <span class='ocrx_word' id='word_1_235' title='bbox 2684 1695 2771 1743; x_wconf 85' lang='lat' dir='ltr'><strong>est</strong></span> <span class='ocrx_word' id='word_1_236' title='bbox 2805 1688 2948 1743; x_wconf 85' lang='lat' dir='ltr'><strong>sicut</strong></span> <span class='ocrx_word' id='word_1_237' title='bbox 2998 1691 3414 1746; x_wconf 88' lang='lat' dir='ltr'><strong>tabernaculum</strong></span> <span class='ocrx_word' id='word_1_238' title='bbox 3452 1694 3509 1748; x_wconf 88' lang='lat' dir='ltr'><strong>iu</strong></span> 
     </span>
    </p>
   </div>
   <div class='ocr_carea' id='block_1_32' title="bbox 1918 1782 3511 1856">
    <p class='ocr_par' dir='ltr' id='par_1_32' title="bbox 1918 1782 3511 1856">
     <span class='ocr_line' id='line_1_32' title="bbox 1918 1782 3511 1856; baseline 0.004 -18"><span class='ocrx_word' id='word_1_239' title='bbox 1918 1786 2121 1839; x_wconf 85' lang='lat' dir='ltr'><strong>vinea:</strong></span> <span class='ocrx_word' id='word_1_240' title='bbox 2160 1803 2179 1836; x_wconf 74' lang='grc' dir='ltr'><strong>ι</strong></span> <span class='ocrx_word' id='word_1_241' title='bbox 2208 1783 2410 1839; x_wconf 82' lang='lat' dir='ltr'><strong>exinde</strong></span> <span class='ocrx_word' id='word_1_242' title='bbox 2459 1797 2592 1837; x_wconf 90' lang='lat' dir='ltr'><strong>vero</strong></span> <span class='ocrx_word' id='word_1_243' title='bbox 2637 1782 2875 1840; x_wconf 82' lang='lat' dir='ltr'><strong>nubibus</strong></span> <span class='ocrx_word' id='word_1_244' title='bbox 2922 1785 3201 1841; x_wconf 82' lang='lat' dir='ltr'><strong>mandavit</strong></span> <span class='ocrx_word' id='word_1_245' title='bbox 3248 1802 3318 1843; x_wconf 89' lang='lat' dir='ltr'><strong>ne</strong></span> <span class='ocrx_word' id='word_1_246' title='bbox 3359 1788 3511 1856; x_wconf 83' lang='lat' dir='ltr'><strong>plue-</strong></span> 
     </span>
    </p>
   </div>
   <div class='ocr_carea' id='block_1_33' title="bbox 212 1872 1819 1950">
    <p class='ocr_par' dir='ltr' id='par_1_33' title="bbox 212 1875 1819 1949">
     <span class='ocr_line' id='line_1_33' title="bbox 212 1875 1819 1949; baseline -0.001 -21"><span class='ocrx_word' id='word_1_247' title='bbox 212 1893 305 1929; x_wconf 79' lang='grc' dir='ltr'><strong>ται</strong></span> <span class='ocrx_word' id='word_1_248' title='bbox 332 1878 465 1947; x_wconf 85' lang='grc' dir='ltr'>παρ’</span> <span class='ocrx_word' id='word_1_249' title='bbox 492 1878 700 1940; x_wconf 79' lang='grc' dir='ltr'>αὐτοῖς,</span> <span class='ocrx_word' id='word_1_250' title='bbox 732 1876 919 1929; x_wconf 82' lang='grc' dir='ltr'>οὐκέτι</span> <span class='ocrx_word' id='word_1_251' title='bbox 952 1876 1179 1949; x_wconf 82' lang='grc' dir='ltr'>οὐρανία</span> <span class='ocrx_word' id='word_1_252' title='bbox 1212 1876 1407 1949; x_wconf 89' lang='grc' dir='ltr'>χάρις·</span> <span class='ocrx_word' id='word_1_253' title='bbox 1440 1875 1577 1930; x_wconf 85' lang='grc' dir='ltr'><strong>ἀλλά</strong></span> <span class='ocrx_word' id='word_1_254' title='bbox 1595 1876 1819 1945; x_wconf 82' lang='grc' dir='ltr'>γέγονεν</span> 
     </span>
    </p>
   </div>
   <div class='ocr_carea' id='block_1_34' title="bbox 1924 1872 3511 1950">
    <p class='ocr_par' dir='ltr' id='par_1_34' title="bbox 1924 1874 3511 1950">
     <span class='ocr_line' id='line_1_34' title="bbox 1924 1874 3511 1950; baseline 0.003 -18"><span class='ocrx_word' id='word_1_255' title='bbox 1924 1887 2046 1932; x_wconf 92' lang='lat' dir='ltr'><strong>rent</strong></span> <span class='ocrx_word' id='word_1_256' title='bbox 2099 1891 2266 1946; x_wconf 85' lang='lat' dir='ltr'><strong>super</strong></span> <span class='ocrx_word' id='word_1_257' title='bbox 2314 1876 2551 1931; x_wconf 89' lang='lat' dir='ltr'><strong>vineam.</strong></span> <span class='ocrx_word' id='word_1_258' title='bbox 2609 1874 2821 1931; x_wconf 90' lang='lat' dir='ltr'><strong>Idcirco</strong></span> <span class='ocrx_word' id='word_1_259' title='bbox 2880 1890 2989 1932; x_wconf 87' lang='lat' dir='ltr'><strong>non</strong></span> <span class='ocrx_word' id='word_1_260' title='bbox 3040 1877 3183 1932; x_wconf 86' lang='lat' dir='ltr'><strong>ultra</strong></span> <span class='ocrx_word' id='word_1_261' title='bbox 3228 1880 3511 1950; x_wconf 73' lang='lat' dir='ltr'><strong>propheta:</strong></span> 
     </span>
    </p>
   </div>
   <div class='ocr_carea' id='block_1_35' title="bbox 213 1966 1814 2041">
    <p class='ocr_par' dir='ltr' id='par_1_35' title="bbox 213 1966 1814 2041">
     <span class='ocr_line' id='line_1_35' title="bbox 213 1966 1814 2041; baseline -0.002 -16"><span class='ocrx_word' id='word_1_262' title='bbox 213 1971 296 2033; x_wconf 74' lang='grc' dir='ltr'>εἰς</span> <span class='ocrx_word' id='word_1_263' title='bbox 324 1970 525 2041; x_wconf 74' lang='grc' dir='ltr'>χέρσον</span> <span class='ocrx_word' id='word_1_264' title='bbox 553 1972 643 2022; x_wconf 71' lang='grc' dir='ltr'>καὶ</span> <span class='ocrx_word' id='word_1_265' title='bbox 668 1968 1067 2039; x_wconf 88' lang='grc' dir='ltr'>καταπάτημα,</span> <span class='ocrx_word' id='word_1_266' title='bbox 1095 1969 1151 2041; x_wconf 76' lang='grc' dir='ltr'>οἵ</span> <span class='ocrx_word' id='word_1_267' title='bbox 1173 1985 1234 2022; x_wconf 89' lang='grc' dir='ltr'><strong>τε</strong></span> <span class='ocrx_word' id='word_1_268' title='bbox 1287 1969 1533 2040; x_wconf 77' lang='grc' dir='ltr'>φραγμοὶ</span> <span class='ocrx_word' id='word_1_269' title='bbox 1558 1967 1655 2020; x_wconf 89' lang='grc' dir='ltr'><strong>τοῦ</strong></span> <span class='ocrx_word' id='word_1_270' title='bbox 1685 1966 1814 2021; x_wconf 88' lang='grc' dir='ltr'>ναοῦ</span> 
     </span>
    </p>
   </div>
   <div class='ocr_carea' id='block_1_36' title="bbox 215 2037 1817 2135">
    <p class='ocr_par' dir='ltr' id='par_1_36' title="bbox 215 2037 1817 2135">
     <span class='ocr_line' id='line_1_36' title="bbox 215 2037 1817 2135; baseline -0.004 -18"><span class='ocrx_word' id='word_1_271' title='bbox 482 2060 905 2135; x_wconf 73' lang='grc' dir='ltr'>καθῃρέθησαν,</span> <span class='ocrx_word' id='word_1_272' title='bbox 953 2037 1453 2131; x_wconf 19' lang='grc' dir='ltr'>όὺπέρασπισμὸςν</span> <span class='ocrx_word' id='word_1_273' title='bbox 1490 2058 1599 2112; x_wconf 90' lang='grc' dir='ltr'><strong>τῶν</strong></span> <span class='ocrx_word' id='word_1_274' title='bbox 1646 2057 1817 2128; x_wconf 79' lang='grc' dir='ltr'>ἁγίων</span> 
     </span>
    </p>
   </div>
   <div class='ocr_carea' id='block_1_37' title="bbox 213 2150 1817 2226">
    <p class='ocr_par' dir='ltr' id='par_1_37' title="bbox 213 2150 1817 2226">
     <span class='ocr_line' id='line_1_37' title="bbox 213 2150 1817 2226; baseline -0.005 -15"><span class='ocrx_word' id='word_1_275' title='bbox 213 2152 523 2223; x_wconf 63' lang='lat' dir='ltr'><strong>Mitem,</strong></span> <span class='ocrx_word' id='word_1_276' title='bbox 568 2153 678 2226; x_wconf 69' lang='grc' dir='ltr'>κᾷν</span> <span class='ocrx_word' id='word_1_277' title='bbox 724 2164 775 2206; x_wconf 83' lang='grc' dir='ltr'><strong>τι</strong></span> <span class='ocrx_word' id='word_1_278' title='bbox 815 2152 1160 2225; x_wconf 82' lang='grc' dir='ltr'>ἐργάσωνται</span> <span class='ocrx_word' id='word_1_279' title='bbox 1203 2150 1347 2207; x_wconf 86' lang='grc' dir='ltr'><strong>κατά</strong></span> <span class='ocrx_word' id='word_1_280' title='bbox 1377 2150 1471 2206; x_wconf 80' lang='grc' dir='ltr'><strong>τὸν</strong></span> <span class='ocrx_word' id='word_1_281' title='bbox 1502 2151 1688 2223; x_wconf 91' lang='grc' dir='ltr'>νόμον,</span> <span class='ocrx_word' id='word_1_282' title='bbox 1736 2151 1817 2215; x_wconf 84' lang='grc' dir='ltr'><strong>είς</strong></span> 
     </span>
    </p>
   </div>
   <div class='ocr_carea' id='block_1_38' title="bbox 217 2242 1818 2317">
    <p class='ocr_par' dir='ltr' id='par_1_38' title="bbox 217 2242 1818 2317">
     <span class='ocr_line' id='line_1_38' title="bbox 217 2242 1818 2317; baseline -0.001 -18"><span class='ocrx_word' id='word_1_283' title='bbox 217 2245 501 2308; x_wconf 68' lang='grc' dir='ltr'>ἀπώλειάν</span> <span class='ocrx_word' id='word_1_284' title='bbox 537 2247 674 2299; x_wconf 85' lang='grc' dir='ltr'>ἐστι.</span> <span class='ocrx_word' id='word_1_285' title='bbox 714 2264 733 2298; x_wconf 79' lang='grc' dir='ltr'><strong>ι</strong></span> <span class='ocrx_word' id='word_1_286' title='bbox 767 2246 880 2301; x_wconf 73' lang='grc' dir='ltr'><strong>Καὶ</strong></span> <span class='ocrx_word' id='word_1_287' title='bbox 916 2246 993 2310; x_wconf 85' lang='grc' dir='ltr'>ὡς</span> <span class='ocrx_word' id='word_1_288' title='bbox 1021 2243 1495 2317; x_wconf 84' lang='grc' dir='ltr'>όπωροφυλάκιον,</span> <span class='ocrx_word' id='word_1_289' title='bbox 1535 2242 1724 2316; x_wconf 63' lang='grc' dir='ltr'>φησιν,</span> <span class='ocrx_word' id='word_1_290' title='bbox 1760 2242 1818 2297; x_wconf 77' lang='grc' dir='ltr'><strong>ἐν</strong></span> 
     </span>
    </p>
   </div>
   <div class='ocr_carea' id='block_1_39' title="bbox 218 2332 1821 2406">
    <p class='ocr_par' dir='ltr' id='par_1_39' title="bbox 218 2332 1821 2406">
     <span class='ocr_line' id='line_1_39' title="bbox 218 2332 1821 2406; baseline -0.001 -18"><span class='ocrx_word' id='word_1_291' title='bbox 218 2334 557 2405; x_wconf 79' lang='grc' dir='ltr'>σικυηλάτῳ.</span> <span class='ocrx_word' id='word_1_292' title='bbox 604 2352 623 2386; x_wconf 77' lang='grc' dir='ltr'><strong>ι</strong></span> <span class='ocrx_word' id='word_1_293' title='bbox 658 2334 923 2406; x_wconf 80' lang='grc' dir='ltr'>Σημαίνιι</span> <span class='ocrx_word' id='word_1_294' title='bbox 956 2334 1139 2389; x_wconf 83' lang='grc' dir='ltr'>τοίνυν</span> <span class='ocrx_word' id='word_1_295' title='bbox 1173 2333 1263 2389; x_wconf 82' lang='grc' dir='ltr'>διὰ</span> <span class='ocrx_word' id='word_1_296' title='bbox 1292 2333 1489 2388; x_wconf 86' lang='grc' dir='ltr'>τούτου</span> <span class='ocrx_word' id='word_1_297' title='bbox 1528 2332 1627 2405; x_wconf 81' lang='grc' dir='ltr'>τὴν</span> <span class='ocrx_word' id='word_1_298' title='bbox 1682 2348 1821 2389; x_wconf 86' lang='grc' dir='ltr'>παν-</span> 
     </span>
    </p>
   </div>
   <div class='ocr_carea' id='block_1_40' title="bbox 224 2422 1819 2499">
    <p class='ocr_par' dir='ltr' id='par_1_40' title="bbox 224 2422 1819 2499">
     <span class='ocr_line' id='line_1_40' title="bbox 224 2422 1819 2499; baseline -0.003 -18"><span class='ocrx_word' id='word_1_299' title='bbox 224 2423 353 2497; x_wconf 76' lang='grc' dir='ltr'>τελῆ</span> <span class='ocrx_word' id='word_1_300' title='bbox 376 2425 560 2480; x_wconf 81' lang='grc' dir='ltr'>αὐτῶν</span> <span class='ocrx_word' id='word_1_301' title='bbox 587 2423 899 2497; x_wconf 85' lang='grc' dir='ltr'>ἀκαρπίαν·</span> <span class='ocrx_word' id='word_1_302' title='bbox 928 2424 1034 2490; x_wconf 68' lang='grc' dir='ltr'>ἕως</span> <span class='ocrx_word' id='word_1_303' title='bbox 1068 2426 1167 2497; x_wconf 68' lang='grc' dir='ltr'><strong>μὲν</strong></span> <span class='ocrx_word' id='word_1_304' title='bbox 1195 2424 1307 2499; x_wconf 83' lang='grc' dir='ltr'>γὰρ</span> <span class='ocrx_word' id='word_1_305' title='bbox 1341 2424 1571 2497; x_wconf 83' lang='grc' dir='ltr'>καρπῶν</span> <span class='ocrx_word' id='word_1_306' title='bbox 1594 2422 1819 2491; x_wconf 79' lang='grc' dir='ltr'>ἀγαθῶν</span> 
     </span>
    </p>
   </div>
   <div class='ocr_carea' id='block_1_41' title="bbox 220 2518 1818 2592">
    <p class='ocr_par' dir='ltr' id='par_1_41' title="bbox 220 2518 1818 2592">
     <span class='ocr_line' id='line_1_41' title="bbox 220 2518 1818 2592; baseline 0.001 -21"><span class='ocrx_word' id='word_1_307' title='bbox 220 2518 607 2590; x_wconf 74' lang='grc' dir='ltr'>πεπλήρωται,</span> <span class='ocrx_word' id='word_1_308' title='bbox 659 2519 753 2574; x_wconf 79' lang='grc' dir='ltr'>τὸν</span> <span class='ocrx_word' id='word_1_309' title='bbox 784 2518 1130 2592; x_wconf 72' lang='grc' dir='ltr'>φρουροῦντα</span> <span class='ocrx_word' id='word_1_310' title='bbox 1172 2520 1270 2574; x_wconf 76' lang='grc' dir='ltr'>καὶ</span> <span class='ocrx_word' id='word_1_311' title='bbox 1316 2518 1661 2589; x_wconf 82' lang='grc' dir='ltr'>φυλάσσοντα</span> <span class='ocrx_word' id='word_1_312' title='bbox 1692 2518 1818 2573; x_wconf 76' lang='grc' dir='ltr'>ἐκί-</span> 
     </span>
    </p>
   </div>
   <div class='ocr_carea' id='block_1_42' title="bbox 221 2610 1820 2686">
    <p class='ocr_par' dir='ltr' id='par_1_42' title="bbox 221 2610 1820 2686">
     <span class='ocr_line' id='line_1_42' title="bbox 221 2610 1820 2686; baseline -0.003 0"><span class='ocrx_word' id='word_1_313' title='bbox 221 2610 716 2686; x_wconf 59' lang='grc' dir='ltr'><strong>κτξιερξὲεσιηνὴν</strong></span> <span class='ocrx_word' id='word_1_314' title='bbox 736 2610 1070 2683; x_wconf 78' lang='grc' dir='ltr'>πηξάμενος.</span> <span class='ocrx_word' id='word_1_315' title='bbox 1086 2610 1294 2678; x_wconf 71' lang='grc' dir='ltr'>ἀνωθεν</span> <span class='ocrx_word' id='word_1_316' title='bbox 1309 2612 1404 2681; x_wconf 78' lang='grc' dir='ltr'><strong>ἀφ’</strong></span> <span class='ocrx_word' id='word_1_317' title='bbox 1418 2610 1625 2682; x_wconf 69' lang='grc' dir='ltr'>ὑψηλοῦ</span> <span class='ocrx_word' id='word_1_318' title='bbox 1639 2611 1820 2682; x_wconf 75' lang='grc' dir='ltr'>ἀφορᾷ</span> 
     </span>
    </p>
   </div>
   <div class='ocr_carea' id='block_1_43' title="bbox 223 2702 1820 2776">
    <p class='ocr_par' dir='ltr' id='par_1_43' title="bbox 223 2702 1820 2776">
     <span class='ocr_line' id='line_1_43' title="bbox 223 2702 1820 2776; baseline 0.001 -18"><span class='ocrx_word' id='word_1_319' title='bbox 223 2706 317 2769; x_wconf 73' lang='grc' dir='ltr'>καὶ</span> <span class='ocrx_word' id='word_1_320' title='bbox 348 2706 703 2776; x_wconf 79' lang='grc' dir='ltr'>περισκοπεῖ,</span> <span class='ocrx_word' id='word_1_321' title='bbox 737 2703 833 2757; x_wconf 77' lang='grc' dir='ltr'><strong>καὶ</strong></span> <span class='ocrx_word' id='word_1_322' title='bbox 873 2703 1133 2773; x_wconf 78' lang='grc' dir='ltr'>φυλάττει</span> <span class='ocrx_word' id='word_1_323' title='bbox 1155 2702 1248 2756; x_wconf 81' lang='grc' dir='ltr'>τὸν</span> <span class='ocrx_word' id='word_1_324' title='bbox 1287 2703 1607 2776; x_wconf 82' lang='grc' dir='ltr'>ἀμπελῶνα.</span> <span class='ocrx_word' id='word_1_325' title='bbox 1630 2703 1759 2757; x_wconf 80' lang='grc' dir='ltr'>Ειδ·</span> <span class='ocrx_word' id='word_1_326' title='bbox 1789 2706 1820 2759; x_wconf 91' lang='lat'><strong>6</strong></span> 
     </span>
    </p>
   </div>
   <div class='ocr_carea' id='block_1_44' title="bbox 222 2793 1819 2869">
    <p class='ocr_par' dir='ltr' id='par_1_44' title="bbox 222 2793 1819 2869">
     <span class='ocr_line' id='line_1_44' title="bbox 222 2793 1819 2869; baseline -0.003 -18"><span class='ocrx_word' id='word_1_327' title='bbox 222 2796 413 2851; x_wconf 76' lang='grc' dir='ltr'>τούτου</span> <span class='ocrx_word' id='word_1_328' title='bbox 446 2796 663 2869; x_wconf 69' lang='grc' dir='ltr'>καρπὸς</span> <span class='ocrx_word' id='word_1_329' title='bbox 689 2794 989 2867; x_wconf 72' lang='grc' dir='ltr'>ἀφαιρεθῇ,</span> <span class='ocrx_word' id='word_1_330' title='bbox 1021 2793 1330 2865; x_wconf 87' lang='grc' dir='ltr'>τηνικαῦτα</span> <span class='ocrx_word' id='word_1_331' title='bbox 1352 2796 1379 2849; x_wconf 86' lang='lat'><strong>6</strong></span> <span class='ocrx_word' id='word_1_332' title='bbox 1409 2793 1605 2867; x_wconf 80' lang='grc' dir='ltr'>φύλαξ,</span> <span class='ocrx_word' id='word_1_333' title='bbox 1634 2795 1711 2859; x_wconf 84' lang='grc' dir='ltr'>ὠς</span> <span class='ocrx_word' id='word_1_334' title='bbox 1743 2795 1819 2868; x_wconf 79' lang='grc' dir='ltr'>μὴ</span> 
     </span>
    </p>
   </div>
   <div class='ocr_carea' id='block_1_45' title="bbox 224 2885 1817 2963">
    <p class='ocr_par' dir='ltr' id='par_1_45' title="bbox 224 2885 1817 2963">
     <span class='ocr_line' id='line_1_45' title="bbox 224 2885 1817 2963; baseline -0.001 -18"><span class='ocrx_word' id='word_1_335' title='bbox 224 2890 303 2954; x_wconf 76' lang='grc' dir='ltr'><strong>εις</strong></span> <span class='ocrx_word' id='word_1_336' title='bbox 338 2888 574 2959; x_wconf 84' lang='grc' dir='ltr'>μάταιον</span> <span class='ocrx_word' id='word_1_337' title='bbox 603 2887 821 2959; x_wconf 70' lang='grc' dir='ltr'>κάμνῃ,</span> <span class='ocrx_word' id='word_1_338' title='bbox 870 2885 970 2958; x_wconf 80' lang='grc' dir='ltr'>τὴν</span> <span class='ocrx_word' id='word_1_339' title='bbox 1006 2888 1213 2961; x_wconf 80' lang='grc' dir='ltr'>σκηνὴν</span> <span class='ocrx_word' id='word_1_340' title='bbox 1257 2885 1465 2959; x_wconf 65' lang='grc' dir='ltr'>ἔρημον</span> <span class='ocrx_word' id='word_1_341' title='bbox 1505 2886 1817 2963; x_wconf 64' lang='grc' dir='ltr'>ἀπολιπὼν,</span> 
     </span>
    </p>
   </div>
   <div class='ocr_carea' id='block_1_46' title="bbox 220 2980 914 3057">
    <p class='ocr_par' dir='ltr' id='par_1_46' title="bbox 220 2980 914 3057">
     <span class='ocr_line' id='line_1_46' title="bbox 220 2980 914 3057; baseline -0.009 0"><span class='ocrx_word' id='word_1_342' title='bbox 220 2984 504 3057; x_wconf 66' lang='grc' dir='ltr'><strong>ἀναχωρεῖ</strong></span> <span class='ocrx_word' id='word_1_343' title='bbox 526 2982 627 3054; x_wconf 82' lang='grc' dir='ltr'><strong>τῆς</strong></span> <span class='ocrx_word' id='word_1_344' title='bbox 646 2980 914 3052; x_wconf 75' lang='grc' dir='ltr'><strong>φυλακῆςο</strong></span> 
     </span>
    </p>
   </div>
   <div class='ocr_carea' id='block_1_47' title="bbox 1919 1967 3510 2039">
    <p class='ocr_par' dir='ltr' id='par_1_47' title="bbox 1919 1967 3510 2039">
     <span class='ocr_line' id='line_1_47' title="bbox 1919 1967 3510 2039; baseline 0.003 -17"><span class='ocrx_word' id='word_1_345' title='bbox 1919 1981 2087 2039; x_wconf 89' lang='lat' dir='ltr'><strong>penes</strong></span> <span class='ocrx_word' id='word_1_346' title='bbox 2114 1967 2233 2021; x_wconf 89' lang='lat' dir='ltr'><strong>illos</strong></span> <span class='ocrx_word' id='word_1_347' title='bbox 2258 1974 2402 2033; x_wconf 89' lang='lat' dir='ltr'><strong>sunt,</strong></span> <span class='ocrx_word' id='word_1_348' title='bbox 2438 1982 2543 2021; x_wconf 92' lang='lat' dir='ltr'><strong>non</strong></span> <span class='ocrx_word' id='word_1_349' title='bbox 2584 1967 2832 2023; x_wconf 74' lang='lat' dir='ltr'><strong>caelestis</strong></span> <span class='ocrx_word' id='word_1_350' title='bbox 2866 1969 3075 2039; x_wconf 85' lang='lat' dir='ltr'><strong>gratia;</strong></span> <span class='ocrx_word' id='word_1_351' title='bbox 3105 1972 3201 2027; x_wconf 89' lang='lat' dir='ltr'><strong>sed</strong></span> <span class='ocrx_word' id='word_1_352' title='bbox 3242 1987 3510 2027; x_wconf 88' lang='lat' dir='ltr'><strong>conversa</strong></span> 
     </span>
    </p>
   </div>
   <div class='ocr_carea' id='block_1_48' title="bbox 1917 2058 3511 2134">
    <p class='ocr_par' dir='ltr' id='par_1_48' title="bbox 1917 2058 3511 2134">
     <span class='ocr_line' id='line_1_48' title="bbox 1917 2058 3511 2134; baseline 0.004 -20"><span class='ocrx_word' id='word_1_353' title='bbox 1917 2067 2003 2115; x_wconf 87' lang='lat' dir='ltr'><strong>est</strong></span> <span class='ocrx_word' id='word_1_354' title='bbox 2036 2060 2091 2113; x_wconf 88' lang='lat' dir='ltr'><strong>in</strong></span> <span class='ocrx_word' id='word_1_355' title='bbox 2136 2059 2344 2113; x_wconf 83' lang='lat' dir='ltr'><strong>aridam</strong></span> <span class='ocrx_word' id='word_1_356' title='bbox 2376 2067 2431 2113; x_wconf 91' lang='lat' dir='ltr'><strong>et</strong></span> <span class='ocrx_word' id='word_1_357' title='bbox 2472 2058 2527 2112; x_wconf 91' lang='lat' dir='ltr'><strong>in</strong></span> <span class='ocrx_word' id='word_1_358' title='bbox 2561 2059 3040 2114; x_wconf 85' lang='lat' dir='ltr'><strong>conculcationem</strong></span> <span class='ocrx_word' id='word_1_359' title='bbox 3063 2100 3079 2126; x_wconf 91' lang='lat'><strong>,</strong></span> <span class='ocrx_word' id='word_1_360' title='bbox 3122 2076 3279 2132; x_wconf 84' lang='lat' dir='ltr'><strong>sepes</strong></span> <span class='ocrx_word' id='word_1_361' title='bbox 3328 2064 3511 2134; x_wconf 83' lang='lat' dir='ltr'><strong>templi</strong></span> 
     </span>
    </p>
   </div>
   <div class='ocr_carea' id='block_1_49' title="bbox 1919 2150 3513 2218">
    <p class='ocr_par' dir='ltr' id='par_1_49' title="bbox 1919 2150 3513 2218">
     <span class='ocr_line' id='line_1_49' title="bbox 1919 2150 3513 2218; baseline 0.003 -13"><span class='ocrx_word' id='word_1_362' title='bbox 1919 2150 2064 2206; x_wconf 88' lang='lat' dir='ltr'><strong>illius</strong></span> <span class='ocrx_word' id='word_1_363' title='bbox 2091 2150 2392 2206; x_wconf 66' lang='lat' dir='ltr'><strong>destructa</strong></span> <span class='ocrx_word' id='word_1_364' title='bbox 2419 2159 2571 2218; x_wconf 87' lang='lat' dir='ltr'><strong>sunt,</strong></span> <span class='ocrx_word' id='word_1_365' title='bbox 2618 2165 2839 2207; x_wconf 87' lang='lat' dir='ltr'><strong>necnon</strong></span> <span class='ocrx_word' id='word_1_366' title='bbox 2885 2160 3203 2208; x_wconf 86' lang='lat' dir='ltr'><strong>sanctarum</strong></span> <span class='ocrx_word' id='word_1_367' title='bbox 3243 2153 3513 2215; x_wconf 85' lang='lat' dir='ltr'><strong>virtutum</strong></span> 
     </span>
    </p>
   </div>
   <div class='ocr_carea' id='block_1_50' title="bbox 1919 2243 3512 2316">
    <p class='ocr_par' dir='ltr' id='par_1_50' title="bbox 1919 2243 3512 2316">
     <span class='ocr_line' id='line_1_50' title="bbox 1919 2243 3512 2316; baseline 0.003 -17"><span class='ocrx_word' id='word_1_368' title='bbox 1919 2243 2394 2316; x_wconf 76' lang='lat' dir='ltr'><strong>propugnaculum</strong></span> <span class='ocrx_word' id='word_1_369' title='bbox 2437 2262 2453 2299; x_wconf 86' lang='lat'><strong>:</strong></span> <span class='ocrx_word' id='word_1_370' title='bbox 2493 2257 2560 2300; x_wconf 88' lang='lat' dir='ltr'><strong>ac</strong></span> <span class='ocrx_word' id='word_1_371' title='bbox 2611 2244 2832 2300; x_wconf 86' lang='lat' dir='ltr'><strong>etiamsi</strong></span> <span class='ocrx_word' id='word_1_372' title='bbox 2877 2245 3155 2316; x_wconf 90' lang='lat' dir='ltr'><strong>quidpiam</strong></span> <span class='ocrx_word' id='word_1_373' title='bbox 3212 2248 3512 2303; x_wconf 88' lang='lat' dir='ltr'><strong>secundum</strong></span> 
     </span>
    </p>
   </div>
   <div class='ocr_carea' id='block_1_51' title="bbox 1921 2334 3516 2409">
    <p class='ocr_par' dir='ltr' id='par_1_51' title="bbox 1921 2334 3516 2409">
     <span class='ocr_line' id='line_1_51' title="bbox 1921 2334 3516 2409; baseline 0.003 -18"><span class='ocrx_word' id='word_1_374' title='bbox 1921 2335 2097 2409; x_wconf 82' lang='lat' dir='ltr'><strong>legem</strong></span> <span class='ocrx_word' id='word_1_375' title='bbox 2130 2344 2320 2408; x_wconf 84' lang='lat' dir='ltr'><strong>agant,</strong></span> <span class='ocrx_word' id='word_1_376' title='bbox 2344 2335 2400 2392; x_wconf 93' lang='lat' dir='ltr'><strong>id</strong></span> <span class='ocrx_word' id='word_1_377' title='bbox 2432 2334 2540 2393; x_wconf 82' lang='lat' dir='ltr'><strong>illis</strong></span> <span class='ocrx_word' id='word_1_378' title='bbox 2566 2336 2621 2391; x_wconf 91' lang='lat' dir='ltr'><strong>in</strong></span> <span class='ocrx_word' id='word_1_379' title='bbox 2649 2336 2951 2408; x_wconf 87' lang='lat' dir='ltr'><strong>perniciem</strong></span> <span class='ocrx_word' id='word_1_380' title='bbox 2996 2338 3185 2394; x_wconf 90' lang='lat' dir='ltr'><strong>vertit.</strong></span> <span class='ocrx_word' id='word_1_381' title='bbox 3220 2356 3241 2393; x_wconf 79' lang='grc' dir='ltr'><strong>ι</strong></span> <span class='ocrx_word' id='word_1_382' title='bbox 3269 2338 3338 2395; x_wconf 87' lang='lat' dir='ltr'><strong>Et</strong></span> <span class='ocrx_word' id='word_1_383' title='bbox 3369 2338 3516 2396; x_wconf 79' lang='lat' dir='ltr'><strong>sicut</strong></span> 
     </span>
    </p>
   </div>
   <div class='ocr_carea' id='block_1_52' title="bbox 1921 2426 3513 2503">
    <p class='ocr_par' dir='ltr' id='par_1_52' title="bbox 1921 2426 3513 2503">
     <span class='ocr_line' id='line_1_52' title="bbox 1921 2426 3513 2503; baseline 0.004 -21"><span class='ocrx_word' id='word_1_384' title='bbox 1921 2426 2222 2499; x_wconf 82' lang='lat' dir='ltr'><strong>tugurium,</strong></span> <span class='ocrx_word' id='word_1_385' title='bbox 2249 2428 2349 2496; x_wconf 87' lang='lat' dir='ltr'><strong>ait,</strong></span> <span class='ocrx_word' id='word_1_386' title='bbox 2387 2427 2443 2483; x_wconf 90' lang='lat' dir='ltr'><strong>in</strong></span> <span class='ocrx_word' id='word_1_387' title='bbox 2470 2428 2879 2485; x_wconf 88' lang='lat' dir='ltr'><strong>cucumerario.</strong></span> <span class='ocrx_word' id='word_1_388' title='bbox 2906 2447 2927 2483; x_wconf 75' lang='grc' dir='ltr'><strong>ι</strong></span> <span class='ocrx_word' id='word_1_389' title='bbox 2976 2427 3069 2488; x_wconf 80' lang='lat' dir='ltr'><strong>ﬂia</strong></span> <span class='ocrx_word' id='word_1_390' title='bbox 3119 2430 3305 2502; x_wconf 85' lang='lat' dir='ltr'><strong>itaque</strong></span> <span class='ocrx_word' id='word_1_391' title='bbox 3337 2432 3513 2503; x_wconf 82' lang='lat' dir='ltr'><strong>signi-</strong></span> 
     </span>
    </p>
   </div>
   <div class='ocr_carea' id='block_1_53' title="bbox 1920 2518 3515 2591">
    <p class='ocr_par' dir='ltr' id='par_1_53' title="bbox 1920 2518 3515 2591">
     <span class='ocr_line' id='line_1_53' title="bbox 1920 2518 3515 2591; baseline 0.007 -17"><span class='ocrx_word' id='word_1_392' title='bbox 1920 2518 2049 2576; x_wconf 84' lang='lat' dir='ltr'><strong>ticat</strong></span> <span class='ocrx_word' id='word_1_393' title='bbox 2084 2520 2460 2577; x_wconf 87' lang='lat' dir='ltr'><strong>omnimodam</strong></span> <span class='ocrx_word' id='word_1_394' title='bbox 2489 2522 2633 2591; x_wconf 91' lang='lat' dir='ltr'><strong>apud</strong></span> <span class='ocrx_word' id='word_1_395' title='bbox 2672 2520 2797 2577; x_wconf 89' lang='lat' dir='ltr'><strong>illos</strong></span> <span class='ocrx_word' id='word_1_396' title='bbox 2830 2520 3115 2578; x_wconf 76' lang='lat' dir='ltr'><strong>fructuum</strong></span> <span class='ocrx_word' id='word_1_397' title='bbox 3142 2525 3515 2585; x_wconf 81' lang='lat' dir='ltr'><strong>vacuitatem:</strong></span> 
     </span>
    </p>
   </div>
   <div class='ocr_carea' id='block_1_54' title="bbox 1921 2610 3514 2683">
    <p class='ocr_par' dir='ltr' id='par_1_54' title="bbox 1921 2610 3514 2683">
     <span class='ocr_line' id='line_1_54' title="bbox 1921 2610 3514 2683; baseline 0.004 -16"><span class='ocrx_word' id='word_1_398' title='bbox 1921 2612 2095 2668; x_wconf 89' lang='lat' dir='ltr'><strong>donec</strong></span> <span class='ocrx_word' id='word_1_399' title='bbox 2122 2611 2270 2667; x_wconf 89' lang='lat' dir='ltr'><strong>enim</strong></span> <span class='ocrx_word' id='word_1_400' title='bbox 2318 2612 2483 2669; x_wconf 82' lang='lat' dir='ltr'><strong>bonis</strong></span> <span class='ocrx_word' id='word_1_401' title='bbox 2531 2610 2803 2669; x_wconf 77' lang='lat' dir='ltr'><strong>fructibus</strong></span> <span class='ocrx_word' id='word_1_402' title='bbox 2826 2613 3183 2683; x_wconf 91' lang='lat' dir='ltr'><strong>implebatur,</strong></span> <span class='ocrx_word' id='word_1_403' title='bbox 3228 2617 3514 2673; x_wconf 72' lang='lat' dir='ltr'><strong>custodem</strong></span> 
     </span>
    </p>
   </div>
   <div class='ocr_carea' id='block_1_55' title="bbox 1908 2701 3517 2774">
    <p class='ocr_par' dir='ltr' id='par_1_55' title="bbox 1908 2701 3517 2774">
     <span class='ocr_line' id='line_1_55' title="bbox 1908 2701 3517 2774; baseline 0.002 -13"><span class='ocrx_word' id='word_1_404' title='bbox 1908 2702 1990 2761; x_wconf 86' lang='lat' dir='ltr'><strong>.ad</strong></span> <span class='ocrx_word' id='word_1_405' title='bbox 2018 2701 2330 2773; x_wconf 66' lang='lat' dir='ltr'><strong>prasidium</strong></span> <span class='ocrx_word' id='word_1_406' title='bbox 2355 2701 2641 2758; x_wconf 88' lang='lat' dir='ltr'><strong>obtinebat</strong></span> <span class='ocrx_word' id='word_1_407' title='bbox 2670 2717 2821 2771; x_wconf 90' lang='lat' dir='ltr'><strong>eum,</strong></span> <span class='ocrx_word' id='word_1_408' title='bbox 2863 2705 2957 2774; x_wconf 90' lang='lat' dir='ltr'><strong>qui</strong></span> <span class='ocrx_word' id='word_1_409' title='bbox 3003 2715 3216 2762; x_wconf 88' lang='lat' dir='ltr'><strong>structo</strong></span> <span class='ocrx_word' id='word_1_410' title='bbox 3266 2708 3517 2764; x_wconf 88' lang='lat' dir='ltr'><strong>taberna-</strong></span> 
     </span>
    </p>
   </div>
   <div class='ocr_carea' id='block_1_56' title="bbox 1920 2793 3515 2867">
    <p class='ocr_par' dir='ltr' id='par_1_56' title="bbox 1920 2793 3515 2867">
     <span class='ocr_line' id='line_1_56' title="bbox 1920 2793 3515 2867; baseline 0.004 -18"><span class='ocrx_word' id='word_1_411' title='bbox 1920 2793 2072 2860; x_wconf 92' lang='lat' dir='ltr'><strong>culo,</strong></span> <span class='ocrx_word' id='word_1_412' title='bbox 2106 2808 2138 2850; x_wconf 91' lang='lat' dir='ltr'><strong>e</strong></span> <span class='ocrx_word' id='word_1_413' title='bbox 2166 2793 2387 2850; x_wconf 82' lang='lat' dir='ltr'><strong>sublimi</strong></span> <span class='ocrx_word' id='word_1_414' title='bbox 2424 2795 2680 2851; x_wconf 74' lang='lat' dir='ltr'><strong>observat</strong></span> <span class='ocrx_word' id='word_1_415' title='bbox 2708 2804 2765 2851; x_wconf 89' lang='lat' dir='ltr'><strong>et</strong></span> <span class='ocrx_word' id='word_1_416' title='bbox 2809 2796 3035 2867; x_wconf 84' lang='lat' dir='ltr'><strong>respicit</strong></span> <span class='ocrx_word' id='word_1_417' title='bbox 3065 2798 3307 2853; x_wconf 88' lang='lat' dir='ltr'><strong>vineam.</strong></span> <span class='ocrx_word' id='word_1_418' title='bbox 3360 2797 3515 2867; x_wconf 84' lang='lat' dir='ltr'><strong>Quod</strong></span> 
     </span>
    </p>
   </div>
   <div class='ocr_carea' id='block_1_57' title="bbox 1919 2884 3514 2955">
    <p class='ocr_par' dir='ltr' id='par_1_57' title="bbox 1919 2884 3514 2955">
     <span class='ocr_line' id='line_1_57' title="bbox 1919 2884 3514 2955; baseline 0.003 -15"><span class='ocrx_word' id='word_1_419' title='bbox 1919 2885 1966 2940; x_wconf 88' lang='lat' dir='ltr'><strong>si</strong></span> <span class='ocrx_word' id='word_1_420' title='bbox 1991 2885 2205 2941; x_wconf 79' lang='lat' dir='ltr'><strong>fructus</strong></span> <span class='ocrx_word' id='word_1_421' title='bbox 2236 2884 2363 2955; x_wconf 85' lang='lat' dir='ltr'><strong>ejus</strong></span> <span class='ocrx_word' id='word_1_422' title='bbox 2395 2884 2697 2953; x_wconf 84' lang='lat' dir='ltr'><strong>auferatur,</strong></span> <span class='ocrx_word' id='word_1_423' title='bbox 2732 2895 2862 2943; x_wconf 91' lang='lat' dir='ltr'><strong>tunc</strong></span> <span class='ocrx_word' id='word_1_424' title='bbox 2891 2896 3098 2953; x_wconf 84' lang='lat' dir='ltr'><strong>custos,</strong></span> <span class='ocrx_word' id='word_1_425' title='bbox 3125 2902 3195 2945; x_wconf 89' lang='lat' dir='ltr'><strong>ne</strong></span> <span class='ocrx_word' id='word_1_426' title='bbox 3221 2889 3278 2944; x_wconf 91' lang='lat' dir='ltr'><strong>in</strong></span> <span class='ocrx_word' id='word_1_427' title='bbox 3311 2904 3514 2945; x_wconf 88' lang='lat' dir='ltr'><strong>vanum</strong></span> 
     </span>
    </p>
   </div>
   <div class='ocr_carea' id='block_1_58' title="bbox 1920 2974 3517 3051">
    <p class='ocr_par' dir='ltr' id='par_1_58' title="bbox 1920 2974 3517 3051">
     <span class='ocr_line' id='line_1_58' title="bbox 1920 2974 3517 3051; baseline 0.006 -20"><span class='ocrx_word' id='word_1_428' title='bbox 1920 2974 2153 3042; x_wconf 83' lang='lat' dir='ltr'><strong>laboret,</strong></span> <span class='ocrx_word' id='word_1_429' title='bbox 2187 2976 2604 3034; x_wconf 86' lang='lat' dir='ltr'><strong>tabernaculum</strong></span> <span class='ocrx_word' id='word_1_430' title='bbox 2639 2977 2925 3036; x_wconf 88' lang='lat' dir='ltr'><strong>desertum</strong></span> <span class='ocrx_word' id='word_1_431' title='bbox 2952 2980 3291 3051; x_wconf 87' lang='lat' dir='ltr'><strong>relinquens,</strong></span> <span class='ocrx_word' id='word_1_432' title='bbox 3327 2984 3517 3040; x_wconf 84' lang='lat' dir='ltr'><strong>absce-</strong></span> 
     </span>
    </p>
   </div>
   <div class='ocr_carea' id='block_1_59' title="bbox 1920 3069 2357 3127">
    <p class='ocr_par' dir='ltr' id='par_1_59' title="bbox 1920 3069 2357 3127">
     <span class='ocr_line' id='line_1_59' title="bbox 1920 3069 2357 3127; baseline -0.005 0"><span class='ocrx_word' id='word_1_433' title='bbox 1920 3069 2002 3127; x_wconf 88' lang='lat' dir='ltr'><strong>dit</strong></span> <span class='ocrx_word' id='word_1_434' title='bbox 2030 3084 2061 3127; x_wconf 90' lang='lat' dir='ltr'><strong>a</strong></span> <span class='ocrx_word' id='word_1_435' title='bbox 2086 3069 2357 3127; x_wconf 88' lang='lat' dir='ltr'><strong>custodia.</strong></span> 
     </span>
    </p>
   </div>
   <div class='ocr_carea' id='block_1_60' title="bbox 314 3220 1819 3324">
    <p class='ocr_par' dir='ltr' id='par_1_60' title="bbox 314 3249 1819 3324">
     <span class='ocr_line' id='line_1_60' title="bbox 314 3249 1819 3324; baseline -0.001 -18"><span class='ocrx_word' id='word_1_436' title='bbox 314 3251 484 3317; x_wconf 58' lang='grc' dir='ltr'>ςΚαὶ</span> <span class='ocrx_word' id='word_1_437' title='bbox 530 3251 580 3305; x_wconf 83' lang='grc' dir='ltr'><strong>εί</strong></span> <span class='ocrx_word' id='word_1_438' title='bbox 634 3251 711 3324; x_wconf 82' lang='grc' dir='ltr'><strong>μὴ</strong></span> <span class='ocrx_word' id='word_1_439' title='bbox 759 3250 964 3324; x_wconf 75' lang='grc' dir='ltr'>Κύριος</span> <span class='ocrx_word' id='word_1_440' title='bbox 1018 3249 1249 3305; x_wconf 85' lang='grc' dir='ltr'>Σαϐαὼθ</span> <span class='ocrx_word' id='word_1_441' title='bbox 1301 3249 1659 3320; x_wconf 69' lang='grc' dir='ltr'>ἐγκατέλιπεν</span> <span class='ocrx_word' id='word_1_442' title='bbox 1686 3251 1819 3324; x_wconf 74' lang='grc' dir='ltr'>ἡμῖν</span> 
     </span>
    </p>
   </div>
   <div class='ocr_carea' id='block_1_61' title="bbox 1924 3220 3517 3324">
    <p class='ocr_par' dir='ltr' id='par_1_61' title="bbox 1998 3242 3517 3314">
     <span class='ocr_line' id='line_1_61' title="bbox 1998 3242 3517 3314; baseline 0.003 -14"><span class='ocrx_word' id='word_1_443' title='bbox 1998 3242 2165 3301; x_wconf 75' lang='lat' dir='ltr'><strong>Vsus.</strong></span> <span class='ocrx_word' id='word_1_444' title='bbox 2205 3243 2261 3314; x_wconf 86' lang='lat'><strong>9,</strong></span> <span class='ocrx_word' id='word_1_445' title='bbox 2308 3244 2397 3301; x_wconf 71' lang='lat'><strong>10.</strong></span> <span class='ocrx_word' id='word_1_446' title='bbox 2462 3265 2481 3299; x_wconf 75' lang='grc' dir='ltr'><strong>ι</strong></span> <span class='ocrx_word' id='word_1_447' title='bbox 2515 3246 2585 3303; x_wconf 89' lang='lat' dir='ltr'><strong>Et</strong></span> <span class='ocrx_word' id='word_1_448' title='bbox 2621 3247 2732 3304; x_wconf 82' lang='lat' dir='ltr'><strong>nisi</strong></span> <span class='ocrx_word' id='word_1_449' title='bbox 2770 3246 3036 3305; x_wconf 87' lang='lat' dir='ltr'><strong>Dominus</strong></span> <span class='ocrx_word' id='word_1_450' title='bbox 3085 3246 3334 3305; x_wconf 82' lang='lat' dir='ltr'><strong>SabaOtb</strong></span> <span class='ocrx_word' id='word_1_451' title='bbox 3388 3247 3517 3305; x_wconf 88' lang='lat' dir='ltr'><strong>reli-</strong></span> 
     </span>
    </p>
   </div>
   <div class='ocr_carea' id='block_1_62' title="bbox 227 3341 1822 3418">
    <p class='ocr_par' dir='ltr' id='par_1_62' title="bbox 227 3341 1822 3418">
     <span class='ocr_line' id='line_1_62' title="bbox 227 3341 1822 3418; baseline 0.001 -22"><span class='ocrx_word' id='word_1_452' title='bbox 227 3341 479 3417; x_wconf 61' lang='lat' dir='ltr'><strong>odppa,</strong></span> <span class='ocrx_word' id='word_1_453' title='bbox 506 3342 583 3406; x_wconf 84' lang='grc' dir='ltr'>ὡς</span> <span class='ocrx_word' id='word_1_454' title='bbox 610 3342 817 3413; x_wconf 83' lang='grc' dir='ltr'>Σόδομα</span> <span class='ocrx_word' id='word_1_455' title='bbox 846 3343 913 3397; x_wconf 79' lang='grc' dir='ltr'>ἂν</span> <span class='ocrx_word' id='word_1_456' title='bbox 939 3343 1305 3416; x_wconf 85' lang='grc' dir='ltr'>ἐγενήθημεν,</span> <span class='ocrx_word' id='word_1_457' title='bbox 1330 3343 1428 3397; x_wconf 72' lang='grc' dir='ltr'>καὶ</span> <span class='ocrx_word' id='word_1_458' title='bbox 1457 3343 1533 3408; x_wconf 80' lang='grc' dir='ltr'>ὡς</span> <span class='ocrx_word' id='word_1_459' title='bbox 1565 3344 1822 3418; x_wconf 77' lang='grc' dir='ltr'>Γόμορρα</span> 
     </span>
    </p>
   </div>
   <div class='ocr_carea' id='block_1_63' title="bbox 226 3434 1823 3510">
    <p class='ocr_par' dir='ltr' id='par_1_63' title="bbox 226 3434 1823 3510">
     <span class='ocr_line' id='line_1_63' title="bbox 226 3434 1823 3510; baseline 0.001 -20"><span class='ocrx_word' id='word_1_460' title='bbox 226 3436 293 3491; x_wconf 85' lang='grc' dir='ltr'><strong>ἀν</strong></span> <span class='ocrx_word' id='word_1_461' title='bbox 317 3434 712 3507; x_wconf 83' lang='grc' dir='ltr'>ὡμοιώθημεν.</span> <span class='ocrx_word' id='word_1_462' title='bbox 751 3434 1043 3489; x_wconf 81' lang='grc' dir='ltr'>’Δκούσατε</span> <span class='ocrx_word' id='word_1_463' title='bbox 1075 3435 1236 3505; x_wconf 86' lang='grc' dir='ltr'>λόγον</span> <span class='ocrx_word' id='word_1_464' title='bbox 1279 3436 1489 3510; x_wconf 81' lang='grc' dir='ltr'>Κυρίου</span> <span class='ocrx_word' id='word_1_465' title='bbox 1510 3475 1525 3501; x_wconf 95' lang='grc'><strong>,</strong></span> <span class='ocrx_word' id='word_1_466' title='bbox 1560 3435 1823 3509; x_wconf 77' lang='grc' dir='ltr'>ἄρχοντες</span> 
     </span>
    </p>
   </div>
   <div class='ocr_carea' id='block_1_64' title="bbox 226 3526 1817 3603">
    <p class='ocr_par' dir='ltr' id='par_1_64' title="bbox 226 3526 1817 3603">
     <span class='ocr_line' id='line_1_64' title="bbox 226 3526 1817 3603; baseline -0.003 -18"><span class='ocrx_word' id='word_1_467' title='bbox 226 3532 512 3603; x_wconf 76' lang='grc' dir='ltr'><strong>Σοδόμων·</strong></span> <span class='ocrx_word' id='word_1_468' title='bbox 560 3533 859 3603; x_wconf 79' lang='grc' dir='ltr'>προσέχετε</span> <span class='ocrx_word' id='word_1_469' title='bbox 888 3530 1052 3601; x_wconf 89' lang='grc' dir='ltr'>νόμον</span> <span class='ocrx_word' id='word_1_470' title='bbox 1093 3527 1252 3598; x_wconf 83' lang='grc' dir='ltr'>Θεοῦ,</span> <span class='ocrx_word' id='word_1_471' title='bbox 1286 3526 1414 3593; x_wconf 79' lang='grc' dir='ltr'>λαὸς</span> <span class='ocrx_word' id='word_1_472' title='bbox 1446 3528 1751 3599; x_wconf 74' lang='grc' dir='ltr'>Γομόρρας.</span> <span class='ocrx_word' id='word_1_473' title='bbox 1797 3546 1817 3581; x_wconf 75' lang='grc' dir='ltr'><strong>ι</strong></span> 
     </span>
    </p>
   </div>
   <div class='ocr_carea' id='block_1_65' title="bbox 240 3621 1825 3705">
    <p class='ocr_par' dir='ltr' id='par_1_65' title="bbox 240 3621 1825 3705">
     <span class='ocr_line' id='line_1_65' title="bbox 240 3621 1825 3705; baseline -0.002 -28"><span class='ocrx_word' id='word_1_474' title='bbox 240 3624 571 3705; x_wconf 80' lang='grc' dir='ltr'>Ἐπειδήπερ</span> <span class='ocrx_word' id='word_1_475' title='bbox 595 3623 689 3677; x_wconf 73' lang='grc' dir='ltr'><strong>ἐπὶ</strong></span> <span class='ocrx_word' id='word_1_476' title='bbox 712 3624 778 3694; x_wconf 77' lang='grc' dir='ltr'>τῇ</span> <span class='ocrx_word' id='word_1_477' title='bbox 816 3622 927 3675; x_wconf 87' lang='grc' dir='ltr'><strong>τῶν</strong></span> <span class='ocrx_word' id='word_1_478' title='bbox 960 3622 1215 3695; x_wconf 83' lang='grc' dir='ltr'>πατέρων</span> <span class='ocrx_word' id='word_1_479' title='bbox 1261 3622 1433 3693; x_wconf 76' lang='grc' dir='ltr'>ἀρετῇ</span> <span class='ocrx_word' id='word_1_480' title='bbox 1486 3621 1825 3693; x_wconf 85' lang='grc' dir='ltr'>σεμνυνόμε-</span> 
     </span>
    </p>
   </div>
   <div class='ocr_carea' id='block_1_66' title="bbox 226 3711 1825 3786">
    <p class='ocr_par' dir='ltr' id='par_1_66' title="bbox 226 3711 1825 3786">
     <span class='ocr_line' id='line_1_66' title="bbox 226 3711 1825 3786; baseline -0.003 -17"><span class='ocrx_word' id='word_1_481' title='bbox 226 3733 335 3779; x_wconf 89' lang='grc' dir='ltr'>νοι,</span> <span class='ocrx_word' id='word_1_482' title='bbox 382 3715 529 3786; x_wconf 83' lang='grc' dir='ltr'>μέγα</span> <span class='ocrx_word' id='word_1_483' title='bbox 573 3713 857 3786; x_wconf 88' lang='grc' dir='ltr'>ἐφρόνουν,</span> <span class='ocrx_word' id='word_1_484' title='bbox 886 3712 1081 3777; x_wconf 87' lang='grc' dir='ltr'>ὠςτοῦ</span> <span class='ocrx_word' id='word_1_485' title='bbox 1124 3711 1377 3784; x_wconf 81' lang='grc' dir='ltr'>’Δϐραάμ</span> <span class='ocrx_word' id='word_1_486' title='bbox 1418 3711 1573 3775; x_wconf 74' lang='grc' dir='ltr'>ὄντες</span> <span class='ocrx_word' id='word_1_487' title='bbox 1597 3712 1825 3784; x_wconf 86' lang='grc' dir='ltr'>σπέρμα</span> 
     </span>
    </p>
   </div>
   <div class='ocr_carea' id='block_1_67' title="bbox 226 3803 1824 3879">
    <p class='ocr_par' dir='ltr' id='par_1_67' title="bbox 226 3803 1824 3879">
     <span class='ocr_line' id='line_1_67' title="bbox 226 3803 1824 3879; baseline -0.001 -19"><span class='ocrx_word' id='word_1_488' title='bbox 226 3808 321 3867; x_wconf 76' lang='grc' dir='ltr'>καὶ</span> <span class='ocrx_word' id='word_1_489' title='bbox 362 3806 460 3861; x_wconf 79' lang='grc' dir='ltr'><strong>τοῦ</strong></span> <span class='ocrx_word' id='word_1_490' title='bbox 509 3806 727 3879; x_wconf 80' lang='grc' dir='ltr'>Ἰσραήλ</span> <span class='ocrx_word' id='word_1_491' title='bbox 758 3806 1050 3874; x_wconf 86' lang='grc' dir='ltr'>ἀπόγονοι·</span> <span class='ocrx_word' id='word_1_492' title='bbox 1097 3806 1325 3869; x_wconf 79' lang='grc' dir='ltr'>είκότως</span> <span class='ocrx_word' id='word_1_493' title='bbox 1369 3804 1431 3858; x_wconf 82' lang='grc' dir='ltr'><strong>τὸ</strong></span> <span class='ocrx_word' id='word_1_494' title='bbox 1477 3803 1824 3875; x_wconf 85' lang='grc' dir='ltr'>μεγάλαυχον</span> 
     </span>
    </p>
   </div>
   <div class='ocr_carea' id='block_1_68' title="bbox 226 3897 1827 3970">
    <p class='ocr_par' dir='ltr' id='par_1_68' title="bbox 226 3897 1827 3970">
     <span class='ocr_line' id='line_1_68' title="bbox 226 3897 1827 3970; baseline -0.002 -15"><span class='ocrx_word' id='word_1_495' title='bbox 226 3900 409 3955; x_wconf 81' lang='grc' dir='ltr'>αὐτῶν</span> <span class='ocrx_word' id='word_1_496' title='bbox 434 3902 464 3954; x_wconf 92' lang='lat'><strong>6</strong></span> <span class='ocrx_word' id='word_1_497' title='bbox 497 3899 655 3968; x_wconf 88' lang='grc' dir='ltr'>λόγος</span> <span class='ocrx_word' id='word_1_498' title='bbox 686 3901 951 3966; x_wconf 86' lang='grc' dir='ltr'>ταπεινοῖ,</span> <span class='ocrx_word' id='word_1_499' title='bbox 979 3898 1076 3952; x_wconf 67' lang='grc' dir='ltr'>καῖ</span> <span class='ocrx_word' id='word_1_500' title='bbox 1099 3898 1161 3951; x_wconf 83' lang='grc' dir='ltr'><strong>τὸ</strong></span> <span class='ocrx_word' id='word_1_501' title='bbox 1186 3899 1415 3970; x_wconf 89' lang='grc' dir='ltr'>μάταιον</span> <span class='ocrx_word' id='word_1_502' title='bbox 1445 3897 1616 3970; x_wconf 73' lang='grc' dir='ltr'>οἴημα</span> <span class='ocrx_word' id='word_1_503' title='bbox 1638 3897 1827 3953; x_wconf 86' lang='grc' dir='ltr'>καθαι-</span> 
     </span>
    </p>
   </div>
   <div class='ocr_carea' id='block_1_69' title="bbox 229 3988 1824 4069">
    <p class='ocr_par' dir='ltr' id='par_1_69' title="bbox 229 3988 1824 4069">
     <span class='ocr_line' id='line_1_69' title="bbox 229 3988 1824 4069; baseline -0.003 -22"><span class='ocrx_word' id='word_1_504' title='bbox 229 3996 313 4069; x_wconf 79' lang='grc' dir='ltr'>ρεῖ</span> <span class='ocrx_word' id='word_1_505' title='bbox 335 4012 349 4026; x_wconf 86' lang='grc'><strong>·</strong></span> <span class='ocrx_word' id='word_1_506' title='bbox 382 3994 513 4055; x_wconf 77' lang='grc' dir='ltr'>τοὺς</span> <span class='ocrx_word' id='word_1_507' title='bbox 544 3991 646 4064; x_wconf 79' lang='grc' dir='ltr'>μὲν</span> <span class='ocrx_word' id='word_1_508' title='bbox 679 3991 947 4062; x_wconf 81' lang='grc' dir='ltr'>ἄρχοντας</span> <span class='ocrx_word' id='word_1_509' title='bbox 979 3988 1072 4045; x_wconf 89' lang='grc' dir='ltr'><strong>τοῦ</strong></span> <span class='ocrx_word' id='word_1_510' title='bbox 1103 3989 1390 4063; x_wconf 87' lang='grc' dir='ltr'>διαϐοήτου</span> <span class='ocrx_word' id='word_1_511' title='bbox 1434 3990 1681 4063; x_wconf 81' lang='grc' dir='ltr'>Ἰσραὴλ,</span> <span class='ocrx_word' id='word_1_512' title='bbox 1724 3990 1824 4043; x_wconf 90' lang='grc' dir='ltr'>Σο-</span> 
     </span>
    </p>
   </div>
   <div class='ocr_carea' id='block_1_70' title="bbox 226 4080 1827 4155">
    <p class='ocr_par' dir='ltr' id='par_1_70' title="bbox 226 4080 1827 4155">
     <span class='ocr_line' id='line_1_70' title="bbox 226 4080 1827 4155; baseline -0.002 -16"><span class='ocrx_word' id='word_1_513' title='bbox 226 4086 407 4155; x_wconf 86' lang='grc' dir='ltr'>δόμων</span> <span class='ocrx_word' id='word_1_514' title='bbox 429 4085 698 4155; x_wconf 84' lang='grc' dir='ltr'>άρχοντας</span> <span class='ocrx_word' id='word_1_515' title='bbox 716 4082 1022 4153; x_wconf 77' lang='grc' dir='ltr'>ὀνομάζων,</span> <span class='ocrx_word' id='word_1_516' title='bbox 1046 4081 1210 4136; x_wconf 81' lang='grc' dir='ltr'>αὑτὸν</span> <span class='ocrx_word' id='word_1_517' title='bbox 1233 4081 1290 4135; x_wconf 85' lang='grc' dir='ltr'><strong>δέ</strong></span> <span class='ocrx_word' id='word_1_518' title='bbox 1306 4082 1399 4137; x_wconf 81' lang='grc' dir='ltr'><strong>τὸν</strong></span> <span class='ocrx_word' id='word_1_519' title='bbox 1414 4080 1827 4154; x_wconf 79' lang='grc' dir='ltr'>χρηματίζοντα</span> 
     </span>
    </p>
   </div>
   <div class='ocr_carea' id='block_1_71' title="bbox 227 4172 1826 4248">
    <p class='ocr_par' dir='ltr' id='par_1_71' title="bbox 227 4172 1826 4248">
     <span class='ocr_line' id='line_1_71' title="bbox 227 4172 1826 4248; baseline -0.001 -20"><span class='ocrx_word' id='word_1_520' title='bbox 227 4174 357 4228; x_wconf 81' lang='grc' dir='ltr'>λαὸν</span> <span class='ocrx_word' id='word_1_521' title='bbox 387 4174 483 4227; x_wconf 87' lang='grc' dir='ltr'><strong>τοῦ</strong></span> <span class='ocrx_word' id='word_1_522' title='bbox 514 4172 676 4239; x_wconf 87' lang='grc' dir='ltr'>Θεοῦ,</span> <span class='ocrx_word' id='word_1_523' title='bbox 704 4172 833 4227; x_wconf 77' lang='grc' dir='ltr'>λαὸν</span> <span class='ocrx_word' id='word_1_524' title='bbox 866 4173 1150 4248; x_wconf 70' lang='grc' dir='ltr'>Γομόρρας</span> <span class='ocrx_word' id='word_1_525' title='bbox 1177 4173 1487 4238; x_wconf 78' lang='grc' dir='ltr'>ἀποκαλῶν,</span> <span class='ocrx_word' id='word_1_526' title='bbox 1514 4173 1587 4237; x_wconf 84' lang='grc' dir='ltr'>ὡς</span> <span class='ocrx_word' id='word_1_527' title='bbox 1607 4174 1696 4227; x_wconf 83' lang='grc' dir='ltr'>διὰ</span> <span class='ocrx_word' id='word_1_528' title='bbox 1716 4173 1826 4228; x_wconf 87' lang='grc' dir='ltr'><strong>τῶν</strong></span> 
     </span>
    </p>
   </div>
   <div class='ocr_carea' id='block_1_72' title="bbox 229 4265 1827 4338">
    <p class='ocr_par' dir='ltr' id='par_1_72' title="bbox 229 4265 1827 4338">
     <span class='ocr_line' id='line_1_72' title="bbox 229 4265 1827 4338; baseline 0.001 -20"><span class='ocrx_word' id='word_1_529' title='bbox 229 4266 364 4320; x_wconf 85' lang='grc' dir='ltr'>ίσων</span> <span class='ocrx_word' id='word_1_530' title='bbox 401 4266 858 4336; x_wconf 85' lang='grc' dir='ltr'>ἐπιτηδευμάτων</span> <span class='ocrx_word' id='word_1_531' title='bbox 897 4268 1011 4330; x_wconf 84' lang='grc' dir='ltr'>τοῖς</span> <span class='ocrx_word' id='word_1_532' title='bbox 1051 4265 1222 4321; x_wconf 87' lang='grc' dir='ltr'>πάλαι</span> <span class='ocrx_word' id='word_1_533' title='bbox 1262 4266 1600 4338; x_wconf 87' lang='grc' dir='ltr'>ἀσεϐήσασιν</span> <span class='ocrx_word' id='word_1_534' title='bbox 1628 4268 1827 4338; x_wconf 85' lang='grc' dir='ltr'>ὁμοιω-</span> 
     </span>
    </p>
   </div>
   <div class='ocr_carea' id='block_1_73' title="bbox 227 4354 1826 4429">
    <p class='ocr_par' dir='ltr' id='par_1_73' title="bbox 227 4354 1826 4429">
     <span class='ocr_line' id='line_1_73' title="bbox 227 4354 1826 4429; baseline 0.001 -19"><span class='ocrx_word' id='word_1_535' title='bbox 227 4355 421 4410; x_wconf 68' lang='grc' dir='ltr'>θέντα·</span> <span class='ocrx_word' id='word_1_536' title='bbox 466 4355 717 4427; x_wconf 88' lang='grc' dir='ltr'>Σοδόμων</span> <span class='ocrx_word' id='word_1_537' title='bbox 764 4354 991 4427; x_wconf 75' lang='grc' dir='ltr'>ἄρχουσι</span> <span class='ocrx_word' id='word_1_538' title='bbox 1040 4356 1135 4410; x_wconf 81' lang='grc' dir='ltr'><strong>καὶ</strong></span> <span class='ocrx_word' id='word_1_539' title='bbox 1178 4356 1465 4429; x_wconf 89' lang='grc' dir='ltr'>Γόμόρρας</span> <span class='ocrx_word' id='word_1_540' title='bbox 1498 4356 1615 4428; x_wconf 87' lang='grc' dir='ltr'>λαῷ</span> <span class='ocrx_word' id='word_1_541' title='bbox 1644 4374 1826 4429; x_wconf 88' lang='grc' dir='ltr'>παρα-</span> 
     </span>
    </p>
   </div>
   <div class='ocr_carea' id='block_1_74' title="bbox 225 4446 1825 4519">
    <p class='ocr_par' dir='ltr' id='par_1_74' title="bbox 225 4446 1825 4519">
     <span class='ocr_line' id='line_1_74' title="bbox 225 4446 1825 4519; baseline 0.001 -17"><span class='ocrx_word' id='word_1_542' title='bbox 225 4447 415 4502; x_wconf 81' lang='grc' dir='ltr'>ϐάλλει</span> <span class='ocrx_word' id='word_1_543' title='bbox 436 4448 657 4513; x_wconf 80' lang='grc' dir='ltr'>αὐτοὺς,</span> <span class='ocrx_word' id='word_1_544' title='bbox 678 4446 769 4502; x_wconf 86' lang='grc' dir='ltr'><strong>διά</strong></span> <span class='ocrx_word' id='word_1_545' title='bbox 786 4447 886 4519; x_wconf 82' lang='grc' dir='ltr'>τὴν</span> <span class='ocrx_word' id='word_1_546' title='bbox 906 4447 1207 4519; x_wconf 81' lang='grc' dir='ltr'>μέλλουσαν</span> <span class='ocrx_word' id='word_1_547' title='bbox 1226 4449 1411 4513; x_wconf 77' lang='grc' dir='ltr'>αὐτοῖς</span> <span class='ocrx_word' id='word_1_548' title='bbox 1435 4448 1825 4503; x_wconf 81' lang='grc' dir='ltr'>ἐπελεύσεσθαι</span> 
     </span>
    </p>
   </div>
   <div class='ocr_carea' id='block_1_75' title="bbox 1925 3335 3517 3409">
    <p class='ocr_par' dir='ltr' id='par_1_75' title="bbox 1925 3335 3517 3409">
     <span class='ocr_line' id='line_1_75' title="bbox 1925 3335 3517 3409; baseline 0.004 -18"><span class='ocrx_word' id='word_1_549' title='bbox 1925 3337 2135 3408; x_wconf 81' lang='lat' dir='ltr'><strong>quisset</strong></span> <span class='ocrx_word' id='word_1_550' title='bbox 2166 3335 2333 3395; x_wconf 76' lang='lat' dir='ltr'><strong>nobis</strong></span> <span class='ocrx_word' id='word_1_551' title='bbox 2377 3352 2566 3393; x_wconf 90' lang='lat' dir='ltr'><strong>semen</strong></span> <span class='ocrx_word' id='word_1_552' title='bbox 2591 3379 2608 3404; x_wconf 91' lang='lat'><strong>,</strong></span> <span class='ocrx_word' id='word_1_553' title='bbox 2643 3339 2803 3409; x_wconf 83' lang='lat' dir='ltr'><strong>quasi</strong></span> <span class='ocrx_word' id='word_1_554' title='bbox 2845 3337 3084 3395; x_wconf 86' lang='lat' dir='ltr'><strong>Sodoma</strong></span> <span class='ocrx_word' id='word_1_555' title='bbox 3117 3339 3433 3407; x_wconf 81' lang='lat' dir='ltr'><strong>fuissemus,</strong></span> <span class='ocrx_word' id='word_1_556' title='bbox 3460 3352 3517 3399; x_wconf 90' lang='lat' dir='ltr'><strong>et</strong></span> 
     </span>
    </p>
   </div>
   <div class='ocr_carea' id='block_1_76' title="bbox 1924 3428 3514 3500">
    <p class='ocr_par' dir='ltr' id='par_1_76' title="bbox 1924 3428 3514 3500">
     <span class='ocr_line' id='line_1_76' title="bbox 1924 3428 3514 3500; baseline 0.001 -13"><span class='ocrx_word' id='word_1_557' title='bbox 1924 3430 2247 3487; x_wconf 63' lang='lat' dir='ltr'><strong>Gomorrbm</strong></span> <span class='ocrx_word' id='word_1_558' title='bbox 2274 3428 2483 3486; x_wconf 84' lang='lat' dir='ltr'><strong>similes</strong></span> <span class='ocrx_word' id='word_1_559' title='bbox 2506 3443 2772 3487; x_wconf 82' lang='lat' dir='ltr'><strong>essemus.</strong></span> <span class='ocrx_word' id='word_1_560' title='bbox 2800 3431 3004 3486; x_wconf 81' lang='lat' dir='ltr'><strong>Audite</strong></span> <span class='ocrx_word' id='word_1_561' title='bbox 3027 3432 3250 3486; x_wconf 90' lang='lat' dir='ltr'><strong>verbum</strong></span> <span class='ocrx_word' id='word_1_562' title='bbox 3271 3432 3514 3500; x_wconf 86' lang='lat' dir='ltr'><strong>Domini,</strong></span> 
     </span>
    </p>
   </div>
   <div class='ocr_carea' id='block_1_77' title="bbox 1925 3519 3505 3595">
    <p class='ocr_par' dir='ltr' id='par_1_77' title="bbox 1925 3519 3505 3595">
     <span class='ocr_line' id='line_1_77' title="bbox 1925 3519 3505 3595; baseline 0.001 -18"><span class='ocrx_word' id='word_1_563' title='bbox 1925 3522 2201 3595; x_wconf 88' lang='lat' dir='ltr'><strong>principes</strong></span> <span class='ocrx_word' id='word_1_564' title='bbox 2226 3519 2621 3587; x_wconf 89' lang='lat' dir='ltr'><strong>Sodomorum,</strong></span> <span class='ocrx_word' id='word_1_565' title='bbox 2654 3521 2919 3577; x_wconf 86' lang='lat' dir='ltr'><strong>attendite</strong></span> <span class='ocrx_word' id='word_1_566' title='bbox 2954 3522 3059 3592; x_wconf 81' lang='lat' dir='ltr'><strong>legi</strong></span> <span class='ocrx_word' id='word_1_567' title='bbox 3106 3522 3224 3586; x_wconf 85' lang='lat' dir='ltr'><strong>Dei,</strong></span> <span class='ocrx_word' id='word_1_568' title='bbox 3270 3524 3505 3593; x_wconf 81' lang='lat' dir='ltr'><strong>populus</strong></span> 
     </span>
    </p>
   </div>
   <div class='ocr_carea' id='block_1_78' title="bbox 1926 3612 3516 3684">
    <p class='ocr_par' dir='ltr' id='par_1_78' title="bbox 1926 3612 3516 3684">
     <span class='ocr_line' id='line_1_78' title="bbox 1926 3612 3516 3684; baseline 0.001 -15"><span class='ocrx_word' id='word_1_569' title='bbox 1926 3612 2313 3670; x_wconf 66' lang='lat' dir='ltr'><strong>Gomorrhaa.»</strong></span> <span class='ocrx_word' id='word_1_570' title='bbox 2376 3612 2511 3679; x_wconf 77' lang='lat' dir='ltr'><strong>Quia</strong></span> <span class='ocrx_word' id='word_1_571' title='bbox 2546 3612 2615 3667; x_wconf 92' lang='lat' dir='ltr'><strong>de</strong></span> <span class='ocrx_word' id='word_1_572' title='bbox 2663 3620 2880 3682; x_wconf 86' lang='lat' dir='ltr'><strong>patrum</strong></span> <span class='ocrx_word' id='word_1_573' title='bbox 2934 3613 3139 3683; x_wconf 81' lang='lat' dir='ltr'><strong>virtute</strong></span> <span class='ocrx_word' id='word_1_574' title='bbox 3193 3613 3516 3684; x_wconf 75' lang='lat' dir='ltr'><strong>gloriantes,</strong></span> 
     </span>
    </p>
   </div>
   <div class='ocr_carea' id='block_1_79' title="bbox 1929 3703 3639 3776">
    <p class='ocr_par' dir='ltr' id='par_1_79' title="bbox 1929 3703 3639 3776">
     <span class='ocr_line' id='line_1_79' title="bbox 1929 3703 3639 3776; baseline -0.001 -16"><span class='ocrx_word' id='word_1_575' title='bbox 1929 3718 2190 3775; x_wconf 86' lang='lat' dir='ltr'><strong>magnum</strong></span> <span class='ocrx_word' id='word_1_576' title='bbox 2239 3703 2546 3774; x_wconf 90' lang='lat' dir='ltr'><strong>sapiebaut,</strong></span> <span class='ocrx_word' id='word_1_577' title='bbox 2594 3710 2783 3773; x_wconf 90' lang='lat' dir='ltr'><strong>utpote</strong></span> <span class='ocrx_word' id='word_1_578' title='bbox 2816 3705 2908 3776; x_wconf 92' lang='lat' dir='ltr'><strong>qui</strong></span> <span class='ocrx_word' id='word_1_579' title='bbox 2947 3705 3183 3760; x_wconf 85' lang='lat' dir='ltr'><strong>Abrahae</strong></span> <span class='ocrx_word' id='word_1_580' title='bbox 3229 3719 3415 3759; x_wconf 89' lang='lat' dir='ltr'><strong>semen</strong></span> <span class='ocrx_word' id='word_1_581' title='bbox 3460 3714 3517 3761; x_wconf 90' lang='lat' dir='ltr'><strong>et</strong></span> <span class='ocrx_word' id='word_1_582' title='bbox 3634 3746 3639 3749; x_wconf 83' lang='grc'><strong>-</strong></span> 
     </span>
    </p>
   </div>
   <div class='ocr_carea' id='block_1_80' title="bbox 1928 3796 3518 3868">
    <p class='ocr_par' dir='ltr' id='par_1_80' title="bbox 1928 3796 3518 3868">
     <span class='ocr_line' id='line_1_80' title="bbox 1928 3796 3518 3868; baseline 0 -15"><span class='ocrx_word' id='word_1_583' title='bbox 1928 3796 2150 3853; x_wconf 88' lang='lat' dir='ltr'><strong>lsraelis</strong></span> <span class='ocrx_word' id='word_1_584' title='bbox 2194 3804 2425 3865; x_wconf 90' lang='lat' dir='ltr'><strong>nepotes</strong></span> <span class='ocrx_word' id='word_1_585' title='bbox 2472 3804 2660 3851; x_wconf 88' lang='lat' dir='ltr'><strong>essent</strong></span> <span class='ocrx_word' id='word_1_586' title='bbox 2687 3837 2703 3862; x_wconf 96' lang='lat'><strong>,</strong></span> <span class='ocrx_word' id='word_1_587' title='bbox 2742 3796 2959 3852; x_wconf 90' lang='lat' dir='ltr'><strong>illorum</strong></span> <span class='ocrx_word' id='word_1_588' title='bbox 2996 3798 3362 3867; x_wconf 78' lang='lat' dir='ltr'><strong>arrogantiam</strong></span> <span class='ocrx_word' id='word_1_589' title='bbox 3393 3798 3518 3868; x_wconf 89' lang='lat' dir='ltr'><strong>jure</strong></span> 
     </span>
    </p>
   </div>
   <div class='ocr_carea' id='block_1_81' title="bbox 1929 3888 3519 3958">
    <p class='ocr_par' dir='ltr' id='par_1_81' title="bbox 1929 3888 3519 3958">
     <span class='ocr_line' id='line_1_81' title="bbox 1929 3888 3519 3958; baseline -0.001 -13"><span class='ocrx_word' id='word_1_590' title='bbox 1929 3888 2207 3958; x_wconf 88' lang='lat' dir='ltr'><strong>deprimit,</strong></span> <span class='ocrx_word' id='word_1_591' title='bbox 2261 3902 2570 3957; x_wconf 89' lang='lat' dir='ltr'><strong>vanamque</strong></span> <span class='ocrx_word' id='word_1_592' title='bbox 2614 3902 2807 3942; x_wconf 90' lang='lat' dir='ltr'><strong>eorum</strong></span> <span class='ocrx_word' id='word_1_593' title='bbox 2863 3888 3178 3957; x_wconf 91' lang='lat' dir='ltr'><strong>opinionem</strong></span> <span class='ocrx_word' id='word_1_594' title='bbox 3228 3890 3295 3944; x_wconf 88' lang='lat' dir='ltr'><strong>de</strong></span> <span class='ocrx_word' id='word_1_595' title='bbox 3338 3890 3519 3943; x_wconf 89' lang='lat' dir='ltr'><strong>medio</strong></span> 
     </span>
    </p>
   </div>
   <div class='ocr_carea' id='block_1_82' title="bbox 1931 3979 3521 4052">
    <p class='ocr_par' dir='ltr' id='par_1_82' title="bbox 1931 3979 3521 4052">
     <span class='ocr_line' id='line_1_82' title="bbox 1931 3979 3521 4052; baseline 0.001 -17"><span class='ocrx_word' id='word_1_596' title='bbox 1931 3981 2092 4048; x_wconf 90' lang='lat' dir='ltr'><strong>tollit,</strong></span> <span class='ocrx_word' id='word_1_597' title='bbox 2127 3980 2254 4035; x_wconf 91' lang='lat' dir='ltr'><strong>dum</strong></span> <span class='ocrx_word' id='word_1_598' title='bbox 2280 3979 2531 4050; x_wconf 63' lang='lat' dir='ltr'><strong>praclari</strong></span> <span class='ocrx_word' id='word_1_599' title='bbox 2558 3979 2709 4036; x_wconf 92' lang='lat' dir='ltr'><strong>illius</strong></span> <span class='ocrx_word' id='word_1_600' title='bbox 2744 3979 2964 4037; x_wconf 86' lang='lat' dir='ltr'><strong>lsraelis</strong></span> <span class='ocrx_word' id='word_1_601' title='bbox 3009 3982 3299 4052; x_wconf 87' lang='lat' dir='ltr'><strong>principes,</strong></span> <span class='ocrx_word' id='word_1_602' title='bbox 3346 3980 3521 4038; x_wconf 67' lang='lat' dir='ltr'><strong>Sodo»</strong></span> 
     </span>
    </p>
   </div>
   <div class='ocr_carea' id='block_1_83' title="bbox 1929 4071 3518 4141">
    <p class='ocr_par' dir='ltr' id='par_1_83' title="bbox 1929 4071 3518 4141">
     <span class='ocr_line' id='line_1_83' title="bbox 1929 4071 3518 4141; baseline -0.001 -14"><span class='ocrx_word' id='word_1_603' title='bbox 1929 4085 2142 4127; x_wconf 91' lang='lat' dir='ltr'><strong>morum</strong></span> <span class='ocrx_word' id='word_1_604' title='bbox 2184 4072 2465 4141; x_wconf 78' lang='lat' dir='ltr'><strong>principes</strong></span> <span class='ocrx_word' id='word_1_605' title='bbox 2494 4078 2798 4139; x_wconf 87' lang='lat' dir='ltr'><strong>nuncupat,</strong></span> <span class='ocrx_word' id='word_1_606' title='bbox 2839 4080 2894 4125; x_wconf 92' lang='lat' dir='ltr'><strong>et</strong></span> <span class='ocrx_word' id='word_1_607' title='bbox 2924 4071 3182 4141; x_wconf 88' lang='lat' dir='ltr'><strong>populum</strong></span> <span class='ocrx_word' id='word_1_608' title='bbox 3212 4071 3361 4125; x_wconf 89' lang='lat' dir='ltr'><strong>illum</strong></span> <span class='ocrx_word' id='word_1_609' title='bbox 3400 4072 3518 4141; x_wconf 77' lang='lat' dir='ltr'><strong>Dei,</strong></span> 
     </span>
    </p>
   </div>
   <div class='ocr_carea' id='block_1_84' title="bbox 1927 4161 3519 4237">
    <p class='ocr_par' dir='ltr' id='par_1_84' title="bbox 1927 4161 3519 4237">
     <span class='ocr_line' id='line_1_84' title="bbox 1927 4161 3519 4237; baseline -0.003 -16"><span class='ocrx_word' id='word_1_610' title='bbox 1927 4164 2189 4237; x_wconf 90' lang='lat' dir='ltr'><strong>populum</strong></span> <span class='ocrx_word' id='word_1_611' title='bbox 2239 4161 2559 4218; x_wconf 72' lang='lat' dir='ltr'><strong>Gomorrba:</strong></span> <span class='ocrx_word' id='word_1_612' title='bbox 2616 4172 2819 4229; x_wconf 87' lang='lat' dir='ltr'><strong>vocat;</strong></span> <span class='ocrx_word' id='word_1_613' title='bbox 2875 4172 3063 4234; x_wconf 89' lang='lat' dir='ltr'><strong>utpote</strong></span> <span class='ocrx_word' id='word_1_614' title='bbox 3119 4163 3210 4233; x_wconf 91' lang='lat' dir='ltr'><strong>qui</strong></span> <span class='ocrx_word' id='word_1_615' title='bbox 3251 4165 3321 4219; x_wconf 90' lang='lat' dir='ltr'><strong>ob</strong></span> <span class='ocrx_word' id='word_1_616' title='bbox 3366 4166 3519 4234; x_wconf 88' lang='lat' dir='ltr'><strong>paria</strong></span> 
     </span>
    </p>
   </div>
   <div class='ocr_carea' id='block_1_85' title="bbox 1929 4254 3522 4324">
    <p class='ocr_par' dir='ltr' id='par_1_85' title="bbox 1929 4254 3522 4324">
     <span class='ocr_line' id='line_1_85' title="bbox 1929 4254 3522 4324; baseline -0.001 -11"><span class='ocrx_word' id='word_1_617' title='bbox 1929 4256 2113 4313; x_wconf 87' lang='lat' dir='ltr'><strong>studia</strong></span> <span class='ocrx_word' id='word_1_618' title='bbox 2147 4255 2255 4311; x_wconf 89' lang='lat' dir='ltr'><strong>illis</strong></span> <span class='ocrx_word' id='word_1_619' title='bbox 2286 4255 2414 4310; x_wconf 90' lang='lat' dir='ltr'><strong>olim</strong></span> <span class='ocrx_word' id='word_1_620' title='bbox 2446 4254 2631 4324; x_wconf 88' lang='lat' dir='ltr'><strong>impiis</strong></span> <span class='ocrx_word' id='word_1_621' title='bbox 2674 4254 2873 4311; x_wconf 88' lang='lat' dir='ltr'><strong>similis</strong></span> <span class='ocrx_word' id='word_1_622' title='bbox 2904 4254 3145 4311; x_wconf 87' lang='lat' dir='ltr'><strong>evaserit</strong></span> <span class='ocrx_word' id='word_1_623' title='bbox 3179 4274 3192 4310; x_wconf 91' lang='lat'><strong>:</strong></span> <span class='ocrx_word' id='word_1_624' title='bbox 3228 4258 3347 4311; x_wconf 86' lang='lat' dir='ltr'><strong>sive</strong></span> <span class='ocrx_word' id='word_1_625' title='bbox 3397 4256 3522 4311; x_wconf 87' lang='lat' dir='ltr'><strong>illos</strong></span> 
     </span>
    </p>
   </div>
   <div class='ocr_carea' id='block_1_86' title="bbox 1926 4346 3520 4420">
    <p class='ocr_par' dir='ltr' id='par_1_86' title="bbox 1926 4346 3520 4420">
     <span class='ocr_line' id='line_1_86' title="bbox 1926 4346 3520 4420; baseline -0.001 -15"><span class='ocrx_word' id='word_1_626' title='bbox 1926 4349 2281 4420; x_wconf 86' lang='lat' dir='ltr'><strong>principibus</strong></span> <span class='ocrx_word' id='word_1_627' title='bbox 2330 4348 2697 4404; x_wconf 89' lang='lat' dir='ltr'><strong>Sodomorum</strong></span> <span class='ocrx_word' id='word_1_628' title='bbox 2744 4357 2800 4402; x_wconf 89' lang='lat' dir='ltr'><strong>et</strong></span> <span class='ocrx_word' id='word_1_629' title='bbox 2838 4346 3165 4403; x_wconf 67' lang='lat' dir='ltr'><strong>Gomorrhae</strong></span> <span class='ocrx_word' id='word_1_630' title='bbox 3214 4359 3520 4420; x_wconf 84' lang='lat' dir='ltr'><strong>comparat,</strong></span> 
     </span>
    </p>
   </div>
   <div class='ocr_carea' id='block_1_87' title="bbox 1928 4437 3519 4509">
    <p class='ocr_par' dir='ltr' id='par_1_87' title="bbox 1928 4437 3519 4509">
     <span class='ocr_line' id='line_1_87' title="bbox 1928 4437 3519 4509; baseline -0.003 -11"><span class='ocrx_word' id='word_1_631' title='bbox 1928 4443 1996 4498; x_wconf 90' lang='lat' dir='ltr'><strong>ob</strong></span> <span class='ocrx_word' id='word_1_632' title='bbox 2023 4452 2310 4496; x_wconf 90' lang='lat' dir='ltr'><strong>venturum</strong></span> <span class='ocrx_word' id='word_1_633' title='bbox 2343 4438 2451 4494; x_wconf 86' lang='lat' dir='ltr'><strong>illis</strong></span> <span class='ocrx_word' id='word_1_634' title='bbox 2481 4438 2795 4506; x_wconf 77' lang='lat' dir='ltr'><strong>excidium;</strong></span> <span class='ocrx_word' id='word_1_635' title='bbox 2843 4447 2906 4494; x_wconf 80' lang='lat' dir='ltr'><strong>ut</strong></span> <span class='ocrx_word' id='word_1_636' title='bbox 2938 4439 3137 4494; x_wconf 84' lang='lat' dir='ltr'><strong>accidit</strong></span> <span class='ocrx_word' id='word_1_637' title='bbox 3169 4440 3384 4509; x_wconf 88' lang='lat' dir='ltr'><strong>populis</strong></span> <span class='ocrx_word' id='word_1_638' title='bbox 3414 4437 3519 4494; x_wconf 83' lang='lat' dir='ltr'><strong>So-</strong></span> 
     </span>
    </p>
   </div>
   <div class='ocr_carea' id='block_1_88' title="bbox 228 4528 1819 4636">
    <p class='ocr_par' dir='ltr' id='par_1_88' title="bbox 228 4540 1819 4615">
     <span class='ocr_line' id='line_1_88' title="bbox 228 4540 1819 4615; baseline 0 -18"><span class='ocrx_word' id='word_1_639' title='bbox 228 4542 622 4612; x_wconf 78' lang='grc' dir='ltr'>καταστροφήν</span> <span class='ocrx_word' id='word_1_640' title='bbox 641 4558 655 4572; x_wconf 97' lang='grc'><strong>·</strong></span> <span class='ocrx_word' id='word_1_641' title='bbox 691 4540 769 4607; x_wconf 82' lang='grc' dir='ltr'>ὡς</span> <span class='ocrx_word' id='word_1_642' title='bbox 797 4545 913 4607; x_wconf 80' lang='grc' dir='ltr'>τοῖς</span> <span class='ocrx_word' id='word_1_643' title='bbox 933 4541 1235 4614; x_wconf 75' lang='grc' dir='ltr'>τάιΣόδομα</span> <span class='ocrx_word' id='word_1_644' title='bbox 1258 4542 1354 4597; x_wconf 73' lang='grc' dir='ltr'>καὶ</span> <span class='ocrx_word' id='word_1_645' title='bbox 1382 4542 1639 4615; x_wconf 87' lang='grc' dir='ltr'>Γόμορρα</span> <span class='ocrx_word' id='word_1_646' title='bbox 1670 4544 1819 4615; x_wconf 83' lang='grc' dir='ltr'><strong>οίκή¹</strong></span> 
     </span>
    </p>
   </div>
   <div class='ocr_carea' id='block_1_89' title="bbox 1924 4528 3516 4636">
    <p class='ocr_par' dir='ltr' id='par_1_89' title="bbox 1931 4528 3516 4601">
     <span class='ocr_line' id='line_1_89' title="bbox 1931 4528 3516 4601; baseline -0.003 -12"><span class='ocrx_word' id='word_1_647' title='bbox 1931 4534 2093 4590; x_wconf 89' lang='lat' dir='ltr'><strong>doma</strong></span> <span class='ocrx_word' id='word_1_648' title='bbox 2141 4542 2197 4587; x_wconf 93' lang='lat' dir='ltr'><strong>et</strong></span> <span class='ocrx_word' id='word_1_649' title='bbox 2254 4530 2624 4587; x_wconf 87' lang='lat' dir='ltr'><strong>Gomorrbam</strong></span> <span class='ocrx_word' id='word_1_650' title='bbox 2668 4528 3037 4586; x_wconf 88' lang='lat' dir='ltr'><strong>incolentibus</strong></span> <span class='ocrx_word' id='word_1_651' title='bbox 3064 4571 3079 4594; x_wconf 88' lang='lat'><strong>,</strong></span> <span class='ocrx_word' id='word_1_652' title='bbox 3123 4530 3219 4601; x_wconf 91' lang='lat' dir='ltr'><strong>qui</strong></span> <span class='ocrx_word' id='word_1_653' title='bbox 3268 4531 3516 4586; x_wconf 92' lang='lat' dir='ltr'><strong>omnium</strong></span> 
     </span>
    </p>
   </div>
   <div class='ocr_carea' id='block_1_90' title="bbox 230 4632 1826 4706">
    <p class='ocr_par' dir='ltr' id='par_1_90' title="bbox 230 4632 1826 4706">
     <span class='ocr_line' id='line_1_90' title="bbox 230 4632 1826 4706; baseline 0.001 -19"><span class='ocrx_word' id='word_1_654' title='bbox 230 4649 394 4687; x_wconf 89' lang='grc' dir='ltr'>σασιν</span> <span class='ocrx_word' id='word_1_655' title='bbox 447 4632 677 4705; x_wconf 87' lang='grc' dir='ltr'>ἀνδράσι</span> <span class='ocrx_word' id='word_1_656' title='bbox 704 4634 924 4689; x_wconf 82' lang='grc' dir='ltr'>πάντων</span> <span class='ocrx_word' id='word_1_657' title='bbox 958 4633 1262 4705; x_wconf 84' lang='grc' dir='ltr'>ἀνθρώπων</span> <span class='ocrx_word' id='word_1_658' title='bbox 1297 4634 1683 4699; x_wconf 86' lang='grc' dir='ltr'>ἀσεϐεστάτοις</span> <span class='ocrx_word' id='word_1_659' title='bbox 1730 4652 1826 4706; x_wconf 86' lang='grc' dir='ltr'>γε-</span> 
     </span>
    </p>
   </div>
   <div class='ocr_carea' id='block_1_91' title="bbox 228 4725 965 4797">
    <p class='ocr_par' dir='ltr' id='par_1_91' title="bbox 228 4725 965 4797">
     <span class='ocr_line' id='line_1_91' title="bbox 228 4725 965 4797; baseline 0.001 -18"><span class='ocrx_word' id='word_1_660' title='bbox 228 4725 419 4781; x_wconf 73' lang='grc' dir='ltr'>νέσθαι</span> <span class='ocrx_word' id='word_1_661' title='bbox 446 4743 555 4797; x_wconf 89' lang='grc' dir='ltr'><strong>μνη</strong></span> <span class='ocrx_word' id='word_1_662' title='bbox 562 4725 965 4796; x_wconf 83' lang='grc' dir='ltr'>μονευομένοις.</span> 
     </span>
    </p>
   </div>
   <div class='ocr_carea' id='block_1_92' title="bbox 303 4817 1820 4891">
    <p class='ocr_par' dir='ltr' id='par_1_92' title="bbox 303 4817 1820 4891">
     <span class='ocr_line' id='line_1_92' title="bbox 303 4817 1820 4891; baseline 0.003 -22"><span class='ocrx_word' id='word_1_663' title='bbox 303 4837 323 4869; x_wconf 78' lang='lat' dir='ltr'><strong>r</strong></span> <span class='ocrx_word' id='word_1_664' title='bbox 358 4818 425 4871; x_wconf 89' lang='grc' dir='ltr'>Τί</span> <span class='ocrx_word' id='word_1_665' title='bbox 462 4834 552 4888; x_wconf 75' lang='grc' dir='ltr'><strong>μοι</strong></span> <span class='ocrx_word' id='word_1_666' title='bbox 590 4817 791 4889; x_wconf 85' lang='grc' dir='ltr'>πλῆθος</span> <span class='ocrx_word' id='word_1_667' title='bbox 810 4818 919 4872; x_wconf 90' lang='grc' dir='ltr'><strong>τῶν</strong></span> <span class='ocrx_word' id='word_1_668' title='bbox 942 4818 1143 4873; x_wconf 87' lang='grc' dir='ltr'>θυσιῶν</span> <span class='ocrx_word' id='word_1_669' title='bbox 1187 4817 1362 4891; x_wconf 85' lang='grc' dir='ltr'>ὑμῶν,</span> <span class='ocrx_word' id='word_1_670' title='bbox 1395 4818 1545 4888; x_wconf 82' lang='grc' dir='ltr'>λέγει</span> <span class='ocrx_word' id='word_1_671' title='bbox 1573 4818 1820 4889; x_wconf 80' lang='grc' dir='ltr'>Κύριος;</span> 
     </span>
    </p>
   </div>
   <div class='ocr_carea' id='block_1_93' title="bbox 229 4907 1823 4983">
    <p class='ocr_par' dir='ltr' id='par_1_93' title="bbox 229 4907 1823 4983">
     <span class='ocr_line' id='line_1_93' title="bbox 229 4907 1823 4983; baseline 0.003 -22"><span class='ocrx_word' id='word_1_672' title='bbox 229 4907 459 4981; x_wconf 84' lang='grc' dir='ltr'>Πλήρης</span> <span class='ocrx_word' id='word_1_673' title='bbox 518 4909 637 4979; x_wconf 80' lang='grc' dir='ltr'>είμὶ</span> <span class='ocrx_word' id='word_1_674' title='bbox 701 4909 1169 4982; x_wconf 81' lang='grc' dir='ltr'>ὁλοκαυτωμάτων</span> <span class='ocrx_word' id='word_1_675' title='bbox 1225 4910 1396 4982; x_wconf 90' lang='grc' dir='ltr'>κριῶν</span> <span class='ocrx_word' id='word_1_676' title='bbox 1432 4929 1444 4941; x_wconf 91' lang='grc'><strong>·</strong></span> <span class='ocrx_word' id='word_1_677' title='bbox 1502 4913 1599 4965; x_wconf 80' lang='grc' dir='ltr'>καὶ</span> <span class='ocrx_word' id='word_1_678' title='bbox 1655 4910 1823 4983; x_wconf 79' lang='grc' dir='ltr'>στέαρ</span> 
     </span>
    </p>
   </div>
   <div class='ocr_carea' id='block_1_94' title="bbox 225 4996 1822 5074">
    <p class='ocr_par' dir='ltr' id='par_1_94' title="bbox 225 4996 1822 5074">
     <span class='ocr_line' id='line_1_94' title="bbox 225 4996 1822 5074; baseline -0.001 -17"><span class='ocrx_word' id='word_1_679' title='bbox 225 5001 435 5073; x_wconf 81' lang='grc' dir='ltr'>ἀρνῶν,</span> <span class='ocrx_word' id='word_1_680' title='bbox 472 5004 568 5055; x_wconf 79' lang='grc' dir='ltr'><strong>καὶ</strong></span> <span class='ocrx_word' id='word_1_681' title='bbox 609 4996 749 5073; x_wconf 74' lang='grc' dir='ltr'>αἷμα</span> <span class='ocrx_word' id='word_1_682' title='bbox 794 5003 1011 5074; x_wconf 84' lang='grc' dir='ltr'>ταύρων</span> <span class='ocrx_word' id='word_1_683' title='bbox 1057 5003 1151 5056; x_wconf 79' lang='grc' dir='ltr'><strong>καὶ</strong></span> <span class='ocrx_word' id='word_1_684' title='bbox 1191 5004 1412 5073; x_wconf 89' lang='grc' dir='ltr'>τράγων</span> <span class='ocrx_word' id='word_1_685' title='bbox 1440 5006 1503 5057; x_wconf 81' lang='grc' dir='ltr'>οὐ</span> <span class='ocrx_word' id='word_1_686' title='bbox 1540 5003 1822 5074; x_wconf 84' lang='grc' dir='ltr'>βούλομαι,</span> 
     </span>
    </p>
   </div>
   <div class='ocr_carea' id='block_1_95' title="bbox 225 5092 1825 5168">
    <p class='ocr_par' dir='ltr' id='par_1_95' title="bbox 225 5092 1825 5168">
     <span class='ocr_line' id='line_1_95' title="bbox 225 5092 1825 5168; baseline 0.001 -22"><span class='ocrx_word' id='word_1_687' title='bbox 225 5092 337 5146; x_wconf 81' lang='grc' dir='ltr'>οὐδ’</span> <span class='ocrx_word' id='word_1_688' title='bbox 370 5092 436 5146; x_wconf 81' lang='grc' dir='ltr'>ἂν</span> <span class='ocrx_word' id='word_1_689' title='bbox 494 5092 729 5165; x_wconf 76' lang='grc' dir='ltr'>ἔρχησθε</span> <span class='ocrx_word' id='word_1_690' title='bbox 784 5094 1022 5166; x_wconf 76' lang='grc' dir='ltr'>ὀφθῆναί.</span> <span class='ocrx_word' id='word_1_691' title='bbox 1058 5111 1168 5166; x_wconf 90' lang='grc' dir='ltr'>μοι.</span> <span class='ocrx_word' id='word_1_692' title='bbox 1229 5096 1328 5159; x_wconf 88' lang='grc' dir='ltr'><strong>Τίς</strong></span> <span class='ocrx_word' id='word_1_693' title='bbox 1366 5095 1475 5168; x_wconf 86' lang='grc' dir='ltr'>γὰρ</span> <span class='ocrx_word' id='word_1_694' title='bbox 1531 5095 1825 5167; x_wconf 79' lang='grc' dir='ltr'>ἐξεζήτησε</span> 
     </span>
    </p>
   </div>
   <div class='ocr_carea' id='block_1_96' title="bbox 225 5182 1827 5259">
    <p class='ocr_par' dir='ltr' id='par_1_96' title="bbox 225 5182 1827 5259">
     <span class='ocr_line' id='line_1_96' title="bbox 225 5182 1827 5259; baseline 0.002 -21"><span class='ocrx_word' id='word_1_695' title='bbox 225 5184 403 5247; x_wconf 79' lang='grc' dir='ltr'>ταῦτα</span> <span class='ocrx_word' id='word_1_696' title='bbox 427 5185 495 5237; x_wconf 88' lang='grc' dir='ltr'><strong>ἐκ</strong></span> <span class='ocrx_word' id='word_1_697' title='bbox 510 5185 619 5238; x_wconf 89' lang='grc' dir='ltr'><strong>τῶν</strong></span> <span class='ocrx_word' id='word_1_698' title='bbox 644 5185 842 5256; x_wconf 89' lang='grc' dir='ltr'>χειρῶν</span> <span class='ocrx_word' id='word_1_699' title='bbox 859 5187 1043 5257; x_wconf 83' lang='grc' dir='ltr'>ὑμῶν;</span> <span class='ocrx_word' id='word_1_700' title='bbox 1075 5206 1095 5239; x_wconf 74' lang='grc' dir='ltr'><strong>ι</strong></span> <span class='ocrx_word' id='word_1_701' title='bbox 1126 5187 1272 5259; x_wconf 79' lang='grc' dir='ltr'>Πρὸς</span> <span class='ocrx_word' id='word_1_702' title='bbox 1302 5182 1394 5241; x_wconf 79' lang='grc' dir='ltr'><strong>οὖν</strong></span> <span class='ocrx_word' id='word_1_703' title='bbox 1416 5188 1543 5251; x_wconf 79' lang='grc' dir='ltr'>τοὺς</span> <span class='ocrx_word' id='word_1_704' title='bbox 1568 5187 1638 5241; x_wconf 86' lang='grc' dir='ltr'>τὰ</span> <span class='ocrx_word' id='word_1_705' title='bbox 1658 5188 1827 5242; x_wconf 88' lang='grc' dir='ltr'>δεινό-</span> 
     </span>
    </p>
   </div>
   <div class='ocr_carea' id='block_1_97' title="bbox 226 5275 1830 5351">
    <p class='ocr_par' dir='ltr' id='par_1_97' title="bbox 226 5275 1830 5351">
     <span class='ocr_line' id='line_1_97' title="bbox 226 5275 1830 5351; baseline 0 -19"><span class='ocrx_word' id='word_1_706' title='bbox 226 5295 368 5332; x_wconf 91' lang='grc' dir='ltr'>τατα</span> <span class='ocrx_word' id='word_1_707' title='bbox 399 5275 545 5331; x_wconf 87' lang='grc' dir='ltr'><strong>κατά</strong></span> <span class='ocrx_word' id='word_1_708' title='bbox 580 5275 674 5330; x_wconf 85' lang='grc' dir='ltr'><strong>τοῦ</strong></span> <span class='ocrx_word' id='word_1_709' title='bbox 715 5277 921 5349; x_wconf 79' lang='grc' dir='ltr'>Κυρίου</span> <span class='ocrx_word' id='word_1_710' title='bbox 952 5279 1370 5351; x_wconf 87' lang='grc' dir='ltr'>τολμήσαντας,-</span> <span class='ocrx_word' id='word_1_711' title='bbox 1394 5279 1606 5342; x_wconf 83' lang='grc' dir='ltr'>θυσίαις</span> <span class='ocrx_word' id='word_1_712' title='bbox 1644 5279 1702 5333; x_wconf 82' lang='grc' dir='ltr'>δὲ</span> <span class='ocrx_word' id='word_1_713' title='bbox 1736 5280 1830 5333; x_wconf 74' lang='grc' dir='ltr'><strong>καὶ</strong></span> 
     </span>
    </p>
   </div>
   <div class='ocr_carea' id='block_1_98' title="bbox 230 5365 1828 5440">
    <p class='ocr_par' dir='ltr' id='par_1_98' title="bbox 230 5365 1828 5440">
     <span class='ocr_line' id='line_1_98' title="bbox 230 5365 1828 5440; baseline 0.002 -20"><span class='ocrx_word' id='word_1_714' title='bbox 230 5367 511 5433; x_wconf 78' lang='grc' dir='ltr'>σπονδαῖς,</span> <span class='ocrx_word' id='word_1_715' title='bbox 534 5367 630 5420; x_wconf 78' lang='grc' dir='ltr'>καὶ</span> <span class='ocrx_word' id='word_1_716' title='bbox 650 5369 773 5430; x_wconf 80' lang='grc' dir='ltr'>ταῖς</span> <span class='ocrx_word' id='word_1_717' title='bbox 800 5365 988 5431; x_wconf 76' lang='grc' dir='ltr'>ἄλλαις</span> <span class='ocrx_word' id='word_1_718' title='bbox 1014 5367 1155 5421; x_wconf 88' lang='grc' dir='ltr'>κατὰ</span> <span class='ocrx_word' id='word_1_719' title='bbox 1171 5369 1263 5421; x_wconf 81' lang='grc' dir='ltr'><strong>τὸν</strong></span> <span class='ocrx_word' id='word_1_720' title='bbox 1290 5369 1454 5439; x_wconf 89' lang='grc' dir='ltr'>νόμον</span> <span class='ocrx_word' id='word_1_721' title='bbox 1484 5373 1828 5440; x_wconf 80' lang='grc' dir='ltr'>σωματικαῖς</span> 
     </span>
    </p>
   </div>
   <div class='ocr_carea' id='block_1_99' title="bbox 227 5453 1826 5530">
    <p class='ocr_par' dir='ltr' id='par_1_99' title="bbox 227 5453 1826 5530">
     <span class='ocr_line' id='line_1_99' title="bbox 227 5453 1826 5530; baseline 0.003 -21"><span class='ocrx_word' id='word_1_722' title='bbox 227 5456 513 5528; x_wconf 84' lang='grc' dir='ltr'>λατρείαις</span> <span class='ocrx_word' id='word_1_723' title='bbox 566 5453 883 5510; x_wconf 69' lang='grc' dir='ltr'>ἱλάσκεσθαι</span> <span class='ocrx_word' id='word_1_724' title='bbox 918 5457 1011 5511; x_wconf 84' lang='grc' dir='ltr'><strong>τὸν</strong></span> <span class='ocrx_word' id='word_1_725' title='bbox 1050 5457 1181 5511; x_wconf 88' lang='grc' dir='ltr'>Θεὸν</span> <span class='ocrx_word' id='word_1_726' title='bbox 1222 5458 1564 5530; x_wconf 77' lang='grc' dir='ltr'>νομίζοντας,</span> <span class='ocrx_word' id='word_1_727' title='bbox 1600 5462 1628 5513; x_wconf 91' lang='lat'><strong>6</strong></span> <span class='ocrx_word' id='word_1_728' title='bbox 1668 5459 1826 5528; x_wconf 87' lang='grc' dir='ltr'>λόγος</span> 
     </span>
    </p>
   </div>
   <div class='ocr_carea' id='block_1_100' title="bbox 228 5549 1823 5625">
    <p class='ocr_par' dir='ltr' id='par_1_100' title="bbox 228 5549 1823 5625">
     <span class='ocr_line' id='line_1_100' title="bbox 228 5549 1823 5625; baseline 0.003 -22"><span class='ocrx_word' id='word_1_729' title='bbox 228 5549 581 5604; x_wconf 72' lang='grc' dir='ltr'>ἀποτείνεται</span> <span class='ocrx_word' id='word_1_730' title='bbox 636 5550 886 5618; x_wconf 82' lang='grc' dir='ltr'>φάσκων,</span> <span class='ocrx_word' id='word_1_731' title='bbox 930 5570 949 5603; x_wconf 79' lang='grc' dir='ltr'><strong>ι</strong></span> <span class='ocrx_word' id='word_1_732' title='bbox 997 5550 1065 5605; x_wconf 90' lang='grc' dir='ltr'>Τί</span> <span class='ocrx_word' id='word_1_733' title='bbox 1122 5570 1214 5624; x_wconf 89' lang='grc' dir='ltr'><strong>μοι</strong></span> <span class='ocrx_word' id='word_1_734' title='bbox 1240 5553 1444 5625; x_wconf 85' lang='grc' dir='ltr'>πλῆθος</span> <span class='ocrx_word' id='word_1_735' title='bbox 1479 5554 1587 5608; x_wconf 91' lang='grc' dir='ltr'><strong>τῶν</strong></span> <span class='ocrx_word' id='word_1_736' title='bbox 1623 5553 1823 5608; x_wconf 84' lang='grc' dir='ltr'>θυσιῶν</span> 
     </span>
    </p>
   </div>
   <div class='ocr_carea' id='block_1_101' title="bbox 228 5640 1301 5716">
    <p class='ocr_par' dir='ltr' id='par_1_101' title="bbox 228 5640 1301 5716">
     <span class='ocr_line' id='line_1_101' title="bbox 228 5640 1301 5716; baseline 0.002 -22"><span class='ocrx_word' id='word_1_737' title='bbox 228 5642 404 5712; x_wconf 80' lang='grc' dir='ltr'>ὑμῶν,</span> <span class='ocrx_word' id='word_1_738' title='bbox 437 5640 587 5709; x_wconf 81' lang='grc' dir='ltr'>λέγει</span> <span class='ocrx_word' id='word_1_739' title='bbox 612 5641 851 5713; x_wconf 79' lang='grc' dir='ltr'>Κύριος;</span> <span class='ocrx_word' id='word_1_740' title='bbox 884 5662 903 5695; x_wconf 76' lang='grc' dir='ltr'><strong>ι</strong></span> <span class='ocrx_word' id='word_1_741' title='bbox 940 5645 1035 5697; x_wconf 77' lang='grc' dir='ltr'>καὶ</span> <span class='ocrx_word' id='word_1_742' title='bbox 1061 5644 1131 5699; x_wconf 86' lang='grc' dir='ltr'>τὰ</span> <span class='ocrx_word' id='word_1_743' title='bbox 1155 5645 1301 5716; x_wconf 78' lang='grc' dir='ltr'>ἑξῆς.</span> 
     </span>
    </p>
   </div>
   <div class='ocr_carea' id='block_1_102' title="bbox 295 5842 1506 5916">
    <p class='ocr_par' dir='ltr' id='par_1_102' title="bbox 295 5842 1506 5916">
     <span class='ocr_line' id='line_1_102' title="bbox 295 5842 1506 5916; baseline 0.005 -17"><span class='ocrx_word' id='word_1_744' title='bbox 295 5844 317 5877; x_wconf 76' lang='grc'><strong><em>⁵</em></strong></span> <span class='ocrx_word' id='word_1_745' title='bbox 349 5842 498 5899; x_wconf 78' lang='lat' dir='ltr'><strong>Psal.</strong></span> <span class='ocrx_word' id='word_1_746' title='bbox 526 5859 737 5909; x_wconf 65' lang='lat' dir='ltr'><strong>sum,</strong></span> <span class='ocrx_word' id='word_1_747' title='bbox 768 5843 859 5902; x_wconf 87' lang='lat'><strong>60.</strong></span> <span class='ocrx_word' id='word_1_748' title='bbox 936 5846 957 5879; x_wconf 88' lang='lat'><strong>&#39;</strong></span> <span class='ocrx_word' id='word_1_749' title='bbox 1002 5845 1192 5906; x_wconf 68' lang='lat' dir='ltr'><strong>Matth.</strong></span> <span class='ocrx_word' id='word_1_750' title='bbox 1222 5863 1381 5916; x_wconf 76' lang='lat' dir='ltr'><strong>xxxii,</strong></span> <span class='ocrx_word' id='word_1_751' title='bbox 1413 5848 1506 5905; x_wconf 82' lang='lat'><strong>38.</strong></span> 
     </span>
    </p>
   </div>
   <div class='ocr_carea' id='block_1_103' title="bbox 1933 4624 3359 4698">
    <p class='ocr_par' dir='ltr' id='par_1_103' title="bbox 1933 4624 3359 4698">
     <span class='ocr_line' id='line_1_103' title="bbox 1933 4624 3359 4698; baseline -0.001 -13"><span class='ocrx_word' id='word_1_752' title='bbox 1933 4630 2217 4685; x_wconf 79' lang='lat' dir='ltr'><strong>hominum</strong></span> <span class='ocrx_word' id='word_1_753' title='bbox 2248 4627 2557 4698; x_wconf 87' lang='lat' dir='ltr'><strong>impiissimi</strong></span> <span class='ocrx_word' id='word_1_754' title='bbox 2584 4626 2716 4682; x_wconf 92' lang='lat' dir='ltr'><strong>olim</strong></span> <span class='ocrx_word' id='word_1_755' title='bbox 2746 4624 2917 4683; x_wconf 81' lang='lat' dir='ltr'><strong>fuisse</strong></span> <span class='ocrx_word' id='word_1_756' title='bbox 2960 4635 3359 4683; x_wconf 88' lang='lat' dir='ltr'><strong>memorantur.</strong></span> 
     </span>
    </p>
   </div>
   <div class='ocr_carea' id='block_1_104' title="bbox 2008 4810 3517 4880">
    <p class='ocr_par' dir='ltr' id='par_1_104' title="bbox 2008 4810 3517 4880">
     <span class='ocr_line' id='line_1_104' title="bbox 2008 4810 3517 4880; baseline -0.002 -11"><span class='ocrx_word' id='word_1_757' title='bbox 2008 4813 2151 4869; x_wconf 76' lang='lat' dir='ltr'><strong>Vsus</strong></span> <span class='ocrx_word' id='word_1_758' title='bbox 2190 4814 2251 4868; x_wconf 78' lang='grc'><strong>11</strong></span> <span class='ocrx_word' id='word_1_759' title='bbox 2282 4854 2297 4880; x_wconf 93' lang='grc'><strong>,</strong></span> <span class='ocrx_word' id='word_1_760' title='bbox 2339 4812 2428 4868; x_wconf 75' lang='grc'><strong>12.</strong></span> <span class='ocrx_word' id='word_1_761' title='bbox 2476 4830 2495 4864; x_wconf 80' lang='grc' dir='ltr'><strong>ι</strong></span> <span class='ocrx_word' id='word_1_762' title='bbox 2524 4811 2662 4877; x_wconf 87' lang='lat' dir='ltr'><strong>Quid</strong></span> <span class='ocrx_word' id='word_1_763' title='bbox 2711 4810 2845 4865; x_wconf 89' lang='lat' dir='ltr'><strong>mihi</strong></span> <span class='ocrx_word' id='word_1_764' title='bbox 2886 4810 3174 4867; x_wconf 87' lang='lat' dir='ltr'><strong>multitudo</strong></span> <span class='ocrx_word' id='word_1_765' title='bbox 3211 4810 3517 4869; x_wconf 78' lang='lat' dir='ltr'><strong>sacriﬁcio-</strong></span> 
     </span>
    </p>
   </div>
   <div class='ocr_carea' id='block_1_105' title="bbox 1931 4904 3525 4973">
    <p class='ocr_par' dir='ltr' id='par_1_105' title="bbox 1931 4904 3525 4973">
     <span class='ocr_line' id='line_1_105' title="bbox 1931 4904 3525 4973; baseline -0.002 -9"><span class='ocrx_word' id='word_1_766' title='bbox 1931 4924 2051 4964; x_wconf 90' lang='lat' dir='ltr'><strong>rum</strong></span> <span class='ocrx_word' id='word_1_767' title='bbox 2077 4915 2407 4973; x_wconf 89' lang='lat' dir='ltr'><strong>vestrorum,</strong></span> <span class='ocrx_word' id='word_1_768' title='bbox 2455 4906 2588 4961; x_wconf 92' lang='lat' dir='ltr'><strong>dicit</strong></span> <span class='ocrx_word' id='word_1_769' title='bbox 2617 4904 2924 4960; x_wconf 75' lang='lat' dir='ltr'><strong>Dominus?</strong></span> <span class='ocrx_word' id='word_1_770' title='bbox 2973 4906 3176 4963; x_wconf 88' lang='lat' dir='ltr'><strong>Plenus</strong></span> <span class='ocrx_word' id='word_1_771' title='bbox 3215 4921 3333 4961; x_wconf 85' lang='lat' dir='ltr'><strong>sum</strong></span> <span class='ocrx_word' id='word_1_772' title='bbox 3369 4905 3525 4961; x_wconf 87' lang='lat' dir='ltr'><strong>holo-</strong></span> 
     </span>
    </p>
   </div>
   <div class='ocr_carea' id='block_1_106' title="bbox 1928 5000 3513 5073">
    <p class='ocr_par' dir='ltr' id='par_1_106' title="bbox 1928 5000 3513 5073">
     <span class='ocr_line' id='line_1_106' title="bbox 1928 5000 3513 5073; baseline -0.003 -16"><span class='ocrx_word' id='word_1_773' title='bbox 1928 5000 2133 5057; x_wconf 89' lang='lat' dir='ltr'><strong>caustis</strong></span> <span class='ocrx_word' id='word_1_774' title='bbox 2156 5002 2390 5055; x_wconf 91' lang='lat' dir='ltr'><strong>arietum</strong></span> <span class='ocrx_word' id='word_1_775' title='bbox 2419 5017 2432 5053; x_wconf 91' lang='lat'><strong>:</strong></span> <span class='ocrx_word' id='word_1_776' title='bbox 2462 5010 2518 5056; x_wconf 91' lang='lat' dir='ltr'><strong>et</strong></span> <span class='ocrx_word' id='word_1_777' title='bbox 2552 5002 2766 5073; x_wconf 81' lang='lat' dir='ltr'><strong>adipem</strong></span> <span class='ocrx_word' id='word_1_778' title='bbox 2792 5016 3079 5072; x_wconf 79' lang='lat' dir='ltr'><strong>agnorum,</strong></span> <span class='ocrx_word' id='word_1_779' title='bbox 3107 5009 3162 5055; x_wconf 93' lang='lat' dir='ltr'><strong>et</strong></span> <span class='ocrx_word' id='word_1_780' title='bbox 3193 5000 3513 5070; x_wconf 85' lang='lat' dir='ltr'><strong>sanguinem</strong></span> 
     </span>
    </p>
   </div>
   <div class='ocr_carea' id='block_1_107' title="bbox 1931 5094 3523 5161">
    <p class='ocr_par' dir='ltr' id='par_1_107' title="bbox 1931 5094 3523 5161">
     <span class='ocr_line' id='line_1_107' title="bbox 1931 5094 3523 5161; baseline -0.004 -10"><span class='ocrx_word' id='word_1_781' title='bbox 1931 5104 2213 5151; x_wconf 88' lang='lat' dir='ltr'><strong>taurorum</strong></span> <span class='ocrx_word' id='word_1_782' title='bbox 2259 5103 2314 5149; x_wconf 90' lang='lat' dir='ltr'><strong>et</strong></span> <span class='ocrx_word' id='word_1_783' title='bbox 2344 5096 2633 5150; x_wconf 85' lang='lat' dir='ltr'><strong>hircorum</strong></span> <span class='ocrx_word' id='word_1_784' title='bbox 2667 5095 2814 5161; x_wconf 87' lang='lat' dir='ltr'><strong>nolo,</strong></span> <span class='ocrx_word' id='word_1_785' title='bbox 2853 5109 2958 5148; x_wconf 88' lang='lat' dir='ltr'><strong>nec</strong></span> <span class='ocrx_word' id='word_1_786' title='bbox 3015 5094 3248 5148; x_wconf 88' lang='lat' dir='ltr'><strong>veniatis</strong></span> <span class='ocrx_word' id='word_1_787' title='bbox 3290 5094 3341 5146; x_wconf 92' lang='lat' dir='ltr'><strong>in</strong></span> <span class='ocrx_word' id='word_1_788' title='bbox 3388 5106 3523 5146; x_wconf 86' lang='lat' dir='ltr'><strong>con-</strong></span> 
     </span>
    </p>
   </div>
   <div class='ocr_carea' id='block_1_108' title="bbox 1931 5184 3526 5257">
    <p class='ocr_par' dir='ltr' id='par_1_108' title="bbox 1931 5184 3526 5257">
     <span class='ocr_line' id='line_1_108' title="bbox 1931 5184 3526 5257; baseline -0.004 -14"><span class='ocrx_word' id='word_1_789' title='bbox 1931 5198 2178 5257; x_wconf 92' lang='lat' dir='ltr'><strong>spectum</strong></span> <span class='ocrx_word' id='word_1_790' title='bbox 2230 5202 2433 5241; x_wconf 87' lang='lat' dir='ltr'><strong>meum.</strong></span> <span class='ocrx_word' id='word_1_791' title='bbox 2469 5186 2604 5253; x_wconf 85' lang='lat' dir='ltr'><strong>Quis</strong></span> <span class='ocrx_word' id='word_1_792' title='bbox 2638 5189 2782 5243; x_wconf 90' lang='lat' dir='ltr'><strong>enim</strong></span> <span class='ocrx_word' id='word_1_793' title='bbox 2821 5188 3107 5256; x_wconf 81' lang='lat' dir='ltr'><strong>requisivit</strong></span> <span class='ocrx_word' id='word_1_794' title='bbox 3156 5184 3271 5241; x_wconf 67' lang='lat' dir='ltr'><strong>haec</strong></span> <span class='ocrx_word' id='word_1_795' title='bbox 3315 5186 3380 5240; x_wconf 92' lang='lat' dir='ltr'><strong>de</strong></span> <span class='ocrx_word' id='word_1_796' title='bbox 3410 5200 3526 5237; x_wconf 88' lang='lat' dir='ltr'><strong>ma-</strong></span> 
     </span>
    </p>
   </div>
   <div class='ocr_carea' id='block_1_109' title="bbox 1942 5274 3523 5346">
    <p class='ocr_par' dir='ltr' id='par_1_109' title="bbox 1942 5274 3523 5346">
     <span class='ocr_line' id='line_1_109' title="bbox 1942 5274 3523 5346; baseline -0.003 -15"><span class='ocrx_word' id='word_1_797' title='bbox 1942 5277 2102 5331; x_wconf 88' lang='lat' dir='ltr'><strong>nibus</strong></span> <span class='ocrx_word' id='word_1_798' title='bbox 2150 5276 2394 5331; x_wconf 80' lang='lat' dir='ltr'><strong>vestris?</strong></span> <span class='ocrx_word' id='word_1_799' title='bbox 2435 5296 2453 5329; x_wconf 75' lang='grc' dir='ltr'><strong>ι</strong></span> <span class='ocrx_word' id='word_1_800' title='bbox 2484 5276 2796 5346; x_wconf 89' lang='lat' dir='ltr'><strong>Eositaque</strong></span> <span class='ocrx_word' id='word_1_801' title='bbox 2851 5291 3033 5331; x_wconf 88' lang='lat' dir='ltr'><strong>sermo</strong></span> <span class='ocrx_word' id='word_1_802' title='bbox 3100 5275 3363 5345; x_wconf 91' lang='lat' dir='ltr'><strong>respicit,</strong></span> <span class='ocrx_word' id='word_1_803' title='bbox 3434 5274 3523 5341; x_wconf 84' lang='lat' dir='ltr'><strong>qui</strong></span> 
     </span>
    </p>
   </div>
   <div class='ocr_carea' id='block_1_110' title="bbox 1934 5364 3526 5438">
    <p class='ocr_par' dir='ltr' id='par_1_110' title="bbox 1934 5364 3526 5438">
     <span class='ocr_line' id='line_1_110' title="bbox 1934 5364 3526 5438; baseline -0.003 -16"><span class='ocrx_word' id='word_1_804' title='bbox 1934 5368 2139 5422; x_wconf 88' lang='lat' dir='ltr'><strong>atrocia</strong></span> <span class='ocrx_word' id='word_1_805' title='bbox 2184 5376 2376 5422; x_wconf 87' lang='lat' dir='ltr'><strong>contra</strong></span> <span class='ocrx_word' id='word_1_806' title='bbox 2410 5368 2697 5423; x_wconf 91' lang='lat' dir='ltr'><strong>Dominum</strong></span> <span class='ocrx_word' id='word_1_807' title='bbox 2722 5367 2946 5438; x_wconf 77' lang='lat' dir='ltr'><strong>aggredi</strong></span> <span class='ocrx_word' id='word_1_808' title='bbox 3000 5368 3145 5433; x_wconf 87' lang='lat' dir='ltr'><strong>ausi,</strong></span> <span class='ocrx_word' id='word_1_809' title='bbox 3192 5364 3526 5430; x_wconf 75' lang='lat' dir='ltr'><strong>sacriﬁciis,</strong></span> 
     </span>
    </p>
   </div>
   <div class='ocr_carea' id='block_1_111' title="bbox 1932 5459 3527 5530">
    <p class='ocr_par' dir='ltr' id='par_1_111' title="bbox 1932 5459 3527 5530">
     <span class='ocr_line' id='line_1_111' title="bbox 1932 5459 3527 5530; baseline 0 -17"><span class='ocrx_word' id='word_1_810' title='bbox 1932 5459 2290 5515; x_wconf 89' lang='lat' dir='ltr'><strong>libaminibus</strong></span> <span class='ocrx_word' id='word_1_811' title='bbox 2363 5460 2597 5530; x_wconf 88' lang='lat' dir='ltr'><strong>aliisque</strong></span> <span class='ocrx_word' id='word_1_812' title='bbox 2650 5461 2952 5515; x_wconf 86' lang='lat' dir='ltr'><strong>secundum</strong></span> <span class='ocrx_word' id='word_1_813' title='bbox 3019 5460 3191 5528; x_wconf 81' lang='lat' dir='ltr'><strong>legem</strong></span> <span class='ocrx_word' id='word_1_814' title='bbox 3249 5461 3527 5527; x_wconf 86' lang='lat' dir='ltr'><strong>corporeis</strong></span> 
     </span>
    </p>
   </div>
   <div class='ocr_carea' id='block_1_112' title="bbox 1930 5550 3522 5621">
    <p class='ocr_par' dir='ltr' id='par_1_112' title="bbox 1930 5550 3522 5621">
     <span class='ocr_line' id='line_1_112' title="bbox 1930 5550 3522 5621; baseline -0.002 -16"><span class='ocrx_word' id='word_1_815' title='bbox 1930 5551 2256 5606; x_wconf 90' lang='lat' dir='ltr'><strong>ministeriis</strong></span> <span class='ocrx_word' id='word_1_816' title='bbox 2290 5550 2458 5607; x_wconf 91' lang='lat' dir='ltr'><strong>Deum</strong></span> <span class='ocrx_word' id='word_1_817' title='bbox 2486 5568 2545 5607; x_wconf 90' lang='lat' dir='ltr'><strong>se</strong></span> <span class='ocrx_word' id='word_1_818' title='bbox 2580 5550 2800 5621; x_wconf 88' lang='lat' dir='ltr'><strong>placare</strong></span> <span class='ocrx_word' id='word_1_819' title='bbox 2832 5566 2991 5621; x_wconf 89' lang='lat' dir='ltr'><strong>posse</strong></span> <span class='ocrx_word' id='word_1_820' title='bbox 3019 5561 3212 5621; x_wconf 91' lang='lat' dir='ltr'><strong>putant</strong></span> <span class='ocrx_word' id='word_1_821' title='bbox 3245 5567 3259 5604; x_wconf 86' lang='lat'><strong>:</strong></span> <span class='ocrx_word' id='word_1_822' title='bbox 3290 5550 3481 5620; x_wconf 84' lang='lat' dir='ltr'><strong>aitque</strong></span> <span class='ocrx_word' id='word_1_823' title='bbox 3508 5567 3522 5603; x_wconf 86' lang='lat'>;</span> 
     </span>
    </p>
   </div>
   <div class='ocr_carea' id='block_1_113' title="bbox 1936 5642 3526 5709">
    <p class='ocr_par' dir='ltr' id='par_1_113' title="bbox 1936 5642 3526 5709">
     <span class='ocr_line' id='line_1_113' title="bbox 1936 5642 3526 5709; baseline -0.002 -11"><span class='ocrx_word' id='word_1_824' title='bbox 1936 5642 2123 5709; x_wconf 73' lang='lat' dir='ltr'><strong>«Quid</strong></span> <span class='ocrx_word' id='word_1_825' title='bbox 2191 5643 2323 5697; x_wconf 90' lang='lat' dir='ltr'><strong>mihi</strong></span> <span class='ocrx_word' id='word_1_826' title='bbox 2382 5644 2673 5699; x_wconf 88' lang='lat' dir='ltr'><strong>multitudo</strong></span> <span class='ocrx_word' id='word_1_827' title='bbox 2725 5645 3123 5702; x_wconf 81' lang='lat' dir='ltr'><strong>sacriﬁciorum</strong></span> <span class='ocrx_word' id='word_1_828' title='bbox 3180 5652 3526 5706; x_wconf 85' lang='lat' dir='ltr'><strong>vestrorum,</strong></span> 
     </span>
    </p>
   </div>
   <div class='ocr_carea' id='block_1_114' title="bbox 1931 5732 2781 5793">
    <p class='ocr_par' dir='ltr' id='par_1_114' title="bbox 1931 5732 2781 5793">
     <span class='ocr_line' id='line_1_114' title="bbox 1931 5732 2781 5793; baseline 0.005 -6"><span class='ocrx_word' id='word_1_829' title='bbox 1931 5732 2063 5788; x_wconf 89' lang='lat' dir='ltr'><strong>dicit</strong></span> <span class='ocrx_word' id='word_1_830' title='bbox 2096 5734 2393 5791; x_wconf 85' lang='lat' dir='ltr'><strong>Dominus?</strong></span> <span class='ocrx_word' id='word_1_831' title='bbox 2422 5755 2441 5789; x_wconf 76' lang='grc' dir='ltr'><strong>ι</strong></span> <span class='ocrx_word' id='word_1_832' title='bbox 2478 5746 2533 5791; x_wconf 82' lang='grc' dir='ltr'><strong>ει</strong></span> <span class='ocrx_word' id='word_1_833' title='bbox 2559 5746 2781 5793; x_wconf 79' lang='lat' dir='ltr'><strong>caetera.</strong></span> 
     </span>
    </p>
   </div>
  </div>
