4014 6386
503 396 573 455 95
1186 381 1452 443 EUSEBII
1489 374 1963 438 οΑιεΑιιιεΝειε
1995 372 2067 433 01

2189 366 2370 431 PARS
2399 368 2496 430 Ill.
2546 401 2593 413 —
2643 368 3054 430 EXEGETICA.
3694 370 3773 430 98

580 514 739 570 Vitas.
785 511 970 566 1345.
1016 528 1035 562 ι
1062 506 1291 566 Calcare
1338 505 1539 562 atrium
1578 517 1756 559 meum
1792 516 1903 557 non
1942 497 2067 569 adli-

2257 515 2278 549 ι
2313 498 2514 551 Πατεῖν
2566 494 2655 566 τὴν
2703 494 2878 566 αὐλήν
2926 510 3030 564 μου
3067 493 3130 546 ού
3173 489 3568 565 προσθήσεσθε.

504 603 684 660 cistis.
721 600 777 656 Si
818 598 1049 655 tuleritis
1082 597 1337 663 similam,
1365 608 1566 650 vanum
1597 593 1919 665 thymiama,
1947 591 2080 646 abo-

504 694 732 750 minatio
755 693 890 747 mihi
914 700 1017 747 est.
1063 688 1391 745 Neomenias
1440 696 1663 751 vestras,
1713 693 1769 740 et
1814 682 2079 749 Sabbata,

502 796 559 843 et
587 786 729 841 diem
765 796 1015 855 magnam
1053 796 1161 836 non
1186 780 1306 836 fero
1342 797 1359 835 :
1387 777 1656 851 jejunium
1707 784 1761 832 et
1810 774 2077 831 cessatio-

503 857 715 933 nem-et
745 874 1061 949 neomenias
1092 883 1310 929 vestras
1343 883 1399 929 et
1450 869 1822 928 solemnitates
1863 877 2079 923 vestras

499 970 616 1026 odit
655 970 834 1023 anima
870 980 1011 1021 mea.
1048 964 1208 1020 Facti
1247 966 1383 1021 estis
1432 964 1564 1020 mihi
1612 964 1667 1016 in
1718 961 2077 1017 satietatem:

502 1077 609 1118 non
640 1060 781 1115 ultra
818 1056 1065 1114 tolerabo
1088 1066 1315 1130 peccata
1342 1065 1547 1112 vestra.
1578 1053 1647 1110 Et
1670 1070 1797 1110 cum
1815 1052 2078 1109 extendc~

500 1155 626 1210 ritis
653 1166 844 1207 manus
884 1160 1096 1207 vestras
1138 1150 1205 1206 ad
1246 1163 1353 1217 me,
1395 1156 1641 1204 avertam
1700 1146 1888 1203 oculos
1928 1159 2077 1201 meos

501 1260 531 1299 a
559 1243 715 1299 vobis
749 1261 763 1297 :
792 1250 849 1296 et
881 1242 925 1295 si
950 1236 1439 1311 multiplicaveritls
1466 1238 1945 1309 supplicationem,
1967 1250 2072 1291 non

500 1335 787 1392 exaudiam
823 1348 945 1391 vos:
973 1349 1098 1390 nam
1121 1347 1313 1388 manus
1330 1340 1526 1387 vestra
1548 1332 1814 1401 sanguine
1846 1329 2070 1401 plenae.)

499 1426 605 1485 Sed
629 1429 756 1498 quia
786 1442 892 1483 non
924 1433 1297 1497 cognoverunt
1326 1420 1641 1490 Dominum,
1689 1433 1745 1480 et
1787 1423 1915 1495 qlia
1968 1434 2076 1477 non

499 1519 888 1574 intellexerunt
950 1532 1096 1585 eum,
1148 1517 1276 1587 quia
1334 1516 1745 1586 dereliquernnt
1802 1529 1962 1580 eum,
2023 1521 2077 1569 et

500 1610 856 1667 irritaverunt
899 1618 1147 1664 sanctum
1196 1608 1363 1663 lsraet
1394 1627 1408 1664 :
1444 1616 1500 1662 et
1556 1609 1623 1663 ad
1677 1608 1793 1663 haec
1857 1605 2073 1672 omnia,

501 1702 631 1772 quia
669 1717 858 1757 manus
882 1715 1073 1756 eorum
1110 1700 1373 1770 sanguine
1399 1698 1573 1769 plene
1606 1699 1848 1765 fuerunt,
1872 1697 1941 1753 ob
1969 1711 2077 1753 cae-

498 1793 621 1847 dem
653 1791 876 1859 Christi,
899 1807 1061 1862 quam
1086 1802 1207 1862 post
1237 1798 1530 1846 sexcentos
1560 1789 1913 1859 interemptos
1947 1803 2074 1859 pro-

495 1884 710 1954 phetas,
735 1884 1149 1954 perpetrarunt.
1177 1891 1231 1937 et
1264 1883 1531 1952 sanguine
1575 1880 1764 1951 repleti
1791 1889 1950 1947 sunt;
1987 1880 2073 1936 bis

494 1976 745 2033 omnibus
779 1977 1089 2039 recensitis,
1128 1990 1339 2031 necnon
1374 1974 1511 2044 legis
1543 1974 1813 2030 solutione
1835 2013 1851 2041 ,
1882 1973 2070 2044 templi

495 2066 735 2132 excidio,
766 2082 832 2123 ac
868 2066 1195 2123 omnimodis
1245 2064 1559 2135 suppliciis;
1610 2064 1854 2135 peccati,
1918 2065 2074 2135 cujus

494 2173 658 2215 causa
689 2161 807 2215 haec
836 2158 1079 2229 perpessi
1110 2164 1258 2224 sunt,
1289 2156 1527 2225 speciem
1550 2155 1746 2211 edocet
1773 2172 1787 2210 :
1818 2154 2075 2227 ipsosque

495 2256 743 2315 accusat,
769 2264 876 2304 non
907 2248 976 2303 de
1010 2247 1284 2304 idolorum
1315 2245 1487 2311 cultu,
1524 2260 1634 2301 non
1676 2246 1742 2301 de
1780 2244 2071 2313 adulterio,

493 2352 595 2393 nec
633 2338 700 2393 de
722 2338 988 2406 avaritia;
1022 2338 1118 2393 sed
1154 2338 1221 2393 de
1247 2339 1415 2393 cede.
1448 2334 1585 2392 Nam
1617 2321 1765 2391 omni
1796 2336 2073 2407 impietate

490 2440 546 2487 et
575 2430 865 2502 iniquitate
913 2431 1155 2487 deterior
1200 2438 1287 2487 est
1323 2444 1514 2486 eorum
1550 2438 1741 2486 contra
1783 2430 2071 2485 Dominum

492 2523 705 2577 insania
738 2539 753 2589 ;
787 2524 902 2579 haec
943 2524 1144 2594 quippe
1190 2537 1296 2578 vox
1339 2520 1554 2578 illorum
1602 2531 1733 2577 est:
1788 2539 1808 2573 ι
1835 2518 2066 2590 Sanguis

492 2611 613 2679 ejus
645 2625 809 2681 super
839 2628 939 2669 nos
974 2622 1028 2669 et
1058 2626 1220 2683 super
1251 2610 1393 2667 ﬁlios
1422 2617 1640 2665 nostros
1663 2610 1705 2664 ⁸.
1737 2627 1756 2661 ι
1798 2608 1897 2664 llic
1938 2623 2068 2665 san-

492 2704 612 2774 guis
638 2703 758 2758 illos
788 2704 1036 2774 pristinis
1083 2702 1419 2773 optimisque
1470 2701 1915 2772 possessionibus
1950 2701 2067 2771 pri-

493 2796 638 2850 vavit
668 2814 683 2851 :
713 2798 799 2852 hic
827 2798 1053 2869 sanguis
1075 2795 1196 2853 illos
1218 2810 1317 2867 per
1348 2800 1521 2852 totum
1552 2793 1743 2849 orbem
1772 2791 2067 2865 inquilinos

491 2885 693 2942 elfecit.

566 2978 728 3035 Vsns.
774 2979 861 3046 l6,
888 2979 972 3036 l7.
1016 2999 1035 3032 ι
1059 2978 1373 3044 Lavamini,
1406 2978 1596 3035 mundi
1630 2986 1826 3047 estote,
1855 2975 2069 3033 auferte

490 3070 727 3126 malitias
770 3070 841 3126 de
880 3071 1166 3127 animabus
1213 3072 1412 3127 vestris
1456 3070 1526 3125 ab
1586 3070 1761 3126 oculis
1810 3069 2009 3125 vestris
2044 3085 2083 3123 :-

3637 491 3772 546 Ἐἀν

2184 591 2388 663 φέρητε
2417 588 2728 659 σεμίδαλιν,
2777 588 3002 659 μάταιον
3035 584 3305 657 θυμίαμα,
3343 582 3621 656 βδέλυγμά
3675 582 3771 655 μοι

2180 699 2317 736 εστι.
2361 682 2472 745 Τάς
2518 679 2815 752 νουμηνίας
2856 678 3047 750 ὑμῶν,
3103 679 3199 732 καὶ
3234 678 3303 731 τὰ
3344 675 3618 739 Σάϐϐατα,
3669 675 3771 729 καὶ

2180 775 2396 847 ἡμέραν
2428 772 2671 846 μεγάλην
2699 773 2799 826 οὐκ
2833 772 3117 842 ἀνέχομαι,
3148 769 3403 841 νηστείαν
3433 768 3528 823 καὶ
3562 768 3769 840 ἀργίαν

2177 867 2275 920 καὶ
2302 866 2404 930 τὰς
2432 862 2730 936 νουμηνίας
2758 861 2911 935 ὑμῶν
2946 863 3042 917 καὶ
3067 862 3168 926 τάς
3201 861 3392 935 ἑορτάς
3424 858 3579 933 ὑμῶν
3615 860 3768 931 μισεῖ

2176 960 2209 1029 ή
2244 957 2391 1030 ψυχή
2437 973 2559 1028 μου.
2596 955 2925 1028 Ἐγενήθητέ
2960 972 3050 1026 μοι
3078 957 3158 1016 εἰς
3191 954 3510 1027 πλησμονήν
3530 968 3544 983 ·
3575 952 3764 1006 οὐκέτι

2176 1052 2364 1123 ἀνήσω
2418 1050 2510 1115 τάς
2544 1050 2819 1122 ἁμαρτίας
2849 1046 3022 1119 ὑμῶν.
3077 1048 3250 1101 Ὅταν
3297 1046 3397 1111 τάς
3443 1047 3635 1118 χεῖρας
3664 1045 3765 1097 ὲκ-

2174 1143 2389 1215 τείνητε
2419 1143 2549 1216 πρὸς
2579 1143 2668 1214 μὲ,
2696 1140 3025 1213 ἀποστρέψαι
3049 1140 3175 1203 τοὺς
3199 1138 3507 1212 ὀφθαλμούς
3534 1154 3634 1210 μου
3664 1138 3766 1208 ἀφ’

2177 1232 2334 1305 ὑμῶν
2350 1250 2365 1264 θ
2400 1234 2495 1287 καὶ⁵
2519 1231 2616 1287 ὲάν
2644 1230 2953 1303 πληθύνητε
2973 1230 3069 1301 τήν
3090 1228 3295 1301 δέησιν,
3322 1228 3424 1282 οὐκ
3445 1226 3769 1282 είσακούσο-

2180 1342 2279 1397 μαι
2306 1325 2497 1396 ὑμῶν·
2532 1325 2589 1379 αί
2618 1324 2726 1397 γάρ
2761 1326 2944 1394 χεῖρες
2983 1319 3137 1392 ὑμῶν
3172 1320 3404 1392 αἵματος
3438 1320 3688 1392 πλήρεις.
3737 1338 3757 1371 s

2189 1416 2327 1471 Ἀλλ’
2341 1418 2423 1470 ὅτι
2442 1414 2517 1489 μὴ
2542 1416 2789 1485 ἔγνωσαν
2805 1415 2897 1469 τὸν
2928 1413 3153 1486 Κύριον,
3178 1412 3273 1466 καὶ
3294 1413 3377 1466 ὅτι
3409 1413 3484 1486 μή
3518 1410 3774 1482 συνῆκαν

2176 1510 2369 1575 αὑτὸν,
2415 1510 2499 1564 ὅτι
2534 1509 2895 1579 ἐγκατέλιπον
2941 1507 3127 1571 αὐτὸν,
3162 1508 3259 1562 καὶ
3309 1505 3638 1578 παρώξυναν
3667 1505 3766 1559 τὸν

2177 1604 2332 1673 ἀγιον
2366 1601 2460 1657 τοῦ
2505 1602 2755 1676 Ἰσραήλ,
2796 1603 2893 1657 καὶ
2933 1602 3071 1672 πρὸς
3104 1600 3278 1655 ἀπασι
3312 1599 3543 1666 τούτοις,
3589 1601 3672 1655 δτι
3703 1600 3769 1655 αι

2176 1698 2359 1770 χεῖρες
2406 1694 2589 1749 αὐτῶν
2639 1695 2929 1766 γεγόνασιν
2980 1695 3213 1765 αἵματος
3250 1693 3477 1765 πλήρεις
3518 1691 3610 1747 διά
3656 1691 3770 1764 τῆς

2177 1789 2320 1843 κατὰ
2350 1786 2445 1841 τοῦ
2473 1789 2713 1861 Χριστοῦ
2743 1787 3079 1860 μιαιφονίας,
3111 1787 3181 1858 ήν
3205 1784 3347 1857 μετά
3379 1786 3579 1858 μυρίας
3610 1802 3767 1857 προ-

2105 1855 2149 1911 Β
2178 1855 2538 1952 φητοκτονίαέ
2561 1855 2909 1951 εἰργαθεαντο,
2933 1877 3029 1932 καὶ
3051 1855 3341 1948 γεγόνασιν
3365 1855 3600 1948 αἵματος
3620 1855 3767 1950 πλη-

2178 1987 2314 2044 ρεις,
2334 1970 2527 2051 πάντα,
2540 1968 2672 2041 γοῦν
2698 1968 3007 2035 διεξελθὼν,
3027 1968 3127 2023 καὶ
3151 1968 3250 2041 τήν
3274 1968 3370 2023 τοῦ
3394 1970 3560 2041 νόμου
3580 1969 3763 2038 λύσιν,

2174 2063 2271 2117 καὶ
2299 2060 2397 2115 τοῦ
2431 2061 2561 2116 ναοῦ
2583 2062 2683 2134 τήν
2709 2061 3027 2127 κατάλυσιν,
3060 2061 3155 2116 καὶ
3186 2060 3284 2127 τάς
3306 2060 3653 2127 παντοδαπὰς
3673 2078 3731 2116 τι
3750 2090 3765 2103 ο

2178 2155 2410 2228 μωρίας,
2460 2155 2522 2209 τδ
2569 2151 2709 2222 εἶδος
2738 2157 2837 2228 τῆς
2879 2155 3160 2228 ἁμαρτίας
3202 2153 3464 2223 ἐδίδαξεν,
3511 2146 3574 2209 οὗ
3596 2153 3766 2227 χάριν

2174 2246 2477 2302 πεπόνθασι
2499 2264 2514 2278 ⁵
2555 2248 2649 2302 καὶ
2687 2251 2983 2321 κατηγορεῖ
3022 2246 3224 2310 αὐτῶν,
3259 2246 3361 2301 οὐκ
3396 2244 3633 2302 εἰδώλων
3669 2246 3766 2301 θε-

2176 2338 2431 2411 ραπείαν,
2456 2339 2579 2393 οὐδὲ
2604 2340 2851 2413 μοιχείαν
2881 2338 3341 2406 καὶτεπλεονεξίαν,
3374 2337 3510 2393 ἀλλά
3541 2354 3766 2411 μιαιφο-

2171 2433 2309 2487 νίαν.
2340 2433 2532 2504 Πάσης
2565 2432 2676 2506 γὰρ
2713 2432 3035 2497 δυσσεϐείας
3076 2434 3170 2488 καὶ
3200 2430 3569 2504 παρανομίας,
3599 2430 3765 2504 χαλι-

2173 2525 2396 2598 πωτέρα
2423 2527 2457 2597 ή
2480 2524 2622 2580 κατά
2653 2524 2749 2579 τοῦ
2774 2524 2989 2597 Κυρίου
3021 2522 3188 2596 μανία
3210 2541 3226 2557 ο
3256 2522 3442 2578 αὐτῶν
3471 2520 3583 2595 γάρ
3609 2522 3771 2577 ἐστιν.

2170 2618 2204 2689 ή
2228 2617 2401 2689 φωνὴ,
2440 2636 2460 2671 ι
2505 2616 2580 2670 Τὸ
2601 2611 2740 2688 αἷμα
2770 2614 2936 2670 αὐτοῦ
2952 2617 3040 2687 ἐφ’
3064 2615 3215 2687 ήμᾶς
3239 2613 3336 2668 καὶ
3374 2612 3469 2667 ἐπὶ
3493 2611 3565 2667 τά
3589 2610 3764 2668 τέκνα

2168 2708 2350 2779 ήμῶν.
2396 2727 2415 2761 ι
2442 2708 2613 2762 Τοῦτο
2640 2709 2702 2763 τὸ
2727 2702 2885 2779 αἷμα,
2911 2707 3011 2779 τῆς
3038 2705 3272 2770 παλαιᾶς
3304 2703 3503 2767 αὐτοὺς
3533 2701 3764 2776 scripu-

2171 2817 2265 2855 σεν
2294 2799 2589 2873 εὐκληρίας
2609 2817 2623 2831 ο
2658 2799 2818 2853 τοῦτο
2847 2798 2908 2853 τὸ
2946 2792 3088 2870 αἷμα
3116 2796 3403 2871 μετοίκους
3447 2791 3547 2865 τῆς
3578 2792 3763 2848 οίκου-

2172 2893 2343 2966 μένης
2367 2894 2635 2965 ἀπέφηνε.

2245 3005 2264 3039 ι
2300 2984 2581 3040 Λούσασθε
2601 3025 2616 3051 ,
2649 2982 2882 3056 καθαροὶ
2919 2979 3167 3052 γένεσθε,
3194 2979 3423 3053 ἀφέλετε
3454 2980 3557 3046 τάς
3588 2990 3762 3054 πονη-

2173 3082 2297 3153 ρίας
2330 3080 2439 3134 ἀπὸ
2477 3078 2587 3133 τῶν
2617 3078 2807 3150 ψυχῶν
2840 3077 2994 3150 ὑμῶν
3028 3078 3295 3133 ἀπέναντι
3321 3079 3431 3134 τῶν
3462 3074 3761 3149 ὀφθαλμῶν

492 3162 757 3231 quiescite
806 3179 837 3218 a
877 3162 1101 3219 malitiis
1135 3163 1377 3229 vestris,
1413 3162 1604 3218 discite
1631 3161 1769 3218 bene
1798 3161 2002 3219 facere.
2040 3180 2060 3215 ι

2172 3172 2349 3245 ὑμῶν’
2385 3170 2667 3226 παύσασθε
2716 3169 2827 3225 ἀπὸ
2867 3170 2976 3225 τῶν
3024 3171 3300 3244 πονηριῶν
3349 3169 3525 3243 ὑμῶν,
3555 3169 3759 3242 μάθετε

490 3255 794 3320 Admodum
851 3251 1252 3325 consequenter
1298 3265 1591 3326 postquam
1630 3255 1809 3326 prima
1856 3255 2068 3313 dixerat

485 3334 654 3411 Dteus,
685 3346 771 3401 bis
817 3345 947 3401 item
984 3354 1313 3401 memoratos
1358 3346 1722 3401 Sodomorum
1765 3346 2064 3418 principes,

485 3448 551 3490 ac
582 3435 835 3506 populum
861 3434 1179 3491 Gomorrba:
1202 3436 1255 3490 in
1288 3451 1438 3508 spem
1473 3437 1672 3492 bonam
1710 3435 1975 3493 transfert
2010 3444 2067 3494 et

486 3535 713 3593 evocat;
766 3528 813 3583 si
860 3528 1123 3583 malitiam
1156 3516 1514 3600 dep'onenles,
1567 3533 1709 3584 et'a
1760 3528 2066 3586 voluntario

487 3619 582 3675 illo
615 3622 913 3675 secundum
942 3636 1266 3693 corpoream
1300 3622 1473 3693 legem
1500 3621 1652 3678 cultu
1683 3623 2063 3692 abscedentes,

487 3711 638 3767 Novo
665 3710 1036 3781 Testamento,
1055 3727 1318 3785 novaeque
1342 3714 1448 3786 legi
1476 3726 1531 3770 et
1560 3716 1725 3772 verbo
1748 3715 2063 3787 obsequen-

489 3814 571 3861 tes
599 3804 819 3861 fuerint.
855 3806 1219 3874 Quamobrem
1252 3819 1539 3878 postquam
1576 3824 1639 3863 ea
1684 3824 1802 3880 quae
1844 3808 2064 3866 Veteris

486 3893 818 3950 Testamenti
845 3906 1025 3962 erant,
1052 3900 1283 3968 carptim
1313 3899 1526 3969 tetigit,
1560 3897 1695 3954 Novi
1728 3899 2061 3956 Testamenti

487 3990 749 4057 mysteria
782 3990 1012 4046 inducit.
1067 3990 1340 4062 Quteipse
1384 3990 1439 4045 in
1470 3990 1782 4062 Evangeliis
1816 3992 2062 4058 tradidit,

485 4073 692 4142 dicens,
728 4094 745 4127 ι
775 4076 888 4132 Nisi
939 4079 1061 4149 quis
1118 4090 1338 4155 renatus
1369 4078 1533 4135 fuerit
1558 4096 1627 4136 ex
1668 4096 1811 4151 aqua
1838 4090 1893 4138 et
1939 4081 2066 4153 Spi—

486 4167 615 4232 ritu,
654 4182 757 4221 non
790 4169 1014 4224 intrabit
1052 4170 1105 4224 in
1138 4185 1366 4242 regnum
1398 4171 1658 4229 caelorum
1684 4173 1727 4226 ⁷.
1756 4190 1884 4225 ι-ι
1906 4172 2064 4241 Qum-

485 4260 591 4313 rite
614 4258 904 4328 judicium.
937 4260 1168 4317 liberate
1198 4264 1808 4345 oppressum,.judicate
1830 4265 2059 4335 pupillo,

482 4351 754 4407 defendite
776 4353 1015 4408 viduam.
1044 4373 1062 4406 ι
1106 4354 1162 4410 ld
1192 4364 1277 4410 est
1300 4371 1329 4409 a
1370 4357 1577 4411 malitia
1601 4357 1870 4425 translati,
1914 4373 1983 4413 ne
2001 4358 2058 4413 in

483 4455 552 4498 eo
577 4443 883 4513 steteritis;
915 4443 1010 4501 sed
1041 4445 1207 4500 vitam
1253 4446 1457 4502 virtute
1485 4453 1734 4503 ornatam
1768 4447 2057 4516 suscipite.

556 4702 723 4759 Vens.
757 4704 844 4762 18.
892 4724 911 4759 ι
940 4707 1008 4761 Et
1047 4707 1245 4777 venite,
1282 4717 1337 4765 et
1367 4709 1910 4779 disceptemus,’dicit
1950 4713 2058 4770 Do-

486 4797 666 4851 minus
702 4816 715 4850 :
748 4806 803 4852 et
856 4800 901 4854 si
950 4799 1157 4855 fuerint
1208 4813 1432 4871 peccata
1459 4810 1644 4858 vestra
1690 4812 1752 4859 ut
1796 4819 2059 4876 purpura,

483 4887 845 4955 quasinivem
888 4889 1186 4960 dealbabo;
1224 4901 1281 4947 et
1310 4894 1356 4949 si
1386 4893 1592 4949 fuerint
1640 4903 1701 4950 ut
1748 4898 2055 4963 coccinum,

483 4978 636 5049 quasi
673 4979 849 5035 lanam
885 4980 1168 5039 dealbabo.
1205 5001 1226 5036 ι
1260 4983 1463 5041 Deinde
1490 4988 1647 5057 quasi
1694 4987 1750 5042 in
1798 4986 2056 5042 tribunali

482 5085 583 5141 ego
626 5081 681 5126 et
714 5088 808 5129 vos
846 5072 1211 5143 disceptemus
1249 5091 1395 5149 :ego
1449 5080 1669 5149 quidem
1725 5094 2058 5136 enumerans

484 5171 684 5229 quanta
715 5163 815 5217 sim
844 5179 872 5217 a
892 5164 1044 5219 vobis
1074 5179 1387 5236 perpessus,
1414 5179 1471 5224 et
1504 5178 1709 5240 quanta
1743 5170 1901 5225 vobis
1932 5184 2055 5224 mu-

484 5268 613 5307 nera
646 5256 967 5311 contulerim
997 5275 1011 5312 :
1039 5273 1102 5313 ac
1135 5260 1410 5329 quomodo
1439 5269 1563 5331 post
1605 5270 1753 5317 tanta
1786 5262 2052 5329 facinora,

485 5346 726 5401 omnium
761 5347 1027 5405 malorum
1070 5360 1380 5407 vestrorum
1410 5351 1642 5420 oblitus,
1675 5364 1890 5411 vestras
1916 5368 2055 5425 pra:-

489 5437 633 5493 dicto
657 5442 918 5510 sanguine
944 5455 1245 5512 purpureas
1279 5445 1492 5501 animas
1516 5447 1953 5513 emundaverim,
1986 5462 2053 5504 as

483 5544 579 5597 per
642 5528 918 5587 lavacrum
979 5536 1412 5605 regenerationis
1462 5536 1588 5593 nive
1654 5537 2059 5608 splendidiores

538 5672 559 5703 ⁶
588 5670 957 5744 Mattb.xxvu,
978 5674 1070 5731 25.

555 5792 631 5862 (5)
697 5790 822 5849 llaec
852 5792 978 5853 item
1010 5792 1264 5866 exprimit
1293 5793 1652 5866 Hieronymus
1676 5796 1744 5856 ad
1772 5797 1917 5858 hunc
1944 5796 2049 5859 loc.

1146 5676 1169 5709 "
1198 5676 1356 5733 Joan.
1388 5692 1471 5745 ιιι,
1503 5677 1558 5734 5.

2172 3261 2337 3318 καλὸν
2371 3264 2566 3317 ποιεῖν.
2609 3278 2628 3315 ι
2659 3260 2873 3333 Σφόδρα
2912 3259 3045 3330 γοῦν
3087 3259 3398 3325 ἀκολούθως
3441 3260 3512 3315 τά
3561 3259 3761 3329 πρῶτα

2171 3354 2411 3429 εἰρηκὼς
2433 3357 2462 3409 ό
2487 3354 2640 3422 Θεὸς,
2676 3354 2756 3409 ἔτι
2782 3354 2877 3409 καὶ
2897 3354 3073 3410 ταῦτα
3093 3354 3231 3427 πρὸς
3257 3356 3383 3419 τοὺς
3415 3352 3761 3426 δηλωθέεντας

2169 3446 2437 3521 ἄρχοντας
2465 3446 2734 3517 Σοδόμων,
2760 3445 2854 3500 καὶ
2887 3446 2978 3500 τὸν
3010 3445 3138 3500 λαὸν
3169 3444 3455 3519 Γομόρρας
3481 3444 3758 3517 διεξέρχε-

2168 3556 2260 3594 ται
2288 3538 2388 3611 (5),
2439 3538 2533 3591 ἐπὶ
2565 3536 2777 3608 ἀγαθὰς
2803 3536 3026 3601 ἐλπίδας
3066 3537 3264 3601 αὐτοὺς
3290 3534 3757 3608 προκαλούμενος,

2170 3629 2219 3683 εί
2254 3628 2615 3701 μεταθέμενοι
2660 3627 2758 3699 τῆς
2804 3626 3004 3691 κακίας
3031 3628 3127 3682 καὶ
3160 3627 3260 3699 τῆς
3302 3626 3760 3699 ὲθελοθρησκείας

2169 3718 2269 3789 τῆς
2324 3716 2465 3770 κατά
2517 3716 2608 3770 τὸν
2667 3715 2979 3788 σωματικὸν
3034 3716 3201 3787 νόμον
3252 3716 3714 3790 ἀναχωρήσαντες
3738 3756 3755 3781 ,

2171 3809 2404 3881 ὑπήκοοι
2430 3807 2678 3877 γένοιντο
2702 3808 2803 3879 τῆς
2830 3807 3041 3878 Καινῆς
3078 3807 3358 3879 Διαθήκης
3384 3809 3478 3861 καὶ
3505 3806 3600 3862 τοῦ
3629 3825 3757 3862 και-

2170 3900 2260 3955 νοῦ
2291 3901 2458 3973 νόμου
2493 3901 2587 3953 καὶ
2618 3898 2797 3967 λόγου.
2828 3898 2918 3951 Διδ
2950 3898 3085 3970 μετά
3104 3898 3203 3971 τήν
3229 3899 3536 3971 παρόρασιν
3565 3898 3673 3955 τῶν
3694 3902 3759 3957 ὲν

2168 3995 2236 4065 τῇ
2255 3992 2472 4064 Παλαιᾷ
2494 3990 2759 4063 Διάθήκῃ,
2785 3990 2855 4043 τά
2881 3989 2980 4060 τῆς
3006 3991 3214 4062 Καινῆς
3231 3989 3524 4064 ’Διαθήκης
3544 3991 3757 4061 εἰσάγει

2174 4084 2473 4155 μυστήρια.
2500 4083 2567 4135 Ἃ
2593 4080 2656 4152 δή
2690 4081 2785 4134 καὶ
2808 4082 2865 4133 ὲν
2890 4082 3005 4144 τοῖς
3024 4080 3381 4150 Εύαγγελίοις
3409 4081 3577 4146 αὐτὸς
3613 4098 3761 4155 παρ-

2170 4171 2343 4225 εδίδου
2376 4171 2578 4240 λέγων’
2622 4188 2640 4221 ι
2692 4169 2818 4222 Ἐἀν
2850 4170 2923 4240 μή
2977 4182 3063 4234 τις
3096 4170 3433 4243 ἀναγεννηθῇ
3461 4169 3520 4238 ὲξ
3553 4170 3751 4237 ὓδατος

2170 4262 2263 4317 καὶ
2286 4262 2615 4333 πνεύματος,
2648 4260 2710 4313 οὐ
2746 4260 2819 4330 μή
2852 4258 3072 4335 εἰσέλθῃ
3098 4262 3180 4325 εἰς
3203 4261 3304 4335 τὴν
3337 4261 3615 4334 βασιλείαν
3642 4263 3757 4318 τῶν

2166 4356 2463 4430 οὐρανῶν.»
2481 4386 2551 4395 -
2579 4375 2599 4409 ι
2640 4354 3012 4429 Ἐκζητήσατε
3038 4357 3242 4430 κρίσιν,
3270 4357 3510 4430 ῥύσασθε
3534 4358 3757 4415 ἀδικού-

2170 4467 2352 4523 μενον,
2401 4449 2625 4523 κρίνατε
2681 4448 2941 4522 ὀρφανῷ,
2990 4450 3083 4504 καὶ
3138 4449 3464 4506 δικαιώσατε
3516 4453 3685 4526 χήρᾳ.
3726 4471 3748 4505 s

2085 4554 2142 4619 ι)
2170 4540 2376 4610 Ἥγουν
2407 4539 2804 4609 μεταϐαλόντες
2842 4540 2944 4612 τῆς
2975 4540 3197 4607 κακίας,
3233 4541 3308 4613 μὴ
3342 4541 3505 4616 μέχρι
3557 4542 3753 4598 τούτου

2168 4632 2348 4703 στῆτε,
2380 4631 2469 4684 τὸν
2490 4630 2546 4683 δὲ
2565 4631 2686 4683 κατ’
2711 4630 2913 4702 ἀρετὴν
2938 4630 3239 4686 ἀναλάϐετε
3270 4633 3404 4704 βίον.

2239 4742 2258 4776 ι
2294 4724 2404 4777 Καὶ
2427 4718 2613 4788 δεῦτε,
2647 4724 2742 4777 καὶ
2773 4723 3148 4797 διαλεχθῶμεν
3191 4725 3295 4797 (6),
3325 4726 3475 4797 λέγει
3516 4728 3746 4802 Κύριος·

2162 4816 2257 4868 καὶ
2297 4815 2391 4869 ὲάν
2434 4807 2568 4867 ὦσιν
2597 4814 2653 4868 αί
2708 4814 2973 4887 ἁμαρτίαι
3010 4814 3167 4887 ὑμῶν
3216 4816 3293 4880 ὡς
3322 4818 3621 4887 φοινικοῦν,
3668 4818 3751 4882 ὡς

2160 4906 2316 4977 χιόνα
2363 4903 2641 4961 λευκανῶ·
2674 4905 2771 4960 ιάν
2795 4906 2852 4960 δὲ
2884 4899 3018 4961 ὦσιν
3049 4906 3128 4972 ὼς
3151 4908 3427 4973 κόκκινον,
3468 4909 3544 4975 ὡς
3598 4910 3756 4981 ἔριον

2161 4997 2428 5053 λευκανῶ.
2468 5016 2486 5051 ι
2516 4993 2633 5051 Εἴθ’
2665 4997 2741 5062 ὡς
2767 4999 2826 5052 ὲν
2854 4999 3190 5071 δικαστηρίῳ
3204 5000 3603 5075 διελεγχθῶμεν
3631 5002 3749 5071 ἐγώ

2161 5108 2220 5144 τε
2242 5092 2337 5145 καὶ
2369 5091 2527 5163 ὑμεῖς
2546 5109 2559 5122 ·
2595 5088 2707 5160 ἐγὼ
2734 5090 2830 5161 μὲν
2854 5092 2961 5156 ὅσα,
2981 5091 3229 5146 πέπονθα
3250 5092 3531 5166 ὑφ’ύμῶν,
3561 5096 3662 5149 ὅσα
3683 5112 3748 5150 τε

2163 5178 2308 5249 ὑμᾶς
2335 5177 2524 5250 ἔτυχον
2556 5178 2927 5250 εὐεργετήσας
2964 5180 3499 5255 καταριθμούμενος,
3543 5185 3638 5238 καὶ
3667 5184 3749 5250 ὡς

2164 5270 2304 5341 μετά
2328 5272 2568 5326 τοσαῦτα
2598 5271 3049 5344 πλημμελήματα
3082 5274 3305 5329 πάντων
3337 5275 3523 5330 κακῶν
3560 5277 3745 5349 ἀμνή-

2163 5376 2343 5432 στειαν
2377 5361 2719 5431 ποιούμενος,
2750 5364 3342 5438 πεφοινιγμέναςύμῶν
3363 5365 3461 5431 τάς
3479 5366 3655 5438 ψυχὰς
3678 5368 3747 5424 ὲκ

2158 5445 2251 5500 τοῦ
2291 5448 2681 5519 πῳλεχθὲντος
2734 5449 2966 5520 αἵματος
3011 5452 3295 5527 ἐκάθηρα,
3351 5455 3745 5530 λαμπροτέρας

2158 5540 2333 5610 χιόνος
2371 5542 2541 5607 αύτάς
2565 5542 2654 5599 διά
2682 5546 2781 5619 τῆς
2803 5547 2897 5602 τοῦ
2930 5547 3157 5620 λουτροῦ
3191 5549 3615 5622 παλιγγενεσίας
3642 5570 3746 5609 κα-

2231 5794 2309 5867 (6)
2346 5794 2477 5871 Reg.
2506 5797 2748 5858 secunda
2780 5813 2964 5873 manu,
3000 5798 3421 5874 διιλεγχθῶμιν.
3465 5810 3468 5814 ‘
