4014 6404
263 408 341 464 97
1275 400 1782 460 COMMENTARIA
1818 398 1891 459 IN
1929 396 2195 458 ISAIAM.
2233 427 2308 441 —
2341 396 2498 456 CAP.
2538 395 2583 452 Ι.
3518 397 3589 451 93

259 523 589 598 ταπήσαςο
627 525 790 599 ύμεῖς
815 524 876 581 δὲ
905 525 977 580 εί.
997 542 1085 591 τις
1119 523 1252 596 ὑμῖν
1298 525 1436 598 πρὸς
1473 523 1572 596 τὴν
1605 523 1866 597 τοσαύτηι

1985 519 2110 577 illas
2159 517 2580 581 constituerim,
2633 527 2734 570 vos
2789 519 2996 582 autem,
3050 503 3097 569 si
3150 513 3337 585 aliqua
3391 523 3586 570 contra

259 619 433 690 χάριν
458 618 678 672 ἕνεσται
703 617 885 686 λόγος,
920 618 1003 681 είς
1031 615 1268 688 φανερὸν
1299 615 1491 671 τοῦτον
1524 616 1711 684 ἄγετε.

350 727 370 761 ι
405 711 519 763 Καὶ
549 710 648 764 ἐὰν
672 708 867 780 θέλητε
897 709 996 764 καὶ
1028 707 1392 780 είσακούσητέ
1425 724 1550 779 μου,
1578 705 1652 761 τὰ
1691 707 1876 778 ἀγαθά

257 800 369 873 τῆς
403 802 513 872 γῆς
543 800 787 871 φάγεσθε
808 819 824 833 ο
862 800 960 856 ἐὰν
981 800 1058 873 μὴ
1078 800 1293 873 θέλητε,
1343 800 1481 873 μηδὲ
1505 800 1874 872 είσακούσητό

262 912 394 967 μου.
434 895 688 967 μάχαιρα
716 895 865 968 ὑμᾶς
885 894 1207 949 κατέδεταιο
1238 894 1301 948 τὺ
1329 893 1440 965 γάρ
1464 895 1641 966 στόμα
1663 895 1874 968 Κυρίου

258 986 502 1060 ἐλάλησε
556 984 754 1042 ταῦτα.
809 1006 829 1041 ι
897 985 1167 1041 Ἐνταῦθα
1216 985 1276 1040 δὲ
1316 987 1346 1039 ό
1391 985 1552 1056 λόγος
1597 986 1676 1050 ὡς
1730 986 1872 1058 πρὸς

276 1079 576 1143 Ἰουδαίους
595 1070 1000 1150 διαλεγόμενος,
1031 1072 1123 1132 οἷα
1151 1077 1385 1148 νηπίους
1418 1079 1618 1143 αὐτοὺς
1655 1077 1745 1132 διὰ
1773 1077 1876 1148 τῆς

265 1169 600 1241 σωματικῆς
630 1169 965 1239 ἐπαγγελίας
980 1169 1263 1224 πείθεσθαι
1276 1172 1393 1233 τοῖς
1408 1169 1720 1242 εἰρημένοις
1741 1186 1875 1241 προ-

256 1260 494 1330 τρέπει·
528 1259 670 1332 πρδς
713 1260 772 1314 δὲ
817 1260 912 1316 τὸν
941 1260 1118 1333 ἀληθῆ
1165 1260 1348 1330 λόγον,
1394 1260 1501 1331 γῆς
1545 1260 1646 1332 τῆς
1687 1259 1869 1332 ψυχῆς

254 1352 564 1423 νοουμένης
611 1351 756 1407 κατὰ
801 1354 904 1425 τὴν
951 1353 1221 1425 σωτήριον
1274 1350 1632 1424 παραϐολήν⁸
1690 1352 1724 1422 ἢ
1775 1350 1871 1404 τὸν

255 1442 592 1515 ἐπουράνιον
619 1442 839 1512 λέγεται
861 1441 1270 1516 παραδέχεσθαι
1305 1442 1531 1514 σπόρον,
1571 1441 1868 1496 ἀκόλουθόν

255 1539 414 1591 ἐστιν
444 1534 629 1605 ἀγαθὰ
646 1535 828 1608 ψυχῆς
852 1538 992 1597 νοεῖν
1013 1537 1132 1608 ἦτοι
1146 1535 1248 1599 τὰς
1277 1536 1399 1588 κατ’
1423 1534 1627 1606 ἀρετὴν
1660 1550 1868 1606 προκο-

253 1628 372 1692 πὰς
409 1629 507 1682 καὶ
540 1625 874 1692 τελειώσεις,
905 1627 940 1698 ἢ
982 1627 1052 1681 τὰ
1085 1624 1479 1696 ἐπηγγελμένα
1517 1627 1661 1697 αὐτῇ
1698 1625 1756 1678 ἓν
1795 1626 1866 1696 τῇ

249 1717 372 1772 τῶν
419 1719 671 1791 οὐρανῶν
711 1718 982 1790 βασιλείᾳί.
1023 1718 1191 1772 Ὅθεν
1220 1718 1359 1791 πρὸς
1409 1718 1511 1789 μὲν
1551 1717 1651 1789 τὴν
1683 1715 1865 1785 λέξιν,

249 1811 457 1866 αὐτίκα
489 1814 605 1876 τοῖς
632 1811 812 1881 λόγοις
838 1810 1197 1883 ἐπηκολούθει
1228 1813 1262 1883 ή
1295 1810 1385 1864 διὰ
1412 1809 1523 1864 τῶν
1551 1809 1732 1883 ἔργων
1770 1809 1865 1876 ἐκ·

1979 626 2189 674 tantam
2236 613 2472 688 gratiam
2508 613 2668 667 adest
2700 609 2868 676 ratio,
2896 624 3019 665 eam
3057 609 3272 681 publice
3319 612 3583 681 proferte.

2051 697 2338 774 Vsas.l9,
2364 705 2461 763 20.
2506 722 2527 757 ι
2575 704 2643 760 Ει
2670 703 2717 760 si
2747 703 3037 760 volueritis
3063 713 3120 760 et
3151 703 3435 761 audieritis
3463 719 3576 770 me,

1975 802 2119 858 bona
2182 810 2347 856 terrai
2394 794 2735 862 comedetis;
2787 795 2934 865 quod
2999 795 3047 850 si
3097 793 3426 860 nolueritis,
3481 809 3586 852 nec

1977 890 2265 946 audieritis
2315 903 2452 954 me,
2522 885 2738 957 gladius
2790 899 2887 942 vos
2947 885 3234 941 devorabit
3275 904 3290 940 :
3345 901 3470 941 nam
3521 901 3586 943 os

1976 983 2193 1040 Domini
2227 982 2345 1038 haec
2391 980 2637 1038 locutum
2690 988 2799 1036 est.
2831 997 2852 1032 ι
2884 977 2985 1035 Hic
3012 980 3172 1048 quasi
3202 977 3422 1035 Judazos
3451 980 3584 1036 alio-

1975 1090 2176 1148 quens,
2229 1075 2381 1146 ipsos
2425 1088 2529 1129 ceu
2581 1071 2824 1128 infantes
2853 1085 2954 1141 per
2985 1084 3311 1140 corpoream
3346 1071 3584 1141 promis—

1973 1169 2191 1224 sionem
2231 1165 2507 1229 hortatur,
2536 1174 2595 1218 ut
2627 1163 2794 1219 dictis
2823 1164 3214 1232 obtemperent
3240 1178 3255 1227 ;
3294 1173 3353 1217 at
3380 1177 3583 1218 secun-

1973 1261 2102 1316 dum
2137 1272 2327 1313 veram
2363 1253 2707 1326 intelligendi
2754 1254 3046 1316 rationem,
3098 1268 3225 1308 cum
3275 1264 3421 1309 terra
3479 1269 3580 1324 pro

1971 1350 2154 1404 anima
2187 1347 2491 1420 reputanda
2532 1347 2627 1411 sit,
2658 1345 2962 1400 secundum
2993 1343 3302 1400 Salvatoris
3337 1345 3580 1414 parabo-

1970 1439 2082 1495 lam
2116 1453 2132 1498 :
2166 1454 2292 1511 qua:
2323 1447 2470 1493 terra
2499 1438 2728 1492 caeleste
2774 1449 2957 1491 semen
3007 1436 3291 1506 suscipere
3343 1436 3579 1504 dicitur;

1971 1533 2100 1588 hinc
2129 1530 2490 1602 consequitur
2512 1528 2711 1583 anima:
2750 1529 2890 1583 bona
2927 1529 3018 1584 hic
3049 1542 3173 1584 esse
3204 1528 3580 1598 intelligenda,

1970 1618 2184 1675 scilicet
2211 1617 2519 1688 profectum
2552 1627 2610 1674 et
2642 1615 3040 1689 perfectionem
3073 1618 3370 1673 secundum
3407 1618 3585 1672 virtu-

1971 1720 2080 1766 tem
2109 1721 2427 1781 acceptam,
2481 1710 2570 1767 vei
2623 1709 2770 1765 bona
2821 1709 2926 1779 ipsi
2976 1710 3032 1764 in
3087 1725 3258 1781 regno
3305 1709 3580 1765 caalorum

1968 1805 2267 1875 promissa.
2311 1803 2664 1874 QuaprOpler
2703 1803 3009 1858 secundum
3060 1800 3306 1856 litteram
3333 1801 3580 1872 quidem,

247 1903 419 1969 ϐασις
438 1923 453 1935 ·
480 1905 836 1978 παραχρῆμα
866 1905 976 1978 γὰρ
1007 1905 1103 1960 καὶ
1123 1905 1227 1959 οὐκ
1255 1906 1338 1968 είς
1367 1903 1588 1976 μακρὰν
1615 1905 1664 1958 οί
1696 1904 1859 1957 ἀπει-

1976 1898 2137 1954 verba
2176 1911 2364 1952 rerum
2410 1904 2642 1952 eventus
2701 1909 2828 1950 mox
2877 1903 3209 1949 consecutus
3268 1903 3393 1961 est;
3447 1910 3578 1949 nam

246 1996 543 2068 ϐήσαντες,
570 2001 641 2082 τῇ
670 1997 782 2052 τῶν
821 1997 1098 2069 πολεμίων
1142 1999 1392 2070 μαχαίρᾳ
1433 1996 1818 2070 παρεδόθησαν
1842 2014 1856 2028 ·

247 2090 599 2146 ἐπελθόντων
650 2093 837 2155 αὐτοῖς
882 2091 1173 2162 Ῥωμαίων
1199 2131 1214 2156 ,
1269 2092 1367 2145 καὶ
1422 2091 1665 2163 πολέμου
1711 2091 1864 2163 νόμῳ

246 2183 467 2246 πάντας
498 2183 929 2255 χειρωσαμένων
949 2200 962 2214 ·
998 2185 1049 2238 εί
1081 2185 1139 2239 δὲ
1179 2174 1276 2238 καὶ
1306 2181 1590 2253 διαϐολική
1622 2183 1710 2246 τίς
1743 2184 1863 2236 ἐστι

249 2275 525 2346 μάχαιρα,
557 2273 848 2348 καὶταύτῃ
871 2274 1078 2329 ἔκδοτοι
1103 2275 1385 2345 γεγόνασι,
1415 2272 1506 2328 διὰ
1539 2273 1601 2328 τὸ
1627 2272 1852 2344 ἀπειθῆ·

246 2382 343 2420 σαι
371 2370 440 2439 τῇ
475 2366 676 2440 κλήσει
697 2367 799 2439 τῆς
822 2357 918 2420 τοῦ
941 2367 1079 2422 Θεοῦ
1108 2368 1356 2440 χάριτος.

321 2563 341 2596 ι
363 2543 495 2608 Πῶς
529 2541 753 2612 ἐγένετο
794 2542 968 2616 πόρνη
1017 2543 1175 2608 πόλις
1219 2543 1390 2616 πιστὴ
1431 2543 1592 2606 Σιὼν,
1647 2545 1866 2617 πλήρης

241 2636 522 2708 κρίσεωςς
559 2635 620 2688 ἐν
657 2629 1038 2710 ᾖδικαιοσύνη
1076 2634 1349 2707 ἐκοιμήθη
1384 2636 1443 2689 ἐν
1490 2636 1652 2707 αὐτῇ,
1692 2635 1867 2689 νῦνδὲ

241 2727 532 2800 φονευταί.
559 2744 686 2779 ι-ι
717 2726 852 2780 Τίνα
877 2726 987 2781 τῶν
1018 2723 1318 2798 προφητῶν
1341 2726 1440 2779 οὐκ
1457 2726 1791 2781 ἀπέκτειναν
1817 2729 1867 2780 οί

245 2819 490 2891 πατέρες
509 2817 666 2890 ὑμῶν
686 2819 782 2872 καὶ
803 2818 993 2890 ὑμεϊς;
1019 2838 1038 2871 ›
1061 2818 1320 2872 Διδάσκει
1335 2818 1517 2872 τοίνυν
1540 2819 1569 2871 ὁ
1587 2818 1745 2888 λόγος
1761 2817 1864 2890 (7),

242 2911 326 2977 ὑς
383 2911 559 2965 πάλαι
591 2910 692 2982 μὲν
724 2910 828 2980 τὴν
859 2909 1015 2964 πόλιν
1066 2909 1290 2981 ᾤκησαν
1339 2910 1531 2982 ἄνδρες
1549 2910 1752 2975 πιστοὶ,
1799 2909 1883 2966 δι’.

238 2996 324 3056 ὧν
357 3002 528 3072 πιστὴ
563 3001 719 3064 πόλις
741 2999 1146 3072 ἐχρημάτιζεν·
1180 2998 1372 3073 ὥσπερ
1405 2999 1474 3054 ἂν
1508 2999 1666 3064 εἴτις
1698 3003 1865 3064 είποι,

243 3090 466 3144 πιστῶν
501 3090 692 3154 πόλιςο
739 3089 878 3143 ἀλλὰ
911 3088 1006 3143 καὶ
1044 3089 1262 3161 πλήρης
1287 3089 1527 3162 κρίσεως
1558 3085 1627 3161 ἦν
1659 3091 1755 3145 καὶ
1786 3090 1868 3143 δι-

243 3184 571 3254 καιοσύνης,
605 3183 683 3247 ὡς
723 3181 791 3237 ἂν
830 3181 1106 3254 ἐναρέτων
1146 3181 1338 3253 ψυχῶν
1373 3182 1691 3255 οἱκητήριόν
1733 3199 1865 3237 ποτε

237 3277 544 3350 γενομένη·
570 3276 654 3330 διὸ
671 3275 1035 3348 κεκοιμᾶσθαι
1056 3277 1115 3330 ἐν
1139 3277 1276 3347 αὐτῇ
1305 3274 1674 3346 δικαιοσύνην,
1699 3293 1862 3329 τουτ-

239 3372 416 3435 έστιν,
466 3369 749 3441 ἐνοικῆσαι
799 3371 895 3423 καὶ
947 3368 1370 3424 ἀναπεπαῦσθαι
1410 3367 1648 3440 εἴρηται.
1685 3370 1864 3424 Πάλαι

241 3464 359 3533 γὰρ
382 3462 602 3534 πλήρης
631 3461 837 3516 τούτων
865 3462 1130 3533 ἐτύγχανε
1151 3478 1164 3491 ·
1210 3460 1353 3532 τάχα
1399 3477 1504 3514 που
1548 3461 1694 3515 κατὰ
1736 3463 1865 3526 τοὺς

240 3557 479 3626 χρόνους
521 3553 704 3620 Δαυῒδ,
735 3554 795 3619 ὃς
827 3554 1046 3626 πρῶτος
1093 3553 1227 3608 ἐλὼν
1261 3555 1362 3626 τὴν
1394 3553 1550 3608 πόλιν
1583 3557 1648 3609 ἐκ
1682 3555 1867 3627 χειρὸς

239 3647 590 3717 ἀλλοφύλων,
620 3648 720 3720 τήν
749 3647 979 3702 κιόωτὸν
1009 3647 1104 3701 τοῦ
1160 3646 1297 3701 Θεοῦ
1325 3649 1418 3701 καὶ
1439 3646 1540 3720 τὴν
1570 3647 1777 3720 σκηνὴν
1806 3649 1864 3703 ἐν

242 3743 387 3810 αὐτῇ
425 3740 824 3811 κατεστήσατο,
852 3739 1017 3803 αὑτός
1069 3756 1130 3794 τε
1159 3738 1331 3811 αὐτὴν
1358 3737 1544 3811 ᾤκησε
1593 3737 1863 3810 βασίλειον

243 3833 544 3902 ἀποδείξας
574 3832 795 3900 ἑαυτοῦ,
819 3833 896 3898 ὡς
918 3833 1259 3906 χρηματίσαι
1286 3832 1442 3887 πόλιν
1472 3832 1655 3886 Δαυτδ.

327 4034 347 4068 ‹
372 4014 450 4067 Τὸ
472 4012 737 4085 ἀργύριον
765 4011 921 4084 ὑμῶν
957 4012 1248 4083 ἀδόκιμονο
1292 4011 1342 4064 οἱ
1384 4010 1624 4082 κάπηλοι
1661 4027 1756 4065 σου
1783 4009 1865 4082 μί-

247 4122 446 4175 σγουσι
479 4105 574 4159 τὸν
604 4100 749 4160 οἶνον
774 4104 945 4158 ῦδατι.
971 4124 989 4157 ι
1023 4099 1132 4157 Ἦν
1159 4106 1268 4175 γὰρ
1298 4103 1360 4157 τὸ
1392 4103 1658 4177 ἀργύριον
1680 4103 1862 4157 αὐτῶν

244 4202 535 4271 ἀδόκιμον,
575 4197 767 4269 ἐπειδὴ
809 4197 948 4270 μετὰ
980 4196 1043 4250 τὸ
1073 4194 1459 4267 ἐκπορνεῦοαι,
1509 4195 1605 4250 καὶ
1667 4212 1863 4265 φονευ-

243 4293 348 4356 τὰις
369 4289 650 4362 γενέσθαι,
695 4286 1122 4361 προσεποιοῦντο
1151 4285 1466 4350 θεοσεὸείας
1497 4285 1655 4355 λόγον
1678 4289 1862 4356 ἀπαγ-

242 4384 466 4454 γέλλειν
498 4383 594 4436 καὶ
623 4381 723 4445 τὰς
753 4379 903 4444 θείας
934 4379 1160 4452 Γραφὰς
1188 4379 1570 4452 διερμηνεύειν
1601 4380 1696 4433 καὶ¹
1735 4379 1861 4432 δευ-

245 4476 519 4548 τερώσεις
556 4471 796 4547 μυθικὰς
822 4472 1094 4529 ποιεῖσθαι
1124 4471 1234 4526 τῶν
1253 4471 1722 4541 ἀναγνωσμάτων.
1754 4474 1863 4525 Καὶ

1964 1989 2280 2055 confestim,
2334 2003 2437 2044 nec
2479 1989 2652 2045 multo
2692 1999 2818 2060 post
2849 1989 3035 2058 elapso
3071 1997 3339 2069 tempore,
3367 1987 3580 2052 immo-

1965 2083 2134 2155 rigeri
2162 2081 2238 2137 illi
2269 2081 2460 2153 gladio
2489 2082 2842 2137 inimicorum
2869 2081 3058 2136 traditi
3083 2091 3231 2148 sunt,
3256 2082 3578 2152 irrumpen-

1969 2175 2115 2230 tibus
2151 2173 2424 2229 Romanis
2453 2189 2520 2229 ac
2559 2173 2687 2229 belli
2713 2173 2831 2242 lege
2854 2174 3071 2228 cunctis
3112 2173 3165 2228 in
3198 2174 3578 2243 captivitatem

1965 2266 2231 2334 redactis;
2261 2267 2409 2336 quod
2460 2265 2507 2321 si
2563 2263 2875 2321 diabolicus
2928 2264 3151 2336 gladius
3207 2263 3402 2331 fuerit,
3451 2265 3580 2321 huic

1966 2373 2188 2430 quoque
2230 2359 2399 2416 dediti
2438 2370 2593 2429 sunt,
2638 2360 2786 2431 quod
2835 2359 3058 2414 vocanti
3099 2359 3290 2430 gratia:
3329 2357 3426 2414 Dei
3467 2372 3578 2414 non

1881 2476 1887 2482 ι
1967 2451 2438 2531 obtemperarent.

2044 2542 2210 2600 Vens.
2250 2544 2345 2601 2f.
2391 2563 2413 2598 ι
2460 2545 2746 2614 Quomodo
2779 2548 2922 2605 facta
2966 2557 3051 2605 est
3080 2548 3349 2603 meretrix
3374 2547 3578 2604 civitas

1971 2636 2149 2694 fidelis
2181 2635 2337 2703 Sion,
2368 2636 2528 2708 plena
2551 2637 2786 2708 judicii?
2817 2641 2871 2695 in
2903 2655 3010 2711 qua
3033 2639 3254 2709 justitia
3291 2641 3578 2705 dormivit,

1970 2742 2119 2784 nunc
2155 2736 2341 2784 autem
2375 2730 2688 2785 homicidze.
2729 2749 2750 2784 ι
2793 2760 2867 2772 -
2906 2747 2926 2782 ι
2973 2729 3144 2798 Quem
3179 2731 3578 2801 prophetarum

1969 2831 2081 2872 non
2119 2815 2520 2876 interfecerunt
2560 2829 2743 2890 patres
2799 2819 2968 2875 vestri
3017 2830 3074 2874 et
3102 2836 3199 2877 vos
3227 2820 3296 2874 ‘l
3343 2839 3362 2873 ι
3409 2820 3577 2876 Docet

1971 2908 2139 2981 igitur
2161 2909 2294 2964 olim
2326 2910 2548 2980 quidem
2598 2911 2879 2967 civitatem
2933 2911 3234 2968 incoluisse
3284 2912 3472 2968 fideles
3497 2914 3578 2968 vi-

1973 3014 2086 3069 ros,
2118 3016 2354 3072 quorum
2396 3016 2562 3058 causa
2593 3002 2792 3058 civitas
2844 3001 3023 3080 fidelis
3066 2986 3398 3071 vocabatur;
3442 3018 3507 3058 ac
3529 3006 3577 3059 si

1971 3091 2100 3160 quis
2127 3093 2358 3159 diceret,
2388 3093 2588 3149 civitas
2633 3080 2916 3161 ﬁdelium;
2956 3093 3068 3148 imo
3103 3093 3272 3148 etiam
3301 3093 3463 3166 plena
3487 3093 3580 3164 ju-

1974 3185 2105 3240 dicii
2137 3194 2336 3241 eratet
2377 3185 2638 3256 justitize,
2677 3195 2866 3257 utpote
2911 3200 3033 3256 qua:
3083 3186 3386 3257 probarum
3443 3185 3577 3240 olim

1971 3274 2284 3330 animarum
2314 3276 2656 3333 domicilium
2707 3277 2872 3333 fuerit
2907 3296 2923 3333 :
2976 3259 3388 3349 quarejustitia
3429 3277 3483 3332 in
3512 3293 3578 3333 ea

1970 3368 2330 3435 dormivisse,
2360 3368 2414 3424 id
2447 3380 2553 3435 est,
2591 3370 2935 3426 inhabitasse
2957 3380 3015 3426 et
3036 3371 3313 3440 quievisse
3352 3371 3579 3428 dicitur.

1969 3458 2113 3516 Olim
2154 3461 2360 3532 quippe
2394 3462 2596 3520 talibus
2651 3463 2812 3533 plena
2863 3463 2997 3520 viris
3047 3474 3202 3530 erat;
3246 3474 3304 3518 ut
3345 3462 3582 3519 fortasse

1972 3562 2219 3623 tempore
2280 3554 2523 3621 Davidis,
2582 3557 2675 3627 qui
2732 3557 2946 3625 primus
2999 3558 3193 3612 urbem
3246 3556 3451 3625 eripuit
3508 3571 3578 3610 ex

1970 3645 2228 3700 manibus
2309 3645 2750 3717 allophylorum,
2803 3661 2992 3702 arcam
3061 3647 3151 3703 Dei
3203 3656 3258 3702 et
3322 3646 3579 3700 taberna-

1971 3733 2157 3790 culum
2199 3734 2274 3790 ibi
2321 3738 2554 3817 .posuit,
2613 3737 2670 3793 in
2726 3752 2900 3808 eaque
2953 3737 3070 3808 ipse
3127 3737 3414 3802 habitavit,
3485 3751 3576 3790 re-

1968 3828 2228 3897 giamque
2268 3828 2604 3894 constituit,
2647 3828 2721 3882 ita
2758 3839 2818 3884 ut
2867 3830 3062 3886 civitas
3115 3830 3287 3884 David
3330 3830 3578 3900 appella-

1970 3930 2143 3975 retur.

2038 4012 2208 4068 Vens.
2245 4014 2337 4069 22.
2375 4033 2392 4066 ι
2434 4015 2733 4084 Argentum
2787 4025 3030 4070 vestrum
3086 4031 3192 4070 non
3231 4015 3521 4084 probatum
3556 4031 3575 4071 :

1969 4120 2246 4176 Caupones
2287 4107 2364 4161 tui
2408 4107 2594 4161 vinum
2651 4122 2793 4176 aqua
2836 4107 3093 4163 miscent.
3138 4126 3157 4159 ι
3206 4107 3449 4176 Eratque
3484 4121 3573 4161 ar-

1969 4206 2192 4264 gentum
2213 4211 2404 4251 eorum
2443 4211 2548 4252 non
2575 4199 2892 4267 probatum,
2928 4199 3056 4266 quia
3083 4205 3372 4268 postquam
3398 4197 3576 4252 forni-

1968 4288 2104 4343 carii
2131 4298 2188 4345 et
2211 4289 2500 4346 homicidae
2523 4299 2650 4346 sunt
2673 4289 2878 4356 eil‘ecti,
2903 4305 2962 4344 se
2983 4305 3126 4345 vera:
3151 4291 3426 4362 religionis
3455 4306 3577 4347 ver-

1967 4381 2095 4436 bum
2122 4385 2452 4439 annuntiare
2486 4395 2542 4440 et
2585 4385 2801 4439 divinas
2853 4384 3170 4455 Scripturas
3221 4385 3574 4454 interpretari

1968 4474 2335 4542 simulabant,
2358 4476 2499 4530 dum
2533 4475 2806 4532 fabulosas
2853 4477 3178 4534 deuteroses
3211 4478 3279 4533 ad
3321 4466 3576 4534 lectionis

248 4569 412 4624 αὐτοὶ
440 4567 500 4622 δὲ
529 4569 577 4620 oi
593 4565 918 4621 ’διδάσκαλοι
947 4563 1125 4619 αὐτῶν
1150 4563 1560 4635 καπηλεύοντες
1586 4564 1684 4635 τὴν
1719 4563 1861 4616 διδα-

1976 4569 2394 4639 explicationem
2424 4570 2769 4625 adhiberent.
2822 4571 3084 4626 Doctores
3125 4586 3256 4626 vero
3303 4571 3573 4640 ipsorum,

249 4661 509 4724 σκαλίαν,
541 4659 776 4732 κάπηλοι
811 4659 1108 4730 προσφυῶς
1137 4657 1536 4730 ὠνομάσθησαν
1576 4657 1865 4729 μιγνύντες

248 4756 342 4806 τὸν
376 4749 522 4806 οἶνον
559 4753 730 4816 ὕδατι,
783 4752 926 4823 λόγῳ
973 4751 1320 4823 ἑξυδαροῦντι
1363 4751 1452 4805 τὸν
1492 4751 1732 4825 ἄκρατον
1769 4751 1864 4811 καὶ

248 4847 647 4900 ἐπιστυπτικὸν
672 4846 781 4900 τῶν
818 4845 1192 4899 θεοπιεύστων
1227 4845 1460 4917 Γραφῶν
1491 4844 1616 4898 νοῦν
1642 4843 1731 4898 διὰ
1763 4850 1861 4915 τῆς

253 4940 496 5013 μυθικῆς
520 4939 701 4996 αὐτῶν
735 4942 829 4993 καὶ
861 4937 1137 5013 ληρώδους
1158 4937 1555 5008 δευτερώσεως.

331 5148 348 5178 ι
373 5126 437 5180 Οἱ
494 5125 746 5196 Ξρχοντὲς
781 5143 872 5178 σου
904 5123 1209 5187 ἀπειθοῦσι,
1252 5122 1500 5175 κοινωνοὶ
1536 5121 1803 5174 κλεπτῶν.
1837 5137 1853 5170 ι

255 5221 415 5272 υῦτω
454 5217 780 5288 καλούμενοι
829 5219 934 5270 ύπό
977 5215 1068 5270 τοῦ
1105 5217 1362 5286 Σωτῆρος
1409 5214 1508 5284 οὐχ
1536 5214 1815 5284 ὑπήκουον
1845 5228 1856 5240 ·

255 5311 445 5373 ἁτλῶς
476 5311 532 5362 δὲ
562 5311 756 5373 εἰπεῖν,
777 5309 895 5380 Θεῷ
927 5309 1262 5372 ἀπειθοῦσιν,
1292 5307 1632 5369 ἐκκλίνοντες
1656 5307 1748 5358 ἀπ’
1775 5305 1870 5356 αὺ-

249 5406 349 5458 τοῦ
383 5406 480 5457 καὶ
526 5405 637 5465 τοῖς
667 5402 1114 5472 διατεταγμένοις
1147 5402 1237 5454 ὑπ’
1273 5400 1438 5454 αὑτοῦ
1478 5400 1551 5470 μὴ
1596 5398 1870 5468 ἐμμένον-

252 5513 366 5561 τες,
417 5514 435 5545 ι
467 5495 794 5564 ἀγαπῶντες
829 5495 996 5565 δῶρα,
1036 5493 1323 5557 διώκοντες
1365 5493 1734 5563 ἀνταπόδομα,
1782 5494 1874 5562 ὀρ-

255 5591 447 5655 φανοῖς
480 5587 544 5636 ού
575 5587 873 5657 κρίνοντες,
906 5586 998 5637 καὶ
1049 5584 1231 5656 κρίσιν
1261 5583 1446 5654 χηρῶν
1477 5584 1538 5635 οὐ
1572 5582 1872 5652 προσέχον-

327 5702 347 5730 δ
389 5703 492 5753 Αιι
551 5714 650 5764 vn,

328 5799 407 5863 (7)
453 5794 585 5847 ilzec
629 5791 901 5847 nonnullis
948 5795 1171 5863 adleetis
1225 5791 1517 5849 manifth
1567 5790 1849 5847 transtulit
1913 5786 2301 5860 Hieronymus,
2339 5788 2430 5858 qui
2484 5789 2556 5842 ait

255 5881 362 5923 ctus
399 5869 561 5932 sirus,
594 5875 645 5920 et
685 5877 905 5931 caetera,
939 5880 1054 5933 qum
1094 5862 1167 5918 ibi
1197 5865 1419 5919 videsis.

1974 4665 2066 4734 qui
2100 4662 2406 4718 doctrinam
2446 4665 2929 4731 cauponabantur,
2987 4677 3018 4717 e
3045 4678 3102 4717 re
3133 4677 3415 4733 caupones
3442 4664 3573 4718 dicti

1973 4764 2122 4820 sunt,
2160 4755 2250 4824 qui
2279 4755 2463 4808 vinum
2500 4769 2642 4823 aqua
2691 4755 3015 4818 miscebant,
3059 4754 3187 4808 dum
3236 4768 3489 4808 sermone
3520 4754 3573 4807 in

1972 4862 2168 4916 aquam
2226 4846 2499 4911 resoluto,
2532 4863 2742 4901 meram
2791 4857 2846 4902 et
2902 4849 3212 4914 restrictam
3263 4847 3569 4901 divinarum

1973 4937 2382 5008 Scripturarum
2423 4949 2656 4992 mentem
2704 4954 2801 5009 per
2840 4939 3249 4994 commentitias
3280 4954 3408 4994 suas
3437 4939 3571 4994 deu-

1975 5039 2184 5081 teroses
2211 5026 2507 5081 fmdarent.

2052 5119 2215 5171 Vens.
2247 5117 2340 5173 23.
2385 5139 2401 5170 ι
2438 5118 2722 5188 Principes
2747 5119 2820 5173 tui
2854 5134 2958 5173 non
2995 5120 3404 5191 obtemperant,
3437 5119 3558 5178 soci

1974 5212 2174 5264 furum.
2208 5228 2229 5264 ι
2272 5210 2365 5265 Sic
2417 5213 2594 5266 vocati
2632 5228 2659 5264 ιι
2713 5209 3013 5265 Servatore
3067 5226 3172 5264 non
3223 5213 3569 5280 obtempera-

1970 5302 2229 5356 bantzin
2268 5319 2504 5367 summa,
2563 5303 2672 5358 Deo
2726 5312 3055 5373 repugnant,
3113 5303 3454 5358 declinantes
3507 5299 3576 5351 ab

1971 5408 2057 5458 eo,
2091 5405 2146 5458 et
2175 5397 2228 5448 in
2261 5397 2551 5466 praeceptis
2579 5398 2698 5464 ejus
2729 5413 2833 5449 non
2871 5407 3182 5460 manentes,
3221 5414 3239 5446 ι
3280 5394 3569 5462 diligentes

1976 5503 2225 5549 munera,
2267 5488 2682 5542 retributionem
2736 5498 3152 5556 persequentes,
3203 5486 3410 5556 pupillo
3465 5499 3573 5538 non

1968 5578 2301 5647 judicantes,
2339 5588 2392 5630 et
2435 5593 2658 5632 causam
2712 5577 2884 5630 Vidine
2939 5592 3045 5630 non
3103 5578 3454 5630 attendentes
3494 5594 3505 5628 ;
3551 5593 3569 5626 ι

2597 5808 2607 5842 :
2643 5786 2753 5842 Nec
2797 5787 3001 5857 ambigo
3043 5787 3211 5856 fuisse
3246 5789 3296 5842 in
3342 5805 3400 5841 ra
3443 5806 3570 5844 sca-
