4014 6386
513 409 584 463 99
1189 402 1451 459 EUSEBII
1494 397 1977 457 CAESARIENSIS
2018 396 2166 453 OPP.
2215 392 2390 449 PARS
2429 393 2517 450 Ill.
2578 425 2627 434 —
2653 393 3071 451 EXEGETICA.

3684 400 3788 454 100

512 536 635 575 cum
656 517 925 588 proditore
945 516 1079 571 Jada
1100 515 1310 569 iurante
1328 520 1733 577 concurrentes,
1753 508 1894 578 juris
1916 510 2082 578 tequi-

2199 523 2296 570 τες.
2323 526 2341 557 ι
2379 506 2471 576 Τῷ
2493 500 2586 560 οὖν
2619 506 2850 578 προδότῃ
2867 507 3035 578 Ἰούδᾳ
3063 507 3344 562 κλέπτοντι
3368 512 3660 578 συνιόντες,
3687 516 3789 585 τὴν

515 621 679 665 tatem
711 609 868 662 donis
912 608 1329 661 venumdabant.

588 703 747 757 Vens.
779 702 849 756 24
881 703 1011 756 -26,
1068 721 1087 754 ‹
1124 700 1408 769 Propterea
1463 699 1594 754 haec
1647 698 1780 754 dicit
1832 695 2088 752 Dominus

517 795 776 850 Dominus
806 794 1044 848 Sabaoth
1078 813 1089 845 :
1120 791 1209 846 Va:
1239 793 1550 861 potentibus
1572 790 1736 844 Israel
1770 808 1784 844 :
1821 805 1933 843 non
1967 802 2084 842 ces-

516 886 663 938 sabit
704 886 845 939 enim
880 885 1028 938 furor
1061 898 1211 937 meus
1261 883 1315 936 in
1346 883 1701 947 adversariis,
1743 892 1797 935 et
1826 879 2086 950 judicium

517 976 584 1029 de
612 977 855 1029 hostibus
902 974 1031 1028 meis
1060 972 1273 1027 faciam.
1314 973 1379 1026 Et
1408 971 1635 1025 inferam
1669 986 1883 1023 manum
1916 982 2089 1021 meam

517 1075 705 1119 contra
748 1075 817 1129 te,
864 1074 915 1119 et
948 1063 1289 1117 inﬂammabo
1336 1073 1385 1116 te
1436 1063 1501 1116 ad
1560 1077 1753 1131 purum
1787 1076 1802 1114 :
1834 1061 2087 1113 immori-

518 1172 678 1226 geros
724 1164 901 1209 autem
947 1156 1171 1221 perdam
1225 1163 1279 1209 et
1334 1153 1679 1207 consiliarios
1732 1161 1854 1205 tuos
1898 1149 2089 1204 sicuta

516 1248 803 1317 principio.
870 1266 888 1299 ι
927 1245 1284 1299 lullammabo
1336 1254 1390 1298 te
1443 1244 1611 1313 igitur
1654 1242 1719 1296 ad
1764 1256 1983 1309 purum,
2036 1240 2089 1294 id

516 1348 620 1401 est,
672 1339 737 1392 ad
782 1338 1122 1407 purgandum
1163 1344 1217 1390 et
1261 1334 1681 1390 discernendum
1726 1333 2000 1402 improbos
2023 1332 2089 1385 ab

515 1429 757 1487 urbanis.
811 1429 992 1495 Quare
1051 1426 1349 1482 secundum
1403 1424 1793 1496 Symmachum
1848 1422 2086 1477 dicitur:

519 1539 542 1575 ι
579 1522 645 1575 Ει
675 1519 1023 1574 inﬂammabo
1052 1518 1118 1571 ad
1146 1532 1337 1586 purum
1367 1517 1597 1572 scoriatn
1626 1524 1800 1581 tuam;
1842 1532 1860 1565 ι
1896 1528 2090 1568 secun-

516 1614 642 1670 dum
694 1613 942 1683 Aquilam
997 1626 1163 1664 vero:
1210 1627 1229 1659 ι
1280 1609 1345 1663 Ει
1384 1606 1727 1663 inllammabo
1775 1605 1839 1659 ad
1900 1620 2089 1675 purum

520 1707 743 1758 acinum
793 1717 962 1757 tuum.
1003 1722 1021 1753 ι
1073 1700 1535 1768 Quemadmodum
1586 1701 1727 1754 enim
1773 1698 1863 1767 qui
1920 1713 1991 1752 aes
2038 1705 2091 1751 et

520 1797 729 1850 ferrum
757 1796 878 1864 igne
910 1801 1162 1865 purgant,
1196 1793 1427 1845 scoriam
1456 1790 1749 1858 abjiciunt,
1778 1799 1836 1843 et
1867 1789 1956 1857 qui
1991 1791 2086 1841 bo-

2192 596 2458 668 ὀρθότητα
2484 598 2577 651 τοῦ
2602 596 2810 649 δικαίου
2837 597 3029 668 δώροις
3052 600 3411 671 ἐπίπρασκον.

2269 708 2286 739 t
2317 689 2416 742 Διά
2436 689 2595 742 τοῦτο
2625 689 2747 742 τάδε
2770 689 2919 757 λέγει
2942 690 3150 761 Κύριος
3181 693 3210 742 ὁ
3235 691 3509 763 Δεσπότης
3529 692 3788 759 Σαϐαὼθ,

2193 781 2326 833 Οὐαὶ
2360 782 2411 833 οί
2454 782 2723 849 ἰσχύοντες
2773 781 3016 852 Ἰσραήλ·
3062 782 3124 833 οὐ
3173 782 3435 836 παύσεται
3468 783 3577 855 γάρ
3630 802 3733 853 μου
3762 788 3791 837 ὁ

2194 873 2361 944 θυμὸς
2390 877 2448 928 ὲν
2473 878 2583 936 τοῖς
2612 876 2973 939 ὑπεναντίοις,
3010 877 3104 928 καὶ
3137 877 3317 946 κρίσιν
3343 877 3406 929 ὲκ
3436 876 3542 930 τῶν
3575 877 3789 949 ἐχθρῶν

2197 983 2297 1036 μου
2336 968 2577 1038 ποιήσω’
2617 968 2711 1019 καὶ
2742 967 2929 1033 ἐπάξω
2964 967 3064 1037 τὴν
3104 968 3264 1038 χεῖρά
3312 988 3411 1039 μου
3450 970 3542 1022 ἐπὶ
3577 972 3660 1035 σὲ,
3694 973 3790 1024 καὶ

2195 1054 2433 1125 πυρώσω
2485 1073 2542 1108 σε
2577 1058 2655 1119 είς
2684 1055 2945 1127 καθαρὸν,
2978 1058 3103 1120 τοὺς
3153 1058 3210 1110 δὲ
3260 1060 3624 1124 ἀπειθοῦντας
3681 1064 3793 1117 ἀπ-

2192 1148 2383 1211 ολέσω,
2414 1150 2504 1201 καὶ
2538 1150 2664 1210 τοὺς
2709 1149 3043 1218 συμϐούλους
3088 1166 3180 1202 σου
3212 1150 3286 1215 ώς
3332 1154 3393 1205 τὸ
3423 1153 3516 1206 ἀπ’
3541 1153 3737 1223 ἀρχῆς.
3764 1169 3789 1205 ι

2194 1236 2442 1306 Πυρώσω
2480 1253 2538 1289 σε
2559 1233 2649 1289 οὖν
2680 1238 2762 1300 είς
2782 1238 3039 1306 καθαρὸν,
3067 1239 3363 1303 τουτέστιν,
3391 1243 3483 1295 ἐπὶ
3511 1242 3588 1312 τῷ
3619 1242 3793 1297 καθᾶρ

2197 1343 2282 1396 ραι
2319 1329 2413 1379 καὶ
2441 1326 2713 1397 διακρῖναι
2774 1330 2899 1391 τοὺς
2938 1329 3173 1397 φαύλους
3235 1331 3343 1384 ἀπὸ
3372 1332 3483 1385 τῶν
3521 1334 3789 1389 ἀστείων.

2195 1417 2287 1470 Διὸ
2324 1419 2467 1472 κατὰ
2500 1419 2591 1471 τὸν
2626 1419 2922 1490 Σύμμαχον
2964 1422 3202 1491 εἴρηται·
3243 1441 3260 1473 t
3286 1423 3395 1476 Καὶ
3427 1424 3663 1494 πυρώσω
3709 1428 3793 1491 είς

2195 1509 2431 1581 καθαρὸν
2458 1510 2554 1582 τὴν
2588 1513 2825 1583 σκωρίαν
2850 1530 2943 1565 σου
2963 1530 2975 1543 ’
3002 1533 3022 1565 ι
3062 1516 3203 1569 κατὰ
3226 1516 3282 1569 δὲ
3311 1516 3387 1586 (8)
3414 1518 3507 1571 τὸν
3536 1518 3790 1573 Ἀκύλαν

2199 1617 2217 1649 ι
2249 1601 2359 1653 Καὶ
2383 1600 2620 1671 πυρώσω
2651 1602 2730 1664 εἰς
2761 1602 2998 1674 καθαρὸν
3018 1603 3079 1655 τὺ
3104 1602 3437 1677 γιγαρτῶδές
3458 1624 3571 1661 σου.
3607 1628 3625 1660 ι
3662 1610 3795 1661 Ὠσ-

2193 1708 2298 1762 περ
2325 1690 2433 1763 γὰρ
2463 1694 2511 1743 οἱ
2545 1692 2896 1763 καθαίροντες
2931 1692 3019 1746 διὰ
3054 1694 3146 1748 τοῦ
3184 1697 3357 1767 πυρὸς
3400 1698 3604 1767 χαλκὸν
3636 1699 3669 1770 ἦ
3707 1699 3793 1752 σί-

2193 1782 2378 1855 δηρον,
2409 1783 2509 1853 τὴν
2535 1784 2777 1854 σκωρίαν
2805 1783 3194 1851 ἀποϐάλλουσι,
3244 1788 3337 1842 καὶ
3370 1791 3417 1842 οἱ
3445 1792 3570 1853 τοὺς
3594 1790 3795 1862 βότρυς

516 1896 633 1942 trus
676 1888 849 1941 vinea:
900 1886 953 1939 in
1011 1883 1373 1938 torcularibus
1429 1890 1703 1948 premunt,
1762 1883 1977 1934 acinum
2030 1890 2087 1935 et

2199 1876 2294 1946 τῆς
2325 1874 2568 1946 ἀμπέλου
2598 1876 2654 1927 εν
2673 1877 2793 1937 ταῖς
2826 1874 3005 1946 ληνοῖς
3028 1877 3325 1943 πιέζοντες,
3348 1879 3407 1932 τὸ
3430 1881 3792 1953 γιγαρτῶδεςο

514 1975 782 2048 superﬂua
802 1976 1133 2030 calcatarum
1164 1986 1390 2027 uvarum
1417 1970 1727 2040 expellunt;
1760 1972 1974 2036 eodem,
2007 1972 2088 2024 in-

516 2069 654 2139 quit,
685 2067 843 2122 tnodo
877 2078 932 2121 et
963 2082 1061 2136 ego
1095 2064 1445 2119 inﬂammabo
1495 2062 1560 2117 ad
1609 2076 1803 2132 purum
1867 2063 2086 2118 acinum

518 2170 691 2213 tuum.

586 2250 754 2306 Vens.
777 2253 867 2308 27.
900 2270 917 2302 ι
952 2251 1018 2305 Ει
1041 2249 1295 2319 posthaec.
1320 2248 1600 2304 vocaberis
1622 2248 1817 2303 civitas
1837 2247 2090 2318 justitiae,

524 2341 843 2409 metropolis
882 2339 1059 2393 lidelis
1089 2339 1218 2394 Sion
1255 2358 1268 2394 :
1304 2355 1428 2393 nam
1467 2355 1593 2394 cum
1620 2338 1824 2409 judicio
1856 2340 2091 2395 salvabi-

518 2442 605 2488 tur
638 2433 925 2503 captivitas
953 2434 1093 2501 ejus.
1128 2451 1146 2484 ι
1192 2433 1550 2488 Communem
1594 2433 1876 2487 civitatem
1907 2441 2091 2502 postea

512 2524 945 2581 constituendam
979 2524 1289 2592 alloquitur,
1336 2539 1503 2593 quam
1541 2524 1768 2592 justitiae
1812 2525 2091 2579 civitatem

514 2626 696 2681 vocat,
731 2626 785 2670 et
815 2616 1158 2684 metropolim
1203 2615 1416 2669 ﬁdelem
1467 2614 1621 2680 Sion,
1666 2617 1765 2683 piae
1815 2616 2093 2685 religionis

516 2705 822 2764 institutum
863 2717 916 2761 et
939 2717 1139 2762 emtum
1186 2707 1287 2761 hoc
1337 2707 1559 2762 nomine
1608 2721 1901 2762 exornans.
1947 2706 2095 2761 Sane

515 2811 651 2853 vero
681 2798 772 2853 ille
799 2799 929 2851 olim
954 2798 1094 2865 apud
1120 2795 1338 2851 Judaeos
1369 2797 1590 2865 sapiens
1613 2796 1921 2864 exciderat;
1952 2811 2096 2853 nunc

516 2899 696 2945 autem
726 2890 778 2944 in
798 2889 1053 2944 universa
1079 2896 1222 2943 terra
1255 2903 1352 2958 per
1375 2887 1577 2944 Christi
1607 2887 1899 2944 Ecclesiam
1932 2887 2093 2959 erigi-

515 2991 622 3046 tur,
654 2982 904 3038 fundatus
934 2996 1099 3051 supra
1145 2993 1375 3050 petram.
1413 2980 1478 3035 Hi
1523 2997 1651 3037 vero
1692 2991 1819 3036 sunt
1860 2982 2096 3050 pulchra:

511 3072 754 3131 civitatis
799 3071 1076 3142 praisules.
1121 3071 1337 3141 judices
1382 3079 1437 3123 et
1480 3070 1796 3132 consiliarii,
1845 3069 1936 3137 qui
1983 3069 2093 3123 ini.

514 3166 654 3220 tium
696 3166 765 3219 ab
816 3162 1075 3233 apostolis
1122 3170 1178 3217 et
1229 3161 1508 3232 discipulis
1562 3161 1864 3217 Salvatoris
1920 3160 2090 3215 nostri

517 3262 881 3324 acceperunt:
919 3267 985 3308 ex
1023 3267 1209 3308 eorum
1243 3266 1373 3308 vero
1403 3255 1751 3309 successione
1768 3253 2089 3318 etiamnum,

516 3346 751 3415 quasiet
778 3345 919 3400 bono
934 3346 1143 3401 semine
1168 3346 1273 3401 orti
1299 3346 1668 3417 resplendent,
1703 3346 1798 3402 Dei
1832 3345 2091 3401 Ecclesiae

514 3435 771 3505 praesides
804 3435 1110 3490 constituti.
1148 3436 1363 3491 Etenim
1409 3437 1500 3507 qui
1536 3437 1679 3507 apud
1712 3436 1879 3491 Deum
1914 3436 2090 3492 salute

515 3528 661 3596 digni
689 3526 910 3596 jndicati
937 3526 1157 3591 fuerint,
1193 3527 1253 3593 ii,
1289 3528 1491 3598 inquit,
1528 3528 1630 3583 soli
1670 3528 1940 3597 promissa
1963 3543 2090 3583 con-

515 3629 852 3687 sequentur:
890 3619 1015 3673 dum
1056 3617 1224 3673 Judaei
1255 3619 1459 3674 frustra
1502 3620 1878 3691 imaginantur
1922 3620 2090 3675 totius

516 3711 693 3779 gentis
722 3724 834 3765 suae
856 3710 1274 3765 conversionem
1307 3708 1442 3765 fore.
1472 3708 1874 3765 Liberationem
1910 3719 2119 3769 autem,

518 3817 547 3850 a
587 3800 900 3867 captivitate
951 3800 1354 3870 intelligendum
1407 3810 1484 3856 est
1552 3816 1669 3857 esse
1733 3802 2088 3856 mutationem

516 3891 818 3944 animarum
875 3892 944 3945 ab
983 3907 1167 3947 errore
1225 3892 1288 3947 ad
1324 3908 1505 3946 veram
1547 3893 1642 3947 Dei
1671 3894 2036 3964 cognitionem
2073 3913 2085 3947 :

517 3998 679 4051 quam
732 3981 981 4037 Salvator
1031 3983 1353 4050 declaravit,
1389 4000 1539 4047 cum,
1576 3994 1800 4053 accepto
1836 3986 1889 4038 in
1929 3999 2089 4054 syna-

518 4086 649 4141 goga
698 4072 905 4127 Hesaiae
945 4073 1105 4139 libro,
1160 4075 1407 4144 lectaque
1454 4074 1697 4129 clausula
1740 4089 1808 4129 ex
1858 4090 2087 4145 persona

516 4172 635 4239 ejus
670 4170 781 4224 hazc
808 4169 1125 4232 dieente’-;t
1174 4172 1412 4242 Spiritus
1442 4173 1654 4228 Domini
1684 4188 1852 4243 super
1885 4190 1989 4238 me,
2025 4190 2089 4230 eo

518 4259 661 4329 quod
714 4260 928 4313 unxerit
983 4275 1100 4326 me,
1142 4263 1519 4332 evangelizare
1568 4266 1895 4332 pauperibus
1941 4267 2089 4319 misit

520 4362 625 4413 tne,
660 4367 676 4397 ι
715 4359 832 4404 etc.
867 4388 882 4415 ,
924 4349 1185 4419 replicato
1230 4351 1371 4406 libro
1427 4353 1609 4406 intulit
1641 4370 1656 4409 :
1686 4372 1707 4405 ι
1749 4353 1921 4408 Hodie
1975 4356 2090 4409 lucc

519 4436 798 4507 Scriptura
833 4439 1051 4510 impleta
1096 4449 1180 4496 est
1232 4441 1286 4495 in
1332 4444 1553 4497 auribus
1583 4446 1799 4511 vestris,
1834 4464 1854 4497 ι
1890 4446 2088 4501 docens

518 4542 576 4581 se
602 4530 997 4598 redemptorem
1035 4533 1393 4586 humanarum
1431 4535 1737 4588 animarum
1762 4551 1904 4591 esse.

594 4793 752 4847 Vens.
786 4791 876 4848 28.
916 4812 934 4845 ι
971 4794 1037 4849 Ει
1064 4806 1418 4852 conterentur
1454 4800 1658 4870 iniqui,
1691 4812 1744 4855 et
1774 4814 2088 4870 peccatores

2198 1968 2291 2019 καὶ
2324 1967 2391 2019 τὰ
2422 1967 2657 2036 περισσὰ
2708 1966 2817 2019 τῶν
2838 1968 3254 2039 ὲκπατηθέντων
3290 1970 3531 2041 βοτρύων
3560 1970 3796 2045 ἀποβιρΓ

2192 2075 2408 2122 πτουσι,
2439 2058 2529 2110 τὸν
2592 2058 2752 2111 αὑτὸν
2785 2060 2984 2130 τρόπον
3013 2058 3188 2129 κάγὼ,
3231 2062 3383 2132 φησὶ,
3429 2061 3671 2133 πυρώσω
3711 2064 3798 2129 εις

2188 2148 2431 2220 καθαρὸν
2461 2148 2523 2202 τὸ
2554 2148 2889 2219 γιγαρτῶδές
2920 2168 3033 2205 σου.

2268 2258 2286 2289 t
2312 2239 2420 2292 Kal.
2456 2239 2596 2309 μετά
2623 2238 2797 2292 ταῦτα
2822 2239 3074 2313 κληθήσῃ
3106 2241 3257 2306 πόλις
3281 2242 3649 2314 δικαιοσύνης,
3690 2261 3800 2315 μη.

2190 2331 2440 2403 τρόπολις
2477 2331 2640 2401 πιστὴ
2672 2331 2837 2385 Σιών·
2884 2333 3022 2403 μετά
3055 2335 3161 2406 γὰρ
3194 2336 3461 2407 κρίματος
3488 2335 3799 2408 σωθήσεται

2193 2426 2226 2493 η
2258 2422 2601 2493 αίχμαλωσία
2636 2424 2829 2495 αὐτῆς.
2853 2442 2871 2474 ι
2902 2424 2980 2494 Τῇ
3024 2425 3164 2494 μετὰ
3196 2424 3371 2480 ταῦτα
3411 2428 3799 2502 συστησομένῃ

2193 2518 2344 2587 κοινῇ
2379 2515 2553 2582 πόλει,
2584 2514 2651 2585 ἦν
2674 2533 2795 2570 τινα
2824 2515 2921 2568 καὶ
2955 2515 3109 2569 πόλιν
3134 2516 3480 2588 δικαιοσύνης
3513 2518 3796 2588 ὀνομάζει,

2195 2608 2286 2661 καὶ
2316 2608 2644 2678 μητρόπολιν
2680 2608 2877 2678 πιστὴν
2907 2608 3069 2671 Σιὼν,
3102 2609 3247 2663 οὕτω
3274 2610 3587 2682 προσειπὼν
3616 2611 3679 2663 τὸ
3702 2612 3800 2664 σύ-

2196 2716 2376 2769 στημα
2416 2698 2511 2751 τοῦ
2555 2699 2837 2769 θεοφιλοῦς
2894 2700 3309 2771 πολιτεύματος.
3359 2702 3417 2754 Ὀ
3473 2701 3643 2755 πάλαι
3694 2702 3800 2772 μὲν

2195 2792 2413 2853 συνετὸς
2458 2790 2610 2861 παρά
2653 2790 2929 2855 Ἰουδαίοις
3004 2790 3366 2845 διεπεπτώκει
3389 2810 3401 2822 ·
3446 2791 3544 2847 νῦν
3577 2794 3635 2848 δὲ
3669 2793 3797 2848 καθ’

2194 2882 2321 2953 ὅλης
2342 2882 2441 2951 τῆς
2471 2883 2799 2952 οἰκουμένης
2820 2882 2909 2936 διὰ
2935 2883 3034 2953 τῆς
3057 2883 3150 2937 τοῦ
3181 2884 3419 2954 Χριστοῦ
3464 2885 3797 2956 Ἐκκλησίας

2196 2976 2490 3046 ἐγήγερται
2524 2972 2987 3044 τεθεμελιωμένος
3012 2975 3106 3028 ἐπὶ
3138 2975 3237 3047 τὴν
3273 2977 3501 3047 πέτραν.
3533 2977 3701 3030 Αὐτοὶ
3735 2976 3799 3030 δὲ

2194 3068 2293 3141 τῆς
2315 3066 2488 3137 καλῆς
2510 3066 2718 3130 πόλεως
2738 3069 2786 3120 οί
2810 3066 3174 3139 προεστῶτες,
3201 3070 3406 3139 κριταὶ,
3429 3069 3524 3122 καὶ
3551 3068 3799 3140 σύμϐου-

2194 3159 2297 3225 λοι,
2332 3160 2382 3212 0!
2413 3159 2589 3230 ἀρχὴν
2637 3159 2736 3229 μὲν
2770 3158 2878 3211 ἀπὸ
2906 3159 3016 3213 τῶν
3049 3160 3363 3215 ἀποστόλων
3400 3162 3495 3214 καὶ
3527 3160 3793 3231 μαθητῶν

2194 3252 2290 3307 τοῦ
2315 3253 2567 3323 Σωτῆρος
2591 3251 2751 3323 ἡμῶν
2776 3252 3058 3324 είλήφασιν
3080 3271 3092 3284 ’
3124 3255 3188 3307 ὲκ
3210 3255 3269 3308 δὲ
3302 3256 3401 3326 τῆς
3425 3256 3647 3310 ἐκείνων
3676 3254 3799 3311 διαρ-

2194 3342 2357 3415 δοχῆς
2406 3344 2572 3396 είσέτι
2606 3343 2700 3397 καὶ
2733 3342 2847 3409 νῦν,
2878 3343 3065 3416 ὥσπερ
3116 3346 3179 3399 ὲκ
3233 3346 3550 3419 σπέρματος
3582 3347 3798 3422 ἀγαθοῦ

2196 3432 2393 3503 φύντες
2420 3433 2839 3504 διαλάμπουσιν,
2864 3436 3117 3508 πρόεδροι
3145 3437 3244 3508 τῆς
3272 3437 3367 3490 τοῦ
3400 3439 3537 3493 Θεοῦ
3565 3441 3799 3513 Ἐκκλη-

2198 3527 2320 3592 σίας
2352 3527 2713 3591 καθεστῶτες.
2762 3529 2826 3582 Οί
2854 3529 2963 3601 γὰρ
2999 3530 3276 3602 σωτηρίας
3304 3528 3446 3597 ἄξιοι
3493 3532 3646 3604 παρὰ
3674 3532 3800 3604 Θεῷ

2194 3619 2492 3690 κριθέντες,
2510 3620 2661 3691 μόνοι
2676 3619 2979 3686 τεύξονται,
3001 3623 3156 3693 φησὶ,
3175 3625 3277 3694 τῆς
3304 3623 3662 3693 ἑπαγγελίας,
3682 3624 3799 3680 τῶν

2177 3709 2473 3765 ,Ἰουδαίων
2516 3712 2691 3781 μάτην
2734 3712 3155 3784 φανταζομένων
3188 3715 3523 3788 ἐπιστροφὴν
3574 3716 3798 3772 ἔσεσθαι

2194 3799 2287 3853 τοῦ
2313 3802 2513 3865 παντὸς
2534 3802 2718 3856 αὐτῶν
2738 3803 2945 3867 ἔθνους.
2974 3806 3367 3877 Αἰχμαλωσίας
3391 3807 3449 3862 δὲ
3478 3808 3798 3881 ἐλευθερίαν

2194 3891 2299 3963 χρὴ
2323 3894 2485 3956 νοεῖν,
2521 3894 2620 3965 τὴν
2650 3895 2759 3947 ἀπὸ
2784 3896 2884 3967 τῆς
2923 3898 3132 3971 πλάνης
3186 3901 3282 3954 ἐπὶ
3328 3900 3429 3972 τὴν
3482 3901 3659 3973 ἀληθῆ
3694 3903 3795 3958 τοῦ

2193 3983 2327 4037 Θεοῦ
2360 3984 2561 4053 γνῶσιν
2596 3986 2898 4059 μεταϐολὴν
2926 3991 3033 4044 τῶν
3058 3993 3244 4064 ψυχῶν
3268 4012 3280 4025 ·
3319 3995 3386 4066 ἦν
3413 3995 3505 4048 καὶ
3533 3997 3564 4049 ὁ
3598 3997 3796 4072 Σωτὴρ

2195 4074 2452 4147 παρίστη,
2485 4078 2719 4148 ὁπηνίκα
2761 4083 2819 4133 ἐν
2848 4084 2912 4153 τῇ
2938 4089 3228 4157 συναγωγῇ
3263 4086 3443 4140 λαϐὼν
3469 4090 3568 4159 τὴν
3605 4087 3791 4159 βίϐλον

2192 4164 2285 4218 τοῦ
2325 4167 2568 4235 Ἡσαΐου,
2595 4172 2694 4242 τήν
2716 4190 2775 4225 τε
2799 4176 3104 4247 περικοπὴν
3126 4178 3391 4246 ἀναγνοὺς
3413 4179 3511 4251 τὴν
3535 4183 3599 4234 ὲκ
3624 4198 3791 4252 προσ-

2192 4258 2340 4313 ώπου
2383 4262 2548 4316 αὑτοῦ
2584 4266 2867 4335 φήσασανσ
2917 4287 2934 4319 ι
2961 4269 3183 4341 Πνεῦμα
3217 4274 3423 4343 Κυρίου
3462 4276 3550 4327 ἐπ’
3575 4275 3694 4345 ἐμὲ,
3727 4267 3793 4328 οὗ

2193 4352 2396 4406 εἵνεκεν
2420 4353 2605 4425 ἐχρισέ
2630 4374 2716 4427 με,
2742 4360 3195 4429 εὐαγγελίσασθαι
3224 4367 3460 4434 πτωχοῖς
3481 4366 3793 4420 ἀπέσταλκέ

2196 4461 2261 4514 με
2284 4461 2297 4474 ·
2332 4446 2567 4517 κηρύξαι
2597 4450 2968 4519 αἰχμαλώτοις
3003 4453 3197 4521 ἄφεσιν
3221 4473 3233 4485 ·
3266 4475 3284 4508 ι
3324 4458 3417 4510 καὶ
3448 4457 3656 4524 πτύξας
3688 4459 3790 4530 τὴν

2121 4571 2163 4623 D
2194 4538 2392 4608 βίϐλον,
2429 4537 2551 4600 εἷπε
2574 4560 2587 4573 ·
2625 4562 2646 4595 ο
2669 4546 2917 4617 Σήμερον
2958 4550 2991 4618 ἡ
3027 4548 3217 4620 Γραφὴ
3260 4549 3398 4621 αὕτη
3430 4552 3791 4623 πεπλήρωται

2191 4631 2248 4681 ἐν
2267 4634 2377 4693 τοῖς
2406 4631 2538 4685 ὠσὶν
2567 4634 2721 4704 ὑμῶν
2742 4652 2754 4664 ·
2786 4657 2803 4688 ι
2832 4638 3099 4691 διδάσκων
3128 4640 3211 4710 δὴ,
3239 4640 3313 4704 ὡς
3344 4641 3503 4706 αὐτὸς
3530 4644 3613 4714 εἴη
3642 4645 3670 4696 ὁ
3692 4643 3788 4699 λυ-

2187 4724 2396 4793 τρωτὴς
2427 4726 2531 4778 τῶν
2564 4728 2921 4799 ἀνθρωπίνων
2944 4730 3153 4802 ψυχῶν.

2260 4835 2275 4865 ι
2306 4816 2415 4869 Καὶ
2450 4821 2896 4892 συντριϐήσονται
2929 4826 2976 4876 οἱ
3009 4825 3219 4894 ἄνομοι,
3254 4843 3346 4878 και
3375 4828 3422 4879 οἱ
3456 4827 3784 4898 ἁμαρτωλοὶ

518 4884 697 4951 simul,
720 4895 774 4939 et
794 4886 887 4955 qui
920 4887 1321 4957 dereliquerunt
1354 4891 1633 4947 Dominum
1659 4895 2034 4949 conﬁcienlur.
2063 4916 2081 4946 ›

2199 4909 2316 4979 ἱμα,
2353 4913 2448 4964 καὶ
2481 4915 2527 4965 οί
2557 4884 3013 4981 ἐγκαταλιπόντες
3054 4884 3145 4969 τὸΙν
3175 4916 3380 4991 Κύριον
3429 4884 3787 4992 συντελεσθή-

521 4976 624 5028 Sed
659 4976 723 5031 de
760 4977 934 5033 medio
966 4979 1231 5034 tollendos
1260 4998 1380 5038 esse
1413 4985 1489 5037 ait
1518 4987 1772 5053 nequitia:
1809 4988 2081 5042 doctores.

517 5067 744 5131 Quinam
779 5084 906 5123 vero
934 5072 968 5124 ii
1001 5083 1205 5136 essent,
1238 5074 1288 5127 in
1322 5076 1750 5143 praacedentibus
1778 5078 2088 5130 declaratur

519 5159 603 5211 his
635 5160 846 5213 verbis:
887 5179 905 5215 ι
936 5161 1026 5216 Va:
1046 5165 1190 5232 genti
1226 5166 1511 5232 peccatrici
1572 5168 1766 5236 unpulo
1798 5168 1955 5237 pleno
1983 5170 2085 5221 ini—

517 5252 757 5316 quitatis.
798 5271 815 5302 ι

592 5342 865 5397 \"sas.‘29.
914 5363 932 5393 ι
975 5346 1107 5408 Quia
1163 5349 1562 5403 confundantur
1592 5367 1753 5421 super
1792 5352 1929 5405 idola
1962 5368 2083 5418 sua,

521 5445 637 5495 quae
685 5434 785 5502 ipsi
840 5437 1113 5501 volebant,
1153 5448 1209 5492 et
1242 5440 1645 5495 confundentur
1691 5458 1853 5511 super
1897 5445 2082 5497 hortos

520 5539 667 5587 suos,
701 5542 835 5593 quos
870 5532 1312 5597 concupiverunt.
1344 5553 1361 5585 ι
1394 5533 1658 5590 Caeterum
1690 5537 1910 5603 pudoris
1961 5552 2083 5590 sen-

590 5621 608 5646 ⁹⁴
646 5619 777 5683 Luc,
814 5636 878 5688 tv,
922 5629 1009 5689 18,
1039 5625 1129 5679 2|.

590 5734 846 5828 ςβληῐίέοο
898 5734 1313 5809 interpretatio,
1380 5752 1515 5801 teste
1594 5744 1958 5817 Hieronymo,
2011 5758 2091 5805 est
2156 5752 2539 5815 Theodotionis
2588 5779 2602 5828 ;

519 5809 749 5861 videtur.

2192 5016 2391 5057 σονται.
2430 5022 2446 5053 ›
2497 5003 2635 5056 Ἀλλ’
2668 5006 2913 5058 ἐκποδὼν
2960 5006 3205 5074 γίνεσθαι
3231 5009 3358 5071 τοὺς
3387 5009 3485 5079 τῆς
3517 5011 3788 5081 πονηρίας

2188 5092 2559 5159 διδασκάλους.
2591 5096 2747 5160 Τίνες
2801 5098 2857 5150 δὲ
2891 5093 3030 5168 ἦσαν
3074 5094 3237 5160 οὗτοι,
3286 5088 3525 5165 ἐδίδαξεν
3567 5101 3594 5152 ὁ
3626 5100 3788 5169 λόγος

2188 5183 2273 5237 διὰ
2300 5184 2410 5237 τῶν
2441 5187 2769 5257 ἔμπροσθεν,
2802 5188 2970 5243 εἰπών
2991 5207 3002 5218 ·
3044 5210 3062 5241 ι
3086 5191 3221 5243 Ούαὶ
3252 5192 3402 5254 ἔθνος
3422 5193 3749 5262 ἀμαρτωλόν
3768 5213 3781 5226 ·

2189 5272 2312 5339 λαὸς
2342 5263 2554 5349 πλήρης
2584 5275 2829 5347 ἀνομίας.
2859 5297 2876 5329 ι

2263 5389 2279 5418 ι
2307 5370 2451 5422 Διότι
2480 5371 3029 5443 καταισχυνθήσονται
3064 5374 3158 5425 ἐπὶ
3180 5377 3292 5435 τοῖς
3320 5372 3558 5437 εἰδώλοις
3575 5373 3782 5438 αὐτῶν,

2189 5460 2223 5513 ἂ
2261 5462 2411 5515 αὐτοὶ
2442 5462 2754 5532 ἠϐούλοντο,
2814 5466 2908 5517 καὶ
2954 5466 3476 5535 ἐπαισχυνθήσονται
3529 5468 3620 5518 ἐπὶ
3669 5470 3786 5530 τοῖς

2193 5552 2385 5620 κήποις
2438 5552 2637 5619 αὐτῶν,
2672 5553 2706 5606 ἃ
2733 5554 3109 5626 ἐπεθύμησαν.
3140 5577 3156 5605 ι
3215 5556 3358 5627 Πλὴν
3396 5558 3487 5609 ἐπὶ
3534 5560 3645 5619 τοῖς
3696 5559 3785 5609 αἱ·-

2658 5775 2825 5829 quare
2902 5762 3108 5834 Aquila:
3187 5781 3382 5822 nomen
3468 5769 3764 5840 irrepsisse
