4014 6396
201 415 303 468 101

1202 409 1710 469 COMMENTARIA
1754 410 1821 466 IN
1863 410 2118 467 lSAIAM.
2155 441 2220 453 —
2261 408 2416 465 CAP.
2454 409 2522 467 11.

3423 416 3526 472 1οΞ

199 535 394 604 σχροίς
426 533 663 603 αίσχύνη
691 532 756 585 ἐκ
793 532 1204 603 συναισθήσεως
1242 532 1426 594 αὐτοῖς
1458 531 1792 602 ἐγγενομένη

1926 544 2043 593 sus,
2078 543 2238 598 quem
2273 529 2341 584 de
2364 528 2525 585 foedis
2553 527 2670 584 suis
2699 529 2870 597 gestis
2895 532 3210 602 percepturi
3241 543 3389 602 sunt,
3416 535 3525 592 im-
3581 593 3590 610 ί

193 626 304 698 τῆς
348 627 717 697 ἀναισχύντου
746 627 842 680 καὶ
873 624 1126 689 ἀναιδοῦς
1179 626 1556 697 προαιρέσεως
1588 624 1792 696 μεταϐο

1921 622 2144 691 pudenti
2161 631 2217 678 et
2235 621 2609 678 inverecunda
2630 627 2824 679 eorum
2849 624 3138 694 proposito
3159 636 3523 684 mutationem

192 717 304 792 λὴν
330 720 520 784 αὐτοῖς
549 718 776 790 ἔμελλεν
799 721 1143 790 ἐμποιήσειν.

271 831 294 865 c
315 813 574 866 Ἔσονται
592 813 701 885 γὰρ
717 811 793 874 ὡς
818 809 1133 884 τερέϐινθος
1153 810 1566 883 ἀποϐεϐληκυῖα
1596 813 1667 867 τά
1691 812 1816 883 φύλ-

187 903 282 969 λα,
327 905 425 959 καὶ
460 905 538 968 ὼς
569 905 901 976 παράδεισος
947 902 1091 975 ὕδωρ
1126 903 1200 974 μὴ
1258 903 1429 974 ἔχων·
1455 923 1474 956 ›
1539 908 1588 958 oi
1645 905 1814 960 πάλαι

185 997 356 1061 ὅντες
386 996 648 1068 ἀμπελὼν
688 996 898 1067 Κυρίου
938 995 1187 1061 Σαϐαὼθ,
1235 997 1331 1049 καὶ
1364 995 1520 1049 ἐλαία
1572 995 1810 1062 εῦσκιος.

184 1091 256 1144 El
295 1090 434 1158 γοῦν
452 1107 541 1153 τις
571 1089 830 1142 θεάσαιτο
855 1088 955 1152 τάς
979 1089 1107 1160 παρ’
1132 1088 1318 1153 αὐτοῖς
1339 1088 1448 1142 τῶν
1479 1089 1644 1143 θείων
1670 1091 1812 1163 Γρα-

185 1183 320 1253 φῶν
353 1182 709 1251 ἐπαγγελίας,
757 1180 1001 1253 νομικῶν
1034 1198 1094 1234 τε
1129 1183 1220 1234 καὶ
1255 1183 1614 1253 προφητικῶν
1665 1185 1809 1257 Γραὲ

187 1275 322 1346 φῶν
355 1276 716 1345 ἀναγνώσεις,
748 1274 946 1345 βίϐλων
979 1291 1037 1328 τε
1085 1274 1373 1347 ἱστορικῶν
1409 1277 1502 1329 καὶ
1535 1278 1810 1350 στιχηρῶν

183 1369 381 1436 λόγον,
414 1369 695 1440 ύμνῳδίας
724 1386 783 1422 τε
810 1369 1067 1441 τρόπους,
1101 1369 1194 1422 καὶ
1228 1368 1550 1440 ψαλμῳδίας
1570 1388 1582 1399 ·
1621 1361 1808 1440 ὄψεται

183 1460 536 1530 παράδεισον
561 1459 800 1532 ἀληθῶς,
851 1461 945 1513 καὶ
976 1459 1219 1530 λειμῶνα
1249 1462 1522 1516 παντοίων
1563 1463 1804 1532 ἀγαθῶν.

181 1550 249 1604 El
281 1551 343 1604 δὲ
379 1550 638 1622 ζητήσειε
686 1551 820 1622 παρ’
850 1551 1032 1615 αὐτοῖς
1059 1551 1152 1604 τὸν
1193 1551 1436 1623 ἔμψυχον
1463 1553 1558 1606 καὶ
1584 1553 1807 1625 γόνιμον

180 1645 286 1698 καὶ
320 1643 501 1708 ζῶντα
537 1644 730 1711 Λόγον,
759 1639 822 1696 οῦ
848 1645 879 1696 ὅ
905 1643 1074 1697 πίνων
1104 1644 1285 1716 πηγὴν
1315 1645 1425 1711 ἕξει
1455 1644 1645 1707 ὓδατος
1671 1646 1806 1711 ζῶν-

177 1752 276 1800 τος
308 1735 609 1806 ἁλλομένου
645 1738 726 1799 εἰς
754 1734 899 1807 ζωὴν
926 1734 1142 1790 αἰώνιον
1167 1755 1179 1766 ο
1207 1737 1306 1790 οὐκ
1337 1738 1402 1790 ἂν
1424 1737 1595 1810 εὖροι.

261 2019 284 2052 s
312 2001 428 2055 Kal.
459 1999 614 2054 ἔσται
647 2004 680 2073 ἡ
720 2001 1082 2074 ίσχὺςζαύτῶν
1113 2005 1189 2067 ὡς
1223 2005 1446 2077 καλάμη
1472 2009 1795 2074 στυππείου,

179 2093 280 2146 καὶ
330 2095 389 2146 αί
431 2093 690 2166 ἐργασίαι
728 2095 908 2149 αὐτῶν
933 2096 1009 2160 ὡς
1040 2098 1338 2170 στεινθίρες
1364 2116 1377 2128 ·
1403 2098 1498 2151 καὶ
1525 2116 1800 2153 κατακαυ-

180 2185 450 2255 θήσονται
473 2188 524 2240 οί
556 2188 771 2260 ἄνομοι,
805 2189 899 2243 καὶ
925 2191 976 2242 οἱ
998 2191 1320 2263 ἁμαρτωλοὶ
1370 2193 1488 2264 ἅμα
1513 2211 1526 2224 °
1569 2195 1665 2247 καὶ
1699 2196 1799 2248 οὐκ

180 2271 340 2326 ἔσται
369 2276 400 2326 ό
428 2274 658 2327 σϐἐσων.
686 2295 704 2326 ι
741 2275 817 2328 Οὐ
848 2275 1018 2340 σίτου,
1043 2276 1165 2330 ούδέ
1197 2295 1340 2341 τινος
1367 2280 1556 2351 ἐτέρου
1592 2279 1700 2334 τῶν
1731 2282 1796 2334 ἁ-

181 2366 466 2434 ναγκαίων
491 2366 740 2439 καλάμη,
768 2367 859 2421 διὸ.
891 2368 948 2421 τὸ
968 2370 1282 2443 ἀφῃρῆσθαι
1305 2372 1401 2425 ἀπ’
1432 2370 1614 2424 αὐτῶν
1644 2373 1796 2444 ίσχύ-

179 2474 312 2510 οντα
341 2459 439 2511 καὶ
477 2459 792 2529 ἰσχύουσαν,
849 2459 944 2513 καὶ
991 2463 1146 2532 ίσχὺν
1173 2462 1363 2533 ἄρτου,
1419 2463 1513 2516 καὶ
1544 2462 1617 2517 τά
1644 2464 1794 2534 ἑξῆς.

178 2549 274 2601 Διὸ
298 2548 424 2602 οὐδὲ
475 2549 735 2604 δύνανται
778 2550 959 2619 λέγειν
1000 2555 1117 2616 τοῖς
1160 2553 1396 2624 Χριστοῦ
1443 2555 1716 2628 μαθηταῖς
1743 2559 1798 2610 ό-

183 2641 356 2710 μοίως
379 2657 394 2671 '
449 2664 468 2691 ι
493 2641 682 2698 Πάντα
719 2644 978 2714 ίσχύομεν
1003 2646 1062 2698 ἐν
1108 2644 1186 2716 τῷ
1218 2647 1608 2720 ἐνδυναμοῦντι
1649 2649 1796 2720 ἡμᾶς

179 2732 330 2804 Θεῷ·
357 2754 377 2786 ι
413 2737 534 2801 καὶ,
572 2755 590 2787 ι
610 2736 709 2800 Τίς
754 2739 903 2808 ἡμᾶς
925 2739 1150 2812 χωρίσει
1187 2741 1296 2794 ἀπὸ
1323 2741 1422 2813 τῆς
1447 2743 1675 2816 ἀγάπης
1699 2744 1794 2798 τοῦ

177 2827 461 2901 Χριστοῦ;
497 2827 736 2902 θλίψιςῆ
772 2833 1141 2904 στενοχωρίας
1171 2852 1189 2886 ι
1226 2835 1320 2888 καὶ
1347 2834 1417 2889 τά
1451 2835 1601 2908 ἑξῆς.
1638 2839 1795 2892 Οὕτω

178 2920 234 2974 ἃ
256 2921 487 2991 γέγονεν
517 2922 697 2976 αὐτῶν
746 2923 782 2995 ὴ
814 2925 968 2996 ἰσχὺς
999 2924 1076 2990 ὡς
1101 2926 1324 2999 καλάμη
1363 2931 1686 2996 στυππείου,
1719 2933 1795 2997 ὡς

183 3016 260 3088 μὴ
313 3018 481 3088 μόνον
514 3016 779 3072 ἀπολέσαι
810 3019 911 3090 τὴν
959 3019 1302 3092 ἐλευθερίαν,
1348 3016 1468 3095 ἐνῇ
1527 3025 1794 3097 πρότερον

180 3110 421 3181 ἐκόμων,
473 3109 774 3183 αὐτονομίᾳ
815 3111 912 3165 καὶ
969 3111 1218 3184 βασιλείᾳ
1269 3113 1444 3186 οἰκείᾳ
1493 3113 1791 3187 χρώμενοι,

1921 711 2132 767 ali'eret.

1990 804 2154 860 Vens.
2185 805 2276 863 50.
2313 821 2334 859 ι
2359 805 2531 860 Erunt
2559 806 2704 862 enim
2738 807 2880 863 sieut
2914 809 3256 865 terebinthus
3281 810 3522 868 deﬂuen-

1919 895 2064 952 tibus
2123 896 2286 967 foliis,
2346 906 2402 953 et
2466 900 2607 955 sicut
2648 901 2940 969 paradisus
2981 903 3100 957 sine
3133 919 3273 973 aqua
3311 923 3325 958 :
3366 925 3385 958 ι
3426 910 3518 977 qui

1915 988 2048 1043 olim
2074 999 2232 1044 erant
2261 990 2422 1046 vinea
2447 990 2664 1048 Domini
2695 992 2962 1057 Sabaoth,
2986 1004 3042 1047 et
3069 995 3210 1051 oliva
3238 999 3516 1055 umbrosa.

1918 1078 1977 1135 Si
2014 1081 2138 1150 quis
2169 1083 2318 1136 enim
2352 1085 2659 1153 respexerit
2682 1085 2747 1138 ad
2779 1087 3050 1156 promissa
3079 1105 3200 1158 quae
3240 1090 3293 1143 in
3322 1091 3520 1149 divinis

1916 1169 2219 1242 Scripturis
2243 1189 2412 1244 penes
2440 1175 2560 1231 illos
2586 1177 2883 1243 habentur,
2917 1181 2985 1234 ad
3028 1178 3279 1252 legalium
3311 1193 3367 1237 et
3387 1199 3516 1254 pro-

1912 1264 2258 1333 pheticarum
2310 1264 2732 1338 Scripturarum
2782 1270 3086 1338 lectiones,
3134 1274 3198 1327 ad
3251 1274 3515 1332 librorum

1914 1366 2025 1412 tam
2077 1357 2488 1424 historicorum,
2528 1375 2693 1429 quam
2741 1365 3094 1418 metricorum
3149 1376 3502 1433 concentum,

1911 1447 2102 1502 modos
2126 1456 2180 1501 et
2203 1447 2565 1517 psalmodias,
2596 1452 2643 1506 is
2671 1468 2799 1508 vere
2830 1457 3167 1523 paradisum,
3202 1467 3256 1513 et
3283 1471 3506 1527 pratum

1911 1537 2070 1594 bonis
2095 1540 2351 1596 omnibus
2397 1541 2664 1610 repletum
2702 1544 2904 1600 videat.
2936 1548 3093 1614 Quod
3125 1549 3172 1604 si
3204 1554 3327 1618 quis
3357 1552 3504 1621 apud

1909 1626 2030 1682 illos
2051 1628 2375 1693 animatum,
2403 1629 2583 1687 fertile
2613 1647 2680 1686 ac
2712 1635 2907 1689 vivens
2935 1638 3174 1693 Verbum
3207 1642 3510 1709 quaesierit,

1907 1735 1972 1775 ex
2029 1736 2139 1791 quo
2196 1723 2447 1793 quisquis
2500 1726 2747 1792 biberit,
2811 1728 3036 1785 habebit
3094 1729 3300 1789 fontem
3354 1748 3512 1803 aqua

1911 1814 2076 1877 vivze,
2110 1813 2362 1871 salientis
2414 1817 2468 1870 in
2517 1819 2688 1873 vitam
2729 1829 3027 1889 aeternam;
3066 1825 3386 1896 neutiquam
3419 1827 3508 1882 in-

1839 1889 1882 1943 Β
1912 1906 2115 1961 veniat.

1975 1996 2143 2054 Vsus.
2167 1999 2261 2057 51.
2293 2019 2314 2055 ι
2349 2001 2417 2058 Et
2451 2001 2558 2058 erit
2601 2000 2867 2060 fortitudo
2892 2005 3111 2061 illorum
3152 2017 3214 2062 ut
3260 2006 3508 2066 calamus

1902 2100 2115 2162 stuppae
2145 2104 2199 2149 et
2225 2108 2364 2163 opus
2390 2111 2581 2151 eorum
2613 2106 2669 2150 ut
2699 2098 2992 2153 scintillae:
3019 2109 3075 2153 et
3109 2101 3507 2157 comburenlur

1902 2182 2076 2252 iniqui
2124 2193 2180 2240 et
2225 2197 2544 2256 peccatores
2582 2188 2766 2254 simul,
2808 2199 3002 2245 etnon
3035 2193 3252 2264 eritqui
3292 2195 3506 2250 exstin-

1901 2285 2051 2346 guat.
2093 2294 2111 2328 ι
2141 2275 2260 2332 Non
2303 2277 2599 2346 frumenti,
2640 2287 2738 2335 aut
2785 2281 3016 2341 alterius
3066 2283 3370 2354 cujuspiam
3407 2301 3503 2341 ne-

1902 2370 2164 2425 cessaria:
2218 2370 2320 2436 rei,
2379 2369 2628 2426 calamus
2654 2413 2668 2437 ,
2710 2371 2841 2442 quia
2896 2357 3114 2431 ablatus
3161 2386 3248 2431 est
3285 2378 3355 2432 ab
3393 2377 3505 2433 illis

1901 2459 2164 2517 robustus
2188 2473 2244 2518 et
2285 2463 2534 2528 robusta,
2578 2464 2746 2519 robur
2799 2466 2977 2534 panis,
3009 2475 3114 2521 etc.
3157 2467 3284 2524 ideo
3321 2470 3506 2524 dicere

1899 2555 2429 2625 nequeuntperinde
2464 2565 2630 2628 atque
2660 2557 2868 2614 Christi
2910 2558 3169 2630 discipuli
3199 2581 3210 2616 :
3245 2579 3264 2612 ι
3303 2559 3501 2616 Omnia

1899 2661 2189 2717 possumus
2241 2647 2295 2702 in
2333 2661 2418 2714 eo,
2473 2648 2566 2717 qui
2616 2663 2716 2704 nos
2754 2649 3029 2704 confortat
3081 2651 3193 2706 Deo
3230 2652 3312 2718 ξος
3351 2670 3371 2703 ι
3401 2661 3498 2707 et:

1905 2758 1924 2791 ι
1957 2739 2092 2807 Quis
2121 2754 2225 2795 nos
2257 2740 2536 2810 separabit
2557 2755 2586 2794 a
2625 2741 2896 2797 charitate
2919 2742 3173 2799 Christi?
3201 2745 3502 2814 tribulatio,

1899 2847 1966 2885 an
2005 2831 2255 2902 angustia
2304 2831 2404 2883 “7
2445 2853 2466 2883 ι
2516 2840 2571 2886 et
2620 2840 2840 2886 caetera.
2893 2832 2967 2887 lta
3021 2848 3188 2904 porro
3239 2834 3506 2891 fortitudo

1898 2939 2087 2980 eorum
2125 2932 2186 2977 ut
2225 2922 2474 2978 calamus
2497 2933 2707 2993 stuppa:
2747 2925 2888 2978 facta
2929 2935 3054 2989 est;
3107 2935 3164 2979 ut
3196 2939 3302 2980 non
3333 2929 3496 2982 modo

1898 3014 2238 3080 libertatem,
2267 3029 2373 3084 qua
2423 3014 2577 3084 prius
2602 3016 2824 3085 proprio
2841 3017 2967 3086 jure
2992 3032 3056 3073 ac
3087 3033 3261 3088 regno
3285 3029 3503 3075 utentes

1895 3106 2181 3171 ﬂorebant,
2210 3106 2485 3160 amittere.
2516 3115 2570 3171 ι,
2603 3109 2699 3162 sed
2727 3107 2892 3162 etiam
2924 3108 3209 3180 quibusvis
3238 3108 3503 3168 Romanis

177 3201 318 3257 ἀλλά
344 3202 446 3255 καὶ
479 3204 596 3266 τοῖς
617 3200 844 3273 τυχοῦσι
886 3199 1177 3274 Ῥωμαίων
1207 3203 1571 3276 στρατιώταις
1596 3207 1792 3278 ἀνδρά-

1903 3195 2164 3252 militibus
2191 3197 2488 3254 servirent.
2513 3195 2716 3251 Eorum
2740 3197 2944 3268 quippe
2964 3213 3133 3270 opera
3159 3200 3302 3274 ignis
3328 3215 3497 3256 causa

177 3312 232 3348 σι
265 3293 562 3349 δουλεύειν.
597 3295 710 3349 Καὶ
733 3293 914 3348 αὐτῶν
939 3292 1051 3366 γὰρ
1075 3297 1132 3348 αἱ
1157 3296 1411 3365 ἐργασίαι
1440 3299 1573 3370 πυρὶ
1599 3299 1791 3364 αῐτιαι,

176 3387 277 3440 ἅτε
316 3386 380 3440 ού
414 3386 620 3459 χρυσὸν
637 3386 760 3440 οὐδὲ
795 3386 1037 3458 ἄργυρον
1070 3387 1193 3441 οὐδὲ
1224 3386 1407 3451 λίθους
1440 3389 1678 3459 τιμίους,
1706 3389 1796 3456 ξύ-

176 3477 269 3533 λον
311 3477 369 3533 δὲ
404 3479 568 3549 μόνον
609 3479 704 3533 καὶ
737 3478 993 3550 καλάμην
1025 3479 1476 3552 οίκοδομούντων.
1531 3482 1698 3554 Ὁρᾷς
1740 3485 1796 3536 ὃς

180 3588 300 3633 πως
343 3570 694 3643 πυρπόλησιν
741 3571 839 3624 καὶ
891 3573 1221 3643 ἐμπρησμὸν
1268 3573 1487 3627 ἀπειλεῖ
1539 3575 1723 3639 αὐτοῖς
1765 3577 1795 3628 ὁ

176 3663 337 3731 λόγος
365 3679 378 3692 ·
435 3663 532 3716 καὶ
569 3662 730 3716 τοῦτο
758 3662 912 3727 τέλος
970 3664 1069 3735 τῆς
1121 3665 1403 3735 παρούσης
1456 3666 1579 3719 κατ’
1611 3665 1793 3720 αὐτῶν

178 3755 553 3828 προφητείαςο
582 3756 611 3809 ὃ
646 3756 710 3828 δὴ
744 3757 840 3811 καὶ
863 3757 1209 3829 παραχρῆμα
1236 3757 1374 3829 πρὸς
1406 3757 1550 3821 λέξιν
1585 3758 1788 3830 ἀπέϐη,

176 3847 277 3901 καὶ
309 3847 412 3900 οὐκ
449 3848 535 3911 είς
574 3846 794 3919 μακρὰν
827 3847 968 3919 μετά
996 3847 1095 3919 τὴν
1126 3847 1266 3901 κατά
1314 3847 1410 3901 τοῦ
1445 3848 1699 3919 Σωτῆρος
1726 3852 1790 3920 ὴ-

181 3937 300 4010 μῶν
328 3939 538 4010 τόλμαν
561 3937 1006 4011 πυρποληθείσης
1033 3940 1218 4004 αὐτοῖς
1249 3939 1352 4008 τῆς
1376 3941 1785 4013 μητροπόλεως,

176 4032 290 4085 τῶν
321 4048 384 4085 τε
433 4033 495 4085 ἐν
529 4032 669 4103 αὐτῇ
714 4031 928 4086 ἀσεϐῶν
971 4035 1035 4086 ἐκ
1063 4033 1171 4086 τῶν
1203 4032 1420 4088 οἰκείων
1468 4033 1787 4107 σπινθήρων

177 4123 240 4177 τὺ
269 4124 540 4180 ἄσϐεστον
567 4124 681 4196 πῦρ
726 4125 789 4178 τὸ
819 4125 1056 4188 αἰώνιον,
1096 4126 1192 4179 καὶ
1219 4126 1319 4195 τὴν
1345 4128 1410 4180 ἐκ
1448 4125 1584 4181 Θεοῦ
1618 4128 1786 4199 ὀργὴν

177 4219 238 4271 ἐν
257 4217 447 4289 ἡμέρᾳ
467 4217 641 4288 ὀργῆς
672 4219 854 4282 αὐτοῖς
873 4221 1346 4292 ταμιευσαμένων.

732 4309 1132 4362 ΚΕΦΛΛΛῘΟΝ
1169 4310 1244 4364 B'.

252 4420 272 4452 ι
295 4401 353 4455 ὀ
380 4399 544 4470 λόγος
570 4401 600 4452 ό
631 4400 922 4470 γενόμενος
955 4401 1107 4473 παρά
1139 4401 1348 4475 Κυρίου
1377 4404 1516 4473 πρὸς
1555 4404 1784 4460 Ἡσαΐαν

176 4493 293 4548 υἱὸν
321 4492 508 4564 Ἀμὼς
531 4494 661 4564 περὶ
692 4494 788 4564 τῆς
819 4493 1078 4553 Ἰουδαίας
1099 4495 1193 4547 καί
1228 4495 1357 4566 περὶ
1389 4497 1781 4567 Ἰερουσαλήμο

1902 3283 2174 3341 fuerunt:
2216 3286 2420 3357 quippe
2457 3286 2552 3356 qui
2591 3301 2699 3341 non
2741 3303 2975 3356 aurum,
3024 3305 3133 3345 non
3189 3301 3499 3361 argentum,

1899 3393 2008 3434 non
2047 3376 2260 3448 lapides
2291 3379 2592 3450 pretiosos,
2622 3379 2719 3434 sed
2763 3379 2973 3452 lignum
3017 3390 3227 3436 tantum
3253 3391 3309 3437 et
3348 3382 3501 3440 cala-

1900 3486 2048 3526 mum
2099 3469 2464 3529 aedilicareut.
2504 3470 2692 3528 Viden’
2719 3471 2995 3542 quomodo
3035 3473 3287 3531 ﬂammas
3322 3486 3377 3532 et
3410 3476 3501 3534 il-

1899 3562 2150 3617 cendium
2192 3563 2561 3617 commlnetur
2585 3563 2761 3634 ipsis?
2786 3563 2850 3618 Et
2880 3564 2969 3622 hic
2991 3564 3116 3620 linis
3143 3573 3230 3621 est
3266 3581 3502 3637 prasen-

1899 3653 1968 3710 tis
2008 3663 2202 3709 contra
2245 3653 2370 3709 illos
2425 3653 2753 3724 prophetiae,
2801 3653 2961 3723 cujus
3007 3667 3236 3713 eventus
3285 3657 3496 3725 statim,

1897 3764 2075 3820 neque
2114 3749 2190 3804 ita
2222 3748 2394 3803 multo
2422 3757 2546 3818 post
2591 3757 2972 3820 perpetratum
3018 3760 3210 3807 contra
3243 3750 3498 3811 Salvato-

1895 3858 2011 3897 rem
2058 3851 2311 3898 nostrum
2370 3841 2602 3906 facinus,
2658 3841 2727 3896 ad
2778 3841 3018 3898 litteram
3069 3845 3317 3915 contigit,
3369 3861 3494 3901 cum

1893 3951 2084 3991 eorum
2116 3935 2438 4005 metrOpolis
2463 3937 2718 3993 incendio
2749 3940 2946 3994 tradita
2979 3949 3082 4003 est,
3123 3949 3178 3996 et
3218 3942 3368 4011 impii
3393 3943 3461 3997 lio

1894 4027 2072 4081 mines
2107 4027 2162 4081 in
2191 4041 2253 4082 ea
2300 4038 2716 4083 commorantes
2760 4043 2829 4084 ex
2877 4031 3129 4084 scintillis
3169 4031 3282 4085 suis
3311 4033 3490 4101 ignem

1892 4122 2397 4194 inexstinguibilem
2427 4139 2491 4179 ac
2529 4133 2794 4179 a‘teruum
2820 4165 2837 4188 ,
2878 4125 3128 4196 iramque
3166 4125 3263 4182 Dei
3307 4126 3364 4181 in
3401 4127 3494 4183 die

1893 4219 1987 4273 irae
2019 4215 2122 4273 sibi
2155 4216 2603 4271 recondiderunt.

2512 4306 2746 4364 CAPUT
2791 4307 2855 4362 ll.

1965 4401 2130 4456 Vens.
2164 4400 2284 4454 1-4.
2327 4417 2348 4450 ι
2393 4397 2630 4451 Verbum
2662 4399 2805 4468 quod
2835 4399 3039 4454 factum
3073 4408 3156 4455 est
3187 4415 3217 4454 a
3257 4398 3490 4455 Domino

1890 4493 1957 4548 ad
1987 4493 2238 4548 Hesaiam
2264 4492 2434 4546 lilium
2458 4493 2623 4546 Amos
2643 4493 2786 4546 circa
2815 4491 3055 4547 Jndream
3075 4489 3484 4548 etJerusalem:
3537 4482 3547 4494 ’

174 4589 258 4642 ὅτι
289 4588 444 4641 ἔσται
471 4590 530 4641 ἐν
562 4589 684 4650 ταῖς
718 4586 976 4656 ἐσχάταις
1017 4587 1253 4658 ἡμέραις
1287 4588 1527 4657 ἐμφανὲς
1563 4588 1624 4640 τὸ
1656 4588 1783 4660 ὅρος

1903 4587 2018 4653 1uia
2075 4587 2184 4640 erit
2240 4585 2293 4640 iu
2353 4585 2675 4641 novissimis
2699 4585 2894 4640 diebus
2945 4585 3276 4654 conspicuus
3329 4600 3488 4640 mons

175 4681 270 4734 τοῦ
298 4679 532 4752 Κυρίου,
570 4679 722 4732 καὶὴ
771 4675 919 4742 οἶκος
963 4678 1056 4731 τοῦ
1083 4679 1218 4732 Θεοῦ
1248 4679 1334 4731 ἐπ’
1369 4671 1554 4749 ἄκρων
1582 4681 1691 4734 τῶν
1725 4683 1780 4733 ό-

180 4775 338 4842 ρέων,
375 4773 474 4826 καί⁵
516 4770 865 4841 ὑψωθήσεται
895 4770 1148 4842 ὑπεράνω
1183 4769 1294 4823 τῶν
1331 4770 1556 4840 βουνῶν,
1590 4773 1683 4824 καὶ
1718 4774 1780 4842 ἥ-

177 4868 361 4934 ξουσιν
387 4865 475 4918 ἐπ’
501 4863 636 4918 αὐτὸ
665 4863 840 4916 πάντα
862 4862 930 4915 τὰ
952 4861 1080 4933 ἔθνη
1129 4863 1240 4916 Καὶ
1268 4862 1623 4934 πορεύσονται
1652 4864 1778 4934 ἔθνη

178 4956 372 5021 πολλὰ,
402 4955 499 5007 καὶ
538 4953 756 5026 ἐροῦσι·
798 4953 984 5016 Δεῦτε,
1021 4955 1114 5007 καὶ
1138 4952 1430 5023 ἀναδῶμεν
1451 4956 1532 5018 είς
1557 4955 1617 5008 τὸ
1650 4957 1772 5028 ὄρος

180 5049 411 5121 Κυρίου,
436 5048 528 5099 καὶ
554 5047 632 5110 εἰς
660 5045 752 5099 τὸν
778 5041 926 5099 οἷκον
950 5044 1043 5098 τοῦ
1064 5044 1200 5098 Θεοῦ
1229 5044 1422 5098 Ἰακώϐ
1444 5063 1454 5074 ·
1493 5047 1588 5099 καὶ
1610 5048 1776 5116 ἀναγ-

178 5142 327 5210 γελεῖ
360 5143 496 5211 ἡμῖν
526 5139 623 5209 τὴν
655 5138 774 5192 ὁδὸν
804 5138 991 5203 αὐτοῦ,
1039 5141 1133 5192 καὶ
1167 5139 1547 5208 πορευσόμεθα
1589 5142 1647 5194 ἐν
1681 5142 1776 5194 αὑ-

298 5237 396 5288 Ἐκ
424 5232 536 5304 γὰρ
566 5232 704 5285 Σιὼν
751 5231 1090 5297 ἐξελεύσεται
1125 5234 1308 5304 νόμος,
1344 5235 1437 5288 καὶ
1474 5235 1633 5304 λόγος
1662 5238 1777 5289 Κυ-

184 5328 300 5398 ρίου
341 5325 404 5393 ἐξ
450 5325 824 5396 Ἰερουσαλήμ.
876 5325 984 5378 Καὶ
1027 5328 1204 5396 κρινεῖ
1237 5324 1340 5378 ἀνὰ
1377 5329 1541 5396 μέσον
1592 5328 1700 5380 τῶν
1731 5331 1786 5381 ὲ-

182 5415 345 5482 θνῶν,
375 5415 473 5469 καὶ
493 5413 763 5483 ἐξελέγξει
788 5414 915 5467 λαὸν
945 5414 1111 5468 πολὺν
1143 5415 1322 5478 αὑτός.
1351 5436 1369 5468 ι
1400 5417 1572 5479 Λύτὸς
1605 5417 1661 5470 δὲ
1691 5418 1784 5470 καὶ

181 5509 452 5580 διέκρινεν
472 5508 579 5562 ζινά
610 5508 772 5579 μέσον
793 5507 903 5560 τῶν
945 5506 1134 5570 ἐθνῶν,
1165 5509 1433 5577 ἀφορίσας
1457 5508 1638 5578 ἑαυτῷ
1659 5511 1784 5572 τοὺς

185 5600 390 5666 ἀξίους,
428 5601 524 5652 καὶ
573 5599 933 5670 ἐκλεξάμενος
977 5599 1102 5662 τοὺς
1132 5597 1365 5668 κλητοὺς
1412 5599 1520 5652 ἀπὸ
1548 5599 1656 5652 τῶν
1709 5599 1784 5670 μὴ

185 5694 460 5748 τοιούτων.
506 5692 690 5755 υῦτως
713 5688 804 5747 οὖν
840 5691 945 5745 ἀνά
978 5691 1139 5763 μέσον
1170 5690 1278 5743 τῶν
1308 5689 1476 5745 ἐθνῶν
1505 5692 1786 5762 διακρίνας

188 5783 217 5837 ὁ
243 5781 601 5850 εύαγγελικδς
650 5781 832 5851 νόμος,
862 5781 988 5835 λαὸν
1023 5781 1190 5834 πολὺν
1231 5781 1478 5852 ἤλεγξεν,
1509 5783 1628 5854 1ἤτοι
1659 5783 1785 5846 τοὺς

263 5897 565 5954 “Philisto.
601 5911 672 5961 iv,
720 5896 800 5952 15,
886 5898 922 5928 ¹¹
954 5896 1111 5954 Ιὶοιιι.
1155 5914 1272 5966 vm,
1311 5899 1400 5955 55.

1891 4677 2107 4734 Domini
2159 4688 2215 4732 et
2264 4679 2459 4732 domus
2500 4677 2596 4732 Dei
2639 4692 2807 4746 supra
2853 4678 3115 4732 verticem
3167 4678 3484 4731 montium:

1889 4783 1944 4828 et
2013 4771 2325 4827 elevabitur
2379 4783 2543 4840 super
2597 4770 2812 4826 colles:
2868 4781 2922 4825 et
2973 4771 3192 4826 venient
3242 4770 3306 4824 ad
3359 4784 3487 4824 eum

1887 4879 2080 4919 omnes
2136 4872 2348 4933 gentes.
2403 4861 2470 4916 Et
2505 4863 2662 4917 ibunt
2713 4862 2895 4932 p0puli
2957 4861 3113 4916 multi
3146 4870 3201 4916 et
3251 4861 3480 4916 dicent:

1890 4957 2113 5024 Venite,
2176 4955 2540 5010 ascendamus
2593 4954 2663 5008 ad
2716 4966 2958 5008 montem
3027 4953 3245 5008 Domini
3303 4962 3358 5007 et
3417 4954 3483 5007 ad

1887 5051 2108 5104 domum
2139 5049 2230 5104 Dei
2261 5045 2428 5103 Jacob
2454 5063 2468 5100 :
2501 5056 2556 5101 et
2584 5047 2934 5101 annuntiabit
2955 5047 3110 5102 nobis
3132 5048 3278 5101 viam
3305 5061 3480 5108 suam,

1888 5154 1944 5197 et
1985 5144 2304 5197 incedemus
2341 5139 2398 5194 in
2440 5155 2527 5195 ca.
2581 5139 2718 5194 Nam
2767 5155 2834 5193 ex
2874 5139 3006 5195 Sion
3051 5141 3221 5195 exibit
3268 5141 3375 5200 lex,
3430 5149 3486 5193 et

1891 5237 2114 5288 verbum
2168 5233 2380 5288 Domini
2418 5247 2481 5286 ex
2531 5230 2860 5286 Jerusalem.
2912 5231 2978 5286 Et
3027 5232 3296 5302 judicahit
3343 5231 3483 5284 inter

1887 5341 2097 5399 gentes,
2153 5337 2210 5382 et
2255 5339 2452 5400 arguet
2501 5325 2761 5396 papulum
2819 5325 3047 5379 multum
3110 5325 3246 5393 ipse.
3287 5344 3307 5373 ι
3364 5323 3482 5390 Ιρειε

1885 5429 2067 5472 autem
2088 5419 2526 5485 judicavitinter
2553 5426 2768 5488 gentes,
2801 5431 2896 5472 eos
2925 5417 3015 5487 qui
3057 5431 3117 5470 se
3144 5414 3289 5483 digni
3322 5423 3482 5467 erant

1884 5511 1989 5566 sibi
2029 5512 2356 5582 segregans;
2380 5521 2714 5579 vocatosque
2749 5525 2777 5563 a
2811 5525 2917 5564 non
2961 5509 3169 5563 vocatis
3219 5507 3476 5575 seligens.

1886 5600 1981 5656 Sic
2012 5601 2197 5671 itaque
2229 5601 2310 5656 lex
2353 5600 2696 5667 evangelica,
2741 5600 2796 5654 in
2842 5599 3022 5654 med-io
3062 5599 3306 5668 gentium
3340 5597 3480 5664 diju-

1887 5694 2102 5760 dicans,
2141 5695 2374 5750 multum
2409 5694 2667 5765 populum
2697 5693 2976 5765 coarguit;
3028 5695 3141 5746 sive
3170 5693 3257 5756 iis,
3288 5692 3380 5760 qui
3423 5691 3476 5744 in

1887 5802 1946 5842 se
1966 5787 2318 5844 crediderunt
2345 5787 2410 5842 de
2439 5787 2672 5859 pristino
2696 5801 2888 5842 errore
2913 5801 3012 5841 suo
3033 5785 3337 5852 convictis;
3359 5783 3476 5840 sive
