4014 6390
562 388 664 446 165

1284 383 1555 444 EUSEBII
1593 381 2074 442 CESARIENSIS
2111 382 2263 443 OPP.
2292 383 2475 441 PARS
2513 384 2598 442 Ill.
2641 413 2714 427 —-
2751 383 3163 443 EXEGETICA.

3746 391 3849 448 1οι

563 505 652 569 iis,
685 461 776 573 qui
812 516 917 558 non
947 502 1320 567 crediderunt,
1357 508 1416 555 ut
1453 506 1646 570 suapte
1672 497 1834 570 culpa
1866 500 2135 569 pereunti-

2247 503 2326 564 εἰς
2355 499 2518 554 αὐτὸν
2551 498 2985 562 πεπιστευκότας
3032 496 3342 566 ἀπελέγξας
3392 498 3492 570 τὴν
3544 500 3606 552 ἐν
3660 501 3847 566 αὐτοῖς

565 597 685 660 bus,
717 593 1039 650 confutatis.

699 794 767 850 Et
799 792 1147 865 eonfringent
1176 790 1390 860 gladios
1437 805 1569 848 suos
1600 791 1655 847 in
1697 799 1907 857 aratra,
1936 800 1994 848 et
2021 791 2141 846 lan-

561 872 859 949 ceassuas
908 888 962 942 in
1012 886 1219 942 falces:
1254 894 1311 942 et
1361 900 1471 941 non
1521 884 1724 941 levabit
1769 899 1904 956 gens
1949 892 2137 940 contra

559 976 782 1052 gentem
834 979 1094 1052 gladium,
1141 988 1198 1035 et
1252 994 1360 1036 non
1411 978 1819 1036 exercebantur
1869 978 2013 1034 ultra
2070 980 2140 1034 ad

562 1077 827 1146 praelium.
865 1094 884 1128 ι
935 1071 1053 1129 Non
1110 1073 1251 1128 ultra
1291 1071 1542 1130 bellicam
1581 1083 1754 1128 artem
1782 1072 2050 1140 ediscunt,
2083 1071 2136 1126 in

562 1166 918 1238 quaseprius
954 1180 986 1220 a
1013 1181 1199 1234 puero,
1241 1167 1400 1234 quasi
1446 1165 1779 1228 necessaria,
1828 1178 1927 1234 per
1977 1178 2139 1235 agros

557 1267 619 1314 et
644 1258 804 1314 urbes
831 1259 1181 1324 exercebant,
1220 1257 1526 1312 vicinorum
1560 1256 1803 1313 hostium
1844 1255 2140 1313 formidine

560 1349 836 1407 commoti.
873 1341 988 1404 lmo
1010 1351 1170 1404 etiam
1201 1347 1290 1418 qui
1319 1348 1611 1404 Dominum
1667 1356 1916 1404 nostrum
1948 1346 2137 1404 Iesum

557 1443 835 1498 Christum
917 1450 1326 1512 susceperunt,
1391 1440 1540 1515 omni
1608 1439 1892 1511 pmliandi
1958 1440 2140 1495 studio

557 1533 813 1602 exempti,
848 1532 902 1588 in
933 1545 1064 1600 pace
1084 1531 1299 1586 demum
1332 1538 1654 1598 versantur;
1689 1531 1762 1586 ita
1789 1540 1848 1586 ut
1871 1545 1978 1586 non
2001 1530 2140 1585 ulte-

561 1623 676 1679 rius
741 1625 809 1679 ab
873 1623 1198 1678 adversariis
1270 1621 1636 1694 potestatibus
1702 1631 2136 1694 oppugnentur,

557 1730 736 1786 neque
790 1715 1126 1772 damonibus
1196 1713 1250 1769 in
1313 1729 1374 1770 se
1435 1713 1565 1769 olim
1633 1714 1924 1784 imperium
1991 1713 2137 1769 obti-

557 1805 813 1861 nentibus
876 1805 1076 1861 subditi
1126 1804 1256 1860 sint.
1304 1803 1513 1872 Quibus
1567 1803 1831 1860 Servator
1875 1803 1993 1874 ipse
2037 1817 2134 1874 pa-

2245 593 2517 665 προτέραν
2549 592 2778 662 πλάνην,
2823 591 2856 661 ἢ
2907 591 3036 654 τοὺς
3072 591 3147 664 μὴ
3177 592 3258 655 εἰς
3286 591 3449 646 αὐτὸν
3476 595 3848 648 πεπιστευκό-

2242 702 2342 749 τας
2380 683 2606 754 ἐλέγξας
2631 682 2784 754 παρὰ
2825 682 2927 754 τὴν
2979 682 3158 739 αὐτῶν
3196 684 3375 740 αἰτίαν
3405 683 3842 755 ἀπολλυμένους,

2321 805 2340 838 ι
2363 786 2473 839 Καὶ
2505 783 2834 853 συγκόψουσι
2856 780 2956 845 τὰς
2989 781 3266 852 μαχαίρας
3300 778 3478 834 αὐτῶν
3503 778 3584 842 εἰς
3609 777 3842 851 ἄροτρα,

2245 879 2340 934 καὶ
2368 878 2466 942 τὰς
2499 877 2722 942 ζιϐύνας
2760 874 3051 936 αύτῶν.εἰς
3074 873 3318 944 δρέπανα
3339 889 3351 902 ’
3389 872 3482 926 καί⁵
3518 871 3579 925 ού
3613 871 3690 942 μὴ
3734 872 3844 944 ἄρῃ

2245 969 2398 1031 ἔθνος
2423 954 2511 1021 ἐπ’
2533 965 2685 1030 ἔθνος
2715 965 3014 1036 μάχαιραν,
3040 963 3138 1017 καὶ
3158 963 3220 1015 ού
3257 962 3332 1034 μὴ
3366 961 3611 1033 μάθωσιν
3634 959 3715 1014 ἔτι
3748 978 3846 1014 πο-

2244 1061 2452 1133 λεμεῖν.
2481 1079 2500 1111 ι
2537 1057 2736 1112 Οὐκέτι
2770 1057 2880 1128 γὰρ
2911 1055 3253 1108 διδάσκονται
3282 1054 3352 1108 τὰ
3380 1052 3675 1126 πολεμικὰ,
3703 1051 3741 1108 ἃ
3777 1052 3844 1124 δὴ

2244 1154 2508 1224 πρότερον
2527 1151 2604 1216 ὼς
2627 1152 2900 1220 ἀναγκαῖα
2923 1151 2986 1203 ἐκ
3010 1148 3214 1203 παίδων
3241 1147 3363 1201 κατ’
3391 1147 3595 1218 ἀγροὺς
3618 1145 3715 1199 καὶ
3740 1161 3846 1197 κα-

2243 1246 2316 1300 τὰ
2367 1246 2548 1309 πόλεις
2590 1244 2858 1314 ἠσκοῦντο
2883 1242 2971 1298 διὰ
3003 1241 3094 1296 τὸν
3140 1241 3252 1296 ἀπὸ
3304 1240 3411 1293 τῶν
3446 1237 3844 1312 πλησιοχώρων

2247 1338 2520 1410 πολεμίων
2559 1337 2724 1408 φόσον
2748 1354 2761 1367 ·
2799 1335 2940 1390 ἀλλὰ
2971 1335 3062 1389 καὶ
3088 1334 3140 1388 οἱ
3160 1331 3585 1403 καταδεξάμενοι
3606 1331 3698 1384 τὸν
3722 1331 3843 1383 Κύ-

2245 1448 2359 1503 ριον
2405 1431 2559 1502 ἡμῶν
2599 1427 2803 1501 Ἰησοῦν
2832 1427 3089 1500 Χριστὸν,
3126 1427 3308 1496 πάσης
3359 1423 3664 1496 πολεμικῆς
3699 1439 3842 1495 προ-

2242 1525 2505 1593 αιρέσεως
2539 1522 2966 1591 ἀπαλλαγέντες,
2999 1521 3058 1573 ἐν
3087 1521 3281 1593 εἰρήνῃ
3303 1518 3490 1572 λοιπὸν
3517 1517 3803 1585 διάγουσιν
3823 1533 3836 1544 ο

2242 1616 2318 1679 ὡς
2357 1615 2554 1688 μηκέτι
2591 1615 2697 1668 ὑπὸ
2733 1614 2837 1668 τῶν
2861 1596 3250 1684 ἀντικειμένων
3274 1611 3558 1681 δυνάμεων
3583 1609 3842 1680 πολεμεῖ-

2244 1705 2390 1771 σθαι,
2429 1706 2564 1778 μηδὲ
2595 1707 2939 1778 ὑποχειρίους
2967 1702 3106 1758 εἶναι
3138 1704 3248 1758 τῶν
3277 1702 3446 1758 πάλαι
3486 1701 3840 1773 κρατούντων

2242 1802 2421 1856 αὐτῶν
2468 1800 2761 1872 δαιμόνων.
2790 1794 2887 1864 Οἷς
2914 1800 3010 1854 καὶ
3041 1801 3070 1853 ό
3097 1799 3290 1871 Σωτὴρ
3309 1799 3471 1861 αὐτὸς
3503 1799 3604 1870 τὴν
3637 1796 3839 1851 ἐαυτοῦ

556 1912 675 1957 cum
723 1910 1022 1966 procurans
1051 1884 1225 1952 suam
1261 1869 1347 1952 ait
1367 1914 1380 1950 :
1433 1891 1462 1948 ἰ
1497 1893 1694 1951 Pacem
1727 1869 1914 1950 meam
1937 1895 2010 1951 do
2038 1869 2135 1950 vo-

2245 1894 2515 1967 προξενῶν
2549 1869 2770 1966 εἰρήνην
2804 1891 2973 1964 φησί’
3023 1909 3042 1942 ι
3069 1869 3306 1963 Εἰρήνην
3330 1891 3432 1962 τὴν
3461 1869 3602 1963 ἐμήν
3641 1890 3838 1962 δίδωμι

557 1984 643 2046 his
670 1989 738 2045 ".
784 2008 804 2042 ι

627 2080 791 2136 Vna.
825 2081 882 2137 5.
923 2099 942 2133 ι
983 2079 1052 2136 Et
1095 2095 1265 2147 nunc,
1303 2081 1498 2136 domus
1540 2078 1730 2145 Iacob,
1767 2078 1974 2144 venite,
2021 2092 2132 2133 am-

556 2171 805 2228 bulemus
838 2171 894 2228 in
939 2171 1147 2227 lumine
1188 2172 1426 2229 Domini.
1458 2190 1478 2225 ι
1508 2170 1925 2243 Consequenter
1953 2173 2140 2242 itaque

555 2265 842 2335 propheta,
863 2272 1148 2335 postquam
1172 2265 1414 2333 gentium
1441 2265 1804 2327 vocationem,
1831 2270 1888 2318 et
1912 2260 2137 2318 effusam

555 2357 610 2413 in
651 2371 840 2412 omnes
890 2354 1138 2411 homines
1194 2369 1384 2424 pacem
1439 2355 1753 2423 recensuit,
1804 2369 1962 2410 suum
2008 2366 2137 2422 erga

555 2447 856 2504 familiares
902 2462 1033 2504 suos
1081 2447 1340 2502 aﬂ'ectum
1394 2455 1796 2503 commonstrat
1825 2461 1840 2500 :
1869 2444 2127 2516 populum

554 2556 715 2595 suum
745 2538 1268 2606 commonefaciens,
1301 2547 1364 2594 ut
1419 2537 1621 2593 Christi
1669 2536 1905 2608 gratiam
1955 2535 2136 2590 omni-

555 2633 656 2687 bus
683 2632 943 2701 gentibus.
975 2631 1160 2686 datam
1203 2639 1258 2686 et
1307 2629 1487 2684 lumen
1532 2628 1908 2699 evangelicum
1960 2629 2139 2684 susci-

555 2725 720 2795 piat:
764 2738 1035 2794 seseque,
1091 2724 1160 2778 ad
1215 2722 1600 2778 concitandum
1655 2721 2138 2793 instigandumque

553 2814 857 2884 populum,
920 2814 1112 2869 iisdem
1175 2811 1520 2878 adnumerat,
1575 2822 1877 2882 auctorque
1933 2822 2019 2868 est
2077 2822 2139 2868 ut

555 2907 728 2963 lucem
763 2907 977 2962 Domini
1037 2907 1253 2962 adeant.
1291 2903 1490 2961 Lucem
1532 2921 1696 2976 porro
1718 2905 1934 2962 Domini
1979 2917 2140 2963 vocat

551 2998 728 3070 legem
779 2996 914 3054 Novi
968 2997 1305 3054 Testamenti
1357 3013 1423 3055 ex
1473 2997 1606 3053 Sion
1665 2996 2053 3068 prodeuntem,
2080 3008 2137 3055 et

553 3091 798 3147 salutare
816 3089 1304 3161 evangelicumque
1331 3090 1582 3145 verbum.

2238 1988 2387 2059 ὑμῖν.

2313 2099 2333 2132 ι
2365 2079 2476 2134 Καὶ
2504 2078 2620 2142 νῦν,
2648 2078 2678 2131 ό
2705 2073 2854 2141 οἶκος
2879 2076 2973 2131 τοῦ
3014 2075 3232 2142 Ἰακὼϐ,
3270 2075 3448 2141 δεῦτε,
3479 2074 3841 2149 πορευθῶμεν

2200 2194 2202 2196 τ
2237 2173 2296 2225 ιν
2324 2171 2402 2244 τῷ
2425 2172 2564 2241 φωτὶ
2587 2170 2816 2244 Κυρίου.
2844 2189 2864 2222 ι
2909 2169 3241 2234 ’Δκολούθως
3269 2170 3448 2224 τοίνυν
3472 2172 3500 2224 ό
3523 2170 3837 2241 προφήτης,

2238 2264 2526 2333 διεξελθὼν
2564 2263 2674 2318 τῶν
2713 2262 2884 2316 ἐθνῶν
2925 2263 3039 2334 τὴν
3062 2262 3280 2333 κλῆσιν,
3315 2263 3411 2316 καὶ
3443 2263 3543 2334 τὴν
3577 2261 3840 2332 χυθεῖσαν

2239 2360 2319 2420 εἰς
2351 2356 2559 2420 πάντας
2579 2354 2902 2428 ἀνθρώπους
2933 2355 3178 2426 εἰρήνην,
3212 2354 3310 2426 τήν
3337 2358 3416 2419 εἰς
3437 2357 3564 2419 τοὺς
3600 2357 3840 2422 οἰκείους

2237 2446 2570 2501 ἐνδείκνυται
2591 2445 2992 2516 φιλοστοργίαν,
3023 2444 3358 2517 παρακαλῶν
3385 2447 3476 2499 τὸν
3492 2446 3620 2500 λαὸν
3642 2447 3837 2514 αὑτοῦ,

2238 2536 2600 2602 ὐποδέξασθαι
2621 2536 2720 2608 τὴν
2743 2537 2877 2590 πᾶσι
2901 2540 3016 2602 τοῖς
3034 2536 3213 2591 ἔθνεσι
3227 2536 3566 2609 δωρηθείσαν
3584 2536 3842 2610 τοῦΧρι-

2238 2627 2366 2683 στοῦ
2391 2629 2573 2700 χάριν,
2606 2629 2699 2682 καὶ
2729 2628 2792 2682 τὸ
2829 2627 2945 2699 φῶς
2975 2628 3038 2682 τὸ
3079 2628 3455 2697 εὐαγγελικόν.
3485 2629 3837 2699 Συγκαταλὲ-

2237 2738 2325 2793 γει
2348 2722 2405 2777 δέ
2437 2722 2667 2785 ἐκείνοις
2694 2723 2790 2776 καὶ
2816 2720 3030 2787 ἑαυτὸν,
3058 2723 3139 2786 εἰς
3165 2721 3480 2795 προτροπὴν
3509 2724 3606 2777 καὶ
3625 2723 3842 2798 παρόρ-

2242 2831 2409 2888 μησιν
2427 2813 2520 2868 τοῦ
2561 2813 2716 2879 λαοῦ,
2746 2813 3149 2886 παραινετικῶς
3175 2813 3509 2886 παρακαλῶν
3535 2799 3630 2869 τοῦ
3655 2816 3842 2884 φωτὸς

2235 2907 2446 2979 Κυρίου
2479 2907 2909 2978 μεταλαγχάνειν
2927 2925 2940 2938 ·
2967 2907 3084 2978 φῶς
3111 2908 3318 2982 Κυρίου
3347 2908 3632 2980 ὀνομάζων
3653 2908 3750 2962 τὸν
3768 2910 3844 2962 ἐκ

2240 2997 2378 3053 Σιὼν
2405 2998 2735 3071 προελθόντα
2755 3000 2918 3070 νόμον
2943 3000 3046 3071 τῆς
3060 3001 3268 3072 Καινῆς
3294 3001 3588 3074 Διαθήκης,
3614 3002 3710 3056 καὶ
3739 3000 3841 3055 τὸν
3869 3025 3880 3035 ·

2238 3092 2508 3164 σωτήριον
2541 3093 2638 3146 καὶ
2666 3093 3020 3162 εύαγγελικὸν
3047 3093 3227 3163 λόγον.

624 3179 792 3237 Vna".
820 3180 875 3236 6.
908 3199 928 3234 ι
966 3180 1181 3236 Dimisit
1204 3179 1350 3234 enim
1393 3178 1650 3250 populum
1690 3192 1847 3234 suum
1869 3215 1886 3244 ,
1916 3179 2133 3234 domum

2316 3203 2336 3236 ι
2359 3185 2556 3255 Ἀνῆκε
2581 3185 2689 3258 γάρ
2710 3185 2802 3240 τὸν
2821 3185 2947 3239 λαὸν
2968 3187 3156 3252 αὑτοῦ,
3183 3187 3274 3240 τὸν
3297 3182 3445 3242 οἰκον
3485 3187 3725 3260 Ἰσραὴλ,
3747 3187 3841 3242 ὅτι

551 3272 722 3328 lsrael
769 3287 789 3327 :
838 3273 968 3343 quia
1020 3272 1230 3341 repleta
1289 3279 1375 3326 est
1433 3281 1494 3325 ut
1556 3285 1586 3325 a
1649 3271 1918 3340 principio
1987 3279 2133 3326 terra

547 3379 741 3420 eorum
801 3365 1074 3421 vaticiniis
1111 3405 1128 3432 ,
1192 3373 1253 3421 ut
1317 3377 1462 3421 terra
1525 3363 1958 3434 alienigenarum
2007 3381 2022 3421 :
2079 3374 2135 3418 et

553 3457 706 3511 inulti
780 3457 875 3513 lilii
928 3458 1247 3530 alienigenae
1287 3457 1416 3513 facti
1467 3467 1595 3512 sunt
1638 3457 1740 3512 eis.
1779 3475 1800 3509 ι
1844 3455 1943 3512 llic
1978 3458 2133 3527 quasi

551 3547 666 3603 Deo
710 3547 1081 3605 defensionem
1160 3539 1362 3618 parans
1396 3590 1412 3617 ,
1492 3563 1719 3604 causam
1797 3547 1956 3604 aﬂert
2037 3565 2136 3604 cur

545 3654 650 3696 eos
681 3637 948 3695 dimiserit
981 3640 1067 3697 bis
1113 3639 1298 3696 verbis
1328 3659 1342 3695 :
1375 3658 1394 3692 ι
1425 3639 1563 3706 Quia
1616 3640 1823 3710 repleta
1874 3647 1979 3704 est,
2017 3652 2076 3694 ut
2103 3656 2132 3695 a

553 3732 841 3802 principio,
892 3739 1037 3785 terra
1094 3745 1283 3786 eorum
1331 3731 1628 3797 vaticiniis,
1687 3750 1706 3783 ι
1763 3740 1818 3787 et
1865 3743 2068 3787 caetera
2118 3750 2131 3786 :

554 3825 752 3893 quibus
793 3822 1037 3878 declarat
1079 3823 1256 3892 ipsum
1303 3837 1412 3878 non
1467 3823 1587 3878 sine
1633 3837 1804 3879 causa
1851 3837 1948 3879 eos
1979 3825 2137 3879 dimi-

553 3920 714 3972 sisse.

626 4009 791 4063 Vens.
826 4008 940 4064 7-9.
983 4026 1000 4060 ι
1041 4005 1266 4078 Repleta
1307 4014 1393 4063 est
1440 4007 1584 4061 enim
1629 4017 1778 4063 terra
1817 4022 2007 4064 eorum
2055 4024 2137 4064 ar-

557 4113 720 4169 gente
752 4109 807 4154 et
839 4115 1007 4166 auro,
1055 4108 1110 4152 et
1150 4115 1259 4155 ιιοη
1302 4109 1420 4155 erat
1455 4079 1724 4155 numerus
1749 4101 2134 4155 thesaurorum

559 4194 808 4250 illorum:
846 4201 901 4248 et
933 4193 1135 4260 repleta
1169 4202 1255 4248 est
1281 4201 1425 4249 terra
1457 4195 1640 4261 equis,
1679 4200 1735 4248 et
1767 4193 2136 4249 innumerabi-

556 4285 635 4340 les
663 4298 856 4339 currus
891 4282 1009 4351 ejus
1038 4302 1050 4336 :
1085 4292 1140 4338 et
1175 4283 1380 4354 repleta
1411 4293 1496 4338 est
1528 4293 1673 4338 terra
1711 4285 2138 4340 abominatiotni-

556 4379 658 4432 lius
679 4392 902 4447 operum
927 4373 1183 4432 manuum
1207 4392 1396 4434 eorum
1416 4421 1431 4443 ,
1459 4386 1515 4432 et
1538 4378 1901 4434 adoraverunt
1919 4393 1984 4433 ea
2014 4395 2133 4450 qua:

554 4469 804 4526 fecerunt
847 4470 998 4542 digiti
1030 4484 1254 4525 eorum:
1296 4479 1352 4526 et
1389 4470 1698 4525 incurvavit
1744 4485 1804 4525 se
1848 4471 2043 4537 homo,
2081 4482 2136 4525 et

2237 3275 2479 3348 ἐπλήσθη
2515 3275 2591 3339 ὡς
2613 3278 2672 3330 τί·
2699 3278 2794 3330 ἀπ’
2814 3278 3038 3350 ἀρχῆςή
3063 3278 3213 3352 χώρα
3227 3279 3407 3334 αὐτῶν
3435 3279 3838 3352 κλῃδονισμῶν,

2235 3369 2311 3433 ὡς
2341 3371 2374 3440 ή
2405 3368 2516 3422 τῶν
2551 3368 2885 3438 ἀλλοφύλων,
2923 3373 3018 3425 καὶ⁵
3053 3372 3221 3426 τέκνα
3256 3372 3426 3425 πολλὰ
3468 3371 3744 3444 ἀλλόφυλα
3779 3376 3843 3428 ἐε-

2235 3459 2436 3531 γενήθη
2465 3460 2667 3524 αὐτοῖς.
2697 3480 2715 3512 ι
2749 3461 2848 3514 Διά
2877 3462 2930 3515 τί
2956 3461 3013 3515 δέ
3041 3462 3204 3516 αὐτὸν
3225 3464 3448 3534 ἀνῆκεν,
3482 3465 3673 3538 ῶσπερ
3693 3467 3841 3520 ἀπο-

2234 3551 2561 3622 λογούμενος
2597 3552 2736 3626 ὑπὲρ
2762 3552 2858 3607 τοῦ
2908 3553 3064 3620 Θεοῦ,
3099 3554 3201 3619 τὰς
3229 3555 3409 3619 αἰτίας
3449 3557 3663 3628 τίθησιν
3699 3559 3838 3629 ἑξῆς

2236 3643 2533 3716 ἐπιφέρωνο
2573 3646 2727 3700 ι”υτι
2748 3646 3054 3720 ἐνεπλήσθη
3087 3649 3120 3720 ή
3152 3649 3305 3720 χώρα
3331 3649 3511 3703 αὐτῶν
3544 3650 3620 3714 ὡς
3644 3650 3707 3704 τὸ
3733 3651 3838 3706 ἀπ’

2237 3735 2412 3807 ἀρχῆς
2441 3736 2837 3808 κληδονισμῶν,
2861 3762 2880 3791 ο
2939 3741 3034 3794 καὶ
3059 3741 3128 3795 τὰ
3153 3739 3278 3814 ἑξῆς
3301 3758 3316 3770 ⁶
3368 3742 3433 3796 δι’
3455 3735 3533 3796 ὧν
3560 3743 3840 3816 παρίστη-

2241 3843 2344 3892 σιν,
2368 3828 2448 3880 ὃτι
2475 3827 2547 3900 μὴ
2579 3828 2790 3898 ἀλόγως
2818 3831 3014 3895 αὐτοὺς
3037 3833 3258 3905 ἀνῆκεν.

2315 4025 2333 4058 ι
2388 4007 2723 4080 Ἐνεπλήσθη
2775 4010 2884 4081 γὰρ
2918 4012 2952 4082 ὴ
2996 4011 3150 4084 χώρα
3192 4014 3373 4067 αὐτῶν
3425 4017 3691 4088 ἀργυρίου
3734 4019 3838 4074 καὶ

2238 4102 2484 4172 χρυσίου,
2519 4103 2612 4155 καὶ
2645 4103 2744 4157 οὐκ
2770 4099 2838 4174 ἦν
2877 4105 3110 4177 ἀριθμὸς
3141 4107 3250 4160 τῶν
3285 4108 3578 4182 θησαυρῶν
3610 4111 3831 4167 αὐτῶν·

2238 4194 2332 4246 καὶ
2363 4194 2668 4266 ἐνεπλήσθη
2703 4197 2736 4266 ἡ
2767 4197 2838 4267 γῆ
2869 4198 3073 4264 ἵππων,
3102 4201 3197 4253 καὶ
3218 4202 3318 4254 οὐκ
3350 4197 3420 4273 ἦν
3453 4203 3684 4276 ἀριθμὸς
3717 4205 3836 4258 τῶν

2239 4286 2499 4358 ἀρμάτων
2538 4287 2751 4342 αὐτῶν*
2787 4289 2882 4343 καὶ
2914 4292 3218 4364 ἐνεπλήσθη
3253 4296 3284 4366 ή
3322 4295 3394 4365 γῆ
3439 4295 3834 4368 βδελυγμάτων

2236 4376 2344 4429 τῶν
2402 4377 2576 4448 ἔργων
2618 4378 2727 4432 τῶν
2766 4381 2964 4452 χειρῶν
3013 4383 3224 4450 αὐτῶν,
3279 4388 3372 4440 καὶ
3406 4389 3835 4462 προσεκύνησαν

2237 4463 2319 4532 οἷς
2350 4470 2612 4542 ἐποίησαν
2643 4474 2690 4524 οἱ
2722 4473 2976 4527 δάκτυλοι
3013 4475 3192 4530 αὐτῶν
3212 4495 3225 4507 ·
3258 4479 3352 4531 καὶ
3385 4479 3582 4537 ἔκυψεν
3611 4480 3834 4553 ἀνθρω-

559 4562 878 4619 humiliatus
920 4572 1007 4618 est
1064 4563 1166 4617 vir.
1195 4566 1231 4615 ἰ
1290 4562 1529 4628 Eorum,
1585 4577 1976 4632 quorumnam,
2031 4565 2132 4618 nisi

2245 4578 2358 4624 πος,
2402 4562 2496 4615 καὶ
2529 4563 2866 4636 ἐταπεινώθη
2917 4567 3076 4637 ἀνήρ.
3133 4587 3152 4618 i
3191 4567 3364 4623 Τίνων
3398 4571 3595 4636 αὐτῶν,
3631 4571 3661 4641 ἢ
3715 4573 3835 4628 τῶν

553 4655 984 4724 alienigenarum
1008 4655 1371 4709 habitatorum
1398 4655 1490 4725 qui
1526 4659 1892 4710 adoraverunt
1919 4672 1982 4711 ea
2013 4673 2134 4727 qua:

555 4745 810 4801 fecerunt
832 4746 983 4815 digiti
1014 4746 1237 4801 eorum?
1279 4746 1402 4802 Hac
1427 4764 1590 4816 porro
1619 4750 1803 4804 omnia
1838 4759 2031 4820 gentes
2062 4752 2143 4818 si-_

559 4838 818 4909 gnificant
858 4839 1211 4910 alienigenas,
1247 4855 1368 4911 qure
1415 4843 1468 4896 in
1513 4840 1817 4896 Jerusalem
1865 4853 1919 4896 et
1955 4845 2006 4896 in
2035 4841 2133 4898 Ju-

563 4934 672 4982 dara
701 4931 1024 4986 habitatum:
1056 4941 1234 4987 erant.
1282 4932 1413 5000 Quae
1455 4944 1574 5004 post
1620 4934 1922 4989 Salvatoris
1962 4936 2130 4991 nostri

560 5023 873 5086 adventum,
897 5031 951 5078 et
976 5031 1095 5092 post
1117 5023 1376 5078 emissam
1399 5023 1570 5077 lucem
1596 5023 1988 5094 evangelicam,
2011 5039 2132 5094 qua

564 5111 886 5166 illuminavit
942 5128 1130 5167 omnes
1192 5123 1426 5183 gentes,
1480 5115 1743 5181 completa
1794 5125 1958 5169 sunt:
2005 5115 2130 5184 quia

564 5204 884 5273 prophetam
938 5221 1041 5259 non
1085 5207 1393 5270 audierunt,
1446 5220 1505 5259 se
1563 5207 1632 5259 ita
1690 5207 2126 5276 compellantem,

566 5315 587 5345 ι
633 5297 836 5362 Venite,
876 5299 1215 5355 ambulemus
1251 5299 1304 5353 in
1339 5299 1546 5354 lumine
1587 5302 1821 5354 Domini.
1863 5320 1881 5352 ι

612 5461 792 5535 τηε.
830 5480 1012 5534 toea.
1049 5501 1067 5532 ι
1103 5482 1168 5535 Ει
1196 5497 1300 5536 non
1330 5482 1596 5536 dimittam
1629 5483 1761 5538 eos:
1796 5493 1849 5539 et
1894 5483 2131 5555 ingredi-

564 5573 691 5626 mini
729 5574 778 5625 in
834 5585 1036 5640 petras,
1086 5585 1138 5629 et
1178 5576 1576 5650 abscondimini
1612 5579 1663 5629 in
1721 5590 1858 5630 terra
1909 5593 1938 5630 a
1993 5576 2133 5631 facie

565 5663 774 5716 timoris
809 5663 1012 5717 Domini
1048 5675 1102 5719 et
1146 5682 1174 5720 a
1211 5667 1380 5738 gloria
1416 5667 1758 5725 fumtudinis
1790 5669 1907 5738 ejus
1941 5687 1954 5724 :
2009 5683 2130 5724 cum

639 5809 677 5838 "
703 5806 851 5860 Joan.
887 5825 992 5871 xw,
1022 5811 1108 5863 Ξῖ.

2240 4654 2550 4724 ἀλλοφύλων
2584 4659 2882 4728 οἰκητόρων
2915 4659 2964 4711 οἳ
2998 4662 3092 4713 καὶ
3129 4662 3542 4735 προσεκύνησαν
3568 4660 3648 4728 οἷς
3677 4667 3834 4719 ἐπηε-

2241 4761 2377 4815 ησαν
2411 4749 2457 4799 οἱ
2493 4746 2748 4800 δάκτυλοι
2800 4749 3010 4814 αύτῶν;
3061 4750 3246 4804 Ταῦτα
3287 4753 3463 4807 πάντα
3511 4754 3833 4824 σημαντικὰ

2239 4840 2494 4908 τυγχάνει
2538 4838 2848 4906 ἀλλοφύλων
2888 4841 3076 4902 ἐθνῶν.
3111 4844 3412 4913 μελλόντων
3450 4850 3615 4900 οἰκεῖν
3652 4849 3831 4921 αὐτήν

2241 4945 2299 4980 τε
2331 4929 2427 5000 τὴν
2466 4929 2824 5001 Ἰερουσαλὴμ
2869 4933 2961 4986 καὶ
2989 4934 3085 5004 τὴν
3132 4936 3388 4989 Ἰουδαίαν
3421 4937 3622 5009 χώραν.
3666 4941 3733 4991 Ἀ
3758 4940 3829 5013 δὴ

2241 5021 2542 5092 ἐπληροῦτο
2589 5023 2727 5092 μετὰ
2762 5024 2860 5094 τὴν
2894 5025 2986 5079 τοῦ
3020 5028 3272 5098 Σωτῆρος
3302 5031 3458 5100 ήμῶν
3499 5036 3828 5103 παρουσίαν,

2241 5113 2333 5165 καὶ
2371 5114 2508 5182 μετά
2542 5115 2632 5166 τὸν
2674 5115 2830 5182 λόγον
2861 5119 2952 5171 τὸν
2998 5122 3308 5188 φωτίσαντα
3344 5123 3520 5175 πάντα
3552 5125 3619 5176 τὰ
3655 5125 3782 5195 ἔθνη
3810 5143 3826 5156 ·

2242 5208 2424 5278 ἐπειδὴ
2468 5209 2540 5279 μὴ
2587 5211 2902 5278 ὑπήκουσαν
2935 5213 3044 5290 τοῦ,
3081 5214 3409 5286 κεκληκότος
3452 5217 3648 5278 αὐτοὺς
3685 5234 3829 5285 προ-

2240 5301 2437 5370 φήτου·
2476 5319 2490 5349 ι
2541 5301 2700 5354 Δεῦτε
2751 5304 2842 5355 καὶ
2891 5305 3246 5376 πορευθῶμεν
3289 5310 3346 5360 ἐν
3519 5311 3657 5379 φωτὶ
3708 5311 3827 5363 Κυ-

2245 5408 2379 5461 ριου.
2417 5411 2436 5444 ι

2321 5503 2339 5535 ι
2377 5486 2485 5538 Καὶ
2519 5488 2578 5538 ού
2614 5486 2687 5558 μὴ
2728 5489 2911 5560 ἀνήσω
2954 5493 3185 5554 αὐτοὺς,
3217 5494 3310 5546 καὶ
3343 5495 3711 5548 συνεισέλθετε
3747 5499 3828 5562 εἰς

2240 5575 2337 5638 τὰς
2375 5578 2598 5646 πέτρας,
2632 5581 2726 5632 καὶ
2759 5581 3066 5652 κρύπτεσθε
3098 5587 3176 5647 εἰς
3208 5587 3306 5653 τὴν
3336 5588 3436 5656 γῆν
3466 5589 3572 5638 ἀπὸ
3603 5590 3828 5655 προσώ.

2244 5685 2342 5720 που
2377 5671 2470 5722 τοῦ
2499 5671 2662 5738 φόϐου
2694 5674 2921 5744 Κυρίου,
2953 5678 3045 5729 καὶ
3075 5678 3179 5730 ἀπὸ
3206 5680 3301 5748 τῆς
3332 5681 3485 5751 δόξης
3519 5683 3613 5753 τῆς
3643 5683 3828 5752 ἰσχύος
