4014 6386
185 368 287 424 ωδ

1166 370 1672 430 COMMENTARIA
1716 375 1784 431 IN
1822 376 2086 436 ISAIAM.
2126 411 2194 425 --
2229 380 2388 442 CAP.
2430 385 2505 441 ll;

3391 402 3412 456 1
3426 405 3496 460 οὔ

181 462 371 528 αὐτοῦ,
402 463 534 518 ὅταν
560 464 767 536 ἀναστῇ
794 464 1028 537 θραῦσαι
1061 468 1163 540 τὴν
1207 470 1333 541 γῆν.
1371 471 1436 523 Οί
1466 471 1577 544 γάρ
1600 472 1763 542 ὀφθαλ

1900 480 2210 534 surrexerit
2244 483 2314 535 ad
2340 487 2730 541 conterendam
2765 496 2993 549 terram.
3024 491 3160 549 Nam
3196 497 3339 553 oculi
3384 500 3492 554 Do-

180 548 273 620 μοὶ
302 551 514 623 Κυρίου
543 553 758 623 ὑψηλοὶ,
788 556 818 607 ό
843 554 901 608 δὲ
933 556 1221 627 ἄνθρωπος
1248 561 1528 625 ταπεινός.
1560 561 1670 615 Καὶ
1694 579 1793 616 τα-

176 640 583 713 πεινωθήσεται
614 642 678 697 τὸ
709 642 844 714 ὕψος
874 644 985 699 τῶν
1013 645 1342 720 ἀνθρώπων,
1368 651 1465 704 καὶ
1497 650 1788 725 ὑψωθήσε-

1896 571 2034 625 mini
2068 574 2354 643 sublimes,
2390 577 2555 633 homo
2583 590 2764 637 autem
2797 584 3042 643 humilis.
3072 589 3141 644 Et
3173 592 3491 650 humiliabi-

1894 670 1985 718 tur
2022 662 2257 720 altitudo
2287 667 2595 736 hominum,
2633 683 2692 729 et
2719 676 3061 733 exaltabitur
3102 681 3365 742 Dominus
3400 704 3494 743 so-

170 748 263 850 :4:
300 733 526 850 K15pr
743 738 825 850 ιὲν
850 740 921 850 τῇ
965 740 1153 850 ἡμέρᾳ
1453 745 1638 850 ἡμέρα
1676 748 1763 819 γὰι

1891 753 1975 809 lus
2014 755 2196 813 indie
2231 757 2357 814 illa:
2403 763 2522 817 dies
2569 733 2716 820 enim
2770 768 3003 829 Domini,
3025 733 3271 830 Sabaoth
3320 794 3489 850 super

170 824 383 899 Κυρίου
412 827 645 882 Σαϐαὼθ
671 828 768 883 ἐπὶ
797 830 974 886 πάντα
996 832 1263 906 ὑϐριστὴν
1286 836 1382 890 καὶ
1405 837 1783 910 ὑπερήφανον,

165 917 266 970 καὶ
302 919 400 971 ἐπὶ
434 920 615 973 πάντα
646 920 850 993 ὑψηλὸν
898 923 996 977 καὶ
1031 925 1309 999 μετέωρον
1324 928 1348 993 ,⁸
1377 930 1475 982 καὶ
1511 947 1785 986 ταπεινω-

166 1010 464 1083 θήσονται·
509 1033 528 1065 ι
562 1015 703 1088 ὅπερ
733 1015 974 1089 ἡγοῦμαι
1004 1018 1266 1092 περὶτῆς
1296 1022 1511 1095 ἡμέρας
1534 1024 1635 1097 τῆς
1662 1024 1785 1099 κρί-

166 1116 313 1165 σεως
343 1101 602 1171 λέγεσθαι
622 1121 635 1135 -
669 1106 751 1161 διὸ
778 1108 840 1160 οὐ
876 1108 1006 1180 περὶ
1039 1106 1219 1181 μόνων
1258 1112 1529 1169 Ἰουδαίων
1552 1117 1582 1170 ό
1623 1115 1783 1186 λόγος

159 1192 231 1246 τὰ
262 1194 519 1267 παρόντα
546 1195 816 1264 θεσπίζει,
847 1200 1154 1267 καθολικῶς
1180 1203 1239 1257 δὲ
1266 1206 1398 1277 περὶ
1426 1206 1644 1261 πάντων
1669 1208 1781 1264 τῶν

159 1284 393 1339 τοιῶνδε
427 1286 756 1359 ἀνθρώπων.
792 1288 1190 1363 Προαναφωνέῖ
1224 1296 1408 1352 τοίνυν
1455 1300 1780 1375 καθαίρεσιν

155 1375 394 1433 luceat
423 1379 524 1451 τῆς
560 1383 621 1434 ἑν
665 1381 978 1455 ἀνθρώποις
1008 1387 1456 1462 είδωλολατρείας
1476 1409 1489 1423 ·
1530 1393 1692 1464 μόνον
1721 1394 1778 1450 δὲ

158 1468 323 1542 παρὰ
361 1475 481 1537 τοῖς
526 1475 694 1529 πᾶσιν
737 1476 1051 1550 ἀνθρώποις
1093 1480 1362 1551 ὑψοῦσθαι
1409 1482 1505 1539 τὸν
1548 1486 1775 1559 Κύριον,

96 1538 103 1547 ’
158 1538 373 1627 παντὸς
416 1563 715 1636 ὑψώματος
759 1538 1311 1642 ιπᾶιιρομένουῖκατά
1364 1575 1466 1647 τῆς
1520 1538 1779 1646 giae;

155 1653 255 1709 τοῦ
291 1654 433 1711 Θεοῦ
450 1697 469 1722 ,
497 1662 951 1733 ταπεινουμένου.

232 1769 256 1802 ι
294 1751 412 1805 Καὶ
443 1753 538 1806 ἐπὶ
568 1755 753 1808 πᾶσαν
781 1753 973 1827 κέδρον
1005 1756 1101 1810 τοῦ
1137 1757 1374 1813 Λιϐάνου
1399 1760 1510 1815 τῶν
1546 1762 1773 1836 ὑψηλῶν

154 1839 256 1895 καὶ
292 1842 621 1922 μετεώρων,
656 1846 751 1899 καὶ
788 1846 882 1900 ἐπὶ
913 1849 1024 1902 πᾶν
1053 1847 1272 1922 δένδρον
1304 1850 1533 1921 βαλάνου
1562 1855 1766 1921 Βασάν,
1804 1841 1846 1896 Β

154 1934 254 1987 καὶ
306 1936 405 1988 ὲπὶ
447 1920 558 1990 πᾶν
602 1936 805 2009 Mm
847 1937 996 2012 δρος,
1046 1941 1146 1995 καὶ
1182 1920 1313 1995 ea
1344 1944 1525 1999 πάντα
1578 1946 1768 2017 βουνὸν

159 2024 390 2097 mm,
419 2027 516 2082 καὶ
552 2029 648 2082 ἐπὶ
686 2029 867 2083 πάντα
900 2030 1113 2104 πύργον
1142 2033 1369 2105 ὑψηλὸν,
1399 2036 1496 2089 καὶ
1530 2038 1624 2091 ἐπὶ
1657 2042 1771 2093 πᾶν

156 2120 339 2189 τεῖχος
392 2120 621 2192 ὑψηλὸν,
669 2124 767 2177 καὶ
815 2125 909 2179 ἐπὶ
940 2126 1052 2180 πᾶν
1102 2124 1289 2181 πλοῖον
1334 2125 1633 2199 θαλάσσης,
1671 2132 1769 2187 καὶ

160 2210 253 2263 ἰπὶ
286 2212 475 2265 πᾶσαν
514 2211 645 2266 θέαν
680 2214 884 2269 πλοίων
914 2216 1147 2283 κάλλους
1167 2234 1182 2249 ·
1217 2218 1313 2273 καὶ
1354 2221 1765 2295 ταπεινωθήσε-

155 2318 245 2356 ται
282 2306 396 2368 πᾶς
424 2305 736 2383 ἄνθρωπος,
784 2310 880 2364 καὶ
917 2313 1168 2366 πεσεῖται
1213 2312 1382 2386 ὕϐρις»
1409 2315 1521 2368 τῶν
1552 2316 1766 2389 ἀνθρώ-

158 2409 297 2447 πων.
346 2413 367 2445 ι
417 2380 701 2451 Ἐπισαλῶ
726 2399 815 2451 ἐπ’
846 2399 1048 2466 αὐτοὺς
1079 2400 1141 2455 τδ
1172 2380 1388 2458 δίκτυόν
1425 2420 1553 2474 μου,
1585 2380 1768 2472 καθὼς

157 2484 224 2537 τὰ
252 2482 486 2539 πετεινὰ
510 2485 605 2541 τοῦ
632 2487 869 2561 οὐρανοῦ
897 2490 1120 2558 κατάξω
1150 2493 1369 2559 αὐτούς.
1399 2494 1555 2567 Τάχα
1581 2496 1641 2551 δὲ
1672 2500 1769 2552 καὶ

156 2576 299 2630 κατά
338 2575 441 2649 τὴν
489 2577 955 2654 προσδοκωμένην
999 2583 1096 2638 τοῦ
1144 2587 1356 2660 Κυρίου
1404 2590 1622 2663 ἡμέραν
1664 2592 1767 2663 τῆς

156 2663 419 2737 κρίσεως,
438 2666 541 2739 τὴν
565 2667 680 2722 τῶν
706 2670 966 2726 τοιούτων
989 2673 1213 2730 πάντων
1237 2676 1519 2733 ἀπώλειαν
1543 2679 1767 2736 ἔσεσθαι

158 2754 499 2826 προφητεύει
520 2773 536 2787 ο
564 2749 667 2812 ὦδέ
696 2776 815 2822 πως
856 2762 1204 2835 αἰνιξάμενος
1232 2766 1767 2842 ἐπικεκαλυμμένως

156 2847 281 2911 τοὺς
299 2847 646 2920 κρατοῦντας
664 2850 761 2905 τοῦ
782 2852 980 2919 αίῶνος
994 2854 1208 2922 τούτου,
1222 2859 1321 2912 καὶ
1345 2860 1417 2914 τά
1438 2860 1570 2933 ὕψη,
1588 2864 1768 2918 καὶτὰ

155 2937 465 3010 ἀξιώματα,
478 2939 581 3007 τάς
595 2959 657 2995 τε
668 2943 845 3018 άρχὰς
860 2946 1069 3011 καὶτὰς
1082 2947 1355 3015 ἐξουσίας,
1368 2953 1463 3008 καὶ
1477 2956 1606 3019 τοὺς
1614 2959 1673 3010 ὲν
1688 2956 1767 3029 τῷ

155 3028 259 3102 βίῳ
278 3033 744 3107 κοσμοκράτορας
767 3036 895 3101 τοὺς
921 3038 1015 3091 τὸν
1043 3037 1179 3095 Θεὸν
1210 3041 1288 3115 μὴ
1309 3044 1715 3115 ἐπεγνωκότες.

230 3140 250 3173 ι
312 3123 427 3177 Καὶ
476 3123 828 3197 ὑψωθήσεται
878 3128 1085 3201 Κύριος
1137 3132 1301 3203 μόνος
1348 3135 1408 3188 ὲν
1454 3138 1523 3208 τῇ
1576 3138 1765 3211 ἡμέρᾳ
1790 3187 1834 3247 C

230 3213 337 3247 εἰς..
410 3216 500 3247 ..-κ
548 3216 619 3247 ρ).
654 3220 1009 3247 ..-.μ-.ι--..
1066 3223 1243 3247 ..ιη-.-
1492 3246 1497 3247 ,
1524 3228 1570 3247 οι

152 3213 361 3289 εκείνη,
410 3216 506 3271 καὶ
548 3216 619 3272 τά
654 3220 1012 3293 χειροποίητα
1064 3223 1247 3280 πάντα
1290 3228 1757 3301 κατακρύψουσιν,

152 3308 572 3377 είσενὲγκαντες
601 3311 685 3371 είς
730 3310 799 3365 τά
849 3314 1087 3386 σπήλαια
1130 3316 1227 3371 καὶ
1260 3320 1343 3382 είς
1382 3319 1483 3385 τὰς
1520 3323 1761 3394 σχισμάς

151 3401 261 3455 τῶν
284 3402 527 3473 πετρῶν,
545 3404 642 3457 καὶ
661 3406 743 3469 είς
769 3406 870 3470 τὰς
885 3408 1138 3480 τρώγλας
1156 3410 1259 3481 τῆς
1282 3413 1409 3484 γῆς,
1441 3414 1554 3467 άπὸ
1583 3432 1757 3489 προσ-

146 3491 305 3547 ώπου
347 3493 445 3548 τοῦ
524 3496 693 3566 φόϐου
728 3498 960 3569 Κυρίου,
993 3501 1090 3555 καὶ
1136 3502 1249 3557 άπὸ
1290 3505 1391 3576 τῆς
1437 3506 1601 3580 δόξης
1657 3509 1759 3581 τῆς

154 3586 340 3657 ἰσχύος
372 3587 565 3653 αὑτοῦ,
600 3589 730 3643 ὅταν
755 3592 963 3665 ἀναστῇ
990 3591 1226 3664 θραῦσαι
1249 3594 1350 3667 τὴν
1377 3596 1501 3668 γῆν.
1534 3617 1554 3650 ι
1595 3598 1758 3654 Ἀλλά

151 3682 246 3735 καὶ
282 3685 333 3735 ot
372 3681 613 3748 ἀσεϐεῖς,
654 3684 756 3756 τῆς
784 3685 882 3740 τοῦ
912 3688 1121 3761 Κυρίου
1148 3688 1471 3762 ,ἐπιστάσης
1509 3692 1751 3765 ἡμέρας,

150 3774 245 3837 τάς
273 3774 436 3840 δόξας
459 3775 662 3841 αὐτῶν,
691 3778 758 3843 ἃς
787 3776 931 3851 εἶχον
958 3781 1227 3853 πρότερον
1260 3784 1319 3836 ὲν
1344 3785 1411 3855 τῇ
1440 3783 1590 3857 ψυχῇ
1624 3786 1755 3858 περὶ

149 3868 248 3937 τῆς
296 3867 565 3924 πολυθέου
610 3871 843 3945 πλάνης,
880 3873 1333 3947 κατακρύψουσιν
1362 3877 1422 3930 ὲν
1454 3880 1577 3942 ταῖς
1606 3878 1757 3951 διερ-

153 3962 419 4032 ρωγυίαις
446 3962 629 4017 αὐτῶν
655 3964 939 4032 διανοίαις,
973 3967 1265 4022 ὲκόαλοῦσί
1306 3985 1366 4022 τε
1396 3970 1492 4023 καὶ
1514 3972 1752 4043 άτοορῤί-

148 4053 311 4121 ψουσι
347 4052 446 4109 τοῦ
496 4056 709 4109 ἑαυτῶν
741 4057 1009 4131 λογισμοῦ
1059 4064 1239 4115 πᾶσαν
1278 4064 1377 4135 τὴν
1409 4064 1582 4137 ψευδῆ
1623 4082 1753 4139 περι

147 4142 255 4197 τῶν
283 4145 524 4201 εἰδώλων
564 4148 852 4221 ὑπόληψιν.

220 4254 240 4321 ς
277 4237 359 4309 Τῇ
390 4238 502 4309 γὰρ
528 4239 713 4312 ἡμέρα
739 4242 928 4316 ἐκείνῃ
968 4244 1190 4299 ἐκσαλεῖ
1214 4246 1503 4317 ἄνθρωπος
1536 4250 1607 4303 τὰ
1635 4250 1752 4321 βδε-

147 4301 413 4399 λύγματα-
433 4301 604 4384 αύτοῦ
735 4301 957 4408 amp}:
994 4338 1090 4391 καὶ
1117 4339 1187 4393 τὰ
1231 4301 1500 4412 poema-
1524 4301 1750 4415 ἐποίησε

150 4424 477 4489 προσκυνεῖν
529 4421 644 4487 τοῖς
697 4427 947 4495 ματαίοις

1886 844 2107 905 omn‘em
2136 853 2599 910 contumeliosum
2634 864 2691 913 et
2718 862 3037 930 superbum,
3081 876 3136 919 et
3172 882 3340 938 super
3368 844 3489 927 om-

1888 952 2016 996 nem
2059 944 2340 1000 excelsum
2378 956 2437 1001 et
2476 946 2805 1017 sublimem,
2858 963 2915 1007 et
2956 955 3417 1017 humiliahuntur.
3460 983 3479 1016 δ

1884 1030 2020 1100 Quae
2042 1044 2179 1103 puto
2206 1036 2276 1091 de
2300 1037 2391 1093 die
2416 1039 2611 1110 judicii
2636 1043 2851 1111 prolata
2886 1046 3075 1105 fuisse.
3111 1052 3484 1120 Quamobrem

1884 1133 2011 1202 n‘on‘
2037 1128 2108 1184 de
2152 1125 2360 1187 Iudaeis
2396 1141 2607 1188 tantum
2641 1136 2759 1195 haec
2817 1128 3183 1208 vaticinatur,
3221 1148 3317 1201 sed
3355 1150 3485 1203 uni-

1882 1218 2089 1275 versim
2121 1221 2190 1277 de
2211 1224 2473 1282 omnibus
2504 1226 2815 1298 huiusmodi
2851 1233 3187 1292 hominibus.
3219 1238 3485 1295 Praenuu-

1885 1309 1986 1363 tiat
2039 1310 2229 1382 itaque
2278 1320 2633 1374 evertendam
2670 1338 2795 1379 esse
2829 1326 2974 1396 apud
3007 1327 3261 1385 homines
3306 1333 3481 1388 idolo-

1884 1399 2123 1469 latriam,
2146 1397 2450 1479 solumque
2484 1411 2538 1467 in
2576 1414 2889 1471 hominibm
2918 1418 3273 1475 exaltandum
3306 1423 3483 1480 Domi-

1884 1507 2011 1546 num
2041 1509 2185 1561 esse,
2235 1489 2493 1568 depressa
2518 1506 2662 1558 onmi
2714 1516 2911 1563 contra
2966 1511 3062 1567 Dei
3112 1515 3481 1587 cognitionem

1881 1584 2204 1657 insurgente
2235 1591 2583 1652 celsitudine.

1953 1770 2122 1830 Vens.
2152 1776 2349 1834 13-17.
2389 1798 2411 1831 ι
2439 1779 2507 1835 Ει
2528 1797 2693 1853 super
2709 1799 2903 1844 omnes
2929 1792 3126 1848 cedrus
3152 1792 3350 1851 Libani
3384 1814 3500 1857 ex-l

1880 1867 2061 1923 celsas
2095 1879 2152 1924 et
2183 1870 2471 1940 sublimes,
2503 1886 2561 1931 et
2604 1892 2771 1949 super
2803 1894 3027 1939 omnem
3065 1900 3329 1957 quercum
3372 1890 3479 1944 Ba-

1876 1972 2003 2025 san,
2042 1969 2099 2016 et
2126 1976 2300 2033 super
2326 1979 2545 2022 omnem
2584 1982 2829 2028 montem
2871 1974 3177 2047 excelsum,
3214 1990 3270 2035 et
3313 1997 3478 2054 supcr

1874 2066 2100 2110 omnem
2140 2057 2338 2113 collem
2366 2062 2671 2133 excelsum,
2708 2076 2764 2121 et
2796 2083 2967 2138 super
3010 2085 3233 2128 omnem
3280 2078 3476 2132 turrim

1874 2143 2188 2216 sublimem,
2216 2159 2276 2205 et
2322 2166 2491 2233 super
2531 2169 2759 2213 omnem
2800 2175 3017 2217 murum
3066 2166 3387 2233 excelsum,
3421 2182 3478 2225 et

1873 2242 2049 2305 super
2086 2253 2307 2297 omnem
2361 2230 2559 2302 navem
2616 2251 2786 2307 maris
2816 2292 2833 2318 ,
2907 2263 2966 2310 et
3023 2270 3195 2329 super
3255 2276 3475 2319 omnem

1872 2340 2156 2398 aspectum
2196 2334 2617 2405 pulchritudinis
2664 2345 2884 2400 navium
2927 2360 2949 2401 :
2993 2358 3051 2404 et
3095 2350 3477 2411 bumiliabitur

1872 2420 2056 2475 omnis
2088 2422 2275 2490 homo,
2316 2438 2372 2481 et
2408 2430 2572 2485 cadet
2601 2430 2836 2503 altitudo
2866 2436 3131 2494 virorum.
3166 2458 3187 2493 ι
3223 2441 3475 2513 lnjiciam

1872 2510 1928 2565 in
1967 2526 2065 2568 eos
2106 2526 2225 2572 rete
2255 2533 2462 2586 meum,
2506 2524 2766 2594 ipsosque
2813 2527 2992 2584 instar
3028 2531 3310 2589 volucrum
3345 2538 3475 2593 caeli

1872 2710 2187 2770 exspectata
2251 2705 2471 2763 Domini
2521 2701 2612 2766 die
2672 2713 2793 2771 fore
2851 2720 3215 2789 vaticinatur,
3274 2724 3475 2796 hisque

1870 2789 2105 2884 obscure
2142 2797 2462 2857 subindicat
2504 2807 2783 2875 principes
2829 2810 2995 2880 hujus
3037 2815 3266 2884 seculi,
3306 2789 3474 2874 celsi-

1871 2874 2111 2949 tudines,
2143 2886 2461 2959 dignitates,
2484 2874 2842 2967 principatus
2891 2874 2948 2955 et
2996 2874 3327 2973 potestates,
3361 2909 3472 2963 hu-

1863 2971 2063 3046 iusque
2104 2982 2293 3036 mundi
2330 2994 2615 3054 rectores,
2662 2990 2756 3060 qui
2792 2990 2965 3049 Deum
2996 2971 3119 3053 non
3170 2971 3466 3058 noverunt.

1944 3157 2108 3218 Vens.
2149 3163 2349 3231 18,19.
2387 3187 2407 3221 ι
2443 3168 2512 3225 Et
2544 3171 2881 3230 exaltahilur
2911 3175 3178 3237 Dominus
3212 3182 3365 3240 solus
3411 3184 3467 3241 in

1865 3250 1956 3305 die
1989 3254 2102 3321 illa,
2146 3266 2202 3311 et
2228 3259 2412 3333 omnia
2442 3264 2759 3321 manul‘acta
2804 3266 3177 3338 abscondent,
3227 3275 3467 3333 inleren~

1865 3351 1950 3399 tes
1993 3346 2048 3400 in
2090 3349 2385 3419 speluncas
2435 3365 2493 3410 et
2532 3356 2587 3410 in
2629 3358 2906 3415 scissuras
2956 3375 3272 3434 petrarum,
3306 3379 3363 3425 et
3408 3372 3466 3427 in

1861 3437 2135 3495 foramina
2180 3451 2364 3509 terrae,
2399 3461 2429 3500 a
2475 3448 2615 3505 facie
2658 3452 2870 3511 timoris
2906 3456 3155 3525 Domini,
3192 3472 3248 3516 et
3288 3478 3318 3517 ε
3352 3464 3468 3534 glo-

1861 3528 1943 3583 ria
1977 3532 2203 3590 virtutis
2235 3535 2401 3605 ejus:
2436 3556 2563 3596 cum
2598 3548 2912 3602 surrexerit
2948 3551 3017 3605 ad
3050 3528 3463 3621 percutiendum

1861 3626 2087 3676 terram.
2130 3643 2151 3677 ι
2205 3624 2347 3693 Quin
2394 3632 2558 3687 etiam
2613 3635 2803 3706 impii,
2850 3639 3179 3700 adveniente
3244 3645 3465 3702 Domini

1859 3712 1971 3781 die,
2006 3718 2295 3788 opiniones
2328 3740 2482 3791 suas,
2515 3728 2832 3798 quas'circa
2873 3736 3203 3804 pluralitatis
3232 3741 3461 3797 deorum

1859 3823 2108 3866 errorem
2147 3826 2332 3871 mente
2360 3819 2513 3887 prius
2554 3824 2858 3890 tenebant,
2904 3827 2958 3881 in
2998 3827 3257 3895 discissis
3286 3841 3342 3887 et
3381 3834 3465 3888 di-

1859 3904 2039 3973 ruptis
2084 3907 2366 3963 mentibus
2411 3912 2525 3966 suis
2578 3915 2971 3985 occultahunt,
3025 3930 3195 3990 atque
3238 3938 3458 3979 omnem

1859 3995 2175 4052 mendacem
2210 4000 2281 4055 de
2324 4001 2485 4058 idolis
2513 4006 2829 4075 opinionem
2874 4010 3245 4070 eliminabunt
3277 4027 3333 4070 et
3362 4019 3460 4072 ab-

1850 4084 2053 4152 jicient
2090 4103 2158 4145 ex
2190 4092 2528 4162 cogitatione
2556 4113 2679 4153 sua.

1912 4258 2078 4319 Vens.
2103 4263 2301 4322 20-22.
2326 4286 2346 4320 ι
2372 4267 2507 4326 Nam
2538 4273 2593 4328 in
2612 4273 2702 4332 die
2726 4276 2817 4332 illa
2844 4278 3029 4348 ejiciet
3055 4281 3222 4339 homo
3247 4284 3459 4341 abomi-

1855 4356 2108 4413 nationes
2159 4375 2288 4418 suas
2336 4376 2630 4436 argenteas
2670 4380 2726 4424 et
2764 4387 2984 4439 aureas,
3011 4390 3151 4446 quas
3203 4376 3355 4443 fecit,
3397 4389 3460 4433 ut

989 4430 1084 4484 καὶ
1132 4433 1256 4495 ταῖς
1307 4434 1611 4505 νυκτερίσι,
1650 4436 1747 4489 τοῦ

1871 4448 2116 4507 idoraret
2146 4467 2285 4508 vana
2318 4466 2376 4511 et
2405 4430 2869 4533 vvespertilidnes,
2905 4476 2966 4522 ut
3014 4430 3355 4540 ingrediatur
3400 4475 3454 4529 in

149 4512 412 4566 εἰσελθεῖν
444 4515 527 4578 είς
567 4514 668 4581 τάς
702 4515 958 4589 τρώγλας
989 4520 1089 4591 τῆς
1142 4525 1372 4595 στερεᾶς
1406 4524 1615 4598 πέτρας
1652 4528 1749 4581 καὶ

1871 4539 2125 4600 'oramina
2167 4546 2317 4604 durae
2356 4560 2527 4615 petrte
2556 4563 2613 4608 et
2648 4556 2925 4615 scissuras
2957 4512 3264 4629 petrarum,
3296 4581 3325 4618 a
3369 4564 3453 4619 {a-

147 4604 241 4668 τὰς
271 4604 518 4677 σχισμὰς
554 4606 666 4661 τῶν
694 4610 913 4683 πετρῶν
948 4612 1061 4667 άπὸ
1094 4615 1392 4687 προσώπου
1433 4617 1530 4671 τοῦ
1580 4618 1749 4689 φόϐου

149 4694 353 4763 Κυρίου
394 4698 490 4750 καὶ
516 4698 627 4752 άπὸ
675 4700 777 4773 τῆς
814 4701 977 4775 δόξης
1020 4704 1123 4775 τῆς
1162 4707 1345 4778 ἰσχύος
1389 4710 1580 4774 αὐτοῦ,
1621 4712 1765 4765 ὅταν-

146 4790 350 4862 ἀναστῇ
406 4789 645 4864 θραῦσαι
695 4796 797 4867 τὴν
840 4798 965 4870 γῆν.
1016 4818 1033 4852 ι
1088 4800 1598 4877 Είδωλολατροΰσης
1647 4807 1749 4889 τῆς

157 4885 537 4958 Ἰερουσαλὴμ,
589 4887 790 4958 μᾶλλον
834 4890 891 4943 δὲ
938 4892 1161 4963 ἁπάσης
1201 4898 1607 4969 πεπυρωμένης
1646 4885 1750 4969 τῆς

163 4980 435 5044 Ἰουδαίας,
467 4983 752 5053 κατεχεϊτο
786 4983 989 5055 τρόπον
1013 4985 1137 5040 τινά
1162 4986 1264 5056 τῆς
1299 4987 1558 5055 Ἰουδαίας
1578 4993 1611 5045 ό
1638 4992 1748 5046 Βα-

146 5071 424 5126 ϐυλωνίων
464 5071 703 5143 πόλεμος
722 5091 735 5105 ’
768 5076 842 5151 οἳ,
874 5078 1058 5131 πᾶσαν
1098 5079 1582 5153 καταδῃώσαντες,
1612 5084 1750 5137 άπε-

146 5167 368 5219 κτόνασι
415 5165 518 5236 μὲν
560 5168 687 5231 τοὺς
727 5169 1238 5241 κατειλημμένουςο
1292 5173 1492 5242 γύναια
1543 5176 1601 5229 δὲ
1651 5178 1748 5231 καὶ

146 5256 337 5321 παῖδας
384 5242 739 5343 άπεκόμισαν
774 5260 857 5324 είς
899 5261 1001 5333 τὴν
1035 5262 1249 5343 ἑαυτῶν
1289 5265 1414 5336 γῆν.
1458 5265 1605 5337 Πλὴν
1646 5267 1748 5339 τῆς

146 5348 330 5415 ἐφόδου
354 5330 898 5423 προαπηγγελμένης
924 5330 1023 5408 καὶ
1053 5330 1360 5428 μελλούσης
1387 5330 1634 5425 ἔσεσθαι,

148 5442 331 5495 σοῦτον
360 5446 480 5507 τοῖς
509 5442 789 5507 Ἰουδαίοις
817 5443 1012 5514 γέγονε
1042 5445 1229 5518 δεῖμα,
1263 5451 1359 5502 καὶ
1389 5451 1633 5519 ἀγωνίας
1664 5453 1748 5515 εἰς

146 5534 297 5589 τοῦτο
333 5534 725 5601 ππτώκασιν,
760 5536 837 5602 ὡς
888 5539 947 5591 ὲν
991 5540 1282 5611 σπηλαίοις
1329 5544 1424 5596 καὶ
1467 5547 1591 5608 ταῖς
1635 5545 1745 5598 τῶν

146 5625 280 5695 ὀρῶν
321 5628 577 5699 ῥωγμαίς
610 5630 1121 5702 κατακρύπτεσθαι,
1151 5634 1244 5687 καὶ
1278 5634 1481 5698 τόπους
1507 5636 1746 5702 ἀϐάτους

147 5720 611 5792 καταλαμϐάνειν,
634 5722 854 5796 ἁπάσης
877 5726 1058 5781 αὐτῶν
1080 5729 1378 5802 άτονούσης
1399 5730 1582 5803 χειρὸς
1608 5732 1745 5802 πρὸς

148 5812 239 5881 τὴν
271 5811 381 5864 τῶν
422 5803 693 5866 ἐπιόντων
724 5813 1062 5871 ἀντίστασιν.

377 5904 659 5967 Panos.
695 5904 815 5967 Gn.
853 5907 1084 5971 XXIV.

1853 4634 1939 4689 cie
1986 4636 2211 4694 timoris
2247 4640 2465 4699 Domini
2520 4654 2578 4700 et
2622 4662 2653 4701 a
2700 4650 2875 4719 gloria
2923 4651 3267 4712 fortitudinis
3310 4658 3451 4729 ejus,

1853 4742 1977 4783 cum
2009 4736 2315 4789 surrexerit
2350 4736 2418 4791 ad
2447 4745 3107 4802 conterendam-terram.
3145 4768 3165 4801 ι
3199 4750 3334 4804 Dum
3362 4749 3454 4807 Je—

1854 4822 2093 4876 rusalem
2128 4824 2271 4879 idola
2302 4828 2543 4894 coleret,
2578 4829 2687 4886 imo
2720 4836 2906 4902 potius
2944 4851 3069 4891 cum
3116 4848 3229 4895 tota
3261 4838 3451 4896 Iudaea

1854 4918 2271 4987 incenderetur,
2312 4922 2365 4975 in
2394 4921 2581 4979 Judma
2623 4926 2880 4984 dimisum
2924 4932 3333 5002 quodammodo
3365 4947 3453 4992 est

1852 5008 2278 5081 Babyloniorum
2310 5015 2511 5069 bellum
2538 5036 2553 5070 :
2586 5019 2704 5089 qui,
2736 5021 2825 5075 illa
2854 5024 3074 5092 penitus
3104 5037 3339 5093 vastata,
3366 5042 3453 5083 ca-

1851 5113 1977 5173 ptos
2015 5106 2163 5160 viros
2204 5108 2642 5176 interfecerunt;
2688 5114 2949 5172 mulieres
2982 5132 3114 5172 vero
3151 5130 3209 5173 et
3252 5135 3452 5190 pueros

1854 5197 1907 5250 in
1938 5205 2142 5252 terram
2179 5215 2334 5255 suam
2385 5205 2804 5260 transtulerunt.
2846 5207 3123 5265 Caeterum
3162 5226 3286 5266 cum
3325 5212 3452 5267 talis

1851 5287 2089 5360 irruptio
2136 5293 2507 5360 praenuntiata
2550 5294 2744 5352 fuisset
2776 5307 2833 5353 et
2872 5300 3053 5355 futura
3086 5311 3255 5367 esset,
3298 5313 3491 5385 tantoQ

1849 5376 2021 5434 Judaei
2054 5392 2203 5437 metu
2240 5386 2524 5454 perterriti
2563 5397 2711 5453 sunt,
2742 5400 2800 5444 et
2843 5391 2897 5445 in
2932 5400 3114 5447 tantas
3170 5394 3453 5463 angustias

1851 5472 2085 5539 redacti,
2140 5486 2196 5529 ut
2238 5476 2292 5531 in
2334 5478 2611 5548 speluncis
2666 5488 2724 5535 et
2777 5483 2834 5536 in
2879 5484 3143 5538 montium
3188 5487 3450 5540 scissuris

1850 5579 1973 5621 sese
2008 5566 2374 5638 occultarent,
2415 5581 2471 5626 et
2503 5571 2648 5627 invia
2684 5573 2803 5629 loca
2842 5583 3121 5643 peterent,
3171 5593 3295 5633 cum
3335 5592 3449 5632 mae

1851 5673 1955 5714 nus
2004 5675 2193 5715 eorum
2239 5663 2306 5718 ad
2356 5664 2736 5722 obsistendum
2782 5668 3168 5726 invadentibus
3219 5685 3448 5741 prorsus

1849 5747 2058 5805 debiles
2079 5762 2282 5807 essent.

3096 5925 3139 5986 Α
