4014 6468
1258 429 1522 492 EUSEBll
1559 417 2033 490 CESARIENSIS
2069 421 2218 482 OPP.
2262 422 2442 482 parts
2482 427 2567 482 tu.
2613 447 2679 467 -
2718 424 3130 481 EXEGETICA.
3749 417 3847 473 tos

1191 574 1418 632 CAPUT
1451 574 1539 630 111.

2805 561 3198 616 ΚΕΦΑΛΑΙΟΝ
3236 557 3308 612 Γ.

661 670 820 727 V'ns.
866 665 986 723 1-2.
1021 683 1040 718 ι
1075 664 1214 720 Ecce
1258 663 1516 718 Dominus
1569 660 1809 715 Sabaoth
1865 656 2075 712 auferet
2116 668 2127 706 ε

2328 675 2346 706 ι
2392 656 2520 709 Ἰδοὺ
2553 657 2618 727 δὴ
2645 658 2673 708 6
2710 654 2978 722 δεσπότης
3007 652 3214 724 Κύριος
3251 647 3480 706 Σαϐαὼθ
3520 649 3716 718 ἀφελεῖ
3740 647 3848 702 ἀπὸ

584 762 765 828 Iudaea
795 768 850 815 et
884 774 914 814 a
948 754 1272 818 Jerusalem,
1315 754 1598 808 robustum
1626 760 1681 806 et
1721 751 2031 814 robustam,
2069 761 2127 800 ro

2251 745 2353 814 τῆς
2409 744 2668 808 ἰουδαίας
2722 744 2818 798 καί
2863 743 2971 797 ἀπὸ
3025 742 3404 815 Ἰερουσαλὴμ,
3450 739 3707 809 ἰσχύοντα
3752 741 3849 792 καὶ

584 855 686 905 bur
716 851 870 920 panis
896 859 953 904 et
984 847 1152 904 robur
1195 859 1372 915 aqua),
1414 843 1689 914 gigantem
1739 853 1794 897 et
1841 843 2030 910 fortem
2069 837 2127 892 vi

2255 835 2542 906 ἰσχύουσαν
2566 875 2581 900 ,
2621 837 2774 906 ἰσχὺν
2804 836 2970 906 ἄρτου
3009 833 3102 886 καὶ
3151 835 3305 903 ἰσχὺν
3335 832 3564 898 ὓδατος,
3609 831 3845 902 γίγαντα

583 956 731 1002 rum,
801 939 1113 994 bellatorem
1181 945 1236 991 et
1284 932 1544 1002 iudicem,
1595 941 1652 987 et
1695 931 2053 1002 prophetam,
2093 943 2123 984 e

2253 928 2348 982 καὶ
2377 927 2627 998 ἰσχύοντα
2647 926 2952 999 ἄνθρωπον,
2978 924 3310 996 πολεμιστὴν
3329 924 3425 979 καὶ
3440 924 3724 994 δικαστὴν,
3751 924 3845 976 καὶ

585 1029 840 1094 ariolum,
877 1037 930 1082 et
959 1041 1167 1083 senem.
1201 1046 1220 1078 ι
1257 1026 1313 1081 ld
1346 1039 1509 1094 porro
1539 1024 1814 1093 continget
1863 1021 1996 1085 illis,
2037 1034 2127 1074 nor

2255 1022 2563 1092 προφήτην,
2588 1021 2681 1073 καὶ
2704 1008 3029 1091 στοχαστὴν,
3063 1019 3158 1072 καὶ
3194 1017 3586 1090 πρεσϐύτερον.
3628 1035 3646 1068 ι
3671 1015 3844 1070 Τοῦτο

583 1119 654 1173 ob
683 1118 1064 1182 idololatriam,
1090 1131 1191 1172 nec
1220 1117 1288 1170 ob
1322 1116 1427 1170 alia
1464 1115 1710 1185 quaedam
1743 1111 2018 1176 facinora;
2054 1125 2127 1164 set

2249 1113 2307 1165 δὲ
2340 1129 2403 1166 συ
2412 1112 2675 1183 μδήσεται
2699 1111 2903 1176 αὐτοῖς,
2927 1109 3049 1163 οὔτε
3069 1109 3136 1163 δι’
3161 1109 3622 1180 εἰδωλολατρείαν,
3639 1105 3842 1162 οὗτεδι.¹

583 1212 654 1265 ob
681 1209 851 1263 solum
893 1209 1175 1264 consilium
1208 1223 1333 1263 vere
1374 1208 1620 1278 impium,
1661 1206 1927 1262 nefarium
1955 1212 2010 1258 et
2054 1204 2127 1257 im

2252 1203 2446 1275 ἑτέρας
2487 1201 2714 1274 πράξεις
2755 1202 2935 1267 τινάς·
2984 1202 3074 1256 διὰ
3117 1201 3286 1273 μόνην
3330 1201 3388 1255 δὲ
3431 1200 3627 1273 βουλὴν
3682 1200 3842 1255 ἄθεον

2251 1292 2487 1364 ἀληθῶς,
2525 1293 2616 1346 καὶ
2657 1291 2852 1362 ἀσεϐῆ,
2889 1293 2985 1345 καὶ
3021 1292 3285 1363 πονηρὰν,
3313 1291 3411 1363 τὴν
3437 1290 3577 1344 κατά
3609 1289 3704 1344 τοῦ
3739 1293 3845 1375 Κρυ-

2254 1386 2390 1454 ρίου.
2432 1380 2541 1440 Θέα
2579 1383 2710 1455 γοῦν
2748 1386 2898 1450 ὅπως
2937 1385 3074 1457 μετά
3123 1385 3304 1448 πάσας
3341 1384 3440 1449 τάς
3492 1387 3615 1438 κατ’
3661 1384 3844 1438 αὐτῶν

2250 1477 2480 1542 ἀπειλὰς
2509 1478 2704 1546 ἐπάγει
2731 1477 2904 1547 λέγων
2924 1494 2938 1508 ·

587 445 690 500 ΗΠ

584 1300 813 1370 probum
869 1309 1058 1356 contra
1124 1301 1410 1356 Dominum
1480 1299 1695 1354 initum.
1764 1298 2149 1353 Animadverte

584 1390 748 1459 igitur
791 1405 900 1459 quo
941 1398 1100 1460 pacto
1151 1399 1272 1458 post
1327 1387 1448 1442 illas
1494 1403 1685 1444 omnes
1722 1389 1984 1444 adversus
2027 1386 2148 1442 illos

580 1483 877 1538 intentatas
917 1482 1113 1544 minas,
1146 1481 1230 1535 his
1271 1480 1451 1534 verbis
1478 1478 1676 1534 inferat
1708 1496 1721 1532 :

649 1590 670 1625 ι
693 1573 975 1628 Peccatum
1003 1583 1180 1628 autem
1211 1587 1422 1634 eorum,
1455 1572 1608 1640 quasi
1641 1571 2020 1636 Sodomorum,
2045 1586 2127 1626 an-

2325 1587 2344 1620 ι
2379 1569 2490 1640 Τὴν
2512 1568 2569 1623 δὲ
2598 1569 2870 1641 ἁμαρτίαν
2899 1569 3080 1622 αὐτῶν
3109 1569 3184 1632 ὡς
3215 1569 3463 1640 Σοδόμων
3497 1569 3842 1642 ἀπήγγειλαν

576 1668 957 1722 nuntiaverunt
969 1675 1023 1723 et
1038 1666 1467 1725 declaraverunt.
1482 1667 1572 1722 Vm
1585 1667 1777 1723 animae
1791 1681 2001 1734 eorum,
2018 1667 2127 1738 qui:

2248 1659 2344 1712 καὶ
2388 1660 2732 1728 ἐνεφάνισαν.
2783 1660 2919 1714 Οὐαὶ
2955 1661 3020 1730 τῇ
3065 1659 3210 1730 ψυχῇ
3260 1659 3463 1724 αὐτῶν,
3521 1661 3604 1714 ὅτι
3653 1653 3843 1732 βεϐού-

574 1759 813 1813 inierunt
844 1759 1126 1813 consilium
1163 1757 1358 1812 malum
1379 1768 1565 1813 contra
1601 1759 1829 1828 seipsos,
1861 1758 2106 1814 dicentes

2247 1750 2461 1807 λευνται
2507 1755 2703 1826 βουλὴν
2756 1754 2994 1827 πονηρὰν
3031 1755 3152 1809 καθ’
3200 1755 3411 1808 ἑαυτῶν
3459 1756 3730 1823 εἰπόντες,
3758 1758 3840 1811 ὅτι

571 1834 864 1918 Alligemus
916 1849 1144 1920 justum,
1185 1851 1311 1920 quia
1362 1848 1599 1906 diﬂicilis'
1634 1850 1791 1905 nobis
1818 1860 1923 1905 est.
1964 1868 1982 1903 ι
2019 1848 2127 1905 Haat

2247 1844 2511 1914 Δήσωμεν
2539 1844 2633 1898 τὸν
2659 1845 2888 1908 δίκαιον,
2916 1847 3350 1919 ὅτιδύσχρηστος
3379 1851 3512 1919 ἡμῖν
3537 1851 3675 1902 ἐστι.
3714 1870 3733 1902 ι
3767 1851 3841 1902 Τὸ

561 1941 768 2011 quippe
787 1954 947 1995 causa
968 1941 1233 1994 minarum
1257 1941 1495 1994 omnium
1521 1949 1652 1994 erat.
1675 1939 1810 1994 Hinc
1833 1954 1995 2009 porro
2019 1939 2127 1995 sine

2245 1935 2352 2007 γάρ
2375 1936 2547 1990 αἴτιον
2575 1937 2684 1990 τῶν
2708 1939 3118 2008 ἀπειλουμένων
3142 1940 3585 2005 ἁπάντωντοῦτο
3609 1938 3698 2012 ἧν.
3727 1938 3840 1996 Καὶ

571 2031 942 2086 controversia
993 2031 1208 2100 probari
1262 2032 1469 2084 aestimo
1511 2031 1624 2085 haec
1670 2039 1805 2100 post.
1842 2029 2127 2086 Salvatoris

2241 2028 2304 2080 ὲκ
2351 2026 2556 2082 τούτων
2623 2029 2681 2084 δὲ
2723 2031 3142 2101 ἀναμφιλέκτως
3185 2028 3339 2102 οἶμαι
3383 2033 3735 2088 συνίστασθαι
3778 2033 3840 2086 τὸ

570 2125 861 2178 adventum
899 2125 1058 2179 linem
1100 2125 1394 2194 accepisse.
1427 2122 1728 2178 Cunfertim
1773 2138 1901 2193 ergo
1944 2131 2000 2178 et
2031 2139 2140 2178 una

570 2216 866 2270 secundum
914 2217 1285 2285 prophetiam,
1328 2215 1508 2268 omnia
1560 2214 1629 2268 ab
1677 2213 1977 2269 Jentsalem
2010 2223 2066 2268 et
2108 2229 2139 2268 a

565 2306 748 2362 ludam
783 2306 1102 2362 defecerunt
1137 2316 1191 2362 et
1235 2307 1414 2361 ablata
1464 2317 1624 2373 sunt,
1662 2321 1770 2360 non
1810 2306 1946 2372 alio,
1977 2321 2137 2376 quam

564 2407 898 2454 structarum
932 2409 1120 2453 contra
1151 2399 1495 2452 Salvatorem
1536 2407 1784 2451 nostrum
1819 2397 2136 2452 insidiarum

565 2501 829 2560 tempore.
874 2491 950 2543 Ac
984 2491 1162 2559 primo
1192 2489 1355 2543 ablati
1417 2498 1546 2543 sunt
1598 2489 1852 2544 robustus
1882 2499 1937 2543 ot
1972 2488 2138 2544 robu-

563 2587 671 2644 sta,
710 2580 846 2644 sive,
882 2581 1178 2634 secundum
1231 2580 1501 2647 Aquilam,
1553 2597 1572 2630 ι
1622 2578 1851 2634 fulcrum
1883 2587 1939 2633 et
1983 2579 2138 2634 fulci—

561 2679 805 2725 mentum
828 2712 840 2732 ,
883 2691 901 2722 ι
937 2671 1041 2734 vel,
1065 2672 1355 2724 secundum
1387 2670 1794 2741 Symmachum,
1817 2686 1838 2721 ι
1873 2654 2138 2724 ειιειθῐῆε-

563 2761 742 2817 culum
760 2773 812 2817 et
833 2763 1170 2816 sustentatio.
1185 2780 1204 2814 ι
1225 2762 1378 2829 Quod
1404 2762 1666 2833 intelligas
1686 2762 1982 2817 secundum
2013 2779 2138 2832 apo-

560 2856 808 2911 stolicum
846 2869 1172 2918 sermonem,
1199 2855 1288 2924 qui
1321 2855 1567 2909 homines
1593 2865 1780 2910 sancta
1822 2855 1932 2908 vita
1977 2869 2136 2908 exor-

560 2953 742 3008 natos,
759 2943 1040 2998 columnas
1064 2951 1120 2997 et
1146 2942 1547 2996 ﬁrmamentum
1570 2941 1802 2996 vocavit.
1824 2938 1889 2993 Et
1913 2940 2133 3009 quidem

559 3036 724 3088 etiam
759 3035 899 3104 apud
927 3035 1170 3102 priscum
1204 3033 1349 3086 illum
1381 3033 1634 3102 populum
1694 3031 1916 3100 quidam
1951 3041 2131 3096 erant,

557 3120 647 3187 qui
687 3134 781 3188 pro
814 3119 976 3173 totius
1003 3121 1178 3188 gentis
1201 3120 1568 3174 sustentaculo
1612 3120 1806 3176 haberi
1838 3129 2086 3192 poterant
2113 3140 2125 3176 :

2244 2120 2382 2190 μετά
2414 2121 2511 2192 τὴν
2549 2123 2817 2198 σωτήριον
2849 2123 3157 2194 παρουσίαν
3188 2122 3361 2177 ταῦτα
3391 2123 3580 2186 τέλους
3607 2141 3838 2194 τετυχη-

2242 2210 2414 2264 κέναι.
2459 2212 2694 2283 ’Λθρὸως
2737 2209 2830 2266 οὖν
2870 2214 3082 2281 ἐξέλιπε
3117 2216 3214 2268 καὶ
3259 2215 3509 2286 ἀφῃρέθη
3555 2213 3696 2268 κατὰ
3733 2215 3836 2284 τὴν

2241 2304 2597 2373 προφητείαν,
2649 2304 2757 2358 ἀπό
2806 2322 2863 2359 τε
2911 2306 3012 2376 τῆς
3069 2305 3424 2376 Ἰερουσαλὴμ
3451 2307 3544 2359 καὶ
3586 2306 3696 2358 ἀπὸ
3731 2294 3835 2376 τῆς

2253 2393 2529 2457 Ἰουδαίας,
2575 2393 2712 2463 ὁμοῦ
2748 2395 2815 2448 τά
2856 2395 3055 2459 πάντα,
3096 2395 3195 2447 ούκ
3240 2394 3428 2448 ἄλλοτε
3473 2395 3506 2466 ἢ
3548 2396 3693 2449 κατά
3731 2399 3835 2469 τὴν

2237 2483 2331 2537 τοῦ
2362 2484 2611 2556 Σωτῆρος
2637 2486 2793 2556 ἡμῶν
2821 2485 3137 2556 ἐπιϐουλήν.
3161 2488 3273 2540 Καὶ
3307 2485 3522 2557 πρῶτον
3553 2488 3837 2561 ἀφῃρέθη-

2240 2591 2338 2628 σαν
2392 2576 2644 2646 ἰσχύοντα
2688 2577 2780 2630 καὶ
2827 2577 3152 2647 ἰσχύουσανο
3191 2577 3226 2648 ἢ
3261 2577 3402 2630 κατὰ
3433 2578 3526 2632 τὸν
3575 2579 3832 2647 Ἀκύλαν,

2242 2685 2262 2717 ι
2320 2667 2553 2739 ἔρεισμα
2586 2670 2678 2722 καὶ
2725 2671 3011 2741 ἐρεισμόνι
3055 2688 3072 2720 ι
3121 2669 3153 2740 ἢ
3199 2668 3338 2722 κατά
3374 2669 3466 2723 τὸν
3511 2671 3830 2742 Σύμμαχον,

2243 2777 2261 2810 ι
2295 2760 2572 2830 στήριγμα
2597 2762 2689 2813 καὶ
2721 2762 3040 2832 στηριγμόν,
3079 2781 3096 2813 ι
3130 2763 3305 2832 Ὅπερ
3331 2763 3546 2833 νοήσεις
3576 2765 3718 2818 κατά
3742 2766 3832 2818 τὸν

2236 2853 2590 2906 ἀποστολικὸν
2619 2853 2795 2920 λόγον,
2829 2853 2888 2915 ὃς
2916 2854 3044 2915 τοὺς
3074 2851 3174 2923 βίῳ
3197 2853 3272 2921 τῷ
3297 2853 3437 2907 κατὰ
3460 2854 3593 2906 Θεὸν
3617 2855 3830 2926 ἐμπρέ-

2238 2959 2439 3020 ποντας
2472 2944 2696 3006 στύλους
2731 2961 2789 2996 τε
2834 2945 2925 2997 καὶ
2969 2945 3249 3015 ἑδραίωμα
3282 2944 3550 3014 ὠνόμασε.
3601 2947 3831 3012 Πάντως

2234 3033 2292 3086 δέ
2321 3051 2421 3086 που
2454 3036 2548 3087 καὶ
2588 3033 2738 3105 παρά
2761 3035 2837 3104 τῷ
2869 3034 3120 3105 προτέρῳ
3148 3033 3262 3102 λαῷ
3291 3029 3431 3104 ἦσαν
3462 3051 3607 3097 τινες
3635 3034 3830 3106 ὥσπερ

2236 3125 2586 3197 ἐδραιώματα
2618 3126 2711 3179 τοῦ
2746 3127 2946 3190 παντὸς
2979 3126 3157 3181 αὐτῶν
3190 3125 3409 3190 ἔθνους,
3453 3125 3546 3190 οὒς
3585 3127 3826 3200 ἀρθήσε-

556 3224 694 3278 quos
739 3211 802 3264 de
844 3210 1020 3265 medio
1061 3226 1246 3270 eorum
1281 3211 1551 3267 tollendos
1581 3226 1704 3268 esse
1740 3213 2121 3268 comminatur.

2236 3217 2356 3272 σθαι
2388 3219 2482 3272 ἀπ’
2518 3218 2694 3271 αὐτῶν
2727 3220 2755 3270 6
2784 3219 2942 3286 λόγος
2967 3218 3196 3272 ἀπειλεῖ.

633 3325 652 3357 ι
703 3307 883 3360 Robur
916 3307 1070 3375 panis
1099 3315 1151 3361 et
1201 3307 1371 3361 robur
1410 3322 1583 3376 aquae.
1636 3327 1655 3361 ι
1706 3307 1833 3364 Hinc
1861 3324 1991 3364 vero
2027 3311 2134 3380 spi.

558 3399 738 3452 rituali
769 3415 918 3454 more
947 3385 1242 3467 accipiens,
1273 3400 1528 3454 advertas
1554 3400 1735 3464 velim,
1770 3416 1872 3455 non
1909 3417 2126 3470 panem,

554 3503 660 3542 non
704 3504 899 3556 aquam
938 3487 1285 3542 auferendam
1336 3505 1455 3544 esse
1503 3491 1630 3557 dici,
1687 3493 1784 3546 sed
1827 3493 1995 3547 robur
2039 3511 2130 3564 pa-

554 3578 638 3630 nis
686 3587 739 3631 et
793 3578 958 3631 robur
1017 3574 1202 3646 aquae;
1255 3579 1399 3647 quod
1460 3592 1525 3632 ex
1572 3579 1796 3634 alterius
1844 3585 2126 3651 pr0pltetaa

555 3666 736 3722 verbis
792 3666 1093 3735 intelligas:
1161 3686 1180 3719 ι
1224 3666 1388 3731 Ecce,
1455 3669 1656 3739 inquit,
1713 3672 1827 3726 dies
1876 3675 2119 3743 veniunt,

551 3759 683 3811 dicit
718 3759 1008 3822 Dominus,
1057 3769 1132 3812 et
1162 3760 1371 3812 mittam
1417 3760 1613 3816 famem
1667 3777 1832 3831 super
1891 3774 2121 3831 terram;

555 3866 662 3904 non
710 3849 902 3904 famem
954 3851 1108 3920 panis
1137 3891 1151 3914 ,
1210 3865 1311 3905 nec
1352 3852 1497 3907 sitim
1545 3871 1731 3923 aquae;
1781 3857 1873 3911 sed
1926 3857 2122 3914 famem

548 3943 805 3997 audiendi
835 3943 1055 3997 verbum
1095 3944 1305 3997 Domini
1335 3945 1398 3999 ¹³.
1436 3966 1454 3999 ι
1487 3945 1580 4001 Est
1613 3949 1774 4016 igitur
1813 3951 2006 4004 animm
2037 3966 2128 4020 pa-

551 4033 655 4099 nis,
691 4047 866 4087 sermo
899 4035 1170 4104 quispiam
1215 4037 1398 4092 alendi
1448 4039 1824 4108 vi‘praeditus;
1857 4043 2127 4095 simi-liter-

550 4137 654 4188 quc
683 4132 841 4189 potus
882 4125 1253 4180 rationabilis:
1290 4143 1522 4196 quorum
1559 4130 1661 4184 etsi
1699 4129 1870 4186 Judaei
1909 4149 1965 4187 se
2006 4149 2124 4202 par-

551 4213 741 4280 ticipes
769 4227 888 4267 esse
918 4225 1141 4284 putent,
1189 4220 1316 4272 dum
1351 4219 1562 4273 divinas
1612 4220 1919 4290 Scripturas
1953 4234 2124 4280 trans-

536 4315 799 4372 currunt,
841 4315 895 4359 et
938 4307 1080 4361 circa
1125 4308 1467 4376 disciplinam
1505 4315 2009 4385 promissionesque
2037 4333 2122 4371 ea-

551 4410 666 4447 runt
711 4396 951 4450 studiose
995 4410 1321 4453 versantur:
1368 4413 1423 4453 at
1460 4405 1626 4456 robur
1664 4407 1959 4461 nutrientis
2000 4421 2120 4461 ser-

2313 3330 2331 3361 ι
2381 3311 2555 3381 ’ἰσχὺν
2599 3310 2763 3380 ἄρτου
2813 3311 2907 3364 καὶ
2956 3312 3108 3381 ἰσχὺν
3151 3310 3361 3373 ὓδατος.
3425 3329 3443 3362 ι
3493 3311 3720 3382 Νοητῶς
3767 3313 3825 3367 δὲ

2231 3402 2709 3473 ὲκλαμὸανόμενος
2733 3403 2926 3467 ταῦτα,
2953 3406 3075 3474 δρα,
3103 3404 3184 3456 ὅτι
3203 3403 3303 3456 οὐκ
3323 3403 3508 3474 ἄρτον,
3525 3404 3822 3478 οὖτε,ὖδωρ

2230 3489 2382 3548 εἶπεν
2418 3495 2668 3563 ἀφελεῖν,
2715 3494 2830 3547 ἀλλ’
2871 3496 3024 3565 ἰσχὺν
3063 3494 3230 3565 ἄρτου
3270 3496 3363 3548 καὶ
3401 3495 3552 3565 ἰσχὺν
3593 3478 3819 3561 ὓδατος·

2229 3587 2364 3659 ὅπερ
2390 3589 2603 3659 νοήσεις
2626 3589 2718 3656 ἀφ’
2750 3588 2938 3658 ἑτέρου
2971 3589 3249 3659 προφήτου
3281 3590 3551 3659 φήσαντος
3572 3605 3584 3617 ·
3622 3607 3640 3639 ι
3691 3589 3824 3643 Ἰδοὺ

2228 3681 2432 3750 ἡμέραι
2467 3680 2734 3750 ἔρχονται,
2764 3681 2910 3746 λέγει
2942 3680 3145 3750 Κύριος
3167 3721 3180 3745 ,
3216 3682 3308 3733 καὶ
3338 3680 3624 3733 ἀποστελῶ
3663 3680 3823 3751 λιμὸν

2229 3775 2320 3824 ἐπὶ
2356 3773 2454 3842 τὴν
2495 3772 2631 3841 γῆν·
2678 3772 2738 3823 ού
2783 3769 2938 3841 λιμὸν
2974 3773 3158 3842 ἄρτου,
3219 3771 3334 3825 οὐδὲ
3389 3771 3547 3840 δίψαν
3589 3772 3820 3838 ὓδατος,

2233 3862 2368 3915 ἀλλά
2396 3861 2553 3931 λιμὸν
2586 3859 2676 3912 τοῦ
2714 3860 2943 3914 ἀκοῦσαι
2981 3860 3136 3929 λόγον
3166 3861 3392 3931 Κυρίου.
3435 3881 3452 3912 ι
3500 3862 3686 3916 Ἔστιν
3725 3860 3821 3917 οὖν

2226 3952 2408 4023 ψυχῆς
2437 3953 2598 4023 ἄρτος
2630 3951 2919 4023 θρεπτικὸς
2964 3969 3046 4014 τις
3074 3951 3229 4019 λόγος
3257 3989 3269 4012 ,
3316 3953 3410 4005 καὶ
3443 3955 3607 4008 ποτὸν
3639 3955 3820 4008 ὡσαύ-

2226 4062 2333 4108 τως
2374 4043 2621 4110 λογικόν·
2673 4036 2747 4095 ὧν
2795 4044 2842 4094 εἰ
2897 4042 2991 4095 καὶ
3039 4041 3318 4111 νομίζουσι
3373 4042 3818 4113 μεταλαμδάνειν

2242 4132 2508 4186 Ἰουδαίων
2541 4131 2746 4195 παῖδες,
2782 4133 2839 4185 ὲν
2871 4130 2947 4201 τῷ
2976 4130 3074 4194 τὰς
3120 4131 3272 4195 θείας
3311 4133 3622 4204 διέρχεσθαι
3673 4136 3817 4205 Γρα-

2227 4223 2352 4291 φάς,
2383 4225 2477 4276 καὶ
2507 4224 2638 4295 περί
2667 4223 2767 4285 τὰς
2791 4221 3128 4293 ἀκμαθήσεις
3153 4223 3245 4276 καί⁵
3270 4224 3602 4293 ἐπαγγελίας
3630 4227 3817 4280 αὐτῶν

2227 4314 2566 4383 φιλοκαλεῖν·
2595 4314 2732 4367 ἀλλά
2764 4315 2861 4385 τὴν
2899 4313 2974 4386 (6)
3013 4313 3164 4383 ἰσχὺν
3205 4315 3313 4366 τῶν
3359 4315 3670 4387 θρεπτικῶν
3726 4319 3817 4372 λό-

2224 4424 2354 4475 γων,
2391 4407 2485 4459 καί⁸
2515 4407 2576 4459 τὸ
2619 4406 2907 4478 θρεπτικὸν
2939 4406 3038 4477 τῆς
3071 4406 3335 4470 ζωοποιοῦ
3369 4411 3474 4480 γῆς
3503 4412 3603 4464 οὐκ
3631 4411 3698 4463 ἂν
3729 4413 3815 4465 εὖ-

543 4487 761 4552 monis,
801 4490 1133 4558 vivificaeque
1169 4501 1328 4548 terra:
1373 4495 1726 4564 alimentum,
1783 4517 1941 4554 nemo
1979 4504 2117 4571 apud

2234 4517 2338 4569 ροις
2371 4501 2499 4570 παρ’
2542 4501 2743 4562 αὐτοῖς.
2792 4501 2991 4570 Ἀρτου
3021 4499 3198 4552 τοίνυν
3233 4501 3393 4553 πάλιν
3419 4503 3518 4554 ούκ
3547 4502 3813 4573 αἰσθητοῦ

549 4592 690 4646 ipsos
746 4581 995 4649 reperiat.
1042 4581 1240 4637 Panem
1303 4600 1432 4655 ergo
1487 4589 1739 4642 sensilem
1803 4595 2116 4664 neutiquam

2234 4558 2586 4663 μνημονεύει·
2631 4558 2745 4646 ἀλλ’
2780 4558 2900 4646 οὐδὲ
2953 4593 3158 4646 ὑδάτων
3205 4593 3315 4647 τῶν
3358 4596 3414 4646 ὲν
3471 4558 3811 4667 καταχρήσει

546 4683 841 4739 memorat;
881 4689 976 4728 nec
1021 4691 1188 4744 aquas
1233 4678 1421 4731 itidem
1465 4696 1584 4748 quae
1621 4684 1729 4736 triti
1771 4700 1832 4738 ac
1877 4701 2118 4740 commu-

549 4763 630 4817 nis
658 4765 766 4818 sint
801 4781 958 4834 usus;
992 4771 1084 4822 sed
1121 4771 1267 4824 illum
1305 4775 1486 4839 potius
1519 4791 1748 4844 panem,
1788 4779 1852 4831 de
1893 4796 1999 4848 quo
2038 4782 2116 4834 ait

547 4855 711 4909 David
747 4874 761 4909 :
799 4877 816 4909 ι
850 4858 1050 4913 Panem
1085 4863 1206 4914 caeli
1243 4863 1388 4916 dedit
1422 4866 1523 4927 eis,
1571 4884 1762 4936 panem
1798 4872 2114 4940 angelorum

544 4952 885 5005 manducavit
911 4954 1072 5006 homo
1098 4954 1194 5005 ιδ.»
1231 4954 1409 5021 Aquas
1439 4957 1563 5010 item
1599 4960 1772 5026 ipsum
1806 4964 2127 5017 meminisse.

541 5041 769 5095 dicimus
818 5044 1162 5110 spirituales,
1220 5048 1289 5100 de
1351 5047 1547 5115 quibus
1607 5051 1773 5103 Isaias
1837 5057 2098 5122 propheta

540 5130 667 5184 alibi
699 5132 744 5164 "
777 5134 901 5188 talia
939 5136 1108 5190 fatur:
1150 5155 1168 5188 ι
1205 5138 1279 5192 Ει
1311 5139 1563 5193 haurient
1596 5157 1790 5210 aquam
1833 5161 1952 5198 «tum
1980 5161 2112 5214 gau-

538 5223 620 5276 tlio
665 5224 733 5279 de
763 5224 1008 5281 fontibus
1039 5227 1342 5287 Salutaris:
1388 5251 1406 5283 ›
1442 5234 1568 5300 quin
1599 5245 1652 5288 et
1681 5236 1791 5303 ipse
1825 5236 2107 5290 Salvator:

533 5331 551 5362 ι
605 5312 794 5368 Omnis
823 5316 911 5384 qui
946 5318 1080 5372 bibit
1106 5335 1173 5373 ex
1213 5321 1313 5374 hac
1356 5335 1512 5388 aqua,
1563 5324 1709 5377 sitiet
1746 5325 1978 5392 iterum;
2020 5327 2110 5395 qui

2223 4679 2404 4756 κοινῇ·
2462 4687 2669 4738 ἐκείνου
2717 4686 2773 4738 δὲ
2831 4685 3028 4755 μᾶλλον
3080 4687 3207 4757 περὶ
3256 4679 3316 4738 οὗ
3370 4705 3531 4759 φησιν
3579 4693 3608 4742 6
3645 4691 3811 4745 Δαυῒδ

2227 4797 2244 4828 ι
2280 4779 2447 4849 ἄρτον
2461 4777 2692 4849 οὐρανοῦ
2725 4777 2921 4831 ἔδωκεν
2955 4778 3157 4842 αὐτοῖς,
3198 4778 3360 4851 ἄρτον
3389 4780 3637 4847 ἀγγέλων
3667 4783 3807 4852 ἔφα-

2219 4885 2312 4936 γεν
2358 4869 2660 4938 ἄνθρωπος.
2723 4890 2740 4920 ι
2800 4870 3035 4921 Ὑδάτων
3075 4887 3133 4922 τε
3180 4869 3578 4942 διαμεμνῆσθαί
3619 4891 3806 4946 φαμεν

2218 4964 2377 5016 αὑτὸν
2409 4962 2636 5033 νοητῶν,
2674 4962 2800 5031 περί
2829 4955 2902 5013 ὧν
2941 4962 3101 5024 αὑτός
3134 4962 3235 5014 πού
3267 4981 3431 5033 φησιν
3459 4966 3485 5015 6
3514 4969 3807 5038 προφήτης

2235 5057 2458 5117 Ἡσαΐας
2479 5073 2491 5085 ·
2530 5073 2547 5104 ι
2570 5056 2680 5106 Καὶ
2696 5055 3048 5123 ἀντλήσουσιν
3067 5052 3208 5125 ὕδωρ
3241 5057 3355 5125 μετ’
3383 5057 3723 5128 εὐφροσύνης
3741 5044 3807 5113 ἐκ

2221 5147 2326 5199 τῶν
2363 5145 2552 5216 πηγῶν
2587 5145 2680 5198 τοῦ
2712 5145 2984 5215 Σωτηρίου
3011 5162 3021 5172 ·
3057 5164 3074 5195 ι
3099 5147 3190 5196 καί
3223 5147 3326 5216 μὴν
3358 5149 3806 5212 καὶαύτὸςὸΣω-

2216 5241 2348 5309 τήρ-
2402 5258 2418 5289 ι
2458 5239 2574 5300 Πᾶς
2616 5239 2644 5288 6
2673 5239 2843 5289 πίνων
2874 5240 2935 5289 ἐκ
2967 5234 3060 5287 τοῦ
3091 5235 3280 5299 ὕδατος
3309 5239 3496 5291 τούτου
3519 5279 3531 5301 ,
3580 5239 3804 5312 διψήσει

2213 5330 2371 5382 πάλιν
2389 5348 2400 5359 ·
2429 5330 2485 5391 ὃς
2512 5329 2555 5380 δ’
2584 5329 2648 5381 ἂν
2682 5330 2778 5400 πίῃ
2810 5331 2871 5381 ἐκ
2897 5329 2989 5381 τοῦ
3018 5329 3208 5392 ὓδατος
3231 5326 3289 5382 οὗ
3313 5329 3422 5398 ἐγὼ
3442 5331 3597 5384 δώσω
3626 5335 3801 5404 αὐτῷ,

533 5418 666 5460 vero
703 5405 898 5461 biberit
952 5423 1017 5461 ex
1070 5424 1246 5479 aqua,
1298 5427 1460 5480 quam
1499 5428 1597 5484 ego
1631 5416 1769 5470 dabo
1803 5418 1872 5484 ei,
1913 5419 2005 5472 [iet
2057 5422 2109 5474 in

2234 5425 2497 5492 νενήσεται
2527 5425 2584 5474 ἐν
2617 5423 2763 5490 αὐτῷ
2795 5422 2941 5491 πηγὴ
2984 5421 3173 5483 ὓδατος
3215 5421 3508 5492 ἁλλομένου
3538 5427 3617 5487 εἰς
3649 5426 3805 5499 ζωὴν

532 5506 591 5546 eo
640 5494 759 5551 fons
797 5512 949 5567 aqua:
980 5499 1231 5556 salientis
1262 5503 1316 5556 in
1360 5503 1524 5557 vitam
1553 5514 1809 5561 :eternam
1843 5509 1906 5561 ⁸⁸.
1939 5528 1956 5560 ι
1998 5509 2136 5563 11η--

2212 5512 2449 5569 αἱώνιον.
2507 5534 2524 5564 ι
2568 5513 2731 5576 Σύνες
2764 5515 2817 5566 δὲ
2859 5515 3102 5585 ἀκριϐῶς
3144 5515 3243 5578 τὰς
3292 5515 3415 5585 περί
3450 5515 3653 5569 τούτων
3699 5519 3800 5572 τοῦ

609 5669 651 5701 ⁸³
683 5672 844 5728 Amos
893 5689 1014 5739 vut,
1058 5675 1136 5731 ll.
1215 5677 1259 5709 “
1294 5677 1434 5733 Psal.
1467 5695 1670 5746 Lxxvn,
1697 5683 1788 5737 24.
1869 5685 1911 5716 ¹⁵
1939 5685 2074 5756 Cap.
2101 5703 2127 5742 ιι

2234 5690 2274 5743 5.
2353 5692 2397 5727 ¹⁶
2422 5689 2581 5745 Joatt.
2609 5704 2679 5755 tv,
2711 5690 2791 5757 15,
2821 5691 2906 5747 Η.

604 5854 738 5922 (9-6)
777 5857 927 5917 Hunc
957 5862 1083 5919 item
1117 5863 1292 5923 locum
1323 5867 1595 5937 expressit
1625 5866 2002 5940 Hieronymus,
2033 5872 2185 5934 initio
2213 5876 2430 5934 secundi
2472 5875 2621 5932 libri.
