4014 6382
168 389 270 446 ιω)

1133 380 1645 446 COMMENTARIA
1685 383 1754 442 IN
1793 384 2052 446 ISAIAM.
2095 421 2162 431 --
2199 383 2352 446 CAP.
2392 385 2481 444 ΙΙΙ.

3361 400 3466 454 110

163 509 450 580 προφήτου
480 509 694 580 φωνάς·
737 509 800 564 οὐ
834 511 944 583 γὰρ
983 513 1208 585 εἴρηκεν
1239 513 1426 576 ἁπλῶς
1460 512 1747 584 ἀςραιρεθί)⁴

1868 513 1959 583 jus
1987 527 2153 584 porro
2182 514 2463 582 prOphetze
2495 526 2558 567 ea
2605 512 2673 568 de
2706 527 2765 568 re
2795 527 2960 570 voces
3000 525 3254 570 accurate
3304 514 3470 570 intel-

165 602 354 656 σεσθαι
375 603 488 659 τῶν
533 605 805 658 Ἰουδαίων
821 605 986 677 ἄρτον
1012 624 1074 660 τε
1091 607 1185 660 καὶ
1211 605 1376 680 ὕδωρ,
1407 606 1523 661 ἀλλ’
1553 625 1571 658 ι
1611 610 1763 678 ίσχὺν

157 695 326 768 ἄρτου
348 697 446 750 καὶ
474 698 630 767 ἰσχὺν
652 695 874 762 ὕδατοςο
917 717 938 751 ›
960 699 1055 752 καὶ¹
1070 698 1152 752 δεῖ
1176 700 1324 770 ἡμᾶς
1349 698 1555 752 οἴεσθαι
1584 698 1761 752 τοιοῦ-

153 782 247 840 τόν
270 803 325 843 τι
349 787 624 842 διδάσκειν
654 787 940 858 βούλεσθαι
969 790 1151 844 αὐτόν.
1190 790 1383 861 Ἡμεῖς
1407 789 1518 860 γάρ
1538 792 1652 854 τοῖς
1679 793 1757 842 ίε-

156 877 274 948 ροτς
301 880 799 951 περιτυγχάνοντες
838 880 1040 950 λόγοις,
1094 881 1188 935 xa‘t
1226 882 1324 947 τὰς
1370 882 1522 949 θείας
1569 885 1761 953 ἀναγι-

155 967 460 1034 νώσκοντες
521 970 764 1042 Γραφάς,
833 969 955 1027 εἶτα
1014 973 1290 1038 συνιέντες
1341 975 1534 1041 αὐτὰς,
1603 977 1758 1046 ίσχὺν

150 1061 321 1132 ἄρτου
360 1062 558 1134 νοητοῦ
605 1064 906 1136 δεχόμεθα·
951 1086 970 1118 ι
1012 1067 1088 1120 Οὐ
1115 1067 1225 1139 γὰρ
1265 1069 1351 1121 ἐπ’
1384 1068 1535 1140 ἄρτῳ
1589 1063 1754 1140 μόνῳ,

149 1154 308 1224 φησι,
365 1151 595 1226 ζήσεται
647 1157 934 1228 ἄνθρωπος
956 1173 970 1187 ·
1029 1157 1145 1212 ἀλλ’
1194 1160 1288 1212 ἐπὶ
1333 1159 1499 1214 παντὶ
1549 1161 1756 1231 ῥήματι

148 1244 578 1316 ἐκπορευομένῳ
634 1247 724 1301 διὰ
780 1249 1048 1319 πόματος
1102 1248 1260 1305 Θεοῦ.
1331 1269 1350 1302 ι
1413 1250 1648 1321 Ὁμοίως
1697 1251 1754 1304 δὲ

147 1339 369 1410 νοήσεις
401 1338 500 1392 καὶ
544 1341 630 1408 ἐφ’
681 1339 892 1394 ὑδάτων
942 1340 1170 1411 νοητῶν.
1233 1341 1480 1395 Ἰουδαῖοί
1536 1360 1600 1411 γε
1648 1343 1754 1416 μὴν

146 1429 334 1499 ἔχουσι
376 1432 477 1502 μὲν
500 1435 592 1485 τὸν
616 1432 781 1504 ἄρτον
821 1432 916 1486 καὶ
941 1433 1003 1486 τὸ
1039 1433 1186 1505 ὕδωρ
1210 1434 1288 1487 ἔτι
1361 1434 1756 1508 πολυπραγμο-

145 1520 299 1575 νοῦσι
317 1523 432 1596 γὰρ
460 1522 530 1576 τὰ
552 1523 832 1587 Μωῡσέως
851 1525 1178 1597 γράμματα,
1208 1527 1302 1580 καὶ
1319 1525 1752 1593 ἀναγινώσκουσι

144 1613 236 1667 τδν
275 1615 477 1684 νόμον·
516 1616 704 1686 ιπειδὴ
738 1616 796 1669 δὲ
829 1615 1196 1685 γινώσκουσιν
1225 1597 1401 1683 οὐδὲν,
1437 1620 1538 1672 οὐκ
1568 1619 1752 1690 ἔχουσι

145 1705 244 1778 τὴν
272 1709 431 1776 ίσγὺν
463 1707 560 1762 τοῦ
591 1710 779 1781 ἄρτου,
819 1709 944 1764 οὐτε
980 1712 1086 1783 μὴν
1105 1711 1206 1783 τὴν
1235 1713 1388 1782 ἰσχὺν
1417 1713 1510 1766 τοῦ
1533 1713 1745 1777 ὓδατος.

145 1795 317 1850 Ψιλὸν
363 1802 469 1866 γὰρ
523 1799 708 1862 αὐτοῖς
757 1800 851 1852 καὶ
896 1801 1056 1870 μόνον
1106 1799 1167 1855 τὺ
1222 1804 1459 1874 γράμμα
1500 1803 1744 1868 δέδοται,

1872 603 2051 674 ligas:
2105 617 2212 658 non
2252 606 2400 657 enim
2446 602 2774 674 simpliciter
2814 604 2989 670 dixit,
3027 604 3384 661 auferendum
3433 624 3462 660 ιι

1870 695 2073 752 ιιιάιείε
2107 711 2231 752 csse
2262 711 2459 768 panem
2506 708 2562 751 ct
2599 712 2842 767 aquam;
2886 697 2979 754 sed
3020 716 3038 750 ι
3092 700 3260 754 robur
3305 699 3463 769 panis

1869 798 1923 843 et
1953 790 2122 844 robur
2149 803 2342 857 aquae:
2379 810 2398 843 ι
2436 805 2644 860 parque
2677 799 2763 846 est
2802 800 2862 844 ut
2892 806 2991 847 nos
3023 806 3146 847 eum
3183 793 3460 862 quidpiam

1868 881 2045 937 simile
2081 882 2314 938 edocere
2374 883 2724 938 arbitremur.
2777 882 2889 940 Nos
2931 885 3133 956 quippe
3183 886 3237 941 in
3287 887 3462 942 sacris

1867 972 2215 1027 sermonibus
2257 984 2565 1041 versantes,
2616 988 2683 1029 ac
2723 973 2938 1030 divinas
2979 974 3294 1048 Scrlpturas
3337 993 3462 1049 per-

1865 1077 2011 1132 saepe
2053 1064 2313 1134 legentes,
2367 1079 2432 1120 ac
2481 1066 2703 1120 demum
2743 1067 2890 1136 ipsas
2932 1065 3336 1137 intelligentes,
3369 1070 3458 1124 hic

1866 1155 2170 1224 spiritualis
2209 1156 2369 1226 panis
2412 1157 2522 1210 vim
2558 1156 2956 1228 intelligimus:
2999 1175 3018 1210 ι
3060 1157 3176 1214 Non
3221 1161 3364 1215 enim
3402 1162 3456 1216 in

1864 1261 2008 1315 pane
2062 1248 2214 1313 solo,
2279 1249 2389 1313 ait,
2437 1247 2578 1302 vivet
2625 1248 2826 1313 homo;
2891 1250 2989 1304 sed
3049 1249 3102 1303 in
3140 1253 3290 1304 omni
3326 1267 3456 1306 ver-

1864 1338 1936 1393 bo
1982 1339 2125 1408 quod
2173 1339 2450 1408 egreditur
2494 1354 2591 1408 per
2632 1353 2696 1393 os
2729 1339 2821 1394 Dei
2851 1339 2916 1392 ".
2963 1357 2983 1391 ι
3025 1338 3214 1407 Aquas
3250 1341 3460 1408 pariter

1861 1431 2180 1500 spirituales
2224 1431 2500 1503 intelligas
2541 1441 2782 1501 oportet.
2812 1431 2984 1488 Judaei
3014 1447 3148 1488 sane
3176 1449 3375 1504 panem
3399 1445 3457 1490 et

1861 1537 2060 1592 aquam
2104 1521 2310 1577 habent
2339 1523 2653 1591 hactenus;
2689 1537 2813 1577 nam
2845 1505 3047 1595 Moysis
3099 1525 3306 1595 scripta
3357 1542 3455 1582 cu-

1862 1617 2070 1670 riosius
2114 1615 2406 1682 evolvunt,
2447 1615 2728 1687 legemque
2760 1618 3110 1689 Sperlegunt;
3145 1621 3271 1689 quia
3324 1635 3456 1676 vero

1861 1704 1995 1758 nihil
2033 1703 2380 1776 intelligunt,
2430 1707 2599 1760 robur
2647 1709 2805 1775 panis
2853 1723 2960 1762 non
3002 1709 3228 1775 habent,
3275 1726 3455 1782 neque

1860 1797 2028 1851 robur
2063 1811 2219 1866 aqua:
2246 1799 2516 1853 obtinent.
2572 1796 2700 1853 Sola
2751 1800 2953 1871 quippe
2995 1808 3050 1856 et
3091 1804 3237 1858 nuda
3272 1803 3454 1858 littera

146 1887 315 1960 ἄρτου
353 1892 457 1961 μὲν
487 1891 584 1944 καὶ
611 1878 806 1954 ὓδατος
838 1891 1108 1962 ὑπόληψιν
1159 1891 1300 1963 ἔχον,
1334 1893 1533 1964 τρέφον
1565 1894 1621 1947 δὲ
1654 1896 1747 1948 αὐ-

1857 1903 2118 1945 concessa
2159 1889 2268 1945 illis
2306 1897 2424 1956 est,
2475 1905 2595 1970 qua:
2648 1891 2865 1959 quidem
2917 1892 3157 1963 aliquam
3205 1895 3364 1964 panis
3399 1904 3456 1948 et

147 1984 274 2048 τοὺς
304 1987 430 2039 κατ’
457 1983 648 2038 οὐδένα
671 1983 880 2057 τρόπον
910 1988 990 2049 είς
1023 1983 1237 2051 εὐεξίαν
1267 1985 1366 2058 τὴν
1387 1986 1607 2056 νοητήν.
1641 1987 1752 2039 Καὶ

151 2077 498 2148 μαρτυρήσει
535 2077 766 2147 γράφων
799 2079 828 2131 ό
859 2075 1072 2141 Παῦλος
1094 2095 1107 2109 ·
1154 2097 1174 2129 ι
1226 2078 1391 2149 Ἄχρι
1427 2078 1537 2149 γάρ
1581 2080 1752 2149 σήμε-

150 2183 259 2239 ρον,
307 2167 480 2240 ἡνίκα
519 2165 958 2236 ἀναγινώσκεται
1001 2169 1275 2240 Μωῦσῆς,
1335 2168 1602 2240 κάλυμμα
1657 2169 1749 2221 ἐπὶ

146 2261 242 2331 τὴν
273 2259 508 2332 καρδίαν
537 2259 720 2314 αὐτῶν
765 2263 975 2325 κεῖται,
1021 2281 1041 2315 ι
1096 2261 1170 2334 μὴ
1209 2261 1746 2332 ἀνακαλυπτόμενον,

147 2349 227 2401 ὅτι
251 2348 574 2421 ὲνΧριστῷ
610 2353 990 2422 καταργεῖται.
1021 2352 1134 2407 Καὶ
1172 2351 1297 2406 καθ’
1318 2351 1505 2424 ἕτερον
1543 2351 1600 2404 δὲ
1627 2351 1752 2420 τρό-

149 2459 246 2494 πον
274 2441 600 2516 ἀνῃρῆσθαί
645 2455 828 2515 φαμεν
869 2446 934 2498 ὲκ
972 2443 1075 2515 τῆς
1113 2443 1385 2499 Ἰουδαίων
1426 2443 1750 2514 συναγωγῆς

148 2535 298 2604 ἰσχὺν
323 2535 500 2606 ἄρτου
528 2536 624 2589 καὶ
657 2537 811 2607 ἰσχὺν
840 2536 1030 2599 ὓδατος
1053 2554 1067 2567 ·
1091 2538 1186 2591 καὶ
1214 2537 1375 2607 λόγος
1405 2537 1524 2591 ἐστὶ
1558 2553 1751 2608 μυστιο

143 2619 257 2689 πῶς.
301 2625 501 2697 Ἡμεῖς
538 2627 639 2698 μὲν
669 2627 779 2699 γὰρ
804 2628 961 2681 οἱδιά
989 2628 1228 2693 πίστεως
1255 2627 1584 2701 κεκλημένοι
1612 2629 1750 2700 πρὸς

145 2720 444 2791 ἁγιασμόν,
471 2719 567 2774 τὸν
592 2719 756 2793 ἄρτον
787 2719 986 2792 ἔχομεν
1014 2722 1108 2776 τὸν
1124 2721 1184 2787 ἐξ
1211 2721 1468 2794 οὐρανοῦ,
1502 2722 1748 2776 τουτέστι

145 2809 405 2880 Χριστὸν,
457 2810 580 2881 ἦτοι
617 2810 680 2864 τὸ
715 2811 875 2884 σῶμα
923 2811 1110 2867 αὐτοῦ.
1154 2811 1220 2866 Εί
1257 2812 1315 2866 δὲ
1344 2811 1408 2883 δή
1443 2829 1527 2875 τις
1550 2812 1745 2882 ἔροιτο,

145 2899 272 2954 ποία
297 2896 388 2964 τίς
426 2902 579 2954 ἐστιν
613 2903 647 2973 ἡ
675 2903 831 2972 ίσχὺς
864 2901 1054 2968 αὐτοῦ,
1102 2903 1283 2973 φαμὲν
1319 2903 1400 2955 ότι
1451 2901 1745 2966 ζωοποιόςδ

144 2993 327 3048 δίδωσι
372 2993 486 3068 γὰρ
527 2994 607 3066 τῷ
648 2996 840 3067 κόσμῳ
890 2995 1061 3067 ζωήν.
1103 2997 1410 3068 Προσίεμεν
1451 2996 1509 3048 δὲ
1547 2997 1750 3066 ὁμοίως

146 3085 237 3138 καὶ
257 3087 327 3157 τῇ
359 3084 449 3139 διὰ
479 3085 575 3139 τοῦ
619 3087 776 3154 ἁγίου
806 3086 1186 3158 βαπτίσματος
1220 3087 1427 3157 χάριτι,
1464 3086 1558 3138 τοῦ
1591 3086 1750 3152 ἁγιά-

145 3178 328 3243 ζοντος
357 3180 508 3250 ἡμᾶς
541 3178 732 3244 ὓδατος
757 3181 856 3253 τὴν
890 3181 1046 3249 ἰσχὺν
1074 3175 1214 3234 εῖναι
1253 3178 1524 3246 λέγοντες,
1568 3180 1744 3250 ἀμαρ-

144 3272 272 3326 τιῶν
309 3272 613 3336 ἀπόθεσιν,
655 3271 1018 3344 ἀναγέννησιν
1065 3271 1446 3342 πνευματικὴν
1483 3270 1564 3332 είς
1609 3286 1746 3339 συμ-

147 3363 386 3436 μορφίαν
432 3363 533 3435 τὴν
565 3365 646 3427 είς
687 3364 851 3417 αὐτὸν
892 3364 983 3416 τὸν
1023 3361 1296 3435 Χριστόν·
1341 3361 1434 3417 καὶ
1474 3360 1610 3431 πρὸς
1653 3361 1747 3413 ἐπὶ

142 3455 377 3523 τούτοις,
421 3455 740 3530 παρρησίαν
766 3456 974 3510 είσόδου
1002 3457 1100 3528 τῆς
1128 3457 1208 3519 είς
1230 3454 1328 3525 τὴν
1360 3453 1469 3507 τῶν
1501 3454 1745 3524 οὐρανῶν

144 3548 447 3615 βασιλείαν.
521 3549 649 3603 Ἐὰν
718 3549 828 3620 γάρ
900 3565 1006 3613 τις,
1060 3549 1214 3618 φησι,
1256 3565 1275 3598 ι
1317 3545 1391 3617 μὴ
1420 3546 1652 3617 γεννηθῇ
1687 3547 1745 3613 ἐξ

142 3634 334 3701 ὕδατος
383 3640 481 3691 καὶ
543 3637 872 3709 πνεύματος,
922 3640 982 3691 οὐ
1045 3637 1267 3692 δύναται
1329 3635 1593 3688 εἰσελθεῖν
1662 3637 1745 3700 εἰς

142 3730 238 3801 τὴν
294 3729 580 3800 βασιλείαν
638 3731 746 3783 τῶν
794 3730 1062 3802 οὐρανῶν.
1109 3750 1127 3783 ι
1174 3728 1531 3799 Ἐστέρηνται
1579 3727 1636 3782 δὲ
1693 3729 1744 3783 ot

153 3822 400 3875 Ἰουδαῖοι
448 3822 561 3876 τῶν
589 3821 846 3876 τοιούτων
889 3821 1138 3890 ἀγαθῶν·
1179 3822 1239 3874 οὐ
1288 3822 1400 3894 γάρ
1449 3823 1564 3874 ἐστι
1611 3819 1743 3890 παρ’

142 3895 323 3979 αὐτοῖς
365 3915 524 3985 ἰσχὺς
559 3915 747 3986 ἄρτου,
784 3915 1061 3967 τουτέστιν
1094 3915 1127 3983 ἡ
1158 3915 1214 3966 ὲν
1239 3913 1464 3984 Χριστῷ
1510 3912 1742 3977 ζωοποι-

138 4023 281 4079 ησις,
311 4007 423 4061 οὐδ’
455 4007 639 4078 έχουσι
661 4007 760 4079 τὴν
788 4006 882 4060 τοῦ
909 4005 1099 4068 ὓδατος
1130 4004 1278 4075 ἰσχύν
1305 4023 1317 4034 ·
1348 4006 1743 4076 ἀπομεμένηκε

143 4101 246 4172 γὰρ
269 4101 330 4154 ὲν
358 4099 545 4162 αὐτοῖς
579 4097 949 4160 ἀναπόνιπτος
975 4099 1007 4168 ἠ
1046 4097 1292 4167 ἁμαρτία
1311 4112 1326 4126 ’
1365 4097 1468 4148 οὐκ
1505 4094 1743 4149 εἰσελαύο

141 4208 321 4247 νουσιν
352 4194 435 4255 είς
463 4191 564 4262 τὴν
593 4191 701 4245 τῶν
735 4189 982 4260 οὐρανῶν
1025 4189 1324 4259 βασιλείαν,
1358 4187 1451 4241 τὸν
1495 4186 1742 4256 εἰσκομί-

140 4283 301 4351 ζοντα
341 4285 582 4358 Χριστὸν
624 4281 1006 4352 ἀτιμάζοντες.
1051 4281 1125 4334 Οὐ
1171 4280 1282 4352 γὰρ
1329 4281 1617 4334 ἐπίστευον
1656 4278 1743 4332 λέ-

141 4393 340 4447 γοντιοι
365 4375 511 4446 Ἐγὼ
544 4378 660 4448 είμι
752 4375 890 4438 όδδς,
914 4395 932 4426 ι
957 4377 1074 4437 καὶ,
1097 4393 1113 4426 ι
1139 4373 1427 4442 Ἑγώέἰμι
1461 4373 1493 4443 ἡ
1522 4371 1682 4442 θύρα.
1717 4389 1735 4422 ι

266 4472 383 4525 Καὶ
413 4469 908 4540 πεντηκόνταρχον,
939 4468 1032 4520 καὶ
1060 4465 1378 4535 θαυμαστὸν
1413 4463 1736 4534 σύμῦουλον,

1859 1994 2014 2050 ιιιιιιιο
2041 1981 2309 2052 rationem
2343 1991 2400 2037 et
2430 1983 2744 2050 opinionem
2784 1984 3001 2050 habeat,
3047 2001 3226 2056 neque
3269 1994 3455 2042 tamen

1859 2073 1980 2129 illos
2016 2074 2292 2130 ullatenus
2322 2075 2436 2129 alat
2466 2077 2533 2131 ad
2563 2075 2764 2131 bonam
2794 2078 3022 2148 spiritus
3053 2079 3450 2135 valetudinem.

1855 2164 2030 2232 Quam
2072 2182 2189 2221 rem
2227 2166 2430 2223 Paulus
2484 2169 2848 2233 testificatur,
2897 2169 2985 2225 bis
3008 2171 3232 2225 verbis:
3286 2167 3453 2224 «Sed

1856 2273 2028 2328 usque
2057 2259 2110 2313 in
2138 2257 2466 2314 hodiernum
2503 2260 2670 2326 diem,
2705 2276 2830 2316 cum
2858 2262 3058 2335 legitur
3085 2261 3318 2334 Moyses,
3356 2277 3452 2318 ve-

1855 2350 2033 2404 lamen
2074 2341 2312 2420 positum
2356 2350 2445 2405 est
2477 2366 2640 2420 super
2686 2367 2782 2407 cor
2830 2368 3018 2408 eorum
3051 2352 3119 2418 “,
3154 2371 3172 2404 ι
3216 2367 3322 2407 non
3361 2366 3450 2407 re-

1853 2441 2111 2508 velatum,
2143 2443 2271 2513 quia
2307 2443 2359 2498 in
2399 2444 2626 2500 Christo
2655 2444 2922 2501 aufertur.
2959 2445 3082 2500 Alio
3115 2445 3244 2500 item
3285 2445 3447 2499 mode

1853 2531 2086 2586 dicimus
2117 2532 2358 2588 ablatum
2392 2534 2564 2590 fuisse
2604 2551 2634 2588 a
2673 2531 2989 2590 Judaeorum
3033 2549 3309 2606 synagoga
3359 2550 3450 2590 ro-

1853 2623 1957 2677 bur
1991 2625 2152 2694 panis
2182 2634 2236 2679 et
2288 2625 2459 2681 robur
2502 2641 2658 2696 aqua:
2689 2645 2703 2681 :
2747 2642 2932 2681 sermo
2963 2637 3144 2682 autem
3187 2627 3450 2696 mysticus

1851 2723 1954 2770 est.
2005 2714 2117 2771 Nos
2169 2718 2370 2789 quippe
2425 2718 2517 2789 qui
2570 2733 2668 2789 per
2720 2718 2879 2774 ﬁdem
2928 2720 3103 2774 vocati
3159 2735 3350 2774 sumus
3376 2721 3448 2773 ad

1854 2807 2373 2875 sanctificationem,
2415 2823 2610 2877 panem
2661 2812 2925 2864 habemus
2967 2811 3034 2864 de
3084 2812 3248 2877 cnelo,
3306 2809 3447 2865 scili-

1853 2914 1940 2955 cet
1969 2900 2268 2965 Christum,
2315 2902 2432 2956 sive
2461 2916 2666 2971 corpus
2695 2903 2836 2973 ejus.
2873 2903 3028 2969 Quod
3057 2903 3101 2957 si
3137 2903 3265 2973 quis
3298 2919 3445 2973 qua:-

1854 3000 1961 3057 rat,
2001 2993 2280 3061 quodnam
2328 2995 2400 3048 sit
2451 2995 2621 3049 robur
2659 2993 2808 3064 ejus,
2867 2995 3118 3060 dicimus,
3167 2996 3445 3050 vivifian

1853 3097 2016 3138 esse:
2054 3099 2181 3137 nam
2215 3084 2308 3139 dat
2342 3085 2514 3140 vitam
2561 3086 2786 3141 mundo.
2824 3086 3152 3141 Accedimus
3195 3086 3444 3142 similiter

1859 3174 1925 3228 ad
1958 3177 2190 3246 gratiam
2236 3177 2384 3232 sacri
2423 3178 2720 3248 baptismi:
2766 3193 2830 3233 ac
2875 3179 3107 3233 dicimus
3147 3193 3304 3248 aqua:
3346 3193 3444 3234 nos

1850 3267 2248 3323 sanctiﬁcantis
2317 3268 2486 3325 robur
2556 3284 2682 3325 esse
2741 3281 3092 3340 peccatorum
3147 3270 3445 3340 depositio-

1850 3375 1997 3425 nem,
2035 3361 2509 3429 regenerationem
2547 3361 2890 3430 spiritualem
2942 3364 3009 3416 ad
3060 3361 3427 3417 conformatio

1849 3464 1973 3505 nem
2015 3450 2070 3504 in
2105 3451 2283 3520 ipsum
2325 3451 2605 3506 Christum
2639 3467 2653 3515 ;
2698 3452 2766 3506 ad
2818 3452 2933 3507 haec
2980 3466 3132 3518 vero,
3187 3452 3443 3508 fiduciam

1848 3543 2193 3614 ingrediendi
2245 3545 2298 3599 in
2330 3559 2556 3610 regnum
2603 3543 2870 3599 caelorum
2906 3560 2920 3610 ;
2959 3558 3084 3598 nam
3118 3544 3234 3599 ait:
3269 3563 3288 3597 ι
3327 3543 3442 3602 Nisi

1847 3635 1972 3704 quis
2011 3645 2233 3690 renatus
2279 3636 2449 3691 fuerit
2479 3652 2546 3691 ex
2596 3648 2736 3704 aqua
2783 3646 2840 3690 et
2889 3637 3119 3703 Spiritu,
3171 3652 3280 3692 non
3336 3652 3439 3707 po-

1849 3735 1955 3782 test
1995 3729 2201 3784 iutrare
2238 3730 2290 3782 in
2332 3743 2561 3799 regnum
2593 3728 2857 3784 caelorum
2881 3730 2945 3782 ‘9.
2997 3748 3016 3781 ι
3053 3727 3222 3784 ιιιόωί
3259 3739 3440 3785 autem

1849 3820 1933 3875 his
1995 3821 2152 3875 bouis
2207 3822 2531 3891 privantur:
2595 3835 2702 3874 non
2749 3822 2896 3875 enim
2961 3837 3126 3891 penes
3187 3823 3308 3878 illos
3357 3833 3439 3876 est

1848 3911 2017 3964 robur
2050 3925 2231 3979 panis.
2283 3912 2337 3965 id
2372 3920 2475 3973 est,
2526 3910 2826 3965 vivificatio
2874 3913 2925 3966 in
2962 3913 3222 3965 Clu-isto:
3263 3925 3441 3980 neque

1847 4001 1975 4055 item
2029 4001 2194 4057 robur
2226 4015 2379 4070 aqua
2413 4001 2704 4056 obtinent:
2766 4018 2891 4055 nam
2938 4017 3107 4070 penes
3153 4003 3272 4056 illos
3308 4017 3438 4071 pec-

1845 4100 2024 4147 catum
2057 4094 2178 4149 sine
2204 4093 2483 4148 ablutione
2533 4103 2824 4160 remanet;
2875 4109 3052 4163 neque
3093 4097 3160 4150 ad
3209 4112 3436 4168 regnum

1845 4184 2112 4238 caelorum
2157 4183 2404 4244 tendunt.
2451 4185 2544 4252 qui
2590 4184 2870 4239 Christum
2908 4199 2974 4238 eo
3024 4185 3310 4240 ducentem
3352 4188 3442 4242 de-

1846 4275 2039 4329 decore
2081 4273 2380 4329 all‘ecerint.
2440 4273 2626 4345 Neque
2665 4277 2810 4330 enim
2847 4277 3200 4331 crediderunt
3250 4279 3439 4335 dicen-

1846 4370 1921 4435 ti,
1963 4387 1981 4420 ι
2023 4370 2133 4437 Ego
2163 4385 2283 4423 sum
2315 4370 2399 4422 via
2431 4369 2501 4434 ³⁸,
2543 4388 2562 4420 ι
2598 4377 2674 4434 et,
2712 4387 2729 4420 ι
2771 4370 2881 4440 Ego
2919 4387 3038 4424 sum
3070 4373 3270 4425 ostium
3301 4373 3366 4429 “.
3410 4390 3434 4429 ι

1917 4462 2082 4517 Vsus.
2121 4463 2240 4516 ὅτι.
2299 4481 2316 4514 ι
2355 4461 2422 4515 Ει
2460 4463 2764 4532 principem
2809 4478 2973 4533 super
3015 4465 3436 4535 quinquaginta,

141 4565 229 4618 καὶ
279 4563 450 4632 σοφὸν
487 4561 849 4632 ἀρχιτέκτονα
869 4601 884 4622 ,
912 4560 1008 4613 καὶ
1044 4558 1262 4611 συνετὸν
1295 4557 1594 4628 ἀκροατήν.
1627 4555 1738 4607 Καὶ

1856 4561 1899 4607 et
1939 4553 2313 4608 admirabilem
2360 4553 2771 4620 consiliarium,
2809 4563 2863 4607 et
2905 4553 3210 4622 sapientem
3262 4555 3440 4609 archi-

140 4655 424 4726 ἐπιστήσω
446 4652 773 4714 νεανίσκους
796 4651 1061 4721 ἄρχοντας
1089 4646 1289 4707 αὐτῶν,
1317 4647 1414 4698 καὶ
1434 4647 1735 4716 ἐμπαῖκται

1856 4654 2046 4698 Lectum
2086 4651 2140 4697 et
2196 4644 2516 4713 prudentem
2589 4643 2918 4698 auditorem.
2981 4641 3050 4698 Et
3108 4646 3436 4700 constituam

140 4745 524 4818 κυριεύσουσιν
563 4742 761 4800 αὐτῶν.
811 4761 831 4793 ι
872 4741 948 4811 (7)
983 4741 1078 4803 Τίς
1119 4737 1213 4792 οὖν
1247 4737 1392 4810 ὁρῶν
1431 4738 1558 4800 τοὺς
1587 4736 1738 4807 παρά

1856 4752 2041 4792 )ueros
2071 4737 2345 4807 principes
2386 4751 2600 4801 eorum,
2645 4744 2700 4790 et
2749 4736 3026 4791 derisores
3074 4736 3439 4792 dominabth

153 4839 430 4902 Ἰουδαίοις
507 4833 942 4907 ὀνομαζομένους
1009 4832 1377 4903 πατριάρχας,
1417 4830 1735 4894 νεανίσκους

1856 4847 1929 4886 ιιιι·
1967 4832 2065 4886 eis.
2105 4851 2124 4883 ι
2161 4831 2294 4897 Quis
2342 4845 2472 4901 ergo
2526 4831 2831 4898 conspectis
2879 4831 2973 4895 iis,
3012 4829 3104 4900 qui
3159 4831 3302 4900 apud
3339 4829 3434 4885 Ju-

141 4930 380 5001 ἀληθῶς,
409 4929 474 4982 οὐ
512 4929 614 4999 τὴν
640 4927 750 4980 τῶν
780 4928 1051 4998 σωμάτων
1079 4925 1316 4996 ἡλικίαν,
1345 4921 1480 4976 ἀλλά
1506 4922 1606 4985 τὰς
1639 4920 1740 4991 ψυ-

141 5023 237 5095 χὰς
269 5022 490 5084 ἀτελεῖς
524 5021 619 5074 καὶ
643 5019 844 5084 ἐνδεεῖς
882 5018 1118 5090 φρενῶν,
1151 5016 1276 5078 τούς
1307 5032 1367 5068 τε
1401 5013 1621 5076 λοιποὺς
1645 5013 1740 5065 αὐ-

141 5115 242 5168 τῶν
275 5112 658 5176 διδασκάλους,
699 5113 800 5166 οὐκ
829 5111 894 5164 ἂν
934 5110 1078 5164 εἴποι
1105 5108 1417 5180 ὲμπαίκτας
1449 5102 1611 5169 εἶναι,
1647 5106 1741 5158 καὶ

142 5204 229 5268 οὓς
257 5207 291 5276 ἠ
332 5188 656 5275 προφητεία
680 5200 903 5273 ἒδήλου;

216 5412 234 5444 ι
267 5390 379 5447 Καὶ
399 5392 764 5460 συμπεσεῖται
791 5391 820 5442 ό
853 5388 1005 5451 λαὸς,
1042 5387 1330 5458 ἄνθρωπος
1365 5387 1501 5457 πρὸς
1525 5386 1740 5457 ἄνθρω-

147 5499 263 5550 πον,
288 5484 386 5538 καὶ
420 5481 710 5552 ἄνθρωπος
743 5481 882 5554 πρὸς
907 5480 999 5534 τὸν
1029 5479 1256 5549 πλησίον
1291 5477 1454 5532 αὐτοῦ
1474 5495 1486 5508 ·
1517 5499 1534 5529 ι
1566 5479 1735 5550 μηδε-

1843 4926 1988 4980 daeos
2015 4925 2347 4994 patriarchae
2386 4934 2688 4988 vocantur;
2725 4937 2832 4977 nou
2871 4938 3000 4978 vere
3045 4937 3268 4994 pueros,
3325 4941 3435 4980 non

1843 5032 2106 5085 corporea
2130 5027 2365 5078 statura,
2395 5016 2490 5070 sed
2523 5016 2691 5070 animi
2728 5015 3159 5084 imperfectione,
3193 5034 3256 5072 ac
3284 5033 3438 5072 men-

1843 5111 1913 5163 tis
1963 5109 2300 5180 indigentia,
2365 5118 2661 5177 nuncupet,
2719 5109 3061 5178 reliquosque
3097 5125 3288 5164 eorum
3332 5109 3437 5165 do-

1841 5211 2059 5259 ctores.
2109 5215 2214 5253 non
2269 5200 2547 5254 derisores
2603 5200 2780 5266 dicat,
2829 5212 2884 5255 et
2923 5201 3114 5270 quales
3162 5203 3254 5257 hic
3301 5218 3436 5273 pro-

1841 5295 2004 5362 pheta
2046 5292 2356 5362 signiﬁcat?

1919 5383 2082 5438 Vsus.
2125 5384 2178 5438 5.
2222 5402 2240 5434 ι
2290 5383 2357 5437 Ει
2403 5385 2576 5437 irruet
2625 5385 2876 5454 papulus,
2932 5387 3094 5441 homo
3141 5387 3206 5439 ad
3252 5387 3432 5441 homi-

1845 5491 1992 5544 nem,
2025 5487 2078 5531 et
2116 5481 2280 5532 homo
2313 5477 2377 5531 ad
2410 5478 2720 5547 proximum
2758 5495 2958 5534 suum:
3010 5500 3028 5531 ι
3066 5481 3206 5550 quod
3254 5479 3435 5536 nullus

219 5645 472 5701 "Matth.
500 5643 648 5708 tv,4.
727 5641 770 5673 ³⁸
793 5639 832 5694 ll
854 5640 983 5696 Cor.
1014 5655 1095 5706 ut,
1133 5639 1222 5697 15.
1304 5640 1345 5672 ⁸⁸
1375 5637 1533 5695 Joan.
1564 5655 1644 5705 ιιι,
1674 5638 1728 5693 3.

1871 5635 2034 5696 Joan.
2066 5654 2180 5704 τιν,
2218 5639 2272 5693 6.
2351 5641 2394 5671 ²¹
2425 5639 2646 5706 Joau.x,
2676 5642 2724 5695 7.

218 5789 290 5916 8'2
321 5789 423 5844 Hic
455 5785 844 5856 Hieronymus,
871 5803 894 5837 ‹
928 5783 1351 5840 Consideremus
1383 5784 1727 5853 patriarchas

156 5856 214 5916 lu
295 5875 488 5916 orum:
517 5868 574 5913 et
601 5855 847 5916 iuvenes.
882 5857 995 5912 sive
1018 5870 1239 5916 pueros,
1281 5854 1726 5916 eiicmiuatosque

1839 5800 1902 5839 ac
1937 5785 2145 5840 deliciis
2179 5787 2487 5862 afﬂuentes;
2524 5801 2578 5847 et
2609 5791 2884 5859 impletam
2935 5791 3276 5862 prophetiam
3309 5804 3433 5847 esse

295 5875 488 5917 orum:
517 5868 574 5913 et
601 5854 847 5926 iuvenes,
882 5857 995 5912 sive
1018 5870 1239 5926 pueros,
1281 5854 1726 5925 eﬂcnuiuatOSque
1837 5871 2146 5914 cernemus.
2182 5879 2200 5912 ι
