4014 6460
548 328 650 388 tts
1204 312 1473 385 EU‘SEBII
1511 323 1989 384 cassamsnsts
2026 323 2133 382 or]

2218 324 2399 379 PARS
2434 322 2524 378 III.
2565 354 2631 363 —
2671 319 3078 379 EXEGETICA.
3684 322 3785 374 ﬂii

552 447 980 530 ιιοιιιοιιιιῐοιιῐει.⁸
997 446 1063 501 Et
1088 445 1281 511 veniet,
1310 456 1365 500 et
1391 447 1499 501 erit
1530 455 1673 501 totus
1712 446 1869 501 locus
1902 447 2104 500 montis
2132 494 2137 503 .

2205 443 2470 506 καύσεως.
2508 441 2616 494 Kal
2644 440 2782 510 ἥξει,
2838 438 2934 491 καὶ
2971 437 3121 490 ἔσται
3153 436 3260 498 πᾶς
3306 432 3470 495 τόπος
3501 430 3599 485 τοῦ
3631 432 3790 503 ὅρους

554 536 781 599 Sion,et
813 522 995 613 omnia
1022 549 1140 604 qua
1172 533 1224 586 in
1270 533 1496 587 circuitu
1544 533 1661 602 ejus
1714 542 1860 599 sunt,
1908 534 2101 586 nehuta

2214 532 2372 594 Σιὼν,
2398 534 2489 583 καὶ
2521 531 2697 583 πάντα
2726 530 2794 581 τὰ
2822 526 3132 597 περικύκλῳ
3159 525 3328 595 αὐτῆς
3355 523 3567 576 σκιάσει
3592 522 3790 592 νεφέλη

549 629 655 683 diei
685 628 1052 693 obumbrabit,
1095 634 1149 681 et
1172 626 1326 697 quasi
1372 625 1541 689 fumo,
1604 636 1657 680 et
1711 627 1861 697 quasi
1905 627 2106 680 lumine

2212 624 2441 694 ἡμέρας,
2464 622 2558 674 καὶ
2588 621 2661 683 ὡς
2702 618 2931 681 καπνοῦ,
2957 618 3049 671 καὶ
3080 615 3157 679 ὡς
3178 615 3353 683 φωτὸς
3372 614 3667 684 καιομένου
3701 631 3792 665 νυ-

552 730 713 773 noctu
744 720 984 782 ardente,
1015 717 1161 773 omni
1205 717 1377 785 gloria
1428 718 1730 787 obtegetur.
1796 716 1859 771 Et
1909 718 2017 773 erit
2054 720 2107 771 in

2210 716 2355 780 κτδς,
2376 716 2522 785 πάσῃ
2535 717 2601 784 τῇ
2617 711 2745 784 δόξῃ
2761 710 3221 779 σκεπασθήσεται.
3240 708 3351 760 Καὶ
3368 705 3520 759 ἔσται
3534 708 3617 767 είς
3633 703 3792 757 σκιὰν

548 812 796 866 umbram
832 810 899 864 ab
927 820 1080 871 aestu,
1118 818 1172 864 et
1198 808 1249 861 in
1278 809 1666 877 protectionem
1717 817 1769 862 et
1795 807 2111 863 absconsioo

2208 808 2315 863 άπὸ
2335 806 2631 877 καύματος,
2665 804 2759 857 καὶ
2790 806 2848 855 tv
2884 802 3060 871 σκέπῃ
3104 801 3198 853 καὶ
3230 801 3288 851 tv
3329 798 3651 869 ἀποκρύφῳ,
3683 797 3792 850 ἀπὸ

550 916 670 955 nem
716 915 744 954 ιι
772 899 967 955 duritie
998 910 1053 954 et
1077 900 1274 970 pluvia.
1307 917 1326 949 ι
1372 898 1668 952 Lavacrum
1727 898 2107 967 regeneratio-

2212 899 2577 970 σκληρότητος
2603 898 2697 949 καὶ
2727 893 2905 947 ὑετοῦ.
2942 912 2961 944 ο
2994 891 3189 960 Σαφῶς
3217 890 3327 962 γὰρ
3354 891 3414 943 τὸ
3445 889 3668 960 λουτρὸν
3692 888 3793 957 τῆς

553 991 659 1053 uis,
703 991 845 1058 quod
893 990 1046 1057 prius
1094 988 1403 1043 declarabat
1464 989 1548 1042 his
1611 989 1813 1052 verbis,
1866 1005 1884 1037 ι
1935 985 2109 1042 Lava-

2214 989 2657 1059 παλιγγενεσίας,
2680 987 2819 1039 δοχαὶ
2836 985 2923 1039 διὰ
2937 984 3047 1036 τῶν
3067 983 3374 1054 ἔμπροσθεν
3392 982 3579 1053 ἐδήλου
3594 981 3792 1049 λέγων·

551 1078 708 1143 mini,
732 1078 917 1143 mundi
946 1087 1141 1143 estote,
1170 1095 1190 1129 ι
1221 1078 1385 1132 etiam
1416 1093 1557 1132 nunc
1584 1088 1767 1145 aperte
1798 1076 2104 1148 pollicetur.

2217 1100 2237 1133 ‹
2276 1078 2577 1143 Δούσασθε,
2602 1080 2696 1131 καὶ
2720 1078 2950 1149 καθαροὶ
2972 1075 3216 1145 γένεσθε,
3247 1096 3264 1127 ›
3294 1078 3389 1129 καὶ
3414 1076 3509 1129 νῦν
3531 1075 3774 1144 ὲπαγγὲλ

553 1170 676 1225 Haec
703 1171 1025 1241 porrodi'cit
1051 1171 1117 1225 de
1146 1171 1230 1235 iis,
1264 1171 1353 1238 qui
1393 1185 1515 1224 cum
1543 1172 1707 1226 caedis
1736 1170 1937 1225 Christi
1980 1186 2107 1242 par-

2209 1173 2379 1227 λεται.
2412 1173 2570 1238 Λέγει
2593 1171 2651 1224 δὲ
2685 1169 2859 1224 ταῦτα
2885 1170 3017 1239 περὶ
3039 1166 3148 1219 τῶν
3185 1168 3661 1238 κεκοινωνηκότων
3695 1167 3794 1237 μὲν

552 1262 747 1329 ticipes
777 1260 1028 1325 fuissent,
1082 1276 1180 1315 nec
1216 1261 1444 1314 multum
1510 1271 1696 1331 postea
1746 1262 2107 1331 resipuerunt,

2211 1269 2276 1336 τῇ
2308 1266 2449 1318 κατὰ
2480 1262 2573 1317 τοῦ
2602 1263 2854 1332 Σωτῆρος
2890 1259 3193 1331 μιαιφονίᾳ,
3237 1260 3432 1330 μικρὸν
3474 1260 3533 1312 δὲ
3566 1258 3796 1329 ὕστερον

550 1363 608 1406 ει
635 1352 982 1421 Evangelium
1020 1353 1189 1422 ipsius
1222 1364 1578 1419 agnoverunt.
1623 1353 1759 1407 Hinc
1792 1354 1857 1408 de
1898 1352 2109 1409 ﬁliabus

2214 1356 2625 1428 μεταϐαλόντων
2649 1353 2743 1406 καὶ
2766 1351 3150 1423 γνωρισάντων
3173 1350 3337 1404 αὑτοῦ
3358 1350 3418 1403 τὸ
3440 1350 3793 1419 Εύαγγέλιον.

551 1444 680 1500 Sion
717 1447 844 1516 agit,
873 1446 990 1515 quae
1036 1446 1086 1498 in
1119 1444 1384 1512 superiori
1440 1445 1677 1500 clausula
1723 1446 2110 1501 incusabantur

2212 1449 2323 1501 Kal.
2352 1446 2655 1516 θυγατέρας
2682 1444 2819 1497 Σιὼν
2848 1442 3120 1514 ἐπιφέρει,
3157 1442 3257 1505 τὰς
3286 1445 3344 1495 ὲν
3373 1447 3439 1514 τῇ
3484 1441 3797 1515 ἔμπροσθεν

550 1536 638 1591 his
663 1538 841 1591 verbis
868 1558 879 1592 :
913 1555 931 1587 ι
965 1536 1097 1603 Quia
1124 1537 1372 1595 exaltatat
1398 1537 1656 1591 suntIlliae
1670 1537 1820 1600 Sion,
1848 1546 1901 1590 et
1926 1547 2107 1591 erecta

2212 1541 2483 1610 περικοπῇ
2514 1536 3003 1607 κατηγορηθείσας,
3037 1538 3094 1588 tv
3136 1535 3213 1605 τῷ
3248 1533 3538 1603 λέγεσθαι·
3579 1554 3599 1587 ι
3654 1533 3797 1587 Ἀνθ“

550 1629 760 1683 cervice
810 1628 1190 1691 incedebant,»
1238 1639 1291 1683 et
1340 1638 1555 1684 caetera.
1594 1628 1925 1697 Sanguinem
1982 1641 2109 1682 vero

2214 1626 2286 1685 ὧν
2317 1630 2608 1700 ὑψώθησαν
2647 1630 2702 1680 at
2743 1627 3042 1698 Θυγατέρες
3087 1626 3255 1690 Σιὼν,
3288 1627 3383 1680 καὶ
3421 1626 3799 1698 ἐπορεύθησαν

549 1718 849 1773 Jerusalem
898 1720 1036 1773 miro
1088 1733 1219 1773 sane
1269 1719 1427 1774 modo
1469 1729 1624 1773 vocat
1676 1719 1883 1773 caedem
1937 1720 2005 1773 ibi
2054 1718 2105 1772 in

2214 1722 2401 1793 ὑψηλῷ
2425 1722 2703 1794 τραχήλῳ,
2744 1741 2761 1771 ι
2810 1722 2905 1774 καὶ
2935 1721 3004 1773 τὰ
3034 1720 3245 1784 τούτοις
3272 1720 3535 1788 ἑπόμενα.
3563 1714 3715 1789 Αἷμα
3740 1718 3798 1771 δὲ

551 1807 837 1861 Servatore
858 1817 1219 1877 perpetratam
1247 1823 1261 1861 :
1294 1809 1420 1877 quia
1457 1809 1644 1863 isthtec
1690 1823 1850 1862 causa
1883 1806 1983 1861 fuit
2011 1822 2105 1861 ex-

2221 1784 2929 1883 Ἰερούσαλὴμθαυμαστῶς
2960 1812 3228 1865 ἀποκαλεῖ
3254 1812 3354 1883 τὴν
3380 1784 3533 1864 *κατὰ
3555 1784 3651 1864 τού
3686 1811 3799 1864 Σω-

557 1915 743 1958 ιτεωκ
768 1903 867 1957 1οεὶ
901 1904 1044 1957 illius
1093 1903 1432 1958 vastationis.
1478 1903 1542 1956 Et
1576 1905 1887 1957 consideres
1934 1902 2091 1955 velim

2214 1906 2371 1977 τῆρος
2408 1902 2773 1974 προαχθεῖσαν
2807 1904 2863 1954 ὲν
2897 1904 3032 1973 αὐτῇ
3080 1902 3414 1973 μιαιφονίαν,
3455 1901 3543 1954 διὰ
3574 1901 3635 1954 τὸ
3666 1901 3799 1955 ταύ-

551 2010 730 2049 antton
764 1996 852 2050 hic
882 2010 1057 2051 sermo
1088 1997 1329 2065 apprime
1374 1996 1663 2051 conveniat
1708 2011 1827 2050 cum
1878 2010 2109 2065 evange-

2212 2018 2309 2071 την
2336 1998 2512 2053 αἰτίαν
2536 1996 2817 2064 γεγονέναι
2840 1996 2937 2065 τῆς
2963 1997 3195 2066 ἐσχάτης
3219 1996 3455 2066 ἐρημίας
3481 1995 3578 2047 τοῦ
3605 1994 3797 2047 τόπου.

553 2087 661 2141 lico
703 2087 791 2142 illo
838 2087 1143 2141 testimonio
1192 2087 1256 2139 de
1304 2084 1592 2140 Servatore
1632 2095 1842 2148 nostro,
1880 2083 1972 2139 ubi
2027 2085 2108 2139 sic

2214 2094 2322 2146 Kal.
2355 2091 2452 2143 θέα
2481 2092 2529 2160 εί
2573 2087 2648 2160 μὴ
2690 2088 2895 2158 σφόδρα
2924 2086 3214 2157 σύμφωνός
3249 2089 3396 2139 ἐστιν
3424 2088 3453 2138 ό
3482 2086 3676 2158 παρὼν
3707 2086 3799 2139 λό-

551 2179 795 2242 habetur,
829 2198 847 2231 ι
872 2179 989 2247 Ipse
1023 2194 1120 2234 vos
1149 2180 1447 2249 baptizabit
1487 2181 1541 2233 in
1583 2179 1787 2248 Spiritu
1831 2190 2019 2234 sancto
2055 2189 2110 2234 et

2213 2202 2306 2254 γος
2327 2185 2393 2253 τῇ
2412 2181 2741 2253 εὑαγγελικῇ
2772 2180 3046 2252 μαρτυρίᾳ
3066 2182 3195 2251 περὶ
3220 2179 3312 2232 τοῦ
3341 2180 3593 2251 Σωτῆρος
3616 2180 3798 2250 ἡμῶν,

551 2268 675 2339 igne
698 2270 764 2322 “.
796 2288 814 2321 ι
854 2269 982 2323 Illud
1015 2269 1180 2333 enim,
1221 2287 1239 2321 ι
1268 2270 1321 2323 in
1364 2270 1558 2338 spiritu
1603 2269 1789 2336 iudicii
1822 2280 1875 2324 et
1914 2271 1966 2323 in
1999 2270 2111 2338 spi-

2215 2277 2245 2348 ἣ
2277 2276 2519 2328 ἐδίδασκε
2554 2273 2788 2341 λέγουσα
2812 2290 2825 2304 ⁸
2861 2292 2879 2324 ι
2909 2273 3082 2335 Αὐτὸς
3106 2272 3249 2342 ὑμᾶς
3277 2270 3528 2340 βαπτίσει
3550 2272 3607 2323 tv
3636 2271 3800 2324 Πνεύ-

550 2363 655 2418 ritu
679 2361 1095 2427 combustionis,
1131 2382 1149 2413 ι
1187 2363 1321 2444 nihil
1360 2361 1541 2416 diﬂ'ert
1582 2362 1647 2417 ab
1691 2362 1803 2428 illo,
1855 2380 1872 2413 ι
1905 2362 1958 2415 in
1991 2361 2111 2427 Spi-

2218 2384 2345 2437 ματι
2387 2367 2527 2436 ἁγίῳ
2574 2367 2666 2418 καὶ
2696 2365 2849 2435 πυρί.
2886 2383 2902 2415 ι
2943 2365 3016 2416 Τὸ
3048 2362 3178 2434 γὰρ,
3217 2382 3235 2414 ι
3282 2364 3339 2415 tv
3373 2362 3646 2433 πνεύματι
3680 2364 3802 2434 κρί-

548 2453 655 2507 ritu
686 2461 874 2507 sancto
895 2463 947 2507 ει
969 2454 1112 2524 igne.
1151 2471 1171 2505 ι
1208 2453 1350 2523 lgnei
1383 2466 1509 2506 vero
1545 2465 1822 2506 sermones
1869 2450 1976 2504 illis
2018 2452 2112 2503 ad-

2218 2474 2351 2520 σεως
2403 2456 2495 2509 καὶ
2549 2453 2821 2525 πνεύματι
2880 2451 3125 2513 καύσεως
3163 2470 3180 2501 ι
3207 2449 3324 2513 τοῦ,
3369 2468 3387 2500 ι
3426 2450 3484 2501 ὲν
3519 2448 3803 2519 Πνεύματι

551 2544 704 2608 moti,
737 2551 1080 2612 peccatorum
1109 2543 1543 2598 emundationem
1568 2543 1916 2611 peragebant.
1951 2541 2110 2596 Item-

2219 2550 2355 2620 ἁγίῳ
2378 2548 2470 2602 καὶ
2500 2546 2651 2617 πυρὶ,
2682 2565 2698 2597 ι
2735 2545 2886 2597 οὐδὲν
2914 2542 3176 2613 διαφέρει.
3198 2542 3308 2595 Καὶ
3335 2542 3384 2594 οἱ
3414 2539 3725 2611 πυρωτικοὶ
3746 2539 3804 2592 δὲ

551 2650 657 2703 qne
688 2633 936 2689 Salvator
967 2644 1151 2689 noster
1179 2634 1233 2688 in
1269 2634 1561 2704 Evangelio
1587 2634 1785 2688 dicitur
1834 2634 2111 2703 baptizare

2221 2642 2383 2709 λόγοι,
2414 2640 2820 2708 καθαπτόμενοι
2853 2635 3052 2699 αὐτῶν,
3092 2634 3354 2703 κάθαρσιν
3387 2631 3666 2684 ὲνεποίουν
3696 2629 3806 2683 τῶν

550 2739 655 2778 non
691 2726 743 2779 in
786 2740 921 2794 aqua
948 2765 963 2788 ,
1004 2726 1096 2779 sed
1145 2726 1199 2779 in
1260 2724 1462 2793 Spiritu
1530 2734 1584 2778 et
1632 2725 1770 2794 igne.
1825 2722 1936 2777 Hoc
1964 2724 2109 2779 enim

2219 2731 2649 2803 ἁμαρτημάτων.
2692 2728 2803 2781 Kal.
2839 2730 2867 2780 ό
2896 2726 3087 2796 Σωτὴρ
3124 2726 3324 2795 ὁμοίως
3357 2725 3415 2775 tv
3446 2722 3523 2792 τῷ
3558 2722 3804 2791 Εὑαγγε-

548 2818 738 2870 edocet
777 2814 1035 2881 Joannes,
1079 2816 1146 2871 de
1184 2831 1241 2872 se
1279 2817 1493 2884 quidem
1554 2816 1759 2879 dicens,
1807 2834 1825 2867 ι
1855 2815 1965 2884 Ego
2015 2830 2112 2868 vos

2220 2822 2312 2893 λίῳ
2359 2822 2643 2891 βαπτίσειν
2676 2819 2893 2885 λέγεται
2920 2818 3041 2887 οὐχὶ
3081 2814 3251 2877 ὕδατι,
3278 2814 3392 2867 ἀλλ’
3419 2816 3477 2867 tv
3520 2814 3805 2886 Πνεύματι

548 2906 763 2974 baptizo
794 2906 845 2959 in
876 2921 1012 2976 aqua
1033 2906 1115 2972 ²⁸;
1148 2924 1166 2957 ι
1195 2907 1258 2960 de
1276 2906 1554 2959 Salvatore
1584 2917 1783 2970 autem,
1814 2923 1834 2955 ε
1876 2903 1994 2974 Ipse
2017 2918 2113 2959 vos

2222 2915 2309 2969 καὶ
2353 2916 2411 2966 tv
2457 2913 2609 2983 πυρί.
2646 2910 2817 2963 Τοῦτο
2849 2908 2958 2978 γὰρ
2994 2907 3236 2973 ἐδίδαξεν
3277 2908 3305 2958 ό
3359 2907 3639 2978 Ἰωάννης,
3678 2908 3807 2978 περὶ

550 2994 845 3063 ωρῑῖῑθδίῑ
875 2995 926 3049 in
962 2993 1165 3062 δρίτίῑυ
1194 3002 1383 3048 sane“)
1416 3002 1471 3048 ει
1511 2994 1631 3062 isne
1648 2995 1716 3047 ³⁸-
1746 3012 1765 3045 θ
2221 3006 2319 3077 μὲν
2366 3004 2559 3058 ἑαυτοῦ
2605 3001 2796 3066 εἰπὼν,
2850 3018 2867 3053 t
2930 3000 3071 3068 Ἐγὼ
3116 3001 3214 3070 μὲν
3261 3000 3407 3070 ὑμᾶς
3453 2999 3708 3068 βαπτίζω
3749 3001 3809 3051 tv

2140 3113 2182 3169 ρ
2218 3098 2389 3150 ὕδατι·
2436 3117 2455 3147 ι
2488 3096 2616 3165 περὶ
2641 3096 2696 3147 δὲ
2729 3094 2823 3147 τοῦ
2865 3094 3137 3162 Σωτῆρος·
3174 3112 3191 3142 ι
3235 3092 3403 3155 Αὐτὸς
3435 3092 3580 3161 ὑμᾶς
3606 3088 3806 3160 βαπτί-

2222 3205 2302 3240 σει
2334 3189 2389 3238 ὲν
2424 3185 2698 3255 Πνεύματι
2728 3184 2867 3253 άγίῳ
2900 3184 2993 3235 καὶ
3017 3182 3168 3252 πυρί.
3208 3201 3227 3233 t

1167 3268 1395 3325 CAPUT
1436 3268 1497 3322 V.
2735 3277 2752 3329 l

2735 3274 3131 3329 ΚΕΦΑΛΑῙΟΝ
3176 3275 3248 3326 E'.

624 3359 784 3415 Vens.
820 3361 873 3414 I.
913 3380 932 3412 ι
961 3360 1201 3416 Cantabo
1226 3360 1424 3415 dilecto
1457 3361 1729 3415 canticum
1759 3361 1950 3417 Dilecti
1987 3364 2116 3427 mei,

2295 3386 2313 3418 ι
2351 3368 2502 3438 ’ᾼσω
2534 3368 2599 3438 δὴ
2644 3364 2724 3437 τῷ
2767 3366 3110 3435 ἠγαπημένῳ
3152 3360 3304 3435 ᾆσμα
3344 3361 3438 3417 τοῦ
3490 3361 3807 3431 Ἀγαπητοῦ

550 3454 723 3508 vineae
748 3467 899 3506 meae.
929 3453 1098 3507 Vinea
1129 3452 1263 3506 facta
1289 3462 1370 3506 est
1396 3452 1589 3507 dilecto
1616 3454 1667 3505 in
1700 3468 1889 3519 cornu,
1912 3455 1962 3508 in
2000 3455 2118 3508 loco

2223 3480 2345 3533 μου,
2380 3461 2457 3532 τῷ
2486 3459 2770 3531 ἀμπελῶνί
2802 3477 2923 3529 μου.
2973 3456 3261 3527 ’Δμπελὼν
3284 3456 3521 3527 ἐγενήθη
3560 3455 3639 3526 τῷ
3668 3457 3807 3525 ἠγα-

550 3544 757 3612 pingui.
790 3562 808 3594 ι
844 3542 957 3598 Ηοο
987 3544 1147 3612 igitur
1180 3543 1413 3608 cantico,
1445 3558 1564 3611 quae
1591 3544 1642 3597 in
1678 3546 1833 3600 vinea
1865 3561 1962 3600 sua
1991 3562 2118 3615 ope-

2226 3553 2448 3623 πημένῳ
2489 3555 2547 3606 tv
2580 3551 2790 3620 κέρατι,
2825 3552 2882 3602 tv
2919 3550 3068 3619 τόπῳ
3097 3549 3259 3602 πίονι.
3307 3567 3327 3600 ι
3361 3549 3461 3601 Διὰ
3494 3550 3676 3603 τοίνυν
3707 3550 3811 3621 τῆς

552 3646 824 3695 ratusest
848 3646 1149 3701 enumerat,
1177 3637 1451 3705 vineaeque
1502 3636 1905 3705 improbitatem
1958 3653 2116 3692 cuar-

2227 3646 2363 3714 ᾠδῆς
2386 3644 2590 3713 ταύτης
2626 3641 2725 3706 τὰς
2751 3644 2830 3704 είς
2870 3641 2961 3693 τὸν
2992 3642 3292 3711 ἀμπελῶνα
3322 3640 3515 3693 ἑαυτοῦ
3541 3642 3812 3712 ἐργασίας

551 3730 696 3798 guit:
731 3743 795 3782 ac
826 3743 887 3782 ea
917 3742 1036 3797 quae
1065 3727 1164 3796 ipsi
1199 3737 1455 3781 eventura
1481 3737 1607 3781 sunt
1631 3728 1976 3781 vaticinatur.
2033 3728 2120 3780 Di—

2227 3737 2662 3807 καταριθμεῖται,
2718 3734 2810 3787 καὶ
2853 3732 2948 3785 τοῦ
2996 3731 3318 3803 ἀμπελῶνος
3357 3729 3457 3802 τὴν
3502 3731 3812 3802 μοχθηρίαν

551 3823 694 3874 citur
718 3835 846 3889 ergo
878 3821 930 3874 in
962 3834 1125 3874 cornu
1155 3832 1294 3883 esse,
1339 3819 1463 3886 quia
1493 3820 1558 3872 .in
1593 3835 1708 3888 ipsa
1747 3819 2118 3889 Hierosolyma

2227 3829 2457 3897 ἐλέγχει·
2506 3824 2748 3888 θεσπίζει
2782 3823 2839 3875 δὲ
2879 3820 3070 3875 καὶτὰ
3105 3820 3365 3891 μέλλοντα
3406 3820 3555 3890 αὑτῷ
3594 3820 3812 3892 συμϐή-

554 3913 701 3980 regia
736 3912 1045 3981 metropolis
1096 3911 1378 3965 consistit:
1429 3910 1564 3965 solet
1608 3922 1786 3965 autem
1838 3909 2118 3979 Scriptura

2229 3918 2430 3971 σεσθαι.
2465 3916 2695 3984 Λέγεται
2726 3913 2854 3982 γοῦν
2885 3915 2941 3965 ὲν
2979 3914 3171 3982 κέρατι
3201 3907 3361 3976 εἶναι,
3402 3910 3491 3964 διὰ
3523 3912 3585 3963 τὸ
3615 3911 3814 3982 συστῆ-

557 4020 759 4058 cornna
789 4004 943 4074 regni
972 4018 1206 4057 memora
1216 4018 1291 4057 re.

2224 4029 2311 4064 ναι
2339 4010 2621 4079 βασιλικὴν
2664 4006 2994 4077 μητρόπολιν
3035 4007 3093 4057 tv
3135 4006 3270 4075 αὐτῇ
3308 4006 3373 4075 τῇ
3416 4003 3809 4075 Ἰερουσαλήμ·

2223 4099 2380 4153 εἴωθε
2410 4099 2518 4169 γὰρ
2546 4100 2578 4167 ἡ
2608 4096 2796 4166 Γραφὴ
2824 4096 3035 4166 κέρατα
3055 4093 3155 4163 τῆς
3191 4092 3466 4163 βασιλείας
3498 4091 3813 4162 ὀνομάζειν.

627 4182 788 4238 Vens.
824 4184 876 4237 2.
926 4202 944 4235 ι
992 4183 1055 4235 Ει
1102 4198 1280 4251 sepem
1328 4182 1686 4251 circumposui
1722 4193 1777 4237 et
1809 4183 2032 4247 vallavi,
2063 4194 2124 4238 et

2304 4211 2323 4241 ι
2354 4192 2460 4243 Καὶ
2486 4188 2738 4260 φραγμὸν
2755 4184 3056 4257 περιέθηκα
3077 4186 3175 4238 καὶ
3196 4184 3548 4255 ἐχαράκωσα,
3568 4184 3662 4235 καὶ
3684 4182 3817 4251 ὲφύο

555 4277 796 4347 plantavi
825 4277 1037 4329 vineam
1073 4274 1273 4329 Sorec:
1307 4284 1360 4345 et
1388 4275 1645 4328 aediﬁcavi
1680 4276 1868 4327 turrim
1922 4278 1973 4328 in
2022 4293 2127 4331 me-

2232 4300 2391 4335 τευσα
2439 4281 2678 4350 ἄμπελον
2721 4279 2934 4349 Σορήκο
2977 4276 3072 4329 καὶ
3112 4276 3440 4347 ᾠκοδόμησα
3490 4275 3702 4345 πύργον
3754 4277 3817 4327 tv

557 4370 646 4422 dio
676 4365 813 4433 ejus,
862 4376 914 4419 et
958 4366 1300 4433 protorcular
1333 4364 1442 4418 fodi
1492 4366 1540 4416 in
1590 4380 1674 4417 ea.
1708 4382 1726 4415 ι
1765 4364 1957 4433 Sepem
1996 4380 2125 4419 vero

2233 4375 2382 4445 μέσῳ
2411 4373 2597 4436 αὑτοῦ,
2632 4372 2725 4424 καὶ
2755 4372 3042 4443 προλήνιον
3069 4368 3255 4439 ὥρυξα
3281 4369 3338 4421 tv
3384 4366 3535 4438 αὐτῷ
3606 4384 3623 4419 ι
3656 4367 3818 4439 Περι-

559 4460 942 4529 circumposuit
963 4461 1032 4523 ei,
1056 4458 1303 4512 videlicet
1322 4456 1469 4509 omni
1498 4455 1711 4524 populo,
1733 4471 1888 4522 quem
1921 4458 2125 4523 angelis

2233 4466 2427 4535 έθηκεν
2476 4460 2569 4518 οὖν
2614 4462 2761 4533 αὐτῷ
2806 4464 3079 4532 φραγμὸν,
3125 4459 3326 4530 δηλαδὴ
3367 4458 3445 4529 τῷ
3469 4460 3631 4512 παντὶ
3672 4458 3816 4529 λαῷ,

558 4555 983 4620 circumquaque
1042 4550 1289 4602 munivit.
1340 4548 1461 4600 Alio
1512 4549 1639 4600 item
1693 4548 1853 4600 modo
1905 4548 2127 4600 vallavit

2234 4558 2445 4619 πάντως
2468 4574 2569 4609 που
2591 4557 2842 4624 ἀγγέλοις
2867 4554 3030 4607 αὑτὸν
3054 4551 3415 4624 περιφράξας.
3460 4551 3819 4622 Ἐχαράκωσε

558 4652 703 4707 eam,
746 4642 1019 4710 prophetis
1062 4650 1116 4695 et
1159 4639 1358 4694 sanctis
1394 4638 1525 4690 viris
1578 4639 1747 4705 ipsam
1790 4638 2022 4692 fulciens
2072 4650 2127 4691 et

2235 4648 2287 4699 δὲ
2317 4650 2407 4699 καὶ
2450 4647 2622 4709 ἄλλως
2651 4646 2831 4708 αὑτὸν,
2884 4644 3194 4712 προφήταις
3222 4642 3316 4694 καὶ
3348 4643 3523 4710 ἁγίοις
3556 4641 3820 4712 ἀνδράσιν

559 4745 888 4791 sustentans.
916 4732 1055 4798 Quin
1100 4732 1261 4785 etiam
1311 4729 1572 4798 plantavit
1602 4745 1721 4783 eam
1768 4731 1979 4783 vineam
2024 4730 2122 4784 So-

2235 4736 2615 4807 ύποστηρίξας.
2670 4733 2829 4787 Ἀλλὰ
2872 4732 2966 4783 καὶ
2994 4730 3393 4798 κατεφύτευσεν
3429 4729 3598 4796 αὐτὴν
3635 4727 3820 4797 ἄμπε-

562 4845 679 4893 rec,
739 4842 899 4897 quam
961 4826 1321 4895 Symmachus
1389 4823 1796 4891 interpretatur,
1875 4824 2127 4877 electam.

2236 4831 2317 4882 λον
2340 4831 2519 4901 Σορήκ
2539 4845 2551 4856 ·
2581 4828 2649 4897 ἢν
2667 4830 2694 4879 ό
2719 4826 3014 4895 Σύμμαχος
3042 4823 3384 4893 ἡρμήνευσε-,ν
3410 4821 3695 4890 ὲκλεκτήν.
3720 4821 3821 4884 Τίς

560 4920 690 4985 Quae
720 4928 895 4971 autem
933 4917 1121 4971 isthazc
1144 4916 1300 4967 vinea
1335 4922 1472 4975 erat,
1518 4913 1620 4967 nisi
1656 4913 1813 4983 plane
1843 4913 2126 4982 Scriptura

2236 4920 2283 4971 δὲ
2310 4916 2375 4989 ἦν
2408 4918 2545 4989 αὕτη
2581 4920 2615 4987 ὴ
2642 4915 2885 4986 ἄμπελος
2918 4915 2951 4986 ἢ
3003 4914 3219 4977 πάντως
3254 4930 3355 4965 που
3386 4916 3417 4983 ἡ
3460 4911 3821 4975 θεόπνευστος

566 5012 826 5066 divinitus
880 5009 1163 5077 inspirata,
1215 5016 1267 5061 et
1323 5006 1425 5075 piae
1476 5006 1749 5074 religionis
1797 5021 1998 5069 sermo,
2048 5007 2131 5059 vel

2238 5012 2440 5081 Γραφὴ,
2471 5010 2563 5062 καὶ
2586 5012 2614 5061 ὁ
2644 5009 2741 5077 τῆς
2766 5005 3071 5069 θεοσεϐείας
3098 5004 3274 5073 λόγος,
3300 5004 3333 5075 ἢ
3360 5005 3454 5056 καὶ
3480 5002 3639 5064 αὐτὸς
3670 5004 3699 5054 ό
3722 5002 3823 5055 τοῦ

565 5108 728 5160 etiam
757 5103 933 5171 ipsum
959 5100 1050 5154 Dei
1080 5098 1337 5161 Verbum,
1369 5098 1510 5165 quod
1567 5098 1621 5151 in
1667 5098 1973 5167 Evangeliis
2016 5098 2129 5152 lucc

2238 5102 2366 5153 Θεοῦ
2396 5102 2590 5168 Λόγος,
2627 5100 2656 5151 ό
2698 5100 2756 5151 ὲν
2801 5097 3156 5167 Εὑαγγελίοις
3198 5097 3328 5168 περὶ
3365 5092 3559 5148 ἑαυτοῦ
3601 5093 3823 5159 διδάξας

567 5203 632 5255 de
659 5215 716 5256 se
743 5202 900 5255 docet
932 5212 993 5253 ac
1033 5198 1290 5265 loquitur,
1340 5216 1358 5246 ι
1388 5196 1497 5264 Ego
1537 5210 1653 5249 sum
1708 5196 1832 5248 vitis
1880 5210 2029 5255 vera,
2073 5207 2127 5249 et

2238 5194 2327 5245 καὶ
2364 5192 2552 5257 εἰπὼν,
2586 5211 2604 5243 ι
2660 5191 2799 5259 Ἐγώ
2836 5194 2951 5261 εἰμι
2978 5192 3011 5259 ἡ
3046 5189 3289 5260 ἄμπελος
3328 5191 3361 5258 ἡ
3386 5187 3637 5258 ἀληθινὴ,
3670 5187 3764 5239 καὶ
3795 5192 3823 5240 ό

564 5291 727 5343 Pater
756 5306 906 5344 meus
946 5288 1178 5357 agricola
1212 5296 1294 5341 est
1315 5286 1402 5339 '7?
1436 5305 1454 5336 ι
1502 5284 1579 5339 Ex
1608 5287 1724 5355 ipso
1760 5287 1953 5355 quippe
1981 5289 2128 5355 prior

2237 5286 2423 5355 Πατήρ
2458 5303 2557 5354 μου
2589 5287 2618 5337 ό
2642 5284 2922 5356 γεωργός;
2968 5302 2985 5334 ι
3040 5282 3129 5345 Ἐξ
3154 5280 3318 5332 αὐτοῦ
3350 5280 3458 5348 γὰρ
3488 5280 3579 5330 καὶ
3608 5280 3637 5330 ό
3664 5280 3822 5348 πρῶ-

568 5384 693 5435 item
721 5382 945 5450 populus
975 5382 1273 5435 divinarum
1311 5379 1715 5445 disciplinarum
1742 5378 2128 5445 plantationem

2240 5395 2321 5439 τος
2356 5378 2481 5440 λαὸς
2524 5377 2619 5447 τὴν
2661 5377 2771 5430 τῶν
2803 5377 2963 5431 θείων
2998 5373 3255 5445 μαθητῶν
3300 5370 3693 5444 [μαθημάτωνι
3724 5389 3825 5439 φυ-

568 5472 791 5539 accepit.
821 5470 1163 5524 Protorcular
1198 5482 1380 5523 autem
1418 5468 1550 5521 fodit
1588 5468 1640 5519 in
1680 5480 1764 5529 ca,
1800 5466 1971 5521 altare
2022 5469 2127 5521 sri-

2243 5469 2383 5518 :ziav
2446 5468 2652 5537 εἴληφε.
2698 5467 2993 5537 Προλήνιον
3038 5463 3132 5519 οὖν
3180 5464 3395 5534 ὀρύττει
3442 5462 3499 5515 tv
3535 5461 3685 5530 αὐτῷ
3770 5465 3828 5516 τιτι

570 5561 695 5616 licet
733 5561 963 5629 positum
994 5572 1117 5615 ante
1148 5560 1419 5629 templum.

2241 5558 2341 5624 προ
2370 5559 2461 5610 τοῦ
2504 5558 2630 5611 ναοῦ
2674 5558 3070 5630 θυσιαστήριον.

640 5742 685 5772 ’⁵
723 5741 911 5796 Matth.
938 5756 1019 5805 ιιι,
1052 5741 1131 5794 Il.
1210 5742 1249 5767 "
1286 5740 1437 5793 Joan
1489 5756 1524 5805 ι,
1562 5742 1643 5795 26.
1726 5742 1765 5771 ¹⁴
1798 5738 1930 5795 Ibid.
1974 5742 2057 5793 3.3.
2144 5741 2181 5769 ³¹
2226 5738 2365 5791 Imm.
2402 5755 2483 5798 xv,
2522 5741 2563 5792 ιι
