4014 6382
568 335 677 392 ιιο
1230 329 1498 387 ausam!
1534 323 2015 386 assumas
2051 321 2202 380 opp.
2244 320 2429 378 pass
2464 319 2555 377 ut.
2594 351 2666 363 —
2705 317 3119 377 meamea.
3660 306 3663 307 ί
3724 321 3837 378 tae

572 450 699 506 Haec
741 446 871 517 ipsis
906 444 973 500 ad
1006 444 1241 500 litteram
1271 453 1328 498 et
1359 442 1655 497 secundum
1686 439 1974 505 historiam
2008 451 2130 503 eve-

2240 435 2340 506 μὲν
2390 429 2484 489 οῦν
2532 432 2782 505 ἐπῆλθεν·
2808 433 2994 496 αὐτοῖς
3039 431 3215 486 ταῦτα
3262 431 3380 487 καθ’
3434 434 3679 504 ἱστορίαν
3736 438 3833 490 ἐπὶ

568 546 764 596 uerunt
793 537 893 593 sub
925 535 1252 604 Vespasiano
1274 542 1329 589 et
1354 532 1594 588 Adriano
1639 531 2007 586 Romanorum
2042 528 2130 581 im-

2240 522 2648 579 Οὐεσπασιανοῦ
2692 525 2787 577 καὶ
2834 523 3115 594 Ἀδριανοῦ
3155 524 3439 594 Ῥωμαίων
3486 526 3833 596 αὐτοκρατό-

568 630 948 702 peratorlbus;
977 625 1270 683 secundum
1327 634 1566 679 mentem
1618 636 1754 679 vero
1784 622 1947 678 etiam
1985 634 2130 675 nunc

2241 634 2378 689 ρων·
2415 617 2510 670 καὶ
2538 615 2681 669 κατά
2711 616 2952 682 διάνοιαν
2992 614 3051 669 δὲ
3084 614 3441 689 στερηθέντες
3468 614 3563 669 τοῦ
3602 614 3832 684 λογικοῦ

568 720 881 777 rationabili
921 732 1058 789 pane
1110 715 1237 768 vitae
1266 714 1489 786 privati,
1538 713 1678 767 fame
1741 711 1981 768 ccelestis
2032 709 2133 764 ali-

567 814 737 866 menti
770 820 1105 880 premuntur,
1165 805 1457 862 secundum
1515 804 1856 871 Scripturam
1907 804 1975 858 de
2027 801 2135 857 illis

568 904 641 957 ita
671 903 1003 971 loquentem,
1048 919 1067 954 ι
1103 899 1509 956 Convertentur
1542 899 1608 952 ad
1640 909 1944 965 vesperam,
1970 903 2023 948 et
2052 892 2133 947 la-

566 1006 708 1047 mem
728 993 1001 1062 patientur
1031 998 1088 1044 ut
1109 990 1282 1057 canis,
1312 996 1369 1043 et
1385 987 1701 1042 circuibunt
1719 986 1993 1041 civitatem
2020 983 2087 1038 ³ο.
2110 1002 2129 1035 ι

566 1086 643 1138 Ac
700 1098 820 1137 cum
862 1082 1162 1151 principem
1212 1079 1334 1134 vitae
1387 1080 1729 1147 negaverint.
1795 1077 1848 1130 in
1902 1083 2131 1129 mortem

568 1174 764 1230 anima
792 1173 1085 1242 lapsi-sunt
1113 1190 1128 1226 :
1166 1185 1397 1241 cumque
1422 1171 1819 1239 redemptorem
1846 1167 2135 1236 captivita-

568 1267 640 1322 tis
699 1266 1027 1333 animarum,
1068 1265 1159 1334 qui
1205 1265 1558 1334 praedicatum
1630 1269 1852 1315 venerat
1901 1259 2131 1330 captivis

566 1357 971 1422 remissionem,
1004 1366 1058 1412 et
1090 1358 1250 1411 caecis
1281 1355 1430 1410 visus
1454 1348 2132 1415 restitutionem,aversati

564 1450 695 1515 sint,
758 1448 998 1503 inimicis
1028 1446 1403 1516 spiritualibus
1432 1445 1640 1510 traditi,
1672 1452 1729 1499 et
1756 1442 2130 1514 captivitatem

567 1539 870 1603 animarum
898 1538 1137 1607 perpessi
1175 1547 1324 1592 sunt.

635 1618 805 1687 Vnus.
860 1631 952 1686 20.
1001 1648 1020 1681 ι
1057 1630 1147 1685 Va:
1200 1630 1292 1699 qui
1349 1629 1531 1684 dicitis
1568 1627 1771 1683 malum
1822 1629 2047 1689 bonum,
2079 1631 2134 1680 et

563 1721 761 1774 bonum
805 1718 1035 1783 malum;
1069 1720 1159 1787 qui
1190 1720 1391 1789 ponitis
1422 1720 1677 1773 tenebras
1719 1718 1917 1781 lucem,
1961 1726 2016 1771 et
2051 1714 2131 1769 lu-

2238 706 2403 778 ἄρτου
2434 706 2536 777 τῆς
2570 705 2739 775 ζωῆς,
2775 706 2856 759 ἔτι
2880 705 2977 759 καὶ
3008 704 3105 759 νῦν
3128 707 3338 778 τροφῆς
3370 707 3696 777 ἐπουρανίου
3725 705 3833 771 τὰς

2235 798 2412 870 ψυχὰς
2446 796 2781 868 λιμώττουσι’
2822 797 2965 852 κατά
3006 796 3105 869 τὴν
3138 798 3453 867 φάσκουσαν
3485 798 3613 868 περὶ
3643 796 3832 851 αὐτῶν

2236 887 2481 959 Γραφην·
2505 905 2524 938 ι
2548 886 2999 957 Ἐπιστρέψουσιν
3014 889 3093 950 είς
3110 887 3369 957 ἑσπέραν,
3391 886 3483 941 καὶ
3493 884 3831 957 λιμὼξουσιν

2234 976 2312 1040 ὠς
2346 976 2512 1042 κύων,
2560 976 2656 1030 καὶ
2676 977 3015 1031 κυκλώσουσι
3063 975 3241 1030 πόλιν.
3270 997 3289 1028 ι
3312 978 3420 1032 Καὶ
3455 978 3547 1031 τδν
3575 975 3828 1049 ἀρχηγὸν

2235 1065 2291 1119 δέ
2313 1068 2411 1137 τῆς
2444 1066 2589 1136 ζωῆς
2632 1067 3103 1139 ἀπαρνησαμενοι,
3139 1067 3218 1137 τῷ
3245 1067 3349 1137 τῆς
3376 1067 3556 1138 ψυχῆς
3603 1065 3832 1136 θανάτῳ

2236 1158 2689 1229 περιπεπτώκασι
2713 1177 2741 1202 ⁸-
2783 1161 2874 1214 τόν
2918 1178 2977 1214 τε
3025 1159 3305 1233 λυτρωτὴν
3346 1161 3445 1231 τῆς
3485 1161 3594 1225 τῶν
3634 1158 3827 1229 ψυχῶν

2235 1252 2616 1322 αἰχμαλωσίας
2660 1254 3124 1326 ἀποστραφέντες,
3169 1252 3263 1307 τὸν
3314 1252 3536 1306 ἐλθόντα
3583 1250 3827 1322 κηρῦξαι

2236 1343 2599 1413 αἰχμαλώτοις
2621 1344 2816 1414 ἄφεσιν
2845 1346 2940 1399 καὶ
2972 1346 3193 1415 τυφλοῖς
3223 1342 3536 1416 ἀνάϐλεψιν,
3559 1347 3676 1407 τοῖς
3705 1360 3829 1415 νοη-

2234 1438 2349 1499 τοῖς
2384 1436 2663 1508 πολεμίοις
2693 1436 3089 1510 παρεδόθησαν,
3128 1436 3223 1491 καὶ
3248 1435 3349 1507 τὴν
3374 1434 3561 1506 ψυχῶν
3591 1435 3826 1506 ὑπέμει-

2236 1546 2333 1583 ναν
2358 1530 2751 1600 αἰχμαλωσίαν.
3164 1587 3167 1590 ,

2313 1639 2331 1670 ι
2359 1621 2493 1674 Οὐαὶ
2518 1622 2568 1673 οἱ
2598 1621 2847 1690 λέγοντες
2874 1622 2935 1675 τὺ
2969 1621 3204 1691 πονηρὸν
3234 1620 3423 1686 καλὸν,
3441 1620 3537 1673 καὶ
3564 1620 3626 1673 τὸ
3657 1619 3827 1674 καλὸν

2236 1716 2505 1789 πονηρόν·
2549 1717 2600 1769 οί
2645 1716 2886 1778 τιθέντες
2926 1716 2987 1769 τὸ
3036 1716 3227 1779 σκότος
3273 1713 3409 1785 φῶς,
3459 1716 3555 1768 καὶ
3595 1714 3658 1767 τὸ
3704 1713 3827 1783 φῶς

562 1824 678 1863 cem
722 1809 1011 1875 tenebras;
1042 1811 1132 1879 qui
1162 1810 1363 1879 ponitis
1392 1824 1639 1864 amarum
1685 1807 1863 1869 dulce,
1891 1819 1947 1863 et
1975 1807 2130 1861 dulce

2240 1810 2459 1872 σκότος·
2493 1809 2544 1861 oi
2575 1807 2818 1872 τιθέντες
2857 1807 2917 1861 τὸ
2952 1799 3150 1880 πικρὸν
3193 1808 3389 1875 γλυκὺ,
3424 1807 3517 1861 καὶ
3552 1807 3826 1874 τδςγλυκῦ

558 1914 880 1973 amarum.»
931 1899 997 1953 Et
1044 1900 1160 1956 haec
1214 1914 1431 1970 quoque
1477 1899 1915 1969 praecedentibus
1961 1897 2135 1965 subji-

561 1992 804 2053 ciuntur,
832 1994 991 2061 quasi
1019 1993 1085 2048 de
1110 2001 1352 2064 tempore
1392 1991 1601 2048 Christi
1631 1992 1796 2048 dicta.
1843 1990 1981 2046 Nam
2006 2006 2130 2046 cum

559 2082 760 2138 multos
795 2083 1060 2141 doctrina:
1083 2098 1364 2139 sermones
1393 2098 1423 2137 a
1451 2082 1736 2139 Salvatore
1776 2083 2126 2144 audivissent,

558 2188 771 2229 necnon
797 2158 987 2243 postea
1027 2175 1095 2231 ab
1126 2174 1389 2246 apostolis
1435 2174 1570 2243 ejus,
1630 2176 1766 2230 nihil
1816 2162 2131 2231 binc‘utili—

561 2267 687 2321 tatis
712 2267 993 2323 consecuti
1026 2277 1152 2323 sunt
1178 2307 1195 2333 ,
1238 2268 1332 2325 sed
1358 2268 1411 2322 in
1442 2267 1823 2323 incredulitate
1863 2279 1918 2323 et
1949 2277 2131 2337 gesto-

560 2372 681 2411 rum
707 2358 1043 2412 absurditate
1072 2367 1508 2428 perseverantes,
1534 2358 1775 2428 peccatis
1801 2358 1914 2413 suis
1941 2373 2130 2414 acces-

560 2450 770 2503 sionem
813 2448 1131 2503 attulerunt.
1186 2448 1307 2503 Alio
1358 2450 1486 2504 item
1538 2449 1699 2503 modo
1746 2448 1861 2503 haec
1900 2448 1989 2513 iis,
2033 2449 2128 2519 qui

558 2540 713 2610 prius
749 2530 1162 2605 incusabantur,
1199 2540 1570 2595 conveniunt:
1608 2540 1807 2595 etenim
1842 2539 2005 2597 iidem
2033 2556 2125 2596 sa-

561 2646 687 2686 nam
722 2632 1027 2686 doctrinam
1075 2642 1409 2694 aversantes,
1452 2641 1507 2685 et
1541 2631 1594 2686 in
1635 2632 1809 2687 lucem
1848 2631 2125 2703 Evangelii

558 2722 817 2777 salutaris
848 2723 1163 2793 blasphema
1193 2722 1554 2792 prol‘erentes,
1603 2732 1970 2794 putantesque
2010 2724 2129 2780 dul~

557 2822 651 2862 ces
684 2807 807 2863 illos
854 2824 917 2864 ac
973 2810 1149 2865 alendi
1202 2811 1251 2863 vi
1302 2810 1561 2881 praeditos
1605 2810 1905 2867 Salvatoris
1953 2813 2126 2868 nostri

2240 1899 2453 1970 πικρόν.
2481 1918 2499 1950 ι
2555 1898 2665 1951 Kal.
2713 1898 2885 1952 ταῦτα
2933 1897 2989 1950 δέ
3033 1900 3147 1961 τοῖς
3192 1896 3571 1968 προλεχθεῖσιν
3629 1897 3827 1950 ἕπεται

2237 1989 2313 2053 ὡς
2350 1989 2442 2041 sui.
2476 1985 2734 2059 Χριστοῦ.
2782 1987 2999 2042 Πολλῶν
3037 1988 3147 2059 γὰρ
3195 1986 3602 2052 ἐπακούσαντες
3670 1987 3826 2042 διδα-

2241 2079 2513 2135 σκαλικῶν
2562 2080 2735 2149 λόγων
2763 2079 2857 2135 τοῦ
2910 2080 3182 2151 Σωτῆρος,
3229 2079 3338 2133 τῶν
3385 2095 3446 2132 τε
3495 2079 3613 2150 μετ’
3656 2080 3829 2135 αὑτὸν

2236 2171 2549 2225 ἀποστόλων
2584 2164 2772 2235 αὐτοῦ,
2790 2172 2960 2225 οὐδὲν
3012 2172 3110 2243 μὲν
3157 2172 3293 2243 πρὸς
3332 2170 3600 2242 ὠφέλειαν
3646 2173 3824 2243 exap-

2236 2260 2468 2313 ποῦντο·
2524 2264 2591 2332 τῇ
2627 2260 2684 2315 δὲ
2734 2260 2965 2332 ἀπιστίᾳ
3013 2261 3366 2331 ἐπιμένοντες
3413 2261 3509 2314 καὶ
3550 2264 3666 2324 τοῖς
3708 2262 3823 2316 τῶν

2236 2351 2411 2422 ἔργων
2456 2352 2791 2423 ἀτοπήμασι,
2824 2351 3141 2422 προσθήκας
3172 2350 3454 2422 ἐποιοῦντο
3503 2350 3612 2405 τῶν
3639 2353 3828 2423 ἀμαρ-

2233 2460 2300 2514 τη
2310 2444 2512 2513 μάτων.
2560 2444 2671 2497 Καὶ
2715 2436 2889 2506 ἄλλως
2921 2442 2981 2496 δὲ
3011 2442 3185 2499 ταῦτα
3234 2444 3348 2507 τοῖς
3395 2443 3650 2515 ἀνωτέρω
3687 2460 3825 2497 κατ-

2234 2535 2582 2607 ηγορηθεῖσιν
2619 2534 2867 2606 ἀρμόζε.·
2898 2537 2947 2589 οί
2980 2535 3091 2609 γάρ
3116 2537 3271 2592 αὐτοὶ
3299 2536 3393 2591 τὸν
3423 2536 3550 2609 ὑγιῆ
3572 2537 3827 2610 διαστρέ-

2234 2644 2427 2696 φοντες
2453 2627 2631 2696 λόγον,
2665 2628 2759 2682 καὶ
2789 2628 2852 2681 τὸ
2886 2627 3003 2698 φῶς
3033 2627 3129 2682 τοῦ
3160 2627 3433 2701 σωτηρίου
3481 2629 3824 2697 Εὑαγγελίου

2236 2719 2703 2791 βλασφημοῦντες,
2746 2719 2977 2792 πικρούς
3014 2737 3079 2774 τε
3115 2716 3412 2786 εἶναιτοὺς
3456 2721 3679 2790 γλυκεξ
3725 2722 3825 2777 καὶ

2232 2812 2532 2883 τροφίμους
2583 2811 2676 2865 τοῦ
2729 2812 2985 2883 Σωτῆρος
3026 2812 3185 2885 ἡμῶν
3216 2807 3425 2884 ’λόγους
3478 2813 3822 2885 ἡγούμενοι,

558 2914 863 2966 sermones,
915 2916 1129 2957 amaros
1178 2917 1322 2970 esse,
1382 2903 1661 2972 improbas
1717 2905 2028 2961 econtrario
2074 2916 2128 2961 et

2240 2903 2503 2957 ἀνάπαλιν
2534 2906 2658 2968 τοὺς
2706 2905 3013 2976 μοχθηροὺς
3064 2907 3157 2959 καὶ
3210 2910 3480 2978 πονηροὺς
3522 2907 3823 2977 λογισμοὺς

559 2988 830 3058 malignas
877 2992 1255 3061 cogitationes,
1312 3004 1374 3047 ut
1417 2994 1590 3048 bonas
1636 2995 2124 3063 amplectebantur,

2240 2994 2307 3057 ὡς
2339 2994 2577 3061 ἀγαθοὺς
2604 2996 3012 3066 προσεδέχοντο,
3049 2995 3143 3049 καὶ
3171 2996 3235 3049 τὸ
3263 2997 3453 3061 σκότος
3478 2998 3579 3068 τῆς
3606 2998 3822 3069 πλάνης

558 3096 625 3134 ac
675 3082 929 3137 tenebras
973 3084 1203 3147 erroris,
1258 3099 1377 3153 que
1429 3095 1665 3140 mentem
1699 3101 1851 3139 suam
1886 3101 2124 3155 occupa-

2240 3086 2296 3141 τὸ
2327 3086 2547 3157 συνέχον
2576 3085 2754 3140 αὐτῶν
2782 3086 2881 3151 τὰς
2909 3087 3106 3159 ψυχὰς,
3137 3088 3196 3141 ἐν
3223 3087 3377 3160 χώρᾳ
3415 3089 3593 3158 φωτὸς
3623 3089 3825 3144 ἐτίθεν-

557 3175 709 3240 bant,
755 3176 875 3229 vice
919 3173 1138 3229 luminis
1177 3176 1489 3244 ponebant:
1538 3176 1760 3231 malitia:
1805 3192 1933 3232 vero
1967 3193 2126 3234 acer-

2240 3195 2291 3232 το
2309 3194 2324 3209 ·
2349 3178 2450 3248 τῆς
2477 3194 2537 3230 τε
2559 3178 2759 3241 κακίας
2784 3178 2883 3249 τὴν
2916 3178 3123 3249 πικρὰν
3155 3181 3249 3234 καὶ
3279 3180 3608 3254 δηλητήριον
3633 3182 3821 3251 φύσιν,

557 3266 680 3319 bam
707 3276 762 3319 et
784 3267 1072 3322 exitiosam
1106 3276 1379 3332 naturam,
1428 3269 1583 3338 quasi
1636 3268 1849 3325 dulcem
1891 3270 2127 3345 aliquam

2240 3267 2422 3338 ὥσπερ
2453 3267 2573 3322 τινὰ
2614 3268 2889 3339 γλυκεράν
2927 3270 3120 3342 ἡδονὴν
3170 3271 3523 3327 κατεδίωκον.
3570 3273 3739 3337 ἰδοις
3772 3275 3821 3328 δ’

554 3357 889 3428 voluptatem
921 3360 1414 3429 persequebantur.
1452 3361 1519 3417 Et
1551 3377 1684 3418 sane
1716 3364 1783 3419 ad
1818 3364 1922 3421 hoc
1960 3381 2129 3436 usque

2240 3356 2297 3412 iv
2323 3358 2490 3411 είσέτι
2524 3359 2616 3411 καὶ
2646 3356 2742 3411 νῦν
2770 3358 3045 3424 τοιούτους
3080 3362 3211 3425 τοὺς
3238 3362 3346 3415 τῶν
3383 3363 3653 3418 Ἰουδαίων
3684 3367 3822 3419 πατ-

561 3459 771 3518 tempus
802 3451 990 3505 videas
1011 3450 1251 3519 ejusdem
1304 3454 1474 3509 moris
1521 3452 1739 3510 Judaeos
1798 3468 1958 3511 esse:
2007 3472 2128 3511 nam

562 3540 836 3611 Evangelii
870 3542 1151 3597 veritatem
1191 3550 1513 3599 aversantur
1542 3587 1557 3611 ,
1613 3547 1784 3603 aniles
1823 3558 2008 3603 autem
2048 3547 2131 3603 fa-

558 3630 741 3696 bulas,
765 3641 819 3685 et
844 3632 1162 3703 ignorantiae
1212 3636 1465 3691 tenebras
1502 3646 1801 3692 sectantur.
1844 3637 1961 3694 Hoc
1996 3639 2128 3695 οπο-

556 3732 651 3779 ctu
688 3724 961 3791 instructi,
994 3726 1266 3781 Christum
1295 3730 1512 3799 quidem
1540 3731 1897 3800 abnegarunt,
1927 3732 2129 3789 Barabv

558 3816 683 3868 bam
711 3829 839 3870 vero
869 3817 1239 3886 expetierunt,
1272 3834 1398 3875 cum
1426 3820 1729 3877 latronibus
1764 3833 1819 3877 et
1862 3823 2130 3880 facinoro-

558 3909 635 3962 sis
692 3909 999 3976 portionem
1077 3927 1229 3965 suam
1283 3924 1565 3982 ponentes.
1609 3914 1723 3970 ιω.)
1781 3893 1943 3970 etiam
2005 3933 2128 3971 cum

558 4000 736 4053 atbeis
773 4011 828 4053 et
860 4002 1037 4068 impiis
1068 4004 1378 4058 nationibus
1423 4008 1759 4075 congregati,
1805 4008 2124 4065 idololatras

561 4090 780 4158 quidem
825 4092 1118 4159 recipiunt,
1148 4095 1376 4161 probum
1421 4106 1599 4149 autem
1632 4109 1687 4151 et
1736 4107 2130 4167 temperantem

558 4178 760 4234 Christi
795 4179 1048 4249 populum
1082 4193 1404 4237 aversantur
1430 4194 1485 4239 et
1518 4198 1935 4256 persequuntur.

637 4272 795 4324 Vsus.
814 4271 903 4336 21,
930 4272 1019 4326 22.
1045 4292 1063 4324 ι
1088 4273 1179 4328 Vae
1197 4270 1577 4343 qui'sapientes
1595 4279 1725 4332 estis
1758 4281 1809 4333 in
1841 4283 2133 4337 vobismet-

2228 3451 2343 3513 δας,
2386 3445 2486 3521 τὴν
2530 3450 2628 3520 μὲν
2660 3450 2915 3521 ἀλήθειαν
2957 3451 3052 3505 τοῦ
3100 3452 3433 3521 Εὐαγγελίου
3477 3455 3825 3528 ἀποστρεφο-

2235 3544 2449 3615 μένους,
2475 3544 2602 3608 τοὺς
2627 3543 2684 3597 δὲ
2715 3542 2981 3613 γραώδεις
3013 3544 3215 3615 μύθους
3248 3547 3343 3599 καὶ
3374 3547 3435 3600 τὸ
3461 3547 3563 3618 τῆς
3595 3549 3826 3616 ἀγνοίας

2232 3636 2423 3699 σκότος
2475 3634 2927 3707 μεταδιώκοντας.
2971 3636 3158 3711 Ταύτῃ
3192 3640 3259 3709 τῇ
3304 3641 3624 3712 προαιρέσει
3649 3644 3825 3715 ἠρνή-

2234 3746 2395 3781 σαντο
2430 3728 2529 3799 μὲν
2572 3728 2665 3781 τὸν
2695 3729 2951 3799 Χριστὸν,
2982 3729 3256 3799 ᾐτήσαντο
3297 3730 3355 3783 δὲ
3382 3730 3475 3783 τὸν
3500 3726 3824 3803 Βαραϐϐᾶν,

2236 3819 2372 3889 μετά
2419 3819 2630 3891 λῃστῶν
2676 3820 2771 3873 καὶ
2826 3820 3150 3892 κακούργων
3194 3821 3297 3894 τὴν
3344 3821 3557 3876 ἑαυτῶν
3597 3822 3822 3894 θέμενοι

2240 3912 2449 3984 μερίδα.
2494 3912 2654 3967 Ἀλλά
2693 3915 2930 3979 καὶτοῖς
2972 3914 3153 3980 ἀθέοις
3208 3917 3303 3969 καὶ
3345 3916 3598 3969 ἀσεϐέσιν
3639 3916 3822 3971 ἔθνεσι

2238 4004 2743 4077 συναγελαζόμενοι,
2777 4008 2903 4069 τοὺς
2960 4009 3057 4079 μὲν
3099 4007 3493 4079 είδωλολάτρας
3524 4008 3823 4080 ἀποδέχοι-

2233 4114 2353 4161 ται,
2391 4096 2481 4149 τὸν
2519 4097 2575 4150 δὲ
2614 4097 2811 4169 σεμνὸν
2858 4100 2956 4152 καὶ
2999 4097 3251 4170 σώφρονα
3290 4098 3384 4153 τοῦ
3417 4100 3652 4171 Χριστοῦ
3690 4100 3823 4154 λαὸν

2233 4187 2664 4259 ἀποστρέφονται
2697 4191 2792 4243 καὶ
2823 4190 3131 4243 διώκουσιν.

2310 4300 2328 4332 ι
2352 4281 2489 4334 Οὐαὶ
2523 4284 2571 4335 οι
2615 4283 2825 4336 συνετοὶ
2871 4284 2928 4336 ἐν
2964 4285 3200 4347 ἑαυτοῖς,
3240 4285 3335 4337 καὶ
3374 4282 3607 4337 ἐνώπιον
3634 4284 3820 4336 αὐτῶν

563 4362 719 4433 ipsis,
760 4372 814 4417 et
864 4380 1046 4417 coram
1085 4366 1238 4419 vobis
1272 4367 1423 4433 .ipsis
1474 4371 1787 4436 prudentes.
1838 4371 1929 4426 Vae
1966 4374 2130 4430 fortes

2240 4374 2613 4444 ἐπιστήμονες.
2663 4376 2800 4429 Οὐαὶ
2843 4377 2891 4429 οί
2939 4375 3212 4445 ἰσχύοντες
3254 4374 3432 4445 ὑμῶν,
3477 4376 3528 4427 oi
3570 4375 3821 4440 πίνοντες

558 4455 755 4521 vestri,
788 4458 878 4525 qui
914 4457 1099 4510 bibunt
1124 4458 1329 4522 vinum,
1376 4469 1432 4511 et
1461 4470 1731 4527 potentes,
1778 4465 1867 4531 qui
1906 4465 2130 4519 miscent

2240 4464 2323 4517 τὸν
2346 4460 2504 4531 οἶνον,
2541 4467 2635 4519 καὶ
2661 4468 2709 4520 oi
2738 4466 2992 4520 δυνάσται
3018 4468 3067 4519 οἱ
3087 4467 3441 4539 κεραννύντες
3471 4466 3542 4520 τὰ
3564 4466 3815 4538 σίκερα.»

558 4548 808 4602 siceram.
841 4568 858 4600 ι
884 4549 1185 4604 Secundum
1215 4551 1356 4604 aliud
1385 4567 1513 4606 vero
1538 4558 1894 4623 propositum,
1920 4555 2132 4612 Judzeo-

562 4656 684 4694 rum
734 4642 974 4711 magistri
1023 4642 1317 4699 Salvatoris
1360 4647 1703 4701 sermonibus
1745 4648 1982 4702 animum
2026 4665 2131 4705 non

564 4729 909 4797 adhibentes,
944 4751 1002 4789 se
1037 4736 1171 4803 ipsis
1220 4738 1480 4806 improbis
1512 4741 1826 4796 doctoribus
1864 4754 1994 4796 sunt
2023 4744 2130 4809 usi,

562 4836 748 4894 utpote
802 4827 1075 4895 sapientes
1122 4829 1175 4883 in
1228 4832 1443 4900 seipsis,
1487 4842 1541 4887 et
1589 4849 1772 4888 coram
1821 4838 2133 4905 semetipsis

560 4918 882 4985 prudentes.
920 4919 1123 4975 Deinde
1158 4936 1311 4987 vero,
1360 4926 1512 4994 quasi
1545 4937 1794 4995 potentes
1817 4938 1873 4982 et
1906 4930 2131 4983 multum

565 5011 706 5075 apud
729 5010 938 5079 plebem
986 5017 1313 5073 auctoritate
1364 5019 1631 5084 valentes,
1683 5024 1919 5077 animam
1978 5039 2130 5079 suam

565 5101 828 5157 ebrietate
859 5105 1289 5175 circumdedere,
1320 5111 1639 5180 ignorantia:
1668 5115 1910 5170 tenebris
1946 5118 2127 5185 sapiti.

566 5192 683 5244 .lam
721 5208 851 5247 vero
880 5195 999 5250 aliis
1039 5198 1285 5254 dolosum
1344 5213 1529 5270 potum
1573 5205 1864 5269 miscuere,
1905 5206 1997 5272 qui
2042 5221 2135 5260 vo-

567 5292 721 5336 catur
751 5283 945 5349 sicera,
981 5302 1251 5357 (luctuque
1297 5294 1624 5361 interpretes
1652 5294 1765 5357 alii,
1807 5298 2128 5351 ebrietatem

570 5372 933 5440 appellarunt.
966 5376 1078 5433 Hoc
1108 5394 1269 5449 porro
1301 5382 1547 5437 fecerunt
1595 5398 1965 5454 cauponantes
2006 5404 2132 5443 ver-

568 5461 692 5517 bum
730 5464 841 5519 Dei.
1567 5468 1591 5477 ”

645 5552 801 5608 Vens.
839 5557 927 5611 24.
978 5579 995 5609 ι
1037 5560 1204 5618 lladix
1237 5580 1422 5621 corum
1455 5568 1631 5639 pulvis
1662 5571 1786 5636 erit,
1831 5583 1888 5627 et
1913 5571 2008 5629 ﬂos
2038 5587 2132 5629 co-

638 5753 681 5786 ”
720 5756 861 5814 l'sal.
888 5777 1042 5826 LVlll,
1071 5764 1120 5817 7.

2240 4555 2376 4609 Καθ’
2429 4557 2622 4629 ἑτέραν
2675 4558 2733 4609 δὲ
2780 4557 3033 4627 ἐπιϐολὴν
3090 4558 3163 4626 μὴ
3218 4558 3573 4627 προσέχοντες
3615 4558 3665 4609 οἱ
3708 4558 3820 4613 τῶν

2251 4653 2515 4707 Ἰουδαίων
2539 4652 2851 4723 καθηγηταὶ
2877 4655 2990 4715 τοῖς
3017 4652 3111 4705 τοῦ
3136 4654 3385 4723 Σωτῆρος
3403 4653 3601 4721 λόγοις,
3628 4657 3821 4717 κακοῖς

2236 4744 2570 4808 διδασκάλοις
2600 4745 2752 4797 αὐτοὶ
2788 4746 2998 4807 ἑαυτοῖς
3038 4745 3357 4814 ἐχρήσαντο,
3398 4743 3473 4807 ὡς
3524 4743 3735 4794 συνετοὶ
3760 4745 3820 4795 ὲν

2238 4840 2465 4901 ἑαυτοῖς,
2507 4838 2601 4891 καὶ⁹
2652 4836 2881 4891 ἐνώπιον
2919 4835 3128 4888 ἑαυτῶν
3166 4836 3556 4906 ἐπιστήμονες.
3585 4836 3819 4888 Ἔπειτα

2238 4930 2312 4993 ὡς
2348 4930 2621 5000 ἰσχύοντες
2652 4929 2746 4981 καὶ
2777 4927 2945 4981 πολλὰ
2984 4927 3268 4998 δυνάμενοι
3312 4929 3368 4979 ὲν
3404 4926 3482 4997 τῷ
3514 4926 3646 4997 λαῷ,
3677 4928 3822 5002 μέθῃ

2245 5022 2342 5092 μὲν
2368 5024 2466 5093 τὴν
2498 5021 2705 5075 ἐαυτῶν
2739 5020 2914 5091 ψυχὴν
2948 5020 3321 5093 περιέϐαλλον,
3351 5020 3429 5092 τῷ
3468 5021 3564 5089 τῆς
3591 5024 3817 5089 ἀγνοίας

2243 5117 2418 5185 σκότῳ
2450 5114 2798 5184 καρούμενοι.
2834 5113 2969 5184 Ἤδη
3000 5114 3055 5166 δὲ
3095 5115 3188 5167 καὶ
3227 5114 3433 5185 ἑτέροις
3474 5112 3635 5166 ποτὸν
3670 5113 3817 5166 δεδο-

2242 5207 2499 5277 λιωμένον
2545 5206 2794 5277 ἐκίρνων,
2845 5206 2905 5258 τὸ
2945 5205 3277 5277 καλούμενον
3328 5207 3552 5276 σίκερα·
3590 5206 3729 5277 ὅπερ
3768 5209 3816 5259 ei

2235 5298 2409 5351 λοιποὶ
2457 5296 2790 5367 ἐρμηνευταὶ
2843 5295 3093 5367 μέθυσμα
3144 5297 3463 5367 ὠνόμασανο
3519 5296 3612 5349 καὶ
3657 5296 3820 5350 τοῦτο

2237 5390 2522 5461 ἔπραττον,
2563 5389 2960 5461 καπηλεύοντες
2988 5390 3080 5442 τὸν
3107 5388 3263 5459 λόγον
3298 5389 3390 5443 τοῦ
3420 5389 3574 5444 Θεοῦ.

2316 5596 2332 5629 ι
2374 5577 2435 5632 Ἥ
2473 5575 2597 5648 ῥίζα
2630 5576 2805 5631 αὐτῶν
2844 5579 2871 5630 ὀ
2899 5577 3024 5648 χοῦς
3058 5577 3227 5643 ἔσται,
3264 5578 3357 5631 καὶ
3387 5577 3446 5631 τὸ
3500 5576 3656 5639 ἄνθος
3713 5572 3808 5630 αὑν
