4014 6402
195 338 293 400 121

1157 337 1669 399 COMMENTARIA
1704 338 1775 396 IN
1812 337 2063 397 ISAIAM.
2103 372 2177 386 —
2211 340 2365 399 CAP.
2405 339 2499 399 Vl.

3387 344 3425 399 1
3434 344 3506 399 29

189 461 302 519 in
330 460 471 516 ὡσεὶ
501 460 782 534 κονιορτὸς
808 459 1166 532 ἀναϐήσεται.
1191 483 1210 516 ι
1231 462 1295 517 Ἦ
1313 463 1610 536 ὡραιότης,
1643 463 1796 535 φησὶ,

1908 478 2028 517 rum
2057 462 2215 535 quasi
2259 462 2437 533 pulvis
2471 469 2753 517 ascendet.
2787 479 2808 514 ι
2855 459 3105 529 Species,
3148 460 3347 533 inquit.
3374 479 3505 519 cor-

191 552 288 613 ωὖ
321 555 605 630 σώματος,
633 557 730 610 καὶ
762 558 797 627 ή
826 555 923 610 τοῦ
963 556 1197 611 πλούτου
1226 556 1356 622 δόξα
1394 559 1492 611 καὶ
1530 556 1627 610 τοῦ
1659 574 1800 611 παν-

190 648 285 712 τις
312 647 509 713 εθνους
534 652 569 720 ή
598 649 922 720 εὐπρέπεια,
944 652 1072 705 ὅσον
1098 650 1311 705 οὐδέπω
1340 649 1624 723 κονιορτοῦ
1643 650 1802 721 δίκην

189 739 743 813 διασκεδασθήσεται.
783 760 803 793 ι
826 744 901 797 Οὐ
924 742 1036 815 γὰρ
1064 742 1337 814 ἠθέλησαν
1355 742 1449 795 τὸν
1488 744 1657 814 νόμον
1689 744 1805 796 Κυ-

190 833 311 905 ρίου
364 832 601 897 Σασωῢθ
625 850 639 864 ’
689 833 828 887 ἀλλὰ
866 835 929 889 τὸ
974 835 1159 905 λόγιον
1213 833 1310 889 τοῦ
1360 834 1521 903 ἁγίου
1584 835 1803 907 Ἰσραὴλ

184 922 547 996 παρώξυναν.
582 943 601 977 ι
636 924 797 979 Ποῖον
825 927 1011 998 νόμον,
1046 928 1079 998 ἢ
1114 928 1256 997 τάχα
1287 928 1416 999 περὶ
1446 920 1509 981 οῦ
1538 926 1802 999 ἀνωτέρω

181 1013 398 1084 mm,
420 1034 439 1066 ι
466 1015 564 1069 Ἐκ
608 1014 719 1087 γὰρ
758 1015 897 1070 Σιὼν
929 1016 1273 1082 ἐξελεύσεται
1307 1017 1493 1088 νόμος,
1524 1016 1617 1071 καὶ
1643 1016 1801 1086 λόγος

181 1106 398 1178 Κυρίου
432 1105 495 1171 ἐξ
534 1106 921 1177 Ἰερουσαλήμς
956 1127 975 1159 ι
1020 1106 1264 1178 Ἐπειδὴ.
1293 1106 1481 1177 φησὶν,
1508 1106 1611 1159 οὑκ
1636 1106 1803 1175 ἡδου-

178 1196 436 1269 λήθησαν
466 1197 560 1251 τὸν
598 1198 765 1270 νόμον
795 1200 893 1271 τῆς
930 1199 1127 1270 καινῆς
1160 1199 1441 1272 Διαθήκης
1464 1215 1479 1229 ·
1526 1198 1663 1252 ἁλλὰ
1708 1198 1801 1252 τὸν

178 1286 368 1353 ζῶντα
395 1288 495 1343 τοῦ
529 1290 667 1345 Θεοῦ
695 1290 869 1359 Λόγον
896 1289 1242 1363 παρώξυναν.

259 1400 278 1431 ι
311 1379 526 1433 Τούτου
556 1380 719 1452 χάριν
749 1378 1008 1450 ἐθυμώθη
1051 1379 1260 1451 Κύριος
1294 1378 1388 1432 ἐπὶ
1415 1379 1509 1433 τὸν
1540 1379 1670 1434 λαὸν
1701 1380 1801 1433 αὐ·-

177 1470 307 1527 τοῦ·
334 1492 353 1523 ι
378 1471 441 1524 ὃν
464 1471 631 1536 αὐτὸς
656 1473 756 1542 μὲν
788 1471 1049 1542 ήῦούλετο
1076 1474 1279 1525 οἰκεῖον
1307 1469 1475 1524 αὑτοῦ
1506 1471 1633 1524 λαὸν
1658 1465 1799 1524 εἷναί

176 1583 243 1619 τε
281 1567 379 1619 καὶ
406 1562 807 1637 χρηματίζειν·
852 1565 901 1617 οἱ
947 1564 993 1617 δ’
1028 1565 1130 1617 οὐκ
1175 1561 1483 1619 ἐΰούλοντο.
1530 1563 1798 1635 Σημαίνει

174 1656 239 1711 Et
266 1657 359 1711 διὰ
382 1656 596 1710 τούτων
624 1656 902 1726 πολεμίων
929 1654 1119 1725 ἔφοδον
1148 1655 1245 1709 καὶ
1272 1654 1483 1725 πλῆθος
1511 1653 1621 1709 τῶν
1645 1656 1801 1709 ἀναι-

180 1750 508 1821 ρουμένωνο
545 1748 741 1813 ὡςκαὶ
774 1747 914 1801 αὐτὰ
948 1747 1289 1821 πληροῦσθαι
1328 1746 1403 1802 τὰ
1433 1748 1537 1819 ὅρη
1586 1747 1798 1818 νεκρῶν

1903 555 2071 626 poris,
2117 555 2449 610 divitiarum‘
2490 552 2665 623 gloria
2719 561 2779 607 et
2849 552 3017 608 totius
3068 553 3249 622 gentis
3309 556 3502 623 decor,

1903 646 2143 715 pulveris
2166 646 2283 702 fere
2304 647 2487 702 instar
2508 645 2894 716 dissipabitur.
2949 663 2969 697 ι
3004 644 3309 725 Νοιυει-μηι
3353 649 3502 703 enim

1903 739 2325 811 legemDomini
2378 739 2663 804 Sabaoth;
2714 739 2811 795 sed
2857 740 3085 794 verbum
3115 742 3294 796 sancti
3334 740 3505 797 Israel

1903 832 2289 888 irritaverant.
2316 851 2336 884 ι
2374 833 2549 898 Quam
2576 830 2777 898 legem,
2810 832 2913 886 nisi
2945 846 3065 885 eam
3106 833 3175 887 de
3204 848 3309 903 qua
3340 847 3505 903 supe-

1904 927 2019 980 rius
2055 925 2298 989 dicebat,
2332 908 2519 979 (Nam
2553 924 2621 978 de
2649 923 2781 977 Sion
2815 926 2993 979 exibit
3044 924 3155 987 les.
3188 935 3246 981 et
3273 925 3502 981 verbum

1902 1016 2118 1071 Domini
2156 1016 2225 1071 de
2256 1013 2607 1071 Jerusalem?
2642 1034 2660 1069 ι
2713 1014 2877 1084 Quia,
2911 1017 3113 1085 inquit,
3142 1016 3276 1072 Novi
3308 1015 3506 1073 Testa-

1904 1107 2075 1161 menti
2134 1107 2309 1177 legem
2342 1107 2677 1175 noluerunt;
2741 1109 2855 1164 into
2908 1110 3072 1165 etiam
3117 1107 3357 1165 Verbum
3407 1110 3505 1165 Dei

1901 1199 2096 1254 vivens
2121 1198 2503 1254 irritaverant.

1978 1378 2149 1436 Vsus.
2176 1380 2270 1435 25.
2316 1398 2337 1432 ι
2371 1379 2500 1436 Ideo
2527 1381 2702 1437 iratus
2731 1389 2817 1437 est
2864 1383 3129 1441 Dominus
3156 1385 3215 1440 in
3243 1386 3501 1457 populum

1902 1486 2087 1526 suum.
2125 1489 2146 1524 ι
2188 1470 2359 1537 Quem
2394 1473 2511 1543 ipse
2543 1466 2766 1542 quidem
2798 1476 3083 1546 proprium
3103 1478 3210 1532 sibi
3240 1478 3502 1549 populum

1901 1577 2026 1619 esse
2056 1573 2112 1619 et
2136 1564 2403 1634 appellari
2434 1565 2683 1629 volebat;
2719 1567 2819 1637 ipsi
2858 1583 2990 1624 vero
3031 1569 3369 1624 abnuerunt.
3400 1568 3500 1624 His

1899 1668 2066 1724 porro
2105 1655 2381 1724 signiﬁcat
2413 1654 2773 1713 inimicorum
2827 1658 3287 1729 irroptionemac
3327 1676 3503 1717 ceso-

1901 1761 2022 1802 rum
2060 1747 2469 1803 multitudinem
2500 1792 2517 1816 ,
2556 1750 2630 1804 ita
2659 1760 2719 1805 ut
2757 1753 2922 1807 etiam
2967 1763 3183 1809 montes
3214 1754 3504 1810 cadaveri-

180 1817 485 1913 σωμάτων,
531 1842 628 1896 καὶ
666 1839 764 1912 τὴν
805 1839 991 1913 χώραν
1038 1817 1259 1896 ἅπασαν
1308 1840 1422 1894 τῶν
1454 1817 1796 1911 θνησῳαίων

1907 1841 2005 1893 bus
2036 1838 2373 1908 repleantur,
2408 1847 2470 1895 et
2496 1840 2753 1897 universa
2792 1842 2943 1913 regio
2975 1844 3283 1898 morticinis
3308 1858 3504 1900 eorum

178 1929 368 1987 αὐτῶν
401 1934 612 2006 μεστὴν
637 1933 911 2002 γενέσθαι.
937 1934 1125 1987 Πάντα
1154 1933 1212 1987 δὲ
1234 1933 1409 1986 ταῦτα
1439 1933 1628 1997 αὐτοῖς
1657 1949 1799 2003 συμ-

178 2024 412 2097 ϐήσεται
448 2029 515 2080 ἐκ
543 2026 645 2096 τῆς
676 2025 786 2078 τῶν
807 2024 1084 2096 πολεμίων
1112 2024 1325 2094 ἐφόδουο
1354 2025 1423 2096 ἦν
1452 2026 1554 2079 οὐκ
1585 2022 1800 2089 ὲξέαυ-

179 2118 290 2171 τῶν
348 2119 718 2189 ἐποιήσαντο·
772 2116 905 2181 Θεὸς
953 2116 1011 2170 δὲ
1054 2113 1194 2189 ἦγεν
1237 2118 1456 2182 αὐτοὺς,
1513 2117 1799 2190 μονονουχὶ

185 2208 371 2279 σύρων
407 2208 507 2262 καὶ
539 2208 717 2262 ἐλκων
766 2208 860 2261 ἐπὶ
886 2207 987 2281 τὴν
1017 2208 1128 2262 τῶν
1156 2208 1647 2282 καταγορηθέντων
1700 2226 1801 2262 πο-

182 2299 458 2375 λιορκίαν.
1582 2326 1597 2349 ι.
1622 2340 1639 2351 ,

258 2413 277 2447 t
321 2394 468 2447 Ἀλλ’
500 2394 582 2447 ἐτι
621 2396 655 2465 ή
705 2394 829 2467 χεὶρ
859 2393 1039 2465 ὑψηλή
1062 2410 1078 2426 ο
1114 2392 1404 2466 τοιγαροῦν
1431 2393 1558 2464 ἀρεῖ
1591 2393 1797 2465 σύσση-

187 2503 286 2558 μον
318 2489 438 2550 τοῖς
470 2485 650 2541 ἔθνεσι
678 2487 790 2550 τοῖς
828 2484 1122 2556 μακρόθεν,
1150 2486 1245 2540 καὶ
1276 2488 1455 2557 συριεῖ
1480 2486 1679 2548 αὐτοὺς
1700 2484 1797 2539 ἀπ’

182 2579 359 2651 ἄκρου
388 2578 494 2649 τῆς
524 2579 650 2648 γῆς.
678 2596 698 2629 ι
749 2576 958 2650 ’Υψηλὴ
1006 2576 1138 2647 γοῦν
1168 2579 1203 2649 ή
1236 2576 1331 2630 τοῦ
1361 2576 1497 2630 Θεοῦ
1529 2578 1652 2649 χεὶρ
1674 2579 1795 2631 κατ’

184 2670 367 2725 αὐτῶν
400 2669 622 2741 ὑπῆρχε
660 2670 751 2723 διὰ
786 2670 848 2723 τδ
880 2669 1141 2740 ἐπίμονον
1173 2669 1351 2724 αὐτῶν
1383 2670 1485 2740 τῆς
1514 2670 1791 2733 ἀπιστίας.

183 2762 257 2817 T0
282 2764 399 2835 γάρ
427 2762 495 2833 δὴ
526 2765 732 2835 χεῖρον,
763 2763 845 2815 ὅτι
872 2762 993 2815 οὐδὲ
1028 2762 1235 2816 τούτων
1274 2762 1600 2832 γινομένων,
1636 2762 1793 2834 φησὶ,

185 2855 595 2927 ἐπιεικέστεροι
648 2853 961 2923 γεγόνασιν,
1017 2854 1154 2908 ἀλλὰ
1204 2856 1319 2918 τοῖς
1364 2854 1552 2918 αὐτοῖς
1601 2855 1800 2927 ἐπιμέ-

185 2963 391 3001 νουσιν.

258 3062 276 3093 ι
300 3042 417 3095 Καὶ
441 3038 629 3109 βοήσει
652 3038 721 3091 δι’
743 3037 939 3102 αὐτοὺς
956 3039 1014 3091 ὲν
1030 3040 1095 3108 τῇ
1122 3038 1310 3109 ἡμέρᾳ
1339 3037 1527 3111 ἐκείνῃ
1547 3038 1624 3101 ὼς
1644 3038 1797 3111 φωνὴ

1902 1932 2058 2003 plena
2092 1934 2312 1990 evadat.
2342 1932 2471 1990 Haec
2516 1946 2703 1991 autem
2736 1936 2919 1992 omnia
2960 1950 3027 1991 ex
3065 1938 3305 1993 hostium
3350 1938 3508 1993 inva-

1900 2026 2057 2082 sione
2081 2028 2214 2097 ipsis
2252 2028 2555 2083 evenient:
2599 2044 2766 2098 quam
2797 2030 2903 2100 ipsi
2939 2045 3051 2085 non
3091 2039 3297 2102 suopte
3350 2040 3502 2086 motu

1900 2117 2156 2173 fecerunt
2188 2163 2205 2187 ,
2238 2122 2333 2175 sed
2359 2120 2470 2174 Deo
2499 2130 2727 2191 agente,
2755 2133 2812 2177 et
2841 2133 3055 2177 tantum
3103 2138 3213 2178 non
3251 2123 3507 2178 trahente

1903 2224 1969 2264 ac
1993 2210 2235 2281 pellente
2261 2211 2385 2267 illos
2408 2212 2475 2267 ad
2511 2227 2732 2268 reorum
2780 2214 3148 2270 obsidionem.

1973 2391 2138 2448 Vsus.
2164 2392 2255 2448 ‘26.
2308 2412 2327 2445 ι
2368 2394 2477 2449 Sed
2509 2367 2735 2464 insuper
2772 2410 2967 2451 manus
3000 2395 3097 2451 Dei
3122 2394 3369 2453 excelsa;
3398 2396 3502 2467 igi-

1903 2493 1989 2539 tur
2020 2485 2263 2541 elevabit
2294 2488 2510 2557 signum
2540 2488 2796 2559 gentibus
2848 2476 3188 2558 longinquis,
3237 2498 3291 2543 et
3322 2488 3502 2543 trahet

1899 2592 1995 2633 eas
2020 2578 2089 2633 ab
2117 2588 2371 2635 extremo
2402 2589 2583 2636 term.
2630 2599 2650 2633 ι
2698 2581 2921 2636 Excelsa
2959 2582 3129 2653 igitur
3162 2589 3354 2638 contra
3382 2582 3503 2637 illos

1901 2670 2005 2724 l'nit
2038 2686 2234 2726 manus
2270 2671 2393 2738 Dei,
2422 2672 2492 2727 ob
2540 2672 2954 2728 incredulitatis
3003 2688 3197 2729 eorum
3247 2686 3477 2743 perseve

1898 2762 2160 2819 rantiam.
2207 2762 2362 2829 Quod
2416 2761 2568 2817 enim
2612 2762 2861 2819 deterius
2897 2774 3005 2829 est,
3044 2780 3112 2820 ne
3149 2765 3255 2821 illis
3279 2764 3501 2835 quidem

1900 2853 1973 2907 ita
2010 2855 2182 2924 gestis
2221 2855 2495 2925 aequiores
2538 2854 2672 2909 l'acti
2708 2862 2870 2922 sunt,
2909 2853 3006 2911 sed
3043 2856 3234 2911 eodem
3272 2856 3325 2910 in
3354 2864 3501 2911 statu

1902 2957 2280 3016 perseverant.

1974 3038 2141 3095 Vsus.
2167 3038 2259 3094 30.
2307 3057 2328 3092 ι
2368 3039 2435 3094 Et
2463 3039 2726 3094 clamabit
2768 3047 2995 3110 propter
3030 3054 3128 3095 eos
3174 3039 3227 3093 in
3265 3038 3357 3095 die
3404 3038 3500 3095 illa

183 3133 470 3203 θαλάσσης
535 3128 978 3201 κυμαινούοης.»
1049 3128 1319 3184 Ἐνταῦθα
1373 3125 1468 3184 οῦν
1524 3130 1796 3201 προσήκει

1907 3133 2057 3202 quasi
2098 3147 2202 3187 vox
2237 3133 2408 3187 maris
2440 3132 2746 3186 mstuantis.
2774 3151 2795 3184 ι
2831 3131 2931 3186 Hic
2955 3133 3502 3188 animadvertendum

182 3225 488 3295 ἐπιστῆσαι
536 3222 630 3275 τὸν
673 3220 836 3283 νοῦν,
885 3220 963 3285 ὼς
1008 3220 1072 3275 τὸ
1120 3221 1327 3293 πλῆθος
1369 3221 1480 3276 τῶν
1519 3222 1795 3296 πολεμίων

1907 3234 2005 3291 est,
2064 3225 2243 3293 ipsum
2309 3224 2720 3280 multitudinem
2774 3223 3017 3279 hostium
3066 3224 3235 3281 maris
3291 3226 3500 3281 sonitui

180 3320 335 3391 φωνῇ
368 3316 655 3385 θαλάσσης
688 3314 947 3385 ἐξομοιοῖ.

731 3406 1131 3460 ΚΕΦΑΛΑΙΟΝ
1165 3409 1256 3473 (τ’.

258 3522 279 3555 ι
304 3503 422 3557 Καὶ
451 3501 675 3569 ἐγένετο
700 3498 794 3551 τοῦ
843 3498 1114 3565 ἐνιαυτοῦ,
1145 3494 1207 3554 οῦ
1236 3498 1511 3552 ἀπέθανεν
1553 3499 1733 3565 Ὀζίας
1768 3501 1797 3553 0

182 3594 464 3667 βασιλεύς.
494 3613 513 3645 ι
552 3591 656 3645 Διὰ
692 3592 747 3644 τί
773 3592 848 3670 μὴ
880 3590 959 3645 ἔτι
988 3591 1191 3656 ζῶντος
1232 3591 1411 3656 Ὀζίου
1439 3592 1542 3663 τὴν
1575 3609 1797 3663 προκει-

183 3690 356 3758 μένην
382 3686 511 3757 ὖψιν
543 3683 714 3756 ἐώρα,
742 3684 857 3736 ἀλλ’
887 3686 945 3737 ἐν
968 3683 1047 3755 τῷ
1070 3683 1182 3737 ἔτει
1204 3676 1248 3752 ᾧ
1273 3683 1544 3737 ἀπέθανεν
1568 3701 1583 3750 ;
1617 3680 1793 3756 οἶμαι,

180 3780 292 3842 ὅτι,
346 3778 441 3832 διὰ
492 3778 554 3831 τὺ
604 3770 1174 3850 ἐωρθῆναιάὒτδν,
1226 3768 1479 3847 καίτὴν
1530 3776 1795 3847 μηδαμῶς

183 3874 581 3946 προσήκουσαν
609 3868 762 3937 αὐτῷ
794 3868 1116 3939 ἐγχειρῆσαι
1150 3866 1344 3921 θυσίαν
1382 3872 1793 3939 προσενεγκεῖν,

182 3964 326 4020 ὥστε
354 3964 457 4017 καὶ
490 3962 591 4032 τὴν
622 3962 829 4034 λέπραν
856 3958 1166 4030 ἐπανθῆσαι
1188 3959 1267 4030 τῷ
1293 3960 1575 4031 προσώπῳ
1602 3960 1793 4026 αὐτοῦ,

182 4060 336 4122 εἰκὸς
368 4052 442 4129 ἦν
482 4052 967 4125 ἀνακεχωρηκέναι
1006 4052 1107 4123 τὴν
1138 4052 1300 4123 χάριν
1324 4050 1422 4105 τοῦ
1449 4052 1585 4106 Θεοῦ
1616 4055 1796 4108 πάντα

181 4150 273 4204 τὸν
316 4147 519 4221 χρόνον
566 4146 669 4219 τῆς
705 4143 872 4199 αὐτοῦ
908 4144 1077 4215 ζωῆς,
1113 4143 1237 4198 καθ’
1273 4144 1331 4197 ὃν
1379 4145 1796 4219 λελεπρωμένος

184 4242 432 4313 κατῴκει
464 4238 565 4310 τὴν
607 4237 992 4309 Ἰερουσαλήμ.
1021 4236 1242 4310 Λεπροῦ
1278 4237 1387 4309 γὰρ
1419 4238 1683 4309 βασιλέως
1713 4242 1791 4291 ol-

184 4334 415 4396 κοῦντος
444 4332 539 4385 τὸν
560 4330 747 4394 τόπον,
776 4331 1003 4395 εἰκότως
1026 4331 1449 4403 άνακεχωρήκει
1478 4334 1511 4403 ή
1544 4330 1672 4399 δόξα
1698 4332 1793 4385 τοῦ

182 4426 346 4480 Θεοῦ.
395 4424 555 4477 Ἐπεὶ
586 4423 644 4476 δὲ
689 4422 947 4476 ἐτελεύτα
981 4423 1082 4493 μὲν
1113 4425 1339 4487 ἐκεῖνος,
1398 4424 1622 4478 Ἷωάθαν
1663 4425 1719 4479 δὲ
1764 4426 1793 4477 0

1901 3331 2248 3387 comparare.

2515 3406 2750 3465 CAPUT
2796 3408 2875 3464 Vl.

1974 3495 2138 3554 Vsus.
2172 3499 2224 3553 Ι.
2272 3518 2291 3551 ι
2321 3499 2617 3555 Etfactum
2652 3510 2740 3555 est
2788 3503 2843 3555 in
2889 3517 3058 3566 anno,
3100 3518 3209 3572 quo
3253 3510 3508 3557 mortuus

1898 3601 1982 3643 est
2035 3607 2129 3645 rex
2176 3590 2359 3648 Ozias.
2391 3611 2409 3644 ι
2446 3592 2629 3659 Quare
2690 3609 2798 3649 non
2858 3596 3080 3650 vivente
3132 3596 3316 3651 adhuc
3364 3596 3503 3651 Osis

1898 3682 2039 3737 hanc
2066 3682 2333 3738 visionem
2380 3683 2594 3751 habuit,
2644 3686 2739 3740 sed
2788 3700 2855 3741 eo
2903 3700 3049 3740 anno
3076 3701 3186 3755 quo
3218 3687 3307 3741 ille
3351 3702 3503 3740 mor-

1902 3787 2025 3831 tuus
2051 3778 2174 3831 est?
2202 3778 2329 3846 quia
2361 3777 2451 3832 ille
2474 3770 2652 3834 elatus
2674 3780 2882 3845 animo,
2910 3781 3242 3835 sacriﬁcium
3270 3778 3497 3848 oll'erre,

1899 3871 2050 3939 quod
2076 3869 2240 3929 oﬂicii
2273 3871 2353 3925 sui
2384 3886 2493 3925 non
2516 3881 2661 3938 erat,
2680 3887 2971 3942 aggressus
3000 3882 3108 3939 est,
3155 3872 3227 3927 ita
3258 3880 3317 3926 ut
3348 3872 3500 3943 lepra

1900 3965 1953 4017 in
2006 3962 2156 4018 vultu
2205 3964 2321 4034 ejus
2357 3974 2698 4034 erumperet,
2752 3966 2995 4020 arbitror
3048 3980 3149 4035 par
3198 3964 3392 4027 fuisse,
3438 3970 3501 4018 ut

1900 4058 2072 4124 gratia
2102 4055 2194 4111 Dei
2229 4055 2509 4111 recederet
2544 4064 2659 4110 toto
2683 4059 2809 4110 vitae
2856 4056 3005 4111 illius
3061 4065 3329 4125 tempore,
3387 4070 3502 4126 quo

1900 4145 2145 4216 leprosus
2172 4146 2453 4201 habitabat
2491 4146 2543 4199 in
2591 4145 2920 4203 Jerusalem.
2959 4145 3098 4200 Nam
3125 4150 3344 4216 leproso
3371 4161 3504 4216 rege

1901 4237 2079 4293 locum
2106 4237 2403 4301 incolente,
2429 4236 2603 4306 gloria
2632 4237 2727 4292 Dei
2757 4239 2954 4294 merito
2987 4247 3315 4294 recesserat.
3338 4238 3500 4293 Post-

1898 4346 2065 4401 quam
2092 4340 2273 4383 autem
2320 4329 2551 4385 obiisset
2590 4329 2705 4394 ille,
2766 4340 2822 4386 et
2879 4329 3135 4387 Joatham
3188 4330 3336 4385 [ilius
3378 4331 3501 4401 ejus
3593 4377 3597 4381 .

1899 4439 2126 4495 regnum
2151 4424 2483 4493 excepisset,
2514 4425 2582 4477 de
2629 4438 2737 4492 quo
2768 4423 3036 4494 scriptum
3070 4432 3175 4497 est,
3219 4442 3236 4475 ι
3269 4423 3335 4478 Ει
3364 4423 3498 4478 fecit

182 4518 300 4582 υἱὸς
331 4514 505 4570 αὑτοῦ
538 4514 637 4586 τὴν
670 4514 945 4585 βασιλείαν
972 4515 1263 4581 διεδέξατο,
1316 4518 1446 4589 περὶ
1487 4510 1549 4569 οὗ
1595 4517 1796 4589 γέγρα-

1908 4526 2113 4569 rectum
2168 4515 2220 4569 in
2272 4515 2447 4571 oculis
2493 4515 2706 4571 Domini
2744 4516 2823 4580 ³¹;
2882 4534 2900 4568 ι
2957 4514 3082 4583 jure
3128 4517 3319 4570 eodem
3378 4516 3501 4583 ipso

183 4627 344 4672 πται,
374 4627 392 4659 ι
418 4608 532 4660 Καὶ
562 4607 787 4678 ἐποίησε
805 4608 866 4660 τὸ
886 4608 1041 4671 εὑθὲς
1056 4610 1112 4662 ὲν
1128 4608 1427 4678 ὀφθαλμοῖς
1441 4609 1667 4681 Κυρίου·
1686 4632 1703 4661 ι
1726 4613 1802 4663 εἰ-

182 4702 365 4765 κότως
393 4699 514 4753 κατ’
538 4698 701 4752 αὑτὸν
718 4700 926 4753 ἐκεῖνον
943 4699 1033 4752 τὸν
1051 4699 1295 4753 ἐνιαυτὸν
1318 4694 1376 4751 ὲν
1400 4694 1444 4767 ᾧ
1470 4700 1498 4752 0
1521 4698 1797 4767 λελεπρω-

186 4795 353 4866 μένος
390 4792 723 4862 μετηλλάχει
767 4790 857 4844 τὸν
901 4789 1037 4861 βίον,
1078 4794 1106 4845 0
1148 4791 1205 4845 δὲ
1243 4791 1539 4863 εὐάρεστος
1571 4792 1648 4869 τῷ
1680 4792 1800 4864 Θεῷ

183 4887 285 4959 τὴν
336 4884 622 4956 βασιλείαν
668 4883 961 4949 διεδέξατο,
1015 4878 1175 4947 αὖθις
1215 4885 1248 4955 ή
1293 4883 1421 4950 δόξα
1458 4883 1666 4956 Κυρίου
1709 4885 1801 4937 ἐπ-

186 4980 351 5051 ανῄει
386 4978 481 5031 ἐπὶ
511 4977 603 5029 τὸν
647 4971 817 5039 οἷκον,
846 4975 1045 5047 δηλαδὴ
1081 4976 1174 5029 τὸν
1204 4976 1332 5029 ναὸν
1354 4975 1586 5048 Κυρίου.
1624 4977 1690 5029 Ὀ
1726 4976 1791 5047 δὴ

185 5072 282 5125 καὶ
310 5071 523 5143 ἱστορεῖ
544 5070 572 5121 0
596 5068 1119 5141 προφήτηςλέγων,‹
1141 5070 1251 5123 Καὶ
1266 5067 1485 5137 ἐγένετο
1496 5068 1591 5122 τοῦ
1614 5071 1795 5122 ἐνιαυ-

184 5161 303 5226 τοῦ,
337 5154 401 5215 οῦ
429 5160 705 5214 ἀπέθανεν
741 5160 923 5226 Ὀζίας
946 5165 975 5216 0
1001 5162 1274 5232 βασιλεὺς,
1304 5156 1444 5215 εἶδον
1469 5162 1562 5215 τὸν
1589 5162 1794 5233 Κύριον

188 5255 509 5326 καθήμενον
553 5253 648 5306 ἐπὶ
688 5245 882 5323 θρόνου
928 5254 1135 5325 ὑψηλοῦ
1174 5258 1271 5309 καὶ
1318 5256 1653 5327 ἐπηρμένου·
1700 5257 1795 5309 καὶ

192 5348 410 5420 πλήρης
438 5349 469 5399 0
499 5340 648 5409 οἶκος
684 5346 785 5415 τῆς
821 5346 981 5418 δόξης
1023 5347 1211 5403 αὑτοῦ.
1234 5368 1253 5399 ι
1287 5342 1457 5418 Οἶμαι
1488 5348 1545 5400 δὲ
1580 5349 1674 5401 καὶ
1702 5349 1792 5402 διὰ

192 5442 399 5494 τούτων
427 5438 802 5510 παρίστασθαι
828 5440 913 5503 τίς
934 5442 1052 5493 ποτ’
1072 5435 1141 5511 ἦν
1168 5444 1195 5494 0
1217 5440 1307 5494 διὰ
1336 5440 1516 5510 πάσης
1536 5442 1637 5512 τῆς
1662 5461 1793 5515 προ-

196 5534 424 5600 φητεῦις
468 5530 803 5601 δηλούμενος
845 5531 1050 5606 Κύριος
1097 5533 1348 5589 Σαϐαὼθ.
1376 5536 1473 5600 Τίς
1516 5535 1571 5588 δὲ
1596 5529 1789 5602 οὗτος;

208 5622 265 5681 '0
294 5622 615 5693 Μονογενὴς
634 5622 782 5689 Υἱὸς,
809 5626 837 5678 0
860 5625 938 5681 ὣν
968 5628 1047 5691 είς
1074 5627 1165 5682 τὸν
1199 5626 1398 5681 κόλπον
1431 5627 1525 5681 τοῦ
1555 5629 1789 5700 Πατρός,

268 5808 308 5839 ιι
340 5805 402 5862 ιγ
439 5806 575 5875 Reg.
615 5818 712 5871 xv,
743 5804 831 5859 δι.

1900 4622 2067 4671 anno,
2105 4623 2212 4676 quo
2271 4616 2326 4663 et
2377 4609 2630 4678 leprosus
2664 4609 2830 4661 vitam
2873 4609 3111 4675 obierat,
3149 4619 3203 4663 et
3252 4610 3339 4664 vir
3382 4608 3503 4665 Deo

1902 4700 2139 4770 placitus
2188 4715 2419 4769 regnum
2458 4710 2775 4769 exceperat,
2822 4700 2996 4770 gloria
3067 4700 3282 4756 Domini
3334 4718 3500 4771 super

1900 4792 2121 4847 domum
2146 4807 2363 4847 reversa
2392 4802 2499 4856 est,
2530 4792 2741 4846 scilicet
2774 4808 2939 4862 super
2966 4793 3224 4861 templum
3251 4792 3496 4851 Domini.

1900 4885 2055 4952 Quod
2111 4886 2366 4942 videlicet
2397 4896 2627 4942 enarrat
2672 4887 2939 4957 prOpbeta
2996 4887 3218 4941 dicens:
3268 4906 3288 4939 ι
3320 4888 3387 4942 Et
3417 4887 3498 4940 l'a-

1900 4989 2048 5033 etum
2078 4989 2162 5033 est
2196 4980 2248 5034 in
2286 4994 2451 5047 anno,
2483 4994 2592 5049 quo
2630 4991 2881 5033 mortuus
2909 4989 2994 5035 est
3044 4996 3138 5033 rex
3172 4978 3358 5047 Ozias,
3386 4981 3497 5035 vidi

1900 5073 2189 5127 Dominum
2252 5074 2536 5129 sedentem
2587 5090 2755 5143 super
2801 5076 3057 5129 thronum
3108 5075 3387 5130 excelsum
3444 5086 3499 5131 et

1902 5165 2215 5221 elevatum:
2255 5177 2309 5220 et
2356 5168 2516 5236 plena
2558 5179 2679 5223 erat
2710 5172 2905 5225 domus
2952 5170 3123 5237 gloria
3155 5170 3292 5237 ejus.
3335 5190 3353 5222 ι
3398 5170 3501 5225 1E-

1903 5259 2066 5316 Stimo
2092 5258 2179 5313 his
2204 5260 2528 5328 significari,
2554 5262 2677 5333 quis
2715 5264 2788 5318 sit
2828 5264 2919 5319 ille
2955 5263 3220 5319 Dominus
3252 5266 3499 5319 Sabaoth

1905 5350 1957 5405 in
2012 5350 2114 5405 hac
2180 5361 2291 5405 tota
2350 5354 2642 5421 prophetia
2697 5355 2991 5411 indicatus.
3048 5354 3249 5425 Ecquis
3312 5366 3495 5412 autem

1903 5443 2036 5499 ille?
2080 5443 2407 5514 Unigenitus
2441 5444 2638 5509 Filius,
2673 5448 2765 5516 qui
2799 5459 2884 5503 est
2916 5449 2967 5502 in
3005 5449 3127 5502 sinu
3161 5448 3363 5515 Patris,
3401 5450 3495 5520 qui

1902 5538 2236 5591 descendens
2263 5553 2326 5591 ex
2354 5539 2577 5607 propria
2616 5539 3015 5607 magnitudine,
3049 5540 3175 5594 inde
3214 5554 3337 5594 sese
3369 5540 3497 5594 visi-

1904 5628 2070 5684 bilem
2109 5639 2164 5685 et
2203 5631 2759 5699 eomprchensibilem
2791 5633 3104 5688 hominibus
3131 5630 3497 5691 ellicit.Visu3
