4014 6400
600 102 609 111 ι
693 93 710 100 κ
817 103 824 108 ,
841 95 846 100 ι
905 91 982 120 3.3:.
1004 94 1035 121 |;l

565 120 603 164 ἶ
656 117 710 156 η’
777 107 975 208 .
994 110 1052 149 αἱ

573 167 580 172 .
703 163 710 170 .
809 171 822 176 ,
1024 164 1033 173 .

561 231 584 252 9
670 224 681 235 ‘
789 221 800 252 ,ἶ
837 223 984 254 (ἴδη-τιτι
1026 224 1049 253 :‘

606 258 647 281 V-‘
670 252 702 285 θ,
723 249 732 256 4
807 247 888 286 ί.
903 249 992 292 rx}?!

690 290 693 303 ί
733 291 740 298 ⁸
797 275 974 318 λ’έῖέ
1012 304 1047 315 --r

441 325 452 366 ,’
499 319 633 365 γιίξξ·
674 338 701 357 σ⁷
723 323 730 328 ’
848 320 952 367 κέ
977 320 1041 367 λ

371 417 392 430 ’,
421 419 444 436 ..⁵
469 421 521 439 νη
540 422 589 439 7-7.
648 428 653 431 _
691 417 758 440 ε’·
821 415 846 422 η’
940 416 985 429 Ἲς

367 481 418 494 ..
799 431 836 450 "
870 455 908 468 ιε
984 425 1052 483 τὰ

175 529 182 534 .
213 497 366 538 s..~.’-',:~,~":~_.:’
391 497 486 538 (ξεν-μ,
504 500 521 537 ’ἴ
542 512 575 537 ⁷)
632 508 637 511 ⁷

309 539 316 546 -
409 533 430 552 ι-
560 534 664 556 m
776 517 987 556 malum,
1006 520 1052 556 l't

1171 308 1681 372 COMMENTARIA
1723 310 1790 368 IN
1831 310 2094 368 lSAlAM.
2129 340 2201 354 —
2235 308 2392 366 CAP.
2435 307 2526 365 τι.

3394 305 3503 363 126

982 422 1055 483 τὰ
1085 427 1340 497 αἰσθητά,
1366 428 1458 483 τὸν
1485 428 1648 481 αὑτὸν
1675 426 1801 498 τρόο

1926 442 2021 481 nec
2061 425 2283 481 docuit:
2332 443 2351 475 σ
2381 422 2532 477 Beati
2575 420 2781 475 mundo
2832 418 3021 481 corde.
3078 418 3338 489 quoniam
3395 420 3500 491 ipsi

128 744 131 745 ν
195 686 281 775 ﬁt
312 702 388 774 τῃ
426 696 651 775 καρδίᾳ.
686 702 771 757 δτι
804 704 959 757 αὐτοὶ
984 704 1079 757 τὸν
1111 704 1247 759 Θεὸν
1277 705 1521 774 ὖψονται.
1555 725 1572 757 ι

270 812 291 845 ι
310 792 430 846 Καὶ
463 793 708 866 σεραφὶμ
739 796 1090 866 είστήκεισαν
1132 796 1320 869 κύκλῳ
1349 799 1537 861 αὑτοῦ,
1581 799 1641 865 ἒξ
1669 798 1804 853 πτέ-

193 901 365 956 ρυγες
391 884 475 955 τῷ
505 885 609 947 ἑνὶ,
644 887 740 939 καὶ
774 886 834 952 ἒξ
883 888 1155 958 πτέρυγες
1182 888 1262 958 τῷ
1295 891 1394 943 ἑνί.
1422 909 1441 941 ι
1496 888 1805 960 Ἀσώματοί

188 992 340 1041 τινες
374 976 519 1031 θεῖαι
550 979 645 1031 καὶ
689 979 1054 1051 ύπερκόσμιοι
1107 980 1385 1052 δυνάμεις,
1414 982 1482 1045 ἃς
1509 984 1604 1036 καὶ
1633 985 1661 1035 ὁ
1693 984 1803 1035 Δα-

192 1068 314 1140 νιὴλ
360 1069 551 1141 ὲδήλου
595 1072 803 1139 λέγων,
864 1073 1092 1127 «Χίλιαι
1136 1074 1372 1143 χιλιάδες
1424 1074 1802 1145 ἐλειτούργουν

193 1159 367 1231 αὐτῷ,
410 1161 509 1214 καὶ
546 1161 742 1233 μύριαι
788 1162 1047 1235 μυριάδες
1096 1165 1559 1237 παρειστήκεισαν
1593 1166 1803 1237 ἔμπρο-

194 1252 323 1306 σθεν
352 1253 543 1306 αὐτοῦ.
576 1273 595 1305 ι
614 1254 719 1307 Δύο
746 1256 845 1325 μὲν
873 1251 1016 1309 εἷναι
1037 1258 1104 1309 τά
1134 1260 1378 1328 σεραφὶμ
1404 1258 1655 1312 ἐντεῦθεν
1687 1258 1806 1311 ἐνό-

194 1359 369 1416 μισαν
400 1344 583 1398 ἄλλοι·
627 1344 739 1413 ἐγὼ
768 1345 849 1408 δὲ,
896 1348 1203 1418 ἐπιστήσας
1236 1351 1301 1418 τῇ
1338 1349 1549 1420 διανοίᾳ
1579 1348 1678 1419 τῆς
1712 1348 1802 1400 λε-

190 1434 401 1508 γούσης
440 1437 668 1507 Γραφῆς
720 1437 904 1508 κύκλῳ
934 1439 1099 1492 αὐτοῦ
1144 1440 1216 1491 τὰ
1263 1441 1510 1510 σεραφὶμ
1557 1441 1801 1503 ἑστάναι,

191 1528 439 1600 ἠγοῦμαι
491 1528 667 1583 ταῦτα
718 1532 981 1598 στεφάνου
1032 1530 1188 1602 δίκην
1231 1532 1569 1603 πανταχόθεν
1612 1533 1803 1604 ὥσπερ

195 1618 373 1688 μέγαν
421 1618 652 1689 βασιλέα
694 1620 1118 1692 δορυφοροῦντα.
1172 1622 1269 1688 Ἐξ
1310 1622 1365 1675 δὲ
1409 1623 1678 1695 πτέρυγες
1723 1622 1803 1693 τῷ

191 1710 272 1769 ἑνὶ
293 1712 549 1780 λέγονται
571 1712 1038 1782 προσπεφυκέναι,
1053 1713 1133 1782 τῷ
1148 1715 1378 1769 ἕκαστον
1404 1716 1800 1787 κεκοσμῆσθαι,

192 1800 389 1875 ὥσπερ
430 1804 713 1877 πτέρυξιν,
762 1805 1026 1875 ὲμφύτοις
1056 1807 1280 1876 ἀρεταῖς
1315 1808 1409 1860 καὶ
1453 1810 1801 1878 μετεωροπό-

196 1911 333 1968 ροις,
384 1891 476 1959 αἷς
520 1896 851 1967 διιπτάμενα
905 1897 966 1951 δι’
1022 1897 1255 1968 ούρανοῦ
1309 1900 1405 1951 καὶ
1454 1900 1801 1971 αἰθεροςρόροι

194 1986 485 2060 φέρονται,
509 1992 730 2057 νοηταῖς
753 2005 863 2041 τισι
895 1988 1156 2059 χρώμενα
1185 1990 1512 2062 ἐνεργείαις,
1547 1991 1804 2063 πραγμά-

170 584 187 587 _
364 592 383 607 η,
414 576 437 605 ,γ
474 588 493 605 μ’
558 556 984 593 Μηίων-ιδ

956 629 988 665 τ

128 744 131 745 ν
312 702 388 774 τῇ
426 696 651 775 καρδίᾳ,
686 702 771 757 ὅτι
804 704 988 757 αὐτοὶε

1980 790 2149 844 Vens.
2188 788 2243 842 2.
2291 805 2309 837 ι
2344 785 2410 840 Et
2448 782 2724 855 seraphim
2752 782 2972 837 stabant
3009 782 3061 834 in
3098 782 3331 836 circuitu
3359 779 3502 849 ejus,

1909 898 2003 940 sex
2028 884 2127 937 ala.-
2164 882 2284 942 uni.
2316 891 2369 934 et
2395 894 2489 933 sex
2519 877 2619 931 alae
2649 875 2832 930 alteri.
2867 894 2885 926 ι
2915 875 3260 944 incorporea:
3304 889 3505 945 nempe

1910 977 2182 1045 quedam,
2223 973 2425 1027 divina:
2463 979 2517 1025 et
2558 984 2725 1039 supra
2774 967 3035 1022 mundum
3088 968 3283 1037 positae
3322 969 3503 1021 virtu-

1906 1077 2010 1131 tes,
2045 1081 2182 1136 quas
2215 1063 2403 1117 Daniel
2424 1062 2761 1124 declarabat,
2804 1061 2994 1115 dicens
3035 1074 3051 1113 :
3112 1078 3133 1113 ι
3162 1060 3329 1115 Miliia
3374 1059 3504 1114 mil-

1903 1160 2038 1213 lium
2080 1158 2471 1212 ministrabant
2511 1155 2582 1220 ei,
2622 1165 2679 1209 et
2718 1156 2903 1211 decies
2941 1154 3143 1208 millies
3194 1153 3333 1208 dena
3381 1150 3507 1208 mil-

1906 1251 1978 1305 lia
2020 1249 2277 1304 astabant
2317 1248 2369 1302 in
2411 1255 2708 1316 conspectu
2750 1247 2870 1317 ejus
2910 1246 2979 1300 ‘7.
3030 1265 3051 1299 ι
3100 1244 3237 1300 Hinc
3278 1244 3373 1301 alii
3411 1259 3508 1301 ar-

1904 1344 2093 1401 bitrati
2154 1351 2285 1398 sunt
2347 1341 2455 1395 duo
2510 1354 2632 1395 esse
2684 1339 2965 1408 seraphim
3007 1357 3020 1394 :
3064 1353 3167 1408 ego
3193 1338 3507 1393 accuratius

1906 1436 2193 1505 explorata
2236 1431 2542 1500 Scriptura:
2583 1440 2790 1494 mente,
2834 1444 2955 1499 quae
2983 1429 3084 1493 ait,
3128 1428 3407 1498 seraphim
3449 1429 3504 1483 in

1906 1528 2138 1583 circuitu
2179 1526 2296 1594 ejus
2351 1524 2591 1586 stetisse,
2655 1523 2868 1578 astimo
2915 1523 3017 1578 hos
3071 1536 3292 1577 corona:
3332 1522 3507 1577 instar

1907 1635 2029 1674 eum
2066 1618 2308 1687 undique
2347 1632 2445 1671 ceu
2481 1629 2661 1685 regem
2697 1629 2951 1686 magnum
2978 1614 3236 1685 stipasse.
3265 1614 3376 1670 Sex
3409 1630 3509 1669 au-

1909 1723 2017 1767 tem
2072 1712 2173 1766 ala:
2212 1710 2304 1764 uni
2344 1723 2467 1765 esse
2518 1710 2799 1772 dicuntur,
2841 1708 3003 1778 quod-
3042 1709 3241 1778 singuli
3299 1707 3508 1763 innatis

1906 1814 1961 1859 et
1997 1802 2326 1858 sublimibus
2364 1801 2659 1856 virtutibus
2697 1802 2853 1871 quasi
2896 1800 2996 1856 aiis
3034 1811 3345 1856 ornentur:
3386 1803 3511 1872 qui-

1907 1896 2008 1950 bus
2038 1895 2294 1949 volantes
2324 1910 2424 1963 per
2464 1893 2663 1949 caelum
2724 1902 2780 1948 et
2812 1909 2995 1948 aerem
3038 1896 3312 1959 feruntur,
3348 1894 3513 1949 intel-

1908 1986 2099 2057 ligibili
2126 1986 2362 2055 quadam
2422 1986 2618 2057 agendi
2668 1986 2719 2038 vi
2767 1994 3004 2047 utentes.
3049 2001 3156 2055 qua
3208 1986 3367 2041 nobis
3421 2001 3512 2041 res

192 2094 302 2133 των
330 2079 499 2135 τινῶν
539 2081 797 2151 ἀρρήτων
848 2082 979 2154 ήμῖν
1029 2081 1501 2144 ἀποτελεστικαῖς.
1559 2082 1647 2146 Ὠς
1695 2084 1805 2155 γὰρ

1921 2078 2173 2146 quasdam
2206 2092 2441 2132 arcanas
2479 2085 2806 2147 aperantur.
2848 2077 3320 2144 Quemadmodum
3362 2080 3510 2132 enim

195 2171 253 2224 ὲν
281 2170 602 2243 ἀνθρώποις
629 2172 678 2224 oi
713 2172 858 2239 ἅγιοι
880 2169 976 2223 τοῦ
1001 2170 1139 2223 Θεοῦ
1170 2171 1529 2243 χαρισμάτων
1557 2175 1806 2243 μετεῖχον

194 2263 551 2335 κρειττόνων,
583 2262 658 2325 ὠς
686 2262 1051 2333 προφητεύειν
1082 2262 1150 2316 τὰ
1179 2262 1462 2333 μέλλοντα,
1499 2266 1594 2318 καὶ
1618 2265 1809 2328 νόσους

197 2352 407 2420 ιᾶσθαι,
446 2354 545 2406 καὶ
586 2355 815 2424 νεκροὺς
854 2356 1101 2425 ἀνιστᾷν,
1148 2356 1245 2407 καὶ
1292 2354 1572 2422 γλώσσαις
1603 2356 1805 2421 λαλεῖν,

197 2446 397 2520 σοφίας
445 2463 510 2499 τε
582 2447 676 2499 καὶ
728 2445 985 2515 γνώσεως
1044 2448 1329 2517 μετέχειν
1373 2448 1407 2518 ἢ
1462 2449 1557 2501 καὶ
1619 2448 1807 2522 ὥσπερ

194 2536 341 2591 κατὰ
367 2538 431 2589 τὸ
470 2536 634 2608 σῶμα
664 2541 913 2606 φυσικοῖς
951 2538 1330 2608 αἰσθητηρίοις
1370 2539 1694 2611 κεχρήμεθα
1718 2541 1810 2594 τὸν

196 2630 437 2703 ἀριθμὸν
482 2630 667 2694 πέντε,
720 2630 865 2684 οὕτω
909 2648 1010 2683 που
1057 2631 1199 2702 τάχα
1256 2630 1355 2704 τὴν
1407 2632 1518 2685 τῶν
1558 2633 1809 2701 ἀγγέλων

202 2722 367 2792 φύσιν
401 2722 576 2787 εἰκὸς,
607 2721 872 2793 δυνάμεσι
913 2723 1085 2787 θείαις
1114 2724 1223 2777 τισὶ
1256 2725 1349 2777 καί
1377 2741 1540 2777 τινων
1568 2725 1810 2795 παραδό-

196 2814 301 2887 ξων
334 2816 744 2885 ὲνεργητικαῖς,
788 2818 922 2885 ήμῖν
961 2815 1018 2869 δὲ
1084 2815 1413 2885 ἀγνώστοις,
1467 2816 1807 2888 κεχρῆσθαν

197 2908 262 2973 ἃς
303 2908 372 2979 δὴ
405 2908 692 2979 πτέρυγας
736 2910 765 2960 ό
806 2908 964 2977 λόγος
1008 2908 1292 2980 ὠνόμασεν
1319 2926 1332 2938 ·
1380 2910 1504 2962 ἐπεὶ
1544 2910 1640 2962 καὶ
1681 2909 1810 2982 περ)⁸

205 3002 306 3064 τῶν
335 3003 561 3074 ἀνέμων
589 3002 833 3074 εἴρηται·
872 3023 891 3054 ι
929 3003 986 3056 Ὀ
1024 3003 1351 3074 περιπατῶν
1386 3003 1480 3057 ἐπὶ
1507 3004 1805 3075 πτερύγων

202 3095 422 3167 ἀνέμων
443 3113 457 3125 ·
489 3115 508 3147 ι
542 3095 603 3148 οὐ
633 3095 851 3158 πάντως
877 3095 1258 3149 ἐκπιπτόντων
1286 3096 1445 3166 ήμῶν
1486 3099 1581 3151 ἐπὶ
1611 3097 1682 3151 τὰ
1708 3115 1815 3151 σω-

205 3188 420 3260 ματικὰ
446 3189 727 3259 σχήματα,
751 3188 827 3250 ὡς
854 3187 963 3242 τῶν
990 3186 1213 3259 ἀνέμων
1247 3187 1449 3259 ὀρνέων
1487 3190 1643 3260 δίκην
1690 3207 1814 3243 πτε-

203 3279 590 3352 ρυσσομένων.

279 3392 299 3425 ι
327 3374 444 3427 Καὶ
484 3375 605 3435 ταῖς
646 3372 748 3444 μὲν
784 3373 904 3427 δυσὶ
937 3373 1352 3433 κατεκάλυπτον
1389 3373 1451 3425 τὸ
1492 3372 1808 3443 πρόσωπον,

206 3466 301 3520 καὶ
349 3468 475 3529 ταῖς
512 3437 659 3518 δυσὶ.
686 3464 1097 3518 κατεκάλυπτον
1140 3467 1265 3528 τοὺς
1318 3464 1508 3528 πόδας,
1540 3437 1651 3517 ’καὶ
1690 3465 1809 3527 ταῖς
1837 3437 1883 3495 c

205 3560 359 3617 δυσὶν
405 3557 693 3613 ὲπέταντο.
721 3577 739 3608 ι
790 3558 864 3612 Τὸ
919 3558 1213 3629 πρόσωπον
1258 3556 1439 3611 τοίνυν
1484 3556 1812 3621 ἐκάλυπτον,

206 3654 268 3707 οὐ
316 3651 381 3704 τὸ
426 3651 524 3704 τού
571 3652 802 3721 Κυρίου,
834 3651 911 3715 ὡς
940 3652 1008 3704 ἂν
1036 3651 1245 3723 οἰηθείη
1279 3669 1386 3715 τις,
1413 3651 1549 3708 ἀλλὰ
1587 3652 1649 3704 τὸ
1689 3652 1817 3704 ἐαυ-

207 3742 352 3801 τῶνο
396 3741 475 3805 ὼς
516 3741 591 3812 μὴ
622 3741 826 3812 τολμᾷν
869 3740 1059 3804 ἀτενὲς
1098 3742 1311 3812 ἀφορᾷν
1356 3742 1436 3804 είς
1475 3742 1536 3794 τὸ
1576 3740 1816 3811 θεωρού-

210 3853 397 3906 μενον.
458 3835 591 3887 (Διὸ
639 3833 816 3896 οὐδεὶς
860 3833 1003 3901 ἔγνω
1040 3834 1133 3886 τὸν
1174 3834 1325 3897 Υἱὸν,
1363 3835 1412 3886 εί
1459 3833 1534 3905 μὴ
1586 3834 1747 3905 μόνος
1787 3836 1817 3887 ό

210 3928 487 3997 γεννήσας
537 3925 700 3978 αὑτὸν
754 3926 962 3997 Πατήρ.
997 3944 1015 3976 ι
1073 3925 1412 3981 Ἑκάλυπτον
1464 3926 1521 3979 δὲ
1564 3928 1817 3991 καὶτοὺς

209 4020 404 4082 πόδας,
451 4012 522 4071 τά
564 4018 772 4087 ἔσχατα
823 4017 923 4087 τῆς
966 4018 1175 4080 οἰκείας
1227 4019 1454 4089 πορείας
1499 4021 1593 4074 καὶ
1637 4019 1713 4084 ὡς
1750 4020 1818 4074 ἂν

209 4115 358 4168 εἴποι
384 4130 494 4175 τις,
520 4109 589 4162 τὰ
618 4109 841 4179 βήματα
886 4108 981 4166 τοῦ
1017 4110 1134 4179 βίου
1170 4094 1267 4173 τὰς
1298 4110 1524 4181 πράξεις
1566 4113 1821 4165 ἐπισκιά-

210 4204 399 4270 ζοντα,
453 4204 529 4273 μὴ
578 4201 917 4265 ἀκαλύπτοις
961 4203 1091 4255 ποσὶ
1147 4201 1229 4272 τῷ
1279 4202 1487 4257 ἑαυτῶν
1534 4206 1822 4275 παραστή-

212 4314 362 4351 κοιεν
398 4294 631 4365 βασιλεῖ.

292 4409 312 4441 ι
339 4389 457 4443 Καὶ
476 4388 783 4458 ὲκέκραγον
802 4388 989 4458 ἕτερος
1018 4386 1154 4460 πρὸς
1175 4387 1382 4461 ἓτερον,
1410 4387 1620 4457 Ἄγιος,
1642 4389 1819 4458 ἅγιος,

213 4482 372 4550 ἆγιος
424 4478 633 4550 Κύριος
686 4479 913 4532 Σαδαώθ
942 4497 955 4509 ·
1014 4480 1226 4552 πλήρης
1285 4482 1434 4534 πᾶσα
1492 4483 1525 4552 ή
1580 4481 1654 4551 γῆ
1720 4485 1820 4553 τῆς

214 4573 375 4641 δόξης
427 4568 616 4624 αὐτοῦ.
642 4590 661 4622 ι
701 4568 783 4623 Οὐ
829 4571 957 4641 μίαν
978 4572 1088 4643 γὰρ
1112 4572 1344 4641 ἠφίεσαν
1376 4572 1579 4643 φωνὴν,
1608 4572 1729 4628 οὐδὲ
1756 4576 1821 4628 ά-

215 4665 394 4739 θρόως
421 4662 559 4732 ὁμοῦ
584 4664 763 4717 πάντα
785 4666 939 4734 κοινῇ
965 4663 1169 4734 ταύτην
1196 4665 1532 4735 ἀνέπεμπον,
1563 4665 1679 4719 ἀλλ’
1704 4666 1823 4720 ἓτε-

217 4776 311 4830 ρον
352 4752 497 4827 πρὸς
535 4756 598 4807 τὸ
636 4755 822 4823 ἕτερον
866 4758 1128 4825 ἐμφαῖνον
1160 4757 1221 4809 τὸ
1264 4757 1457 4810 ἑαυτοῦ
1488 4758 1695 4829 θαῦμα,
1726 4762 1821 4813 καὶ

222 4850 316 4920 τὴν
364 4847 633 4916 ἔκπληξιν
675 4846 774 4918 τὴν
814 4848 907 4900 ἐπὶ
949 4848 1027 4919 τῷ
1076 4849 1469 4921 θεωρουμένῳ·
1521 4850 1721 4921 μᾶλλον
1764 4852 1821 4905 δὲ

222 4940 702 5011 ύπερεξέπληττεν
728 4940 869 4994 αὐτὰ
895 4942 928 5011 ὴ
962 4940 1069 4994 ἀπὸ
1097 4942 1205 4995 τῶν
1241 4942 1592 5014 ὑψηλοτάτων
1618 4945 1711 4997 ἐπὶ
1754 4944 1822 4997 τὰ

219 5032 459 5087 ταπεινὰ
497 5031 796 5095 κατάϐασις
831 5032 925 5086 τοῦ
957 5033 1091 5087 Θεοῦ
1126 5034 1320 5103 Λόγου.
1366 5036 1699 5107 Ἐκέκραγον
1728 5034 1824 5091 οὖν

218 5126 319 5195 οὐχ
360 5121 515 5186 ἅπαξ
547 5125 638 5175 τὸν
678 5126 951 5195 ἁγιασμὸν
990 5126 1178 5185 αὑτοῦ,
1210 5127 1345 5181 ἀλλὰ
1381 5130 1476 5181 καλ¹
1519 5130 1781 5193 πολλάκις
1808 5147 1821 5162 ·

224 5217 437 5285 μᾶλλον
473 5214 530 5265 δὲ
568 5216 647 5277 εἰς
690 5216 1065 5288 ἀναρίθμητον
1104 5218 1197 5271 καὶ
1228 5221 1306 5282 είς
1338 5221 1587 5293 ἄπειρον,
1620 5225 1716 5276 καὶ
1748 5226 1829 5288 είς

222 5310 311 5365 ἀεὶ
358 5306 945 5378 ύπερεκπληττόμενα.
973 5310 1285 5381 Προγνώσει
1330 5314 1510 5367 τοίνυν
1550 5314 1645 5367 τοῦ
1696 5317 1827 5386 μέλ-

222 5400 408 5463 λοντος
474 5397 928 5468 ύπερεθαύμαζον
970 5400 1039 5453 τὰ
1092 5404 1354 5472 σεραφὶμ,
1400 5405 1514 5476 ὃδὴ
1564 5408 1658 5459 καὶ
1706 5409 1829 5461 ἁκο-

224 5492 432 5555 λούθως
460 5494 577 5554 τοῖς
616 5488 981 5561 θεσπίσμασιν
1002 5494 1253 5556 ἐτελεῖτο,
1296 5498 1432 5565 μετὰ
1462 5498 1558 5563 τὴν
1598 5502 1678 5562 εις
1720 5500 1817 5553 ἁν-

227 5584 485 5656 θρώπους
526 5584 621 5637 τοῦ
659 5584 910 5655 Σωτῆρος
950 5587 1104 5656 ἡμῶν
1134 5588 1459 5657 παρουσίαν.
1494 5590 1583 5654 Ἐξ
1612 5591 1820 5643 ἐκείνου

300 5762 346 5796 θ’
375 5762 573 5837 unm.
624 5780 672 5829 ν,
706 5761 754 5811 s.

840 5766 875 5795 λ’
910 5766 1044 5823 Fin.
1082 5783 1177 5837 vn,
1221 5770 1301 5823 l0.
1384 5770 1425 5799 “
1465 5769 1605 5827 l‘saI.
1646 5784 1761 5837 cm,
1793 5774 1845 5828 3.

1912 2167 2057 2221 inter
2083 2168 2354 2232 homines,
2390 2168 2572 2222 sancti
2626 2168 2742 2234 Dei,
2784 2168 3180 2224 charismatum
3217 2169 3510 2225 meliorum

1910 2260 2211 2328 participes
2249 2268 2434 2322 erant,
2458 2258 2534 2312 ita
2571 2268 2629 2312 ut
2660 2258 2847 2313 futura
2878 2262 3337 2326 prmnuntiarent,
3369 2276 3513 2315 mor-

1912 2351 2013 2403 bos
2050 2357 2335 2413 curarent,
2378 2359 2627 2404 mortuos
2668 2350 3029 2416 suscitarent,
3092 2351 3373 2420 variisque
3406 2351 3513 2406 lin-

1914 2444 2035 2511 guis
2064 2441 2442 2510 loquerentur,
2477 2443 2749 2512 sapientia
2785 2452 2840 2498 et
2871 2442 3105 2519 scientia
3135 2442 3394 2498 in‘structi
3431 2458 3515 2499 es-

1911 2544 2070 2601 sent;
2115 2543 2211 2588 aut
2239 2534 2705 2604 quemadmodum
2742 2535 3046 2590 secundum
3073 2550 3299 2605 corpus,
3353 2543 3515 2590 natu-

1912 2626 2117 2681 ralibus
2164 2626 2424 2682 sensibus
2480 2626 2689 2680 utimur
2738 2641 2967 2682 numero
3005 2628 3288 2697 quinque;
3348 2628 3421 2683 ita
3458 2637 3515 2684 et

1913 2720 2234 2790 angelorum
2275 2729 2531 2775 naturam
2582 2720 2790 2775 divinis
2828 2721 3185 2789 quibusdam.
3228 2737 3293 2777 ac
3334 2724 3507 2777 mira-

1912 2810 2103 2864 bilinm
2174 2809 2546 2866 effectricibus
2612 2811 2913 2866 virtutibus
2984 2812 3296 2881 ignotisque
3354 2814 3515 2869 nobis

1911 2902 1989 2955 uti
2032 2900 2330 2957 verisimile
2366 2909 2473 2967 est,
2505 2916 2644 2973 quas
2676 2901 2889 2956 scilicet
2927 2900 3042 2957 alas
3084 2901 3370 2974 Scriptura
3420 2918 3518 2958 vo—

1946 3003 2023 3048 at.
2070 2993 2519 3063 Quandoquidem
2555 2994 2624 3049 de
2659 2996 2838 3048 ventis
2902 2996 3067 3048 etiam
3137 2995 3339 3050 dictum
3410 3005 3516 3060 est,

1918 3102 1936 3135 ι
1967 3083 2070 3150 Qui
2112 3082 2355 3141 ambulat
2407 3097 2573 3153 super
2620 3096 2828 3151 pennas
2877 3092 3167 3137 ventorum
3210 3083 3292 3149 δες
3342 3101 3361 3134 ι
3425 3084 3517 3137 ubi

1914 3191 2013 3231 nos
2054 3190 2162 3230 nou
2219 3174 2286 3228 ad
2327 3186 2624 3244 corporeas
2678 3174 2881 3243 liguras
2944 3173 3312 3237 decurrimus,
3361 3175 3518 3242 quasi

1912 3268 2123 3323 scilicet
2159 3267 2334 3330 venti,
2360 3267 2535 3320 instar
2558 3266 2762 3328 avium,
2802 3264 2999 3334 pennis
3039 3264 3294 3319 instructi
3350 3265 3480 3318 sint.

1991 3377 2010 3410 ι
2065 3360 2131 3413 Ει
2170 3359 2381 3414 duabus
2428 3358 2649 3428 quidem
2717 3359 2976 3429 tegebant
3026 3358 3245 3425 faciem,
3310 3359 3521 3413 duabus

1917 3459 2098 3504 autem
2127 3446 2380 3503 velabant
2420 3447 2610 3517 pedes,
2669 3456 2729 3501 et
2781 3447 2995 3503 duabus
3034 3448 3312 3503 volabant.
3341 3466 3361 3501 ι
3407 3448 3520 3503 Fa—

1919 3542 2058 3595 ciem
2084 3542 2270 3609 itaque
2308 3539 2588 3602 velabant,
2616 3554 2721 3594 non
2766 3538 3003 3600 Domini,
3046 3550 3107 3594 ut
3156 3540 3280 3608 quis
3323 3548 3517 3611 putet,

1918 3632 2015 3687 sed
2055 3647 2247 3687 suam:
2288 3632 2436 3701 quod
2478 3647 2584 3686 non
2622 3632 2889 3685 auderent
2917 3630 3190 3701 objectam
3230 3647 3345 3685 rem
3388 3632 3524 3685 deii-

1918 3725 2005 3779 xis
2054 3725 2229 3780 oculis
2300 3725 2522 3779 intueri.
2593 3724 2822 3792 «Quare
2878 3739 3042 3780 nemo
3106 3725 3257 3779 novit
3297 3724 3520 3791 Filium,

1919 3816 2029 3871 nisi
2070 3818 2159 3886 qui
2202 3817 2389 3887 genuit
2427 3816 2603 3886 ipsum
2636 3817 2818 3871 Pater.
2846 3834 2866 3869 ι
2912 3816 3084 3871 Pedes
3124 3831 3343 3887 quoque
3381 3816 3522 3870 vela-

1918 3907 2083 3973 bant,
2130 3909 2337 3963 scilicet
2404 3917 2653 3963 extrema
2712 3908 3117 3978 progressionis
3173 3923 3310 3973 sum,
3358 3917 3413 3964 et
3461 3920 3525 3963 ut

1920 3999 2189 4070 quispiam
2232 3998 2451 4063 dixerit,
2490 3998 2616 4053 vita:
2642 4015 2888 4070 gressus,
2947 4014 3062 4069 quo
3101 4000 3348 4056 actiones
3389 4014 3523 4054 suas

1920 4090 2326 4154 inumbrarent,
2361 4099 2421 4143 ut
2454 4104 2521 4144 ne
2563 4092 2724 4145 nudis
2766 4090 2994 4160 pedibus
3055 4091 3170 4161 regi
3228 4104 3328 4145 suo
3375 4099 3523 4145 asta-

1924 4192 2068 4238 rent.

1999 4393 2167 4447 Vens.
2214 4392 2267 4445 3.
2346 4409 2367 4443 ι
2414 4391 2481 4445 Et
2542 4390 2861 4446 clamabant
2925 4391 3066 4446 alter
3135 4393 3202 4447 ad
3261 4392 3522 4459 alterum,

1925 4486 2177 4545 Sanctus.
2211 4493 2456 4548 sanctus,
2484 4494 2707 4539 sanctus
2751 4484 3014 4541 Dominus
3044 4484 3322 4542 Sabaoth:
3368 4487 3527 4557 plena

1924 4588 2010 4633 est
2057 4579 2235 4632 omnis
2288 4588 2431 4631 terra
2478 4578 2649 4648 gloria
2688 4576 2825 4646 ejus.
2860 4597 2879 4629 ι
2921 4578 3038 4634 Νοη
3101 4595 3265 4634 unam
3325 4582 3526 4650 quippe

1923 4667 2247 4720 emittebant
2284 4679 2495 4731 vocem,
2526 4682 2700 4737 neque
2732 4683 2924 4723 omnes
2952 4669 3114 4723 simul
3168 4671 3310 4725 hanc
3340 4671 3526 4740 profe-

1854 4792 1900 4847 υ
1932 4760 2145 4825 rebant,
2170 4760 2264 4813 sed
2297 4758 2436 4811 alter
2477 4760 2544 4813 ad
2575 4759 2833 4827 alterum,
2896 4761 3323 4818 admirationem
3369 4778 3525 4817 suam

1931 4850 2280 4914 exhibentes,
2329 4865 2537 4905 necnon
2611 4860 2888 4921 stuporem
2942 4868 3010 4907 ex
3073 4854 3162 4909 tali
3215 4854 3527 4925 spectaculo

1932 4954 2258 5012 conceptum
2288 4962 2302 5011 ;
2340 4946 2446 4997 imo
2475 4945 2660 5014 potius
2700 4946 3164 5016 obstupescebant
3192 4948 3263 5004 ob
3299 4948 3528 5003 descen-

1931 5054 2051 5095 sum
2086 5038 2179 5093 Dei
2214 5040 2381 5094 Verbi
2421 5057 2486 5094 ex
2514 5040 2835 5094 celsissimis
2872 5040 2939 5094 ad
2985 5042 3231 5098 humilia.
3281 5041 3397 5097 Non
3440 5058 3530 5097 se-

1935 5128 2041 5183 mel
2075 5129 2280 5197 itaque,
2337 5145 2513 5198 neque
2552 5130 2753 5197 saepius
2789 5141 2997 5188 tantum
3038 5133 3527 5189 sanctiﬁcationem

1930 5222 2048 5291 ejus
2082 5222 2429 5287 clamabant;
2453 5225 2548 5277 sed
2582 5226 2633 5277 in
2678 5226 2952 5281 inﬁnitum
2985 5239 3197 5298 tempus
3225 5242 3292 5281 ac
3312 5242 3530 5297 semper

1933 5326 2161 5386 stupore
2220 5316 2459 5385 perculsi
2528 5320 3014 5389 vociferabantur;
3054 5338 3119 5377 ex
3173 5321 3340 5375 futuri
3398 5335 3530 5391 ergo

1934 5406 2280 5475 praescientia
2317 5410 2595 5478 seraphim
2636 5426 2983 5484 summopere
3012 5412 3526 5474 mirabanturillud.

1932 5499 2075 5567 quod
2136 5502 2375 5566 scilicet,
2414 5514 2817 5573 consequenter
2856 5509 2923 5561 ad
2946 5507 3226 5572 vaticinia,
3272 5516 3394 5574 post
3432 5506 3529 5557 ad-

1939 5604 2161 5651 ventum
2195 5595 2499 5653 Salvatoris
2534 5600 2705 5654 nostri
2756 5601 2823 5655 ad
2876 5600 3151 5663 homines,
3196 5597 3527 5666 completum
