4014 6384
518 353 631 413 {27
1226 341 1315 401 EU
1325 338 1500 398 SEBII
1531 330 2016 396 CESARIENSIS
2048 326 2115 387 Ol

2242 323 2425 384 PARS
2457 322 2550 381 Ill.
2586 352 2661 368 —
2693 308 3105 378 EXEGE'I‘ICA.
3679 317 3789 377 ηε

520 486 631 531 est.
667 470 801 526 llinc
830 467 974 524 enim
1004 478 1197 521 revera
1230 464 1285 517 in
1316 460 1559 517 omnium
1587 457 1825 529 gentium
1848 453 2095 511 notitiam

2225 448 2308 520 τιρ
2349 446 2427 511 ὡς
2462 441 2680 543 ante
2722 438 3171 543 «sema
3200 436 3551 543 ,τοτίεοκςη
3578 438 3787 543 "if?

526 565 711 628 venit,”
739 570 799 618 et
844 561 900 615 in
954 571 1174 615 omnem
1217 563 1441 619 terram,
1487 527 2095 618 non—modocognitio,

2225 542 2383 594 τασαν
2410 535 2688 628 eam
2725 532 2825 628 av
2869 532 2996 628 γῆξ
3028 531 3098 628 9°
3147 531 3308 628 μάγον
3330 530 3367 603 ἡ
3386 529 3612 601 rem
3649 527 3791 585 ἀλλά

635 617 796 708 etiam
814 649 980 721 gloria
1000 643 1278 713 theologia
1309 617 1483 711 ipsum
1518 638 1815 709 spectantis
1837 617 2095 709 pervasit.

2225 631 2299 685 ιαὶ
2326 631 2361 702 ἠ
2386 623 2518 694 δόξσῖ
2538 626 2639 697 τῆς
2668 625 2799 698 περὶ
2818 617 2998 721 aurei

897 758 919 792 ι
946 739 1012 794 Ει
1048 705 1430 792 ευυίςῖιυωέει
1456 705 1870 800 superliminare
1891 743 1921 783 a
1944 742 2099 792 voce,

2276 741 2297 775 ι
2326 721 2436 775 Kal
2475 716 2687 791 ιπήρθη
2727 714 3034 788 ὑπέρθυρον
3069 713 3181 770 ἀπὸ
3207 714 3307 786 τῆς
3334 710 3537 785 φωνῆς,
3568 705 3637 785 ἧς
3665 707 3794 766 ἐκέ·

530 851 639 907 σμιι
667 835 975 891 clamabant
1005 847 1019 885 :
1052 838 1108 883 et
1145 826 1340 882 domus
1381 828 1582 893 repleta
1624 831 1707 878 est
1745 822 1912 876 tumo.
1940 836 1961 872 ι
2001 816 2102 874 llis

2225 829 2430 887 ιραγον,
2461 812 2573 867 καί
2597 811 2629 864 6
2670 804 2821 873 οἶκος
2867 806 3111 903 δπλήσθη
3146 804 3380 861 καπνοῦ.
3412 823 3433 858 s
3481 803 3794 860 Δίνίττεται

531 895 903 979 subindicatur
932 917 1048 973 fore
1076 925 1156 982 ut,
1189 923 1304 969 toto
1335 914 1473 969 orbe
1525 912 1696 984 gloria
1727 909 1844 981 ejus
1872 907 2099 979 repleto,

2225 906 2381 960 τοίνυν
2426 906 2457 958 6
2502 902 2681 972 λόγος,
2726 900 2803 969 ὡς
2840 895 2971 973 ἀρα,
3003 898 3387 972 πληρουμένης
3425 895 3529 969 τῆς
3554 896 3796 984 τῆστῆς

533 1010 867 1067 revelaretur
914 1009 960 1062 is
1000 1005 1092 1075 qui
1119 1006 1185 1060 eu
1233 1005 1289 1058 in
1326 1003 1445 1059 loco
1472 982 1690 1066 stabat,
1726 1001 1799 1055 ita
1847 1008 1929 1066 ut,
1971 999 2103 1055 sob-

2225 993 2363 1067 ῖόξης
2389 988 2576 1057 αὐτοῦ,
2606 988 2944 1063 γυμνοῦσθαι
2979 988 3207 1061 ἔμελλεν
3229 987 3260 1040 6
3286 988 3347 1041 tv
3377 985 3568 1058 titein
3598 982 3681 1058 τῷ
3704 984 3798 1038 τό·

533 1101 647 1157 lato
686 1097 1086 1168 superliminari
1112 1134 1129 1161 ,
1165 1092 1558 1164 comprehendi
1604 1100 1790 1164 posset
1832 1108 1847 1146 :
1895 1092 2104 1146 iocam-

2225 1103 2316 1157 τῳ,
2347 1085 2425 1149 ὡς
2452 1084 2548 1139 καὶ
2568 1082 2665 1137 τοῦ
2709 1080 3019 1157 ὑπερθύρου
3059 1078 3342 1154 ἀρθέντος,
3372 1076 3797 1150 καταληφθήσε-

532 1207 641 1262 que
683 1191 837 1245 fumo
882 1188 1197 1257 replendum
1254 1199 1409 1250 esse,
1470 1185 1581 1256 igni
1641 1184 1898 1239 traditum
1934 1202 1947 1237 :
1977 1196 2102 1236 nam

2225 1176 2356 1242 τθαι,
2406 1173 2613 1230 καπνοῦ
2663 1190 2725 1228 τε
2772 1172 2989 1246 πλήρης
3018 1170 3237 1226 ισεσθαι
3266 1168 3593 1262 παραδοθεὶς

533 1284 715 1339 [uiuus
745 1282 885 1351 ignis
912 1283 1128 1351 signum
1168 1287 1273 1333 est.
1317 1278 1412 1334 llis
1438 1292 1569 1348 ergo
1600 1276 1882 1346 Scriptura
1917 1278 2105 1329 Incen-

468 1437 475 1446 _
523 1376 685 1432 dium
739 1374 860 1431 loco
899 1373 1027 1429 huic
1059 1380 1378 1427 eventurum
1410 1370 1652 1425 obscure
1709 1368 1911 1423 indicat
1946 1384 1961 1420 :
1996 1380 2106 1436 quo

533 1478 779 1539 peracto,
805 1466 1008 1535 repleta
1038 1473 1123 1520 est
1152 1464 1415 1529 universa
1460 1470 1602 1515 terra
1628 1458 1797 1528 gloria
1839 1450 2050 1513 Domini
2086 1475 2100 1511 :

536 1572 646 1621 non
698 1573 804 1611 uua
857 1557 1019 1611 domo
1069 1562 1129 1609 ut
1177 1563 1358 1617 antea,
1424 1550 1519 1606 sed
1575 1549 1879 1604 innumeris
1936 1547 2106 1603 multo

536 1649 1007 1720 prrstantioribus
1033 1661 1133 1716 per
1172 1645 1481 1701 universam
1515 1650 1719 1697 terram
1750 1639 2023 1695 excitatis.

609 1741 776 1796 Vens.
816 1740 869 1796 5.
902 1758 923 1791 ι
948 1739 1013 1794 Ει
1038 1739 1173 1805 dixi,
1201 1735 1248 1793 ο
1266 1737 1431 1791 miser
1445 1748 1566 1805 ego,
1589 1732 1720 1803 quia
1747 1738 2108 1800 compunctus

2206 1268 2381 1338 πυρὸς
2410 1266 2521 1341 γὰρ
2571 1268 2797 1339 σημεῖον
2836 1267 2866 1320 6
2917 1264 3144 1328 καπνός.
3193 1262 3441 1337 ᾘνίξατο
3476 1260 3659 1317 τοίνυν
3704 1258 3802 1317 διὰ

2205 1362 2468 1417 τούτωνκὸ
2499 1360 2677 1430 λόγος,
2712 1359 2806 1413 τὸν
2834 1358 2928 1412 ἀπὶ
2956 1356 3104 1411 τέλει
3126 1354 3491 1426 κατειληφότα
3512 1352 3604 1411 τὸν
3628 1352 3801 1407 τόπον

2208 1453 2559 1528 έμπρησμόν·
2587 1451 2707 1523 μεθ’
2729 1451 2790 1506 ὃν
2814 1448 3108 1523 ἐπληρώθη
3146 1449 3299 1503 πᾶσα
3330 1448 3365 1520 ἡ
3402 1444 3475 1518 ﬁt
3503 1442 3801 1516 τῆς·86ξης

2208 1544 2436 1617 Κυρίου·
2470 1544 2571 1597 οὐκ
2593 1542 2673 1596 ἔτι
2706 1542 2825 1605 ἑνὸς
2854 1541 3028 1606 οῐκου,
3059 1537 3269 1613 μυρίων
3296 1534 3359 1594 δξ
3386 1535 3508 1590 καθ’
3534 1536 3669 1608 ὃλην
3694 1533 3804 1608 τὴν

2209 1635 2534 1708 οἰκουμένην
2563 1633 2698 1688 πολὺ
2732 1631 3055 1706 κρειττόνων
3082 1629 3291 1686 ἐκείνου
3321 1628 3654 1683 συστάντων.

2286 1744 2305 1777 ι
2338 1724 2451 1779 Kal
2493 1721 2641 1779 εἶπα·
2685 1718 2757 1776 *Ω
2782 1722 2951 1787 τάλας
2978 1720 3110 1791 ἐγὼ,
3140 1721 3223 1775 ὅτι
3253 1718 3684 1789 κατανένυγμαι,
3714 1715 3804 1771 ὅτι

537 1848 661 1903 sum
689 1849 704 1887 :
727 1831 851 1901 quia
871 1832 1036 1886 homo
1056 1798 1181 1885 cum
1210 1828 1341 1892 sim,
1368 1836 1425 1883 et
1447 1798 1656 1895 impura
1686 1821 1829 1878 labia
1855 1798 2107 1887 habeam,

2225 1815 2499 1888 ῑνθρωτιος
2538 1814 2614 1868 ὣν
2646 1814 2742 1870 καὶ
2779 1812 3069 1884 ἀκάθαρτα
3088 1812 3159 1866 τά
3186 1811 3339 1885 χείλη
3365 1808 3525 1881 ἔχων,
3551 1812 3611 1865 ιν
3646 1808 3805 1881 μέσῳ

539 1932 597 1985 in
622 1930 801 1984 medio
824 1925 1008 1997 populi
1032 1927 1248 1994 impura
1285 1921 1425 1977 labia
1456 1916 1711 1974 habentis
1743 1931 1845 1987 ego
1881 1914 2063 1969 habito
2090 1930 2105 1967 :

537 2031 597 2076 et
625 2034 804 2090 regem
838 2017 1122 2072 Dominum
1162 2012 1401 2069 Sabaoth
1427 2009 1536 2065 vidi
1568 2008 1743 2064 oculis
1786 2008 1942 2067 meis.
1973 2024 1993 2056 ι
2039 2006 2111 2061 Se

539 2122 723 2168 autem
752 2111 1021 2180 impurum
1057 2120 1178 2161 esse
1207 2104 1519 2167 conﬁtetur,
1551 2115 1659 2156 non
1692 2100 1875 2154 anima
1899 2139 1915 2164 ,
1939 2113 2113 2167 neque

543 2212 657 2259 toto
704 2214 974 2271 corpore,
1026 2199 1288 2268 quoniam
1344 2192 1550 2248 nullius
1604 2191 1831 2260 impura:
1884 2188 2113 2243 actionis

540 2295 645 2351 sibi
671 2293 923 2350 conscius
961 2300 1111 2356 erat;
1150 2289 1246 2346 sed
1277 2288 1395 2346 sola
1434 2284 1539 2343 sibi
1570 2283 1711 2340 labia
1746 2286 1958 2354 impura
1992 2294 2113 2334 esse

544 2383 657 2449 ait,
686 2382 843 2452 quasi
874 2381 1127 2437 videlicet
1156 2379 1422 2449 reliquum
1450 2391 1656 2447 corpus
1679 2387 1734 2431 et
1762 2375 1945 2429 anima
1976 2385 2110 2440 pura

542 2472 731 2539 fuerit,
765 2471 1070 2527 secundum
1098 2469 1252 2535 illud,
1298 2485 1317 2519 ι
1344 2467 1494 2522 Beati
1529 2465 1730 2521 mundo
1748 2465 1933 2529 corde,
1974 2475 2113 2532 quo-

545 2564 695 2617 niam
752 2562 856 2633 ipsi
908 2560 1076 2617 Deum
1134 2560 1393 2613 videbunt
1439 2557 1505 2611 ".
1539 2573 1560 2610 s
1615 2555 1786 2611 Labia
1814 2569 1946 2611 vero
2002 2567 2113 2608 non

546 2653 767 2708 aliunde
816 2653 1025 2721 impura
1076 2648 1330 2714 habebat,
1381 2660 1551 2719 quam
1596 2663 1628 2703 a
1665 2646 1941 2717 colloquio
1987 2658 2113 2700 cum

546 2744 776 2815 impuris
822 2742 1132 2798 hominibus
1177 2741 1332 2797 inito.
1381 2738 1514 2793 Nam
1556 2739 1685 2809 quia
1709 2754 1833 2794 cum
1886 2736 2116 2807 impuris

542 2835 678 2889 viris
721 2834 1062 2899 versabatur,
1114 2848 1300 2888 eorum
1359 2831 1710 2901 improbitate
1759 2829 1924 2899 digna
1950 2827 2115 2884 verba

545 2926 798 2997 proferre
821 2933 1069 2985 coactus,
1110 2923 1235 2979 inde
1265 2924 1425 2979 labiis
1454 2922 1702 2992 impurus
1726 2928 1867 2977 erat.

622 3012 784 3068 Vens.
824 3014 878 3079 6,
920 3012 973 3067 7.
1000 3032 1017 3064 ι
1044 3012 1107 3066 Et
1136 3014 1335 3069 missus
1366 3022 1451 3067 est
1482 3012 1549 3067 ad
1576 3026 1665 3069 me
1702 3026 1843 3067 unus
1866 3012 1933 3067 de
1962 3026 2117 3067 scra-

2210 1908 2342 1962 λαοῦ
2375 1906 2662 1979 ἀκάθαρτα
2694 1904 2853 1978 χείλη
2890 1904 3103 1975 ἔχοντος
3130 1902 3242 1972 ἐγὼ
3268 1901 3424 1956 οίκῶ·
3458 1900 3555 1956 καὶ
3581 1899 3677 1954 τὸν
3705 1899 3805 1971 βα-

2211 2001 2369 2057 σιλέα
2415 2001 2621 2075 Κύριον
2670 1998 2897 2056 Σαϐαὼθ
2948 1993 3085 2051 εἶδον
3111 1997 3225 2061 τοῖς
3257 1994 3560 2067 ὀφθαλμοῖς
3606 2011 3730 2067 μου.
3777 2012 3802 2047 s

2223 2095 2509 2167 Ὁμολογεῖ
2553 2093 2612 2147 δὲ
2652 2091 2965 2164 ἀκάθαρτος
3009 2085 3149 2143 εἶναι
3196 2087 3258 2147 οὐ
3298 2086 3395 2159 τὴν
3435 2086 3637 2159 ψυχὴν,
3684 2084 3807 2155 ἀλλ’

2210 2187 2333 2241 οὐδὲ
2361 2186 2423 2239 τὸ
2455 2185 2633 2256 σῶμα·
2669 2184 2793 2238 επεὶ
2816 2182 3087 2257 μηδεμίαν
3118 2178 3297 2251 ἑαυτῷ
3319 2178 3632 2253 ἀκάθαρτον
3661 2178 3808 2251 πρᾶ-

2214 2275 2298 2343 ξιν
2331 2275 2567 2348 συνῄδει·
2605 2274 2743 2347 μόνα
2778 2274 2837 2328 δὲ
2882 2272 2951 2327 τὰ
2986 2272 3141 2344 χείλη
3191 2271 3477 2344 ἀκάθαρτα
3508 2268 3808 2343 ἐσχηκέναι

2212 2370 2380 2443 φησὶ,
2420 2369 2499 2435 ὡς
2557 2368 2653 2424 τοῦ
2700 2367 2890 2422 λοιποῦ
2926 2367 3180 2441 σώματος
3217 2367 3369 2439 αύτῷ
3405 2366 3809 2438 καθαρεύοντος

2213 2465 2308 2519 καὶ
2355 2463 2456 2535 τῆς
2499 2461 2698 2533 ψυχῆς,
2741 2461 2885 2516 κατά
2915 2462 3007 2527 τὸ,
3038 2481 3057 2514 ι
3082 2462 3366 2535 ’Μακάριοι
3393 2462 3445 2514 οἱ
3476 2459 3709 2531 καθαροὶ
3733 2460 3808 2533 τῇ

2213 2556 2432 2628 καρδίᾳ,
2466 2556 2548 2608 ὅτι
2598 2554 2755 2608 αὐ·ιοῖ⁵
2782 2553 2875 2608 τδν
2917 2554 3051 2609 Θεὸν
3096 2554 3317 2623 θψονται
3350 2552 3466 2625 (12)
3524 2571 3542 2606 t
3572 2553 3684 2607 Kal
3735 2551 3809 2607 τά

2213 2645 2366 2716 χείλη
2388 2645 2446 2699 δὲ
2471 2642 2757 2716 ἀκάθαρτα
2779 2640 2925 2714 εἶχεν
2946 2644 3047 2697 οὐκ
3076 2643 3316 2709 ἄλλοθεν,
3347 2644 3382 2716 ἢ
3409 2644 3520 2699 ἀπὸ
3539 2642 3643 2714 τῆς
3666 2641 3810 2723 πρὸς

2213 2740 2341 2802 τοὺς
2366 2736 2710 2807 ἀκαθάρτους
2734 2736 2968 2810 ὁμιλίας.
2988 2728 3353 2806 Ἦναγκάζετο
3378 2736 3507 2808 γάρ,
3532 2735 3609 2800 ὡς
3635 2734 3811 2801 είκδς,

2215 2830 2545 2902 ἀκαθάρτοις
2589 2831 2817 2903 ἀνδράσι
2854 2828 3224 2902 προσομιλῶν,
3259 2827 3387 2894 ἀξια
3435 2828 3537 2900 τῆς
3580 2827 3812 2882 ἐκείνων

2132 2954 2139 2955 ί
2218 2922 2552 2994 φθέγγεσθαι
2580 2921 2902 2994 μοχθηρίας,
2935 2921 3003 2975 δι’
3033 2914 3109 2976 ὧν
3140 2919 3431 2993 ἔμολύνετο
3455 2920 3527 2975 τά
3555 2918 3730 2992 χείλη.

2294 3034 2315 3069 ι
2346 3016 2454 3070 Kal
2480 3014 2761 3087 ἀπεστάλη
2793 3015 2930 3087 πρὸς
2963 3013 3033 3085 μὲ
3070 3012 3129 3065 έν
3172 3011 3283 3071 τῶν
3322 3012 3586 3085 σεραφὶμ,
3617 3014 3714 3067 καὶ
3745 3013 3813 3067 έν

545 3106 720 3175 phlm,
748 3114 802 3159 et
824 3104 874 3157 in
901 3119 1059 3157 manu
1080 3117 1172 3158 sua
1198 3103 1430 3159 habebat
1450 3106 1738 3160 carbonem
1762 3103 1926 3173 ignis,
1954 3116 2113 3173 quem

2225 3104 2288 3174 τῇ
2313 3103 2459 3174 χειρὶ
2481 3100 2646 3156 αὑτοῦ
2664 3098 2807 3173 εἶχεν
2832 3100 3080 3173 ἄνθρακα
3102 3100 3295 3174 πυρὸς,
3318 3100 3379 3155 ὃν
3404 3103 3469 3173 τῇ
3490 3100 3663 3156 λαὸίδι
3683 3101 3813 3156 ελα-

546 3196 753 3264 forcipe
803 3196 998 3250 tulerat
1026 3194 1093 3250 de
1121 3194 1276 3249 altari
1312 3211 1326 3247 :
1360 3204 1416 3250 et
1440 3194 1615 3266 tetigit
1657 3194 1802 3249 labia
1855 3208 1995 3248 mea.
2051 3192 2115 3248 Et

2225 3195 2317 3249 ὗεν
2348 3192 2457 3248 ἀπὺ
2486 3192 2582 3247 τοῦ
2617 3192 3025 3265 θυσιαστηρίου,
3071 3193 3164 3248 καὶ
3192 3192 3371 3265 ἥψατο
3392 3192 3464 3247 τά
3493 3192 3647 3266 χείλη
3679 3211 3810 3266 μου.

548 3286 706 3349 dixit,
751 3284 890 3339 Ecce
920 3284 1091 3355 tetigit
1125 3285 1226 3340 hoc
1257 3284 1399 3339 labia
1432 3292 1543 3338 tua.
1575 3302 1595 3335 ι
1651 3282 1798 3339 Talis
1836 3292 1921 3338 est
1952 3283 2117 3338 carbo

551 3378 742 3432 altaris
772 3391 880 3430 :ac
929 3375 1163 3431 fortasse
1210 3375 1453 3431 clemens
1508 3375 1597 3430 ille
1641 3375 1901 3429 Dominus
1946 3375 2117 3430 altare

548 3482 705 3521 suum
743 3465 1077 3521 salutaribus
1110 3464 1419 3534 huiusmodi
1468 3478 1533 3519 ac
1574 3462 1938 3533 purgantibus
1991 3478 2115 3517 car-

551 3560 782 3613 bonibus
821 3559 1009 3625 replet.
1042 3557 1223 3624 Quare
1252 3558 1458 3619 dictum
1493 3566 1576 3611 est
1602 3557 1795 3611 alicubi
1836 3556 1905 3623 ⁸⁸,
1940 3573 1960 3606 ι
1983 3554 2117 3609 Car-

550 3654 720 3708 bones
770 3652 1016 3708 succensi
1068 3660 1197 3706 sunt
1236 3651 1305 3705 ab
1346 3664 1432 3705 eo.
1464 3668 1483 3701 ι
1535 3649 1784 3718 Deusque
1822 3648 1937 3718 ipse
1978 3646 2119 3717 apud

550 3744 790 3813 Moysem
830 3743 971 3813 ignis
1027 3756 1360 3799 consumens
1426 3741 1606 3797 dictus
1657 3750 1791 3797 est:
1832 3751 1996 3811 atque
2066 3740 2118 3793 in

554 3832 867 3900 Evangeliis
919 3831 1179 3887 Senator
1224 3831 1428 3886 dicitur
1478 3830 1765 3901 baptizare
1809 3831 1860 3885 in
1915 3829 2120 3901 Spiritu

551 3932 742 3979 sancto
774 3931 831 3976 et
884 3922 1029 3993 igne.
1065 3920 1160 3978 llis
1207 3937 1370 3993 porro
1403 3923 1656 3989 omnibus
1675 3924 1990 3990 edocemur,
2028 3937 2124 3978 ne-

554 4015 751 4068 minem
777 4028 954 4084 posse,
988 4014 1092 4069 nisi
1128 4027 1224 4083 per
1252 4012 1498 4069 divinum
1520 4014 1720 4085 ignem,
1744 4014 2119 4069 remissionem

556 4116 906 4177 peccatorum
951 4106 1233 4175 consequi.
1310 4104 1503 4161 Merito
1552 4106 1737 4176 itaque
1797 4114 1979 4161 tantus
2032 4104 2123 4159 ille

552 4197 813 4268 propheta
868 4200 1105 4252 carbone
1158 4196 1302 4265 ignis
1346 4206 1624 4267 purgatur.
1677 4198 1934 4264 Quaenam
1987 4211 2125 4252 vero

555 4288 875 4357 iniquitates
928 4298 984 4343 et
1021 4297 1245 4357 peccata
1299 4287 1626 4344 auferuntur
1665 4289 1733 4342 ab
1773 4302 1857 4354 eo,
1906 4289 2015 4342 nisi
2057 4302 2121 4342 ea

553 4381 753 4450 quibus
805 4379 1008 4450 repleta
1069 4379 1209 4436 labia
1269 4394 1367 4435 sua
1432 4394 1554 4435 esse
1604 4377 1941 4433 conﬁtetur?
1991 4377 2125 4434 Post

2219 3287 2332 3340 Kal
2385 3280 2527 3338 εἷπε·
2593 3284 2725 3339 Ἰδοὺ
2768 3284 2946 3356 ἥψατο
2995 3282 3153 3340 τοῦτο
3193 3284 3303 3339 τῶν
3348 3285 3572 3356 χειλέων
3619 3302 3735 3350 σου.
3785 3304 3807 3339 s

2219 3374 2473 3439 Τοιοῦτός
2525 3376 2675 3429 ἐστιν
2699 3376 2729 3429 6
2755 3375 2962 3449 ἄνθραξ
2986 3376 3082 3430 τοῦ
3101 3375 3509 3447 θυσιαστηρίου,
3536 3360 3678 3446 τάχα
3703 3392 3814 3431 που

2219 3470 2314 3525 τοῦ
2346 3470 2725 3543 φιλανθρώπου
2771 3472 2976 3543 Κυρίου
3011 3470 3345 3544 πληροῦντος
3379 3472 3440 3526 τὸ
3481 3470 3675 3525 ἑαυτοῦ
3718 3470 3812 3525 θυ-

2221 3565 2535 3636 σιαστήριον
2560 3564 2819 3619 τοιούτων
2842 3563 3004 3618 τινῶν
3030 3563 3312 3636 σωτηρίων
3341 3565 3435 3619 καὶ
3459 3563 3816 3636 καθαριικῶν

2220 3654 2529 3726 ἀνθράκων.
2564 3656 2654 3710 Διὸ
2683 3655 2927 3709 λέλεκταί
2950 3645 3072 3710 που·
3111 3675 3133 3708 ι
3160 3655 3464 3728 ’Δνθρακες
3489 3654 3816 3728 ἀνήφθησαν

2222 3747 2319 3801 ἀπ’
2351 3746 2535 3801 αὑτοῦ.
2577 3766 2597 3798 ι
2648 3746 2760 3801 Kal
2785 3748 2815 3801 6
2847 3746 2981 3811 Θεὸς
3004 3747 3062 3801 δὲ
3095 3747 3255 3811 αὐτὸς
3280 3746 3429 3817 παρά
3457 3748 3663 3819 Μωῦσῇ
3698 3746 3815 3821 πῦρ

2224 3837 2617 3893 καταναλίσκον
2650 3839 2883 3910 είρηται·
2910 3839 3005 3892 καὶ
3028 3838 3219 3911 Σωτὴρ
3248 3839 3306 3892 έν
3330 3837 3683 3909 Εὐαγγελίοις
3711 3838 3815 3910 βα-

2225 3930 2415 3983 πτίσαι
2454 3931 2512 3983 έν
2555 3930 2835 4002 Πνεύματι
2876 3932 3017 4003 άγίῳ
3056 3932 3152 3986 καὶ
3199 3932 3335 4005 πυρὶ
3367 3931 3813 4015 μεμαρτύρηται·

2224 4020 2314 4074 διὰ
2342 4021 2546 4076 τούτων
2576 4023 2833 4078 ἁπάντων
2864 4023 3210 4088 παιδεύοντος
3238 4025 3386 4096 ἡμᾶς
3406 4024 3501 4078 τοῦ
3537 4019 3699 4094 λόγου
3735 4024 3816 4100 μὴ

2224 4112 2399 4177 άλλως
2441 4112 2698 4169 δύνασθαί
2724 4132 2847 4171 τινα
2892 4119 3076 4188 τυχεῖν
3118 4117 3366 4187 ἀφέσεως
3399 4117 3817 4190 ἁμαρτημάτων

2225 4204 2260 4275 ἢ
2306 4204 2393 4259 διά
2436 4206 2529 4260 τοῦ
2556 4206 2699 4261 θείου
2732 4208 2924 4279 πυρός.
2974 4210 3214 4274 Εἰκότως
3236 4205 3328 4264 οὖν
3357 4210 3453 4265 καὶ
3492 4212 3526 4264 δ
3560 4190 3817 4275 τοσοῦτος

2227 4298 2512 4369 προφήτης
2541 4298 2608 4353 δι’
2640 4299 2923 4372 ἄνθρακος,
2957 4301 3129 4373 πυρὸς
3176 4302 3514 4374 καθαίρεται.
3558 4302 3729 4367 Ποίας
3756 4303 3820 4359 δι

2225 4387 2453 4459 ἀνομίας
2479 4390 2574 4444 καὶ
2603 4391 2875 4463 ἁμαρτίας
2921 4392 3232 4464 ἀφαιρεῖται
3257 4392 3291 4463 ἢ
3325 4386 3399 4447 ὧν
3424 4392 3495 4447 τά
3526 4392 3678 4465 χείλη
3712 4395 3817 4447 αὐ-

555 4482 833 4545 peractam
871 4487 1001 4527 veto
1046 4486 1233 4527 eorum
1261 4470 1671 4541 purgationem,
1721 4481 2115 4540 consequenter

2226 4476 2320 4529 τοῦ
2354 4477 2744 4552 πεπληρῶσθαι
2767 4480 3052 4552 ὁμολογεῖς
3081 4481 3234 4535 Μετά
3259 4483 3315 4536 δὲ
3344 4482 3446 4555 τὴν
3475 4482 3681 4538 τούτων
3711 4485 3817 4540 κά-

555 4582 687 4623 voce
717 4564 957 4621 sedentis
994 4564 1049 4618 in
1086 4565 1277 4619 throno
1313 4563 1583 4632 dignatur,
1630 4576 1735 4632 qua
1772 4562 2008 4617 dicitur:

633 4750 791 4805 Vens.
832 4749 887 4805 8.
931 4765 952 4800 ι
975 4751 1145 4815 Quem
1178 4745 1435 4802 mittam?
1473 4746 1539 4801 Et
1560 4746 1680 4815 quis
1706 4745 1807 4802 ibit
1848 4748 1915 4805 ad
1947 4761 2121 4817 popu-

555 4841 663 4894 lum
692 4839 873 4894 hunc!
910 4838 975 4893 Et
1002 4840 1136 4904 dixi,
1163 4840 1302 4896 Ecce
1329 4855 1455 4911 ego,
1479 4840 1629 4894 mitte
1653 4856 1794 4898 me.»
1829 4838 1941 4896 Hac
1966 4855 2120 4908 voce,

554 4932 1027 5003 quaeintermedia
1082 4935 1255 5001 posita
1304 4943 1404 4997 est,
1454 4935 1729 5003 prophetae
1784 4933 2121 4989 alacritatem

554 5031 818 5091 expertus
850 5030 951 5088 est,
994 5032 1055 5077 ut
1082 5024 1128 5079 is
1155 5022 1240 5078 vel
1282 5023 1413 5078 boui
1434 5024 1623 5079 saltem
1673 5024 1936 5094 propositi
1975 5038 2123 5077 mer-

556 5114 741 5169 cedem
809 5115 1096 5185 reciperet.
1158 5114 1562 5182 Quamobrem,
1635 5129 1742 5169 non
1804 5115 2122 5186 imperantis

558 5221 712 5263 more
750 5206 924 5276 ipsum
968 5207 1129 5278 jussit
1178 5208 1361 5271 abire,
1417 5207 1513 5262 sed
1551 5209 1604 5263 iu
1654 5208 1830 5264 medio
1852 5211 2124 5264 sermonis

559 5299 883 5370 interrogat,
910 5301 1031 5369 quis
1059 5300 1130 5355 sit
1161 5300 1227 5354 ad
1255 5300 1308 5355 id
1350 5301 1617 5368 agendum
1655 5311 1901 5371 paratus.

630 5388 796 5446 Vitas.
836 5391 888 5445 9.
935 5409 956 5442 ι
983 5390 1045 5449 Et
1088 5392 1255 5459 dixit,
1286 5392 1455 5460 Vade,
1512 5384 1567 5449 et
1620 5394 1707 5449 dic
1736 5395 1931 5465 populo
1963 5396 2123 5451 huic:

563 5481 763 5539 Audito
792 5483 1020 5539 audietis
1068 5492 1123 5539 et
1154 5497 1259 5539 non
1293 5483 1640 5555 intelligetis;
1677 5496 1732 5541 et
1757 5488 2112 5558 respicientes

635 5666 681 5697 λ’
711 5666 899 5721 Matth.
940 5682 989 5723 ν.
1017 5669 1072 5722 8.
1146 5669 1191 5700 ⁵⁰
1216 5668 1355 5724 Psal.
1380 5686 1515 5736 xm,
1541 5673 1595 5728 9.

2230 4567 2441 4640 θαρσιν,
2465 4570 2771 4636 ἀκολούθως
2802 4572 2897 4627 καὶ
2928 4576 3077 4646 φωνῇ
3108 4572 3352 4638 ἀξιοῦται
3375 4574 3470 4629 τοῦ
3504 4576 3818 4648 καθημένου

2231 4660 2323 4715 ἐπὶ
2351 4662 2563 4732 θρόνου,
2593 4663 2878 4736 λεγούσης·

2309 4771 2327 4803 ι
2358 4752 2490 4807 Τίνα
2511 4754 2829 4821 ἀποστελῶ;
2882 4754 2992 4809 Kal
3034 4754 3120 4819 τίς
3162 4755 3489 4831 πορεύσεται
3536 4755 3674 4827 πρὸς
3722 4756 3820 4811 τὸν

2233 4846 2359 4901 λαὸν
2386 4846 2607 4914 τοῦτον;
2655 4850 2766 4902 Kal
2808 4844 2956 4902 εἶπα·
2976 4849 3104 4903 Ἰδοὺ
3150 4849 3282 4920 ἐγὼ,
3308 4849 3625 4905 ἀπύστειλόν
3658 4866 3748 4920 με.
3791 4868 3819 4903 s

2243 4939 2560 5011 Ἐδοκίμαζε
2583 4942 2641 4995 δὲ
2666 4942 2774 5015 ἄρα
2798 4942 3020 5016 τοιαύτῃ
3037 4944 3186 5014 φωνῇ
3214 4942 3396 5014 μέσως
3423 4940 3692 5015 ἀφειμένη
3716 4941 3821 5015 τὴν

2229 5030 2323 5085 τοῦ
2369 5035 2646 5105 προφήτου
2682 5033 3009 5105 προθυμίαν,
3041 5033 3115 5098 ὡς
3142 5034 3209 5088 ἂν
3242 5034 3342 5105 τῆς
3378 5032 3590 5104 ἀγαθῆς
3620 5019 3820 5105 προαι-

2232 5124 2434 5196 ρέσεως
2486 5125 2674 5196 μισθὸν
2714 5127 2999 5198 κτήσηται.
3035 5116 3125 5180 me
3167 5128 3228 5180 ού
3276 5124 3692 5198 προστακτικῶς
3722 5126 3822 5178 αὺ-

2228 5213 2321 5269 τὸν
2349 5216 2634 5270 ἐκέλευσεν
2657 5216 2897 5271 ἀπιέναι·
2926 5216 3106 5289 μέσως
3130 5216 3188 5271 δὲ
3215 5215 3422 5289 1ἠρώτα,
3453 5217 3541 5281 τίς
3570 5214 3656 5289 εἵη
3678 5215 3822 5270 ho:-

2236 5323 2335 5377 μος
2365 5307 2524 5362 τοῦτο
2547 5310 2828 5381 πράττειν.

2310 5416 2329 5451 ι
2356 5400 2470 5453 Kal
2518 5395 2657 5453 εἷπε·
2704 5400 3026 5473 Πορεύθητι,
3055 5402 3148 5456 καὶ
3176 5396 3328 5456 εἷπον
3354 5401 3434 5474 τῷ
3471 5400 3585 5473 λαῷ
3615 5397 3816 5473 τούτῳ·

2233 5490 2397 5563 ’Δκοῇ
2443 5488 2706 5545 ἀκούσετε
2732 5528 2746 5556 ,
2796 5492 2891 5547 καὶ
2922 5491 2985 5544 οὐ
3021 5490 3096 5563 μὴ
3144 5492 3359 5564 συνῆτε·
3389 5492 3482 5545 καὶ
3526 5488 3819 5563 ﬂumen;

646 5760 760 5829 (t2)
820 5761 943 5817 llam
995 5764 1131 5831 apud
1178 5763 1562 5836 Hieronymum
1599 5767 1865 5825 habentur
1890 5770 1943 5825 in
1989 5772 2131 5829 hunc
2169 5772 2365 5831 locum.
