4014 6408
193 610 385 681 dum,
431 606 531 662 καὶ
572 606 719 669 τίνος
768 602 909 675 ἀκοῇ
954 598 1303 663 ἀκούσονται,
1337 598 1401 652 οὐ
1430 596 1802 670 παρέστησεν·

195 703 332 775 ἡμῖν
354 696 677 755 κιωλιπῦν
702 695 929 751 σκοπεῖν
953 695 1021 749 ἐκ
1036 692 1139 765 τῆς
1149 690 1246 747 τοῦ
1272 691 1433 760 λόγου
1459 688 1804 756 ἀκολουθίας,

194 790 475 862 λεγούσης
504 790 612 853 ὅτι,
638 785 842 841 Τοῦτον
865 785 928 841 δν
960 785 1027 840 σὺ
1075 783 1330 839 τεθέασαι
1361 780 1591 855 Κύριον,
1620 780 1716 837 καὶ
1745 779 1807 836 δν

192 887 311 949 τοῖς
333 887 455 950 σοῖς
479 882 779 955 ὀφθαλμοῖς
816 874 978 945 εἶδες,
1011 872 1058 933 ὣ
1104 875 1383 950 προφῆτα,
1408 874 1601 931 τοῦτον
1644 875 1742 930 καὶ
1776 877 1807 930 ὁ

192 975 329 1040 λαὸς
360 967 521 1039 οὗτός
547 989 687 1028 ποτε
719 969 934 1041 δψεταιο
961 966 1103 1025 άλλά
1125 966 1222 1021 καὶ
1249 965 1353 1037 τῆς
1396 964 1582 1035 φωνῆς
1610 958 1682 1035 ἧς
1708 963 1807 1017 έπὶ

194 1066 294 1122 τοῦ
336 1066 607 1140 παρόντος
635 1063 905 1135 ἀκήκοας,
937 1059 1305 1115 ἐπακούσεται
1350 1054 1531 1130 καιρῷ
1560 1072 1668 1110 τινι
1709 1056 1806 1110 καὶ

198 1157 386 1222 αὐτὸς,
426 1158 492 1211 ού
516 1155 626 1227 μὴν
654 1153 750 1208 καὶ
777 1153 1023 1223 συνήσει,
1045 1149 1171 1205 οὐδὲ
1200 1147 1493 1217 γνώσεται,
1518 1148 1642 1202 οὐδὲ
1676 1146 1804 1218 βου-

194 1247 427 1322 λήσεται
478 1245 646 1302 αὐτοῦ
694 1244 795 1317 τὴν
828 1244 991 1318 χάριν
1036 1240 1467 1315 παραδέξασθαι.
1519 1238 1717 1311 Σαφῶς
1745 1240 1804 1295 δὲ

194 1337 287 1392 διά
316 1336 528 1393 τούτοιν
551 1334 651 1407 τὴν
680 1335 763 1399 είς
797 1330 1124 1405 ἀνθρώπους
1148 1329 1317 1385 αὐτοῦ
1346 1328 1654 1403 παρουσίαν
1680 1329 1805 1403 ιδή-

195 1430 312 1485 λου.

270 1541 292 1577 ι
336 1518 655 1593 Ἑπαχύνθη
692 1518 802 1591 γάρ
841 1520 877 1590 ἡ
926 1516 1123 1589 καρδία
1150 1514 1247 1571 τοῦ
1283 1514 1416 1570 λαοῦ
1445 1515 1662 1581 τούτου,
1707 1513 1806 1569 καὶ

193 1619 312 1682 Ιιόῖς
335 1617 475 1671 ὠσὶν
498 1612 677 1669 αὐτῶν
701 1612 913 1685 βαρέως
931 1611 1196 1683 ἥκουσαν,
1224 1610 1321 1665 καὶ
1337 1611 1464 1673 τοὺς
1490 1608 1806 1680 ὀφθαλμοὺς

194 1709 381 1767 αὐτῶν
424 1708 778 1779 ικάμμυσαν,
816 1704 1029 1777 μήποτε
1069 1702 1221 1757 ίδωσι
1270 1704 1386 1765 τοῖς
1423 1698 1743 1772 ὀφθαλμοῖς.
1778 1718 1799 1752 ι

206 1800 270 1856 ⁸ο
305 1798 410 1871 μὶν
439 1795 552 1869 γάρ
579 1794 792 1866 Σωτὴρ,
819 1793 918 1848 άτε
949 1792 1068 1863 φῶς
1095 1792 1380 1863 ὑπάρχων,
1413 1791 1634 1845 πάντων
1659 1788 1806 1860 ἐφώ-

195 1863 322 1954 τιζί
478 1863 689 1958 ¹ψυχάς·
721 1863 813 1951 ’ὡς
842 1885 940 1938 καὶ
975 1883 1199 1954 τυφλοῖς
1240 1882 1303 1936 τὸ
1336 1881 1556 1954 βλέπειν
1584 1879 1807 1954 χαρίζε-
1836 1863 1881 1921 Β

199 1974 347 2035 σθαι-
393 1979 445 2033 oi
482 1977 540 2032 δὲ
567 1978 697 2041 τοὺς
720 1974 1036 2048 ὀφθαλμοὺς
1069 1972 1259 2045 έμυον,
1287 1971 1429 2027 ὥστε
1455 1972 1532 2045 μὴ
1565 1971 1807 2044 βλέπειν’

197 2072 294 2128 καὶ
321 2070 473 2127 οὕτω
505 2068 796 2142 βλέποντες
820 2068 922 2122 οὐκ
944 2065 1190 2121 ἔϐλεπον.
1223 2065 1392 2120 Ὅταν
1450 2064 1560 2137 γάρ
1586 2082 1691 2131 τις,
1719 2065 1809 2118 έν-

197 2164 462 2227 ατενίσας
476 2162 575 2216 καὶ
599 2159 846 2233 άκριδῶς
870 2158 1228 2231 θεασάμενος,
1248 2156 1500 2231 ὑπερίδῃ,
1516 2158 1612 2213 καὶ
1635 2174 1810 2212 κατα-

198 2256 453 2329 φρονήσῃ
475 2251 573 2307 τοῦ
602 2251 908 2325 ὁρωμένου,
954 2250 990 2323 ἢ
1043 2249 1195 2323 μύση
1237 2248 1309 2303 τά
1356 2249 1585 2321 θμματα
1631 2266 1809 2321 προσ-

198 2346 529 2419 πιούμενος
574 2345 651 2417 μὴ
696 2343 1026 2416 ἑωρακέναι,
1058 2344 1180 2399 τότε
1210 2341 1424 2415 βλέπων
1448 2342 1550 2397 οὐκ
1578 2337 1709 2397 εἶδε.
1734 2342 1811 2397 Τὸ

202 2440 303 2513 μιν
331 2437 432 2495 οὖν
458 2437 656 2511 βλέψαι
686 2435 932 2509 ὑπῆρξεν
973 2435 1162 2501 αὐτοῖς
1196 2435 1305 2491 άπὸ
1328 2435 1431 2506 τῆς
1463 2435 1687 2507 χάριτος
1711 2433 1809 2489 τοῦ

198 2531 486 2603 ὀφθέντοςο
516 2532 581 2585 τὸ
606 2530 665 2585 δὲ
704 2528 781 2603 μὴ
808 2529 940 2584 ἰδεῖν
965 2528 1316 2602 συμϐέϐηκεν
1352 2529 1466 2584 άπὸ
1488 2528 1584 2607 τοῦ
1607 2529 1811 2593 αὐτοὺς

203 2622 376 2696 μῦσαι
395 2623 529 2686 τοὺς
550 2620 764 2675 ἑαυτῶν
782 2619 1118 2693 ὀφθαλμοὺς,
1141 2621 1239 2675 καὶ
1262 2621 1702 2694 προσποιηθῆναι
1733 2621 1811 2693 μὴ

203 2713 451 2785 βλέπειν.
478 2712 641 2767 υῦτω
662 2712 723 2767 δὲ
756 2712 852 2767 καὶ
874 2714 1016 2784 άκοῇ
1046 2712 1237 2767 άκούει
1263 2730 1372 2779 τις,
1399 2714 1496 2767 καὶ
1522 2713 1685 2769 πάλιν
1709 2714 1811 2768 οὐκ

199 2804 417 2861 bauer
449 2802 674 2859 ἐπειδάν
703 2804 781 2877 μὴ
810 2806 944 2877 συνῇ
972 2804 1043 2859 τά
1084 2803 1376 2877 λεγόμενα,
1411 2804 1447 2877 ἢ
1481 2806 1612 2861 ὅταν
1634 2823 1813 2879 παρα-

201 2900 344 2973 sentin
387 2898 492 2953 καὶ
521 2899 839 2971 καταφρονῇ
880 2895 992 2951 τῶν
1037 2896 1370 2968 λεγομένων.
1420 2896 1719 2970 Συμδαίνει
1751 2897 1812 2952 δέ

201 2990 387 3057 τοῦτο,
424 2991 649 3047 έπειδάν
698 3007 785 3055 τις
832 2989 905 3045 τά
949 2983 1066 3046 ὦτα
1112 2990 1310 3047 ἑαυτοῦ
1353 2990 1583 3065 βαρύνῃ,
1618 2991 1810 3066 ὥσπερ

200 3076 539 3150 άποφράξας
578 3078 675 3132 καὶ
703 3078 1092 3148 άποκωφώσας
1138 3080 1303 3135 αὐτά.
1352 3079 1519 3136 Ταῦτ’
1556 3076 1653 3135 οὖν
1693 3081 1813 3136 les-

1183 386 1695 447 couumsms
1730 384 1802 443 lN
1836 384 2099 443 iSAlAI.
2139 416 2210 429 —
2245 383 2402 470 asp.
2442 383 2533 443 vt.
2675 436 2679 440 _

198 514 454 590 βλάψετε,
489 512 583 569 καὶ
618 510 683 567 ού
723 508 802 583 μὴ
832 506 1000 579 ῐδητε.
1043 524 1065 559 ι
1116 504 1252 560 Τίνα
1280 505 1339 560 at
1368 504 1659 577 sum;
1689 501 1810 574 βλι-

1917 502 2247 572 respicietis,
2293 512 2350 560 et
2388 518 2497 559 non
2542 502 2821 561 videbitis.
2853 519 2877 557 a
2936 498 3200 569 Quaenam
3252 494 3507 550 videntes

3398 376 3508 433 150

1908 593 2200 661 videbunt,
2226 603 2283 651 et
2307 610 2564 666 quanam
2598 596 2786 652 auditu
2825 592 3075 657 audient,
3115 604 3225 645 non
3258 586 3508 643 declara-

1908 688 2011 752 vit,
2038 686 2095 742 id
2121 686 2586 743 considerandum
2630 686 2793 743 nobis
2820 684 3140 755 relinquens
3186 694 3251 735 ex
3289 691 3508 735 sermo-

1906 778 1996 833 nis
2032 776 2199 845 serie,
2222 791 2345 849 qua!
2370 777 2456 835 sic
2479 777 2650 834 habet
2685 794 2700 831 :
2728 776 2904 845 Quem
2935 785 2993 831 tu
3035 768 3272 828 intueris
3308 767 3504 824 Domi-

1907 883 2061 935 num,
2093 878 2152 925 et
2191 884 2356 942 quem
2386 871 2523 942 ipsis
2558 869 2733 927 oculis
2768 868 2940 936 vides,
2968 881 3003 923 ο
3032 864 3323 938 propheta,
3354 861 3509 917 hune

1906 969 1964 1014 et
1987 960 2076 1017 hic
2107 962 2341 1032 populus
2364 960 2660 1032 aliquando
2683 959 2936 1025 videbit;
2968 957 3067 1014 sed
3090 957 3257 1012 etiam
3287 967 3505 1016 vocem,

1906 1066 2072 1122 quam
2116 1062 2170 1110 tu
2205 1054 2263 1110 in
2315 1053 2574 1125 presenti
2638 1051 2926 1117 audivisti,
2980 1057 3037 1107 et
3091 1050 3210 1121 ipse
3261 1044 3502 1118 quodam

1907 1155 2153 1218 tempore
2183 1146 2370 1203 audiet
2402 1164 2417 1201 :
2449 1160 2629 1218 neque
2656 1154 2845 1202 tamen
2876 1142 3140 1211 intelliget
3181 1141 3271 1196 vel
3300 1151 3512 1210 cogno-

1906 1247 2067 1307 scet,
2122 1252 2302 1309 neque
2370 1239 2606 1312 gratiam
2671 1238 2793 1307 ejus
2849 1234 3132 1306 suscipere
3182 1234 3356 1289 volet.
3414 1230 3511 1287 Ilia

1909 1340 2094 1386 autem
2149 1338 2344 1402 aperte
2399 1345 2562 1387 suum
2614 1329 2683 1386 ad
2738 1329 2995 1386 hominm
3027 1328 3326 1384 adventum
3361 1324 3512 1380 indi-

1907 1423 2092 1479 cabat.

1983 1514 2152 1571 Vens.
2193 1514 2283 1573 l0.
2350 1503 2777 1588 «Aggravatum
2834 1523 2920 1572 est
2976 1514 3127 1570 enim
3173 1527 3271 1570 cor

1910 1605 2094 1676 huius,
2139 1620 2197 1665 et
2227 1607 2459 1665 auribus
2510 1608 2756 1680 graviter
2806 1606 3145 1671 audierunt,
3204 1614 3265 1663 et
3314 1602 3510 1662 oculos

1908 1713 2040 1755 suos
2065 1699 2421 1767 clauserunt,
2476 1714 2546 1756 ne
2600 1699 2745 1757 forte
2798 1698 3021 1755 videant
3070 1696 3265 1754 oculis.
3297 1713 3321 1750 s
3369 1691 3509 1750 Nam

1911 1789 2168 1846 Salvator
2213 1791 2441 1863 quidem
2472 1802 2685 1860 noster,
2728 1791 2915 1847 lumen
2944 1804 3069 1845 cum
3114 1789 3207 1857 sit,
3262 1788 3508 1844 omnium

1912 1881 2128 1939 animas
2154 1881 2525 1951 illuminavit,
2574 1884 2653 1940 ita
2692 1893 2754 1938 ut
2791 1891 2848 1939 et
2872 1882 3040 1940 cacis
3066 1880 3246 1936 visum
3276 1879 3513 1952 largire-

1914 1980 2047 2037 tur;
2103 1970 2182 2025 illi
2212 1985 2346 2027 vero
2372 1972 2565 2029 oculos
2604 1972 2957 2037 claudebant,
2993 1980 3056 2027 ut
3083 1986 3195 2029 non
3223 1968 3510 2036 viderent;

1911 2073 2077 2134 atque
2115 2063 2199 2121 sic
2241 2062 2492 2122 videntes
2545 2080 2655 2121 non
2709 2064 2994 2122 videbant.
3030 2062 3169 2121 Cum
3206 2062 3355 2119 enim
3386 2076 3514 2133 quis

1912 2155 2190 2224 intultus,
2238 2166 2295 2214 et
2344 2172 2407 2214 re
2455 2152 2755 2233 conspecta
2821 2157 3133 2229 diligenter,
3183 2171 3300 2212 rem
3331 2156 3510 2211 visam

1911 2250 2149 2321 despicit
2192 2260 2251 2306 et
2288 2253 2623 2316 contemnit,
2682 2266 2748 2309 ac
2783 2251 2993 2309 claudit
3041 2250 3255 2317 oculos,
3288 2264 3351 2306 se
3398 2265 3511 2306 non

1910 2340 2103 2397 videre
2136 2339 2441 2409 simulans;
2476 2352 2607 2418 tunc
2636 2341 2997 2414 respiciens,~
3013 2356 3128 2399 non
3156 2341 3315 2395 vidit.
3354 2338 3513 2409 Quod

1911 2434 2084 2507 igitur
2116 2435 2391 2502 viderent,
2441 2435 2497 2491 id
2537 2450 2607 2491 ex
2652 2436 2833 2507 gratia
2888 2435 3011 2506 ejus
3046 2436 3145 2508 qui
3197 2436 3511 2500 videbatur,

1913 2528 2047 2598 ipsis
2080 2527 2293 2596 inerat;
2335 2528 2479 2598 quod
2514 2539 2699 2586 autem
2748 2546 2858 2586 non
2919 2531 3194 2597 viderent,
3255 2530 3310 2585 id
3343 2544 3413 2585 ex
3444 2544 3512 2585 eo

1912 2620 2169 2677 veniebat
2197 2622 2344 2693 quod
2363 2622 2558 2678 oculos
2584 2621 2945 2689 clauderent,
2992 2634 3052 2680 et
3082 2638 3145 2681 se
3178 2638 3288 2679 non
3322 2623 3514 2678 videre

1912 2711 2265 2768 simularent.
2302 2712 2382 2768 lla
2412 2712 2626 2783 pariter
2653 2713 2781 2783 quis
2810 2713 3002 2770 auditu
3037 2713 3213 2781 audit,
3238 2722 3296 2771 et
3327 2724 3513 2770 tamen

1912 2817 2025 2857 non
2067 2804 2262 2871 audit;
2318 2804 2542 2877 quando
2576 2818 2639 2860 ea
2690 2820 2815 2875 qua
2848 2806 3111 2861 dicuntur
3150 2823 3259 2863 non
3306 2807 3514 2863 intelli-

1912 2895 2037 2966 git,
2072 2905 2169 2952 aut
2197 2912 2324 2954 cum
2350 2898 2517 2954 dictis
2547 2912 2657 2954 non
2689 2898 3071 2969 obtemperat,
3108 2914 3287 2970 eaque
3330 2900 3515 2970 despi-

1912 2987 2011 3045 cit.
2066 2986 2183 3045 Hoc
2213 2989 2708 3061 porrocontingit,
2758 3004 2885 3046 cum
2916 2991 3042 3061 quis
3068 3006 3233 3047 aures
3255 3005 3388 3048 suas
3413 3008 3512 3064 ag-

1912 3091 2127 3152 gravat,
2184 3096 2279 3139 eas
2334 3083 2494 3154 quasi
2555 3083 2823 3139 obturans
2879 3093 2936 3140 et
2988 3083 3187 3141 surdas
3240 3084 3509 3140 efficiens.

205 3168 331 3224 σθαι
360 3168 495 3238 περὶ
520 3169 616 3224 τὸν
641 3169 753 3225 τῶν
783 3171 1056 3228 Ἰουδαίων
1076 3172 1206 3229 λαὸν
1231 3174 1266 3245 ἠ
1295 3172 1448 3247 φωνὴ
1476 3172 1570 3228 τοῦ
1599 3174 1809 3247 Κυρίου

1917 3168 2044 3225 Haec
2068 3170 2236 3243 igitur
2261 3168 2493 3227 Iudaico
2515 3171 2716 3243 populo
2754 3171 2940 3229 futura
2983 3188 3129 3242 esse,
3156 3189 3263 3230 vox
3295 3175 3514 3232 Domini

202 3261 520 3318 έθέσπισεν.
567 3262 902 3336 Ἐπληροῦτο
930 3263 989 3318 δι
1028 3264 1097 3319 τὸ
1128 3264 1291 3338 ἔργον
1332 3265 1426 3320 ἐπὶ
1454 3265 1555 3337 τῆς
1579 3264 1675 3319 τοῦ
1705 3266 1810 3320 Σω-

1918 3265 2268 3321 vaticinatur.
2301 3264 2586 3335 impletum
2620 3276 2805 3321 autem
2848 3265 2981 3321 illud
3021 3265 3128 3322 fuit
3175 3267 3231 3322 in
3271 3268 3515 3324 adventu

202 3354 374 3427 τῆρος
405 3355 569 3428 ἡμῶν
602 3355 919 3428 ιπιδημίας,
960 3357 1083 3412 καθ’
1110 3358 1200 3431 ην,
1236 3359 1485 3430 παρόντα
1522 3358 1686 3413 αὐτὸν
1713 3360 1812 3429 όφ-

206 3446 438 3520 θαλμοῖς
459 3447 718 3520 ὁρῶντες,
744 3449 845 3503 οὐκ
866 3448 1116 3514 έσλεπον,
1146 3451 1246 3505 καὶ
1266 3448 1593 3507 διδάσκοντα
1622 3450 1692 3505 τά
1717 3468 1812 3523 μυ-

205 3541 412 3613 στήρια
438 3540 542 3613 τῆς
571 3539 845 3611 βασιλείας
870 3542 933 3596 ού
964 3544 1224 3615 συνῆκαν.
1608 3594 1613 3601 .

282 3651 301 3684 ε
333 3632 459 3715 Καὶο
500 3627 654 3688 εἶπαο
705 3633 852 3698 Ἕως
878 3634 1034 3702 πότε,
1066 3635 1279 3709 Κύριες
1318 3636 1432 3691 Καὶ
1455 3630 1627 3693 εἷπεν·
1665 3637 1811 3704 Ἕως

208 3724 277 3780 ἂν
298 3725 637 3799 ἑρημωθῶσι
655 3726 859 3797 πόλεις,
885 3747 905 3781 t
942 3729 1039 3783 καὶ
1063 3728 1133 3783 τά
1156 3726 1307 3801 ἑξῆς.
1340 3730 1454 3785 Καὶ
1478 3729 1643 3804 μέχρι
1666 3730 1813 3796 τίνος

208 3817 521 3891 παρατείνῃ
548 3818 611 3872 τὸ
634 3818 1012 3893 άρρὡστημα;
1049 3821 1161 3875 Καὶ
1188 3819 1369 3895 έρωτᾷ
1385 3821 1581 3892 λέγων’
1614 3840 1635 3875 ι
1665 3822 1813 3886 Ἕως

208 3912 366 3975 πότε,
386 3910 599 3983 Κύριε;
622 3930 642 3964 t
661 3912 714 3966 τί
745 3914 856 3987 γάρ
871 3912 1026 3968 ἔσται
1052 3912 1207 3980 τέλος
1228 3914 1332 3987 τῆς
1357 3915 1619 3989 τοιαύτης
1634 3914 1813 3970 αὐτῶν

210 4002 481 4073 άσλεψίας
511 4002 624 4075 (15)
645 4020 661 4070 ;
700 4004 963 4077 Σημαίνει
986 4002 1083 4061 οὖν
1100 4006 1189 4062 διά
1216 4008 1424 4063 τούτων
1448 4008 1548 4081 τὴν
1563 4006 1817 4063 ἐπελθοῦ-

211 4111 311 4149 σαν
327 4093 559 4166 πρώτην
586 4094 693 4149 ὑπὸ
728 4094 1015 4168 Ῥωμαίων
1035 4097 1115 4170 τῷ
1128 4098 1282 4171 τόπῳ
1306 4098 1646 4173 πολιορκίαν,
1675 4098 1816 4170 μετά

208 4191 282 4246 τά
301 4188 456 4245 κατά
475 4189 572 4245 τοῦ
594 4190 847 4265 Σωτῆρος
875 4191 1060 4257 αὐτοῖς
1078 4192 1444 4267 τολμηθέντα,
1470 4194 1595 4248 καθ’
1614 4195 1682 4266 ἢν
1702 4192 1814 4248 τῶν

222 4283 499 4339 Ἰουδαίων
522 4281 771 4337 πλεῖσται
796 4282 982 4347 πόλεις
1004 4284 1097 4338 ἐπὶ
1124 4283 1528 4357 αὐτοκράτορος
1556 4286 1811 4339 Οὐεσπα-

212 4374 404 4430 σιανοῦ
446 4373 739 4451 causam
766 4375 995 4447 ἀφανεῖς
1020 4376 1302 4441 παντελῶς
1326 4377 1690 4449 κατέστησαν·
1736 4376 1814 4443 ὼς

212 4468 352 4542 μηδὲ
383 4469 610 4541 μνήμην
632 4467 812 4523 αὐτῶν
844 4468 982 4542 μηδὲ
1004 4469 1175 4543 ὄνομα
1200 4469 1630 4543 περιλείπεσθαι.
1656 4469 1814 4525 Οὕτω

1914 3356 2221 3412 Salvatoris
2246 3356 2451 3423 nostri,
2478 3372 2611 3427 quo,
2647 3357 2777 3413 dum
2800 3367 3129 3429 praesentem
3155 3359 3307 3413 illum
3335 3360 3515 3417 oculis

1912 3457 2225 3515 cernerent,
2274 3465 2385 3505 non
2436 3449 2731 3517 videbant,
2787 3459 2845 3506 et
2905 3450 3200 3508 docentem
3249 3456 3514 3523 mysteria

1913 3542 2090 3612 regni,
2119 3555 2226 3597 non
2254 3541 2654 3613 intelligebant.

1985 3636 2155 3693 Vens.
2212 3637 2305 3692 ll.
2372 3636 2490 3693 «Et
2548 3636 2683 3701 dixi,
2740 3636 3061 3711 Usquequo,
3120 3638 3389 3697 Domine?
3445 3641 3517 3699 Et

1912 3726 2075 3793 dixit,
2104 3728 2290 3784 Donec
2330 3725 2652 3782 desolentur
2683 3727 2965 3793 civitates,
2995 3747 3015 3780 ι
3046 3739 3158 3786 etc.
3194 3729 3261 3783 Et
3311 3744 3516 3801 usque-

1913 3838 2021 3893 quo
2051 3820 2269 3878 durabit
2294 3819 2632 3876 inﬁrmitas?
2656 3817 2970 3892 lnterrogat
2994 3823 3206 3888 dicens,
3242 3840 3263 3874 ι
3290 3820 3483 3893 Usque

1916 3928 2051 3983 quo.
2079 3912 2356 3969 Domine?
2390 3931 2409 3965 ι
2441 3914 2567 3982 quis
2600 3913 2746 3968 enim
2766 3912 2891 3968 linis
2915 3915 3023 3968 erit
3054 3899 3368 3983 hujusmodi
3392 3918 3515 3971 illo-

1916 4020 2037 4059 rum
2080 4005 2389 4061 caacitatis‘l
2435 4004 2535 4061 His
2585 4004 2733 4060 enim
2798 3994 3073 4073 signiﬁcat
3127 4008 3363 4077 primam
3412 4009 3516 4065 sub

1916 4095 2180 4153 Romanis
2216 4095 2460 4153 futuram
2509 4095 2615 4153 loci
2664 4096 3035 4167 obsidionem,
3082 4108 3207 4169 post
3248 4099 3395 4155 edita
3445 4103 3516 4156 ab

1915 4188 2052 4260 ipsis
2084 4198 2275 4245 contra
2307 4188 2653 4246 Salvatorem
2684 4189 2939 4247 facinora
2971 4209 2985 4246 :
3012 4205 3121 4261 qua
3173 4191 3358 4247 multa:
3410 4193 3522 4249 Ju-‘

1916 4282 2159 4338 datorum
2184 4282 2441 4344 civitates
2469 4284 2572 4339 sub
2601 4281 2945 4353 Vespasiano
2970 4284 3308 4354 imperatore
3332 4294 3516 4341 vasta-

1921 4386 2008 4441 ta,
2040 4374 2157 4431 solo
2200 4376 2427 4446 penitus
2464 4385 2698 4447 equatat
2730 4386 2894 4443 sunt,
2950 4378 3026 4432 ita
3070 4386 3129 4432 ut
3174 4392 3365 4432 earum
3414 4392 3517 4432 nec

1917 4467 2187 4523 memoria
2239 4482 2342 4525 nec
2389 4482 2594 4525 nomen
2654 4467 3080 4539 relinqueretur.
3138 4467 3273 4524 Cum
3329 4480 3515 4525 autem

211 4577 333 4626 πως
368 4563 471 4632 ὲρη
478 4560 609 4632 μίαν
636 4559 877 4631 παντελῆ
936 4562 1402 4632 προαγορεύοντος
1462 4560 1556 4616 τοῦ
1612 4561 1773 4631 λόγου
1796 4600 1810 4627 ,

1919 4560 2294 4617 omnimodam
2341 4559 2740 4616 desolationem
2780 4576 2965 4617 sermo
2997 4561 3294 4633 signiticet,
3331 4565 3514 4617 contio

214 4652 527 4727 έπληροῦτο
548 4654 606 4708 δὶ
630 4654 724 4707 καὶ
746 4651 887 4726 αὕτη
914 4652 1059 4708 κατά
1086 4654 1215 4718 τοὺς
1254 4653 1535 4729 Ἀδριανοῦ
1569 4654 1814 4727 χρόνους,

214 4748 337 4803 καθ’
366 4745 462 4810 οὓς
489 4745 751 4817 δευτέραν
780 4745 1177 4819 ὑπομείναντες
1214 4746 1456 4801 Ἰουδαῖοι
1476 4745 1814 4818 πολιορκίαν,

213 4842 296 4906 είς
324 4838 493 4894 τοῦτο
518 4837 581 4893 τὸ
624 4837 795 4894 κακον
821 4837 1211 4911 περιέστησαν,
1252 4839 1330 4903 ὼς
1368 4838 1555 4910 νόμοις
1584 4838 1679 4891 καὶ
1702 4838 1820 4892 δια-

212 4935 496 5007 τάγμασιν
522 4932 1010 5006 αύτοκρατορικοῖς
1038 4931 1175 5004 μηδι
1203 4930 1266 4998 έξ
1290 4932 1539 4988 ἀπόπτου
1564 4929 1665 5003 τὴν
1692 4931 1819 5003 ἐρη-

217 5022 351 5093 μίαν
376 5019 479 5091 τῆς
502 5018 716 5074 ἑαυτῶν
737 5018 1122 5094 μητροπόλεως
1150 5019 1377 5093 θεωρεῖν
1397 5020 1810 5094 ἐπιτρέπεσθαι.

290 5135 312 5169 ι
361 5116 477 5169 Καὶ
505 5114 644 5187 μετά
674 5114 849 5171 ταῦτα
899 5119 1169 5189 μακρυνεῖ
1193 5117 1224 5171 ό
1254 5115 1389 5181 Θεὸς
1417 5119 1548 5182 τοὺς
1596 5115 1813 5190 ἀνθρώ-

218 5226 381 5275 πους,
411 5208 511 5261 καὶ
532 5209 583 5262 oi
611 5208 1064 5279 καταλειφθέντες
1082 5207 1557 5281 ’πληθυνθήσονται
1588 5210 1682 5263 ἐπὶ
1708 5213 1812 5285 τῆς

213 5302 340 5375 τῆς.
378 5300 493 5355 καὶ
524 5300 600 5355 ἔτ’
632 5296 719 5355 ἔτῖ
758 5300 930 5373 αὐτῆς
976 5303 1091 5357 ἔστι
1125 5302 1188 5357 τὺ
1225 5301 1566 5358 ἐπιδέκατον.
1611 5324 1629 5357 t
1664 5304 1811 5376 Σύμ-

219 5410 397 5467 μαχος
432 5391 698 5458 ἐξέδωκε·
739 5413 759 5447 ι
805 5394 1041 5466 Μακρὰν
1069 5396 1291 5468 ποιήσει
1325 5395 1531 5468 Κύριος
1556 5396 1685 5461 τοὺς
1716 5398 1812 5450 άν-

218 5484 496 5557 θρώπους.
552 5502 573 5537 a
610 5485 875 5557 Σημαίνει
912 5484 1025 5557 γάρ
1058 5485 1088 5537 ό
1117 5484 1275 5556 λόγος
1318 5484 1407 5539 διὰ
1446 5485 1547 5557 τῆς
1596 5485 1813 5539 τοιᾶσδε

216 5579 335 5638 τοῦ.
359 5598 377 5628 ι
400 5580 693 5650 μακρυνεῖ,
719 5598 739 5631 ι
759 5577 1077 5650 ἑρμηνείας,
1092 5579 1262 5649 ἦγουν
1274 5574 1392 5641 τοῦ,
1414 5595 1433 5629 ι
1456 5574 1677 5648 μακράν
1690 5594 1814 5631 ποι-

220 5669 365 5741 ησει,
401 5690 420 5723 ι
444 5668 516 5742 ην
559 5667 703 5724 κατά
728 5668 820 5724 τὸν
857 5668 1020 5725 αὑτὸν
1052 5669 1248 5741 χρόνον
1286 5668 1587 5741 ὑπέμειναν
1606 5670 1812 5741 αἰχμα-

1919 4653 1998 4724 git
2024 4663 2081 4708 et
2106 4652 2195 4706 illa
2224 4651 2454 4708 Adriani
2516 4661 2787 4725 tempore,
2824 4668 2951 4709 cum
2985 4652 3183 4721 Judaei,
3217 4657 3516 4711 secundum

1917 4746 2061 4817 passi
2110 4744 2475 4810 obsidionem,
2538 4746 2594 4801 in
2642 4754 2857 4801 tantum
2896 4746 3233 4803 calamitatis
3280 4747 3518 4803 devene-

1917 4849 2067 4903 runt,
2092 4847 2151 4892 ut
2181 4836 2396 4909 legibus
2436 4847 2491 4892 et
2527 4836 2702 4906 jussis
2741 4838 3151 4908 imperatoriis,
3187 4854 3255 4895 ne
3290 4841 3517 4911 quidem

1918 4930 2108 5001 procul
2144 4928 2467 5000 metropolis
2509 4944 2623 4986 sum
2661 4930 2979 4987 vastitatem
3013 4933 3337 5003 conspicere
3384 4950 3514 5005 per-

1925 5022 2298 5102 mitterentur.
2630 5023 2637 5032 ’

1997 5113 2162 5171 γης.
2206 5116 2294 5170 12.
2342 5135 2363 5169 ι
2396 5115 2464 5171 Ει
2508 5124 2698 5186 postea
2744 5116 3028 5189 elongabit
3061 5117 3205 5174 Deus
3241 5118 3512 5186 homines,

1922 5214 1977 5262 et
2010 5208 2105 5278 qui
2147 5207 2323 5263 relicti
2369 5208 2579 5264 fuerint
2621 5208 3141 5279 multiplicabuntur
3193 5226 3358 5281 super
3404 5223 3517 5268 ter-

1923 5314 2061 5355 ram.
2094 5300 2163 5355 Et
2189 5302 2371 5358 adhuc
2404 5318 2570 5375 super
2599 5319 2723 5360 eam
2754 5312 2840 5359 est
2872 5306 3184 5361 decimatio.
3210 5325 3231 5359 ι
3266 5305 3520 5377 Symma-

1920 5393 2060 5449 chus
2101 5394 2307 5461 edidit,
2368 5414 2388 5449 ι
2418 5396 2608 5469 Longe
2655 5396 2825 5453 faciet
2869 5398 3133 5454 Dominus
3188 5398 3462 5457 homines.
3494 5422 3515 5457 ι

1923 5486 2037 5543 Hac
2088 5487 2581 5560 interpretatione,
2646 5508 2665 5541 ι
2695 5489 3016 5562 elongabit.
3051 5512 3072 5546 ι
3138 5492 3255 5547 sive
3314 5510 3332 5543 ι
3362 5492 3523 5564 longe

1920 5577 2106 5643 faciet,
2140 5599 2159 5633 ι
2190 5581 2393 5637 indicat
2424 5582 2708 5653 Scriptura
2746 5584 3123 5655 captivitatem
3154 5583 3324 5650 illam,
3355 5601 3520 5655 quam

1920 5686 1989 5728 eo
2022 5672 2138 5742 ipso
2167 5684 2413 5748 tempore
2442 5676 2730 5734 multitudo
2773 5675 3015 5733 Iudaica-
3039 5677 3219 5748 gentis
3258 5690 3518 5748 perpessa

292 5851 405 5927 (l3)
451 5850 583 5909 llaec
616 5850 746 5908 item
787 5852 842 5907 tu
884 5848 1201 5923 Hieronymi
1238 5848 1669 5921 Commentario,
1718 5850 1811 5911 sed
1842 5847 2121 5924 pluribus.
