4014 6414
568 419 663 476 εει

1234 409 1504 467 EUSEBII
1543 398 2028 464 CESARIENSIS
2067 395 2219 452 OPP.
2260 396 2443 453 PARS
2478 397 2570 452 Ill.
2611 426 2679 436 -
2717 392 3130 448 EXEGETICA.

3720 385 3829 438 132

566 551 674 602 est,
703 550 912 591 necnon
952 528 1341 599 dispersionem
1375 527 1519 579 illam
1555 538 1683 592 qua,
1713 521 1839 575 dum
1868 516 2117 572 instanti-

2229 514 2429 568 λωσίαν
2477 513 2536 566 τὸ
2593 509 2796 579 πλῆθος
2845 507 2939 561 τοῦ
3007 507 3275 561 Ἰουδαίων
3329 506 3532 569 ἐθνουςκ
3581 505 3675 558 καὶ
3735 500 3829 552 τὸν

569 630 669 683 bus
698 623 1104 680 calamitatibus
1144 636 1203 674 se
1242 621 1605 687 proriperent,
1642 611 1940 680 disgregati
1976 615 2125 661 sunt.

568 740 586 770 ι
625 716 841 771 Residui
898 724 1024 769 vero
1078 710 1578 778 multiplicabuntur
1609 720 1777 772 super
1822 712 2021 755 terram
2057 717 2075 748 ι
2110 715 2123 751 :

562 811 653 864 alii
679 809 888 863 scilicet
920 822 947 860 a
981 805 1187 873 primis.
1212 801 1313 855 Tot
1345 809 1522 853 autem
1555 809 1786 849 numero
1813 794 1913 861 ipsi
1945 798 2125 853 erunt,

562 912 647 963 nt,
691 917 812 953 cum
848 898 1032 968 primis
1059 893 1378 962 comparati,
1411 889 1592 943 multis
1630 887 1873 957 partibus
1909 882 2123 938 illorum

563 991 964 1045 multitudinem
994 994 1271 1056 superent.

1153 1159 1381 1217 CAPUT
1426 1158 1528 1213 VII.

627 1258 787 1312 Vsus.
832 1255 945 1310 1-3.
993 1273 1012 1307 ι
1043 1254 1105 1307 Et
1154 1254 1357 1308 factum
1389 1261 1474 1305 est
1500 1251 1553 1304 in
1581 1248 1770 1304 diebus
1804 1248 1988 1303 Acha:
2029 1244 2123 1299 ﬁlii

557 1347 847 1408 Joatham,
905 1344 999 1398 lilii
1040 1343 1186 1399 Ozize
1218 1343 1357 1413 regis
1404 1340 1540 1395 Juda
1570 1380 1585 1401 .
1632 1338 1877 1393 ascendit
1922 1335 2125 1391 Raasin

556 1455 651 1492 rex
682 1438 870 1500 Aram,
914 1446 970 1492 et
1022 1436 1232 1489 Phacee
1280 1432 1421 1487 ﬁlius
1458 1430 1719 1485 Romelire
1748 1444 1843 1481 rex
1873 1426 2038 1481 Israel
2069 1426 2124 1480 in

554 1528 878 1595 Jerusalem,
939 1526 1005 1581 ad
1056 1525 1410 1595 praeliandum
1462 1531 1649 1577 contra
1705 1534 1866 1573 eam:
1906 1528 1960 1572 et
2018 1531 2123 1571 non

553 1630 850 1689 potuerunt
898 1618 1148 1673 obsidere
1191 1631 1333 1671 eam.
1392 1615 1458 1670 Et
1505 1612 1898 1668 nuntiaverunt
1940 1606 2122 1663 domui

556 1711 726 1766 David
758 1712 999 1766 dicentes
1026 1727 1039 1762 :
1068 1709 1361 1763 Consensit
1384 1712 1548 1760 Aram
1584 1720 1707 1758 cum
1748 1702 2025 1771 Ephraim,
2072 1709 2126 1753 et

554 1804 855 1872 stupefacta
904 1810 987 1855 est
1037 1800 1217 1854 anima
1263 1799 1403 1868 ejus,
1453 1807 1508 1851 et
1556 1797 1733 1848 anima
1774 1792 1953 1863 populi
1983 1792 2121 1861 ejus,

553 1898 695 1951 sicut
728 1895 923 1964 lignum
968 1897 1021 1949 in
1073 1893 1205 1948 silva
1255 1907 1285 1945 a
1335 1897 1497 1943 vento
1547 1894 1813 1941 movetur.
1875 1883 1939 1937 Et
1988 1882 2124 1936 dixit

553 1984 813 2041 Dominus
841 1987 907 2041 ad
957 1984 1173 2047 Isaiam,
1206 1980 1551 2051 Egrederein
1592 1990 1878 2031 occursum
1915 1973 2119 2038 Achaz,

554 2090 612 2135 tu
660 2090 715 2134 et
759 2081 850 2150 qui
912 2077 1200 2132 derelictus
1251 2083 1332 2129 est
1370 2071 1535 2126 Jasub
1576 2069 1718 2122 lilius
1764 2076 1906 2119 tuus.
1939 2085 1958 2117 ι
2016 2065 2122 2118 Par

552 2169 752 2238 quippe
786 2177 904 2223 erat
932 2178 991 2221 ut
1032 2165 1304 2235 prophetae
1345 2161 1522 2225 ﬁlius,
1576 2160 1667 2228 qui
1715 2173 1821 2211 non
1856 2171 1959 2209 una
1995 2170 2119 2208 cum

552 2260 752 2331 populo
783 2268 1093 2327 corruptus,
1123 2259 1216 2311 sed
1259 2264 1498 2323 paternae
1524 2251 1789 2305 doctrina:
1819 2257 1976 2302 tenax
2009 2246 2121 2298 fue-

552 2362 659 2413 rat,
696 2351 822 2404 hinc
854 2363 1089 2419 praesens
1117 2348 1493 2402 institueretur
1515 2358 1543 2396 a
1568 2351 1742 2411 patre,
1774 2354 1896 2395 cum
1924 2339 2119 2393 ﬁducia

550 2440 861 2502 accedente,
890 2454 951 2494 ac
972 2438 1120 2508 jussa
1138 2443 1488 2505 exsequente.

558 2645 571 2663 ι
630 2621 790 2673 Vsns.
831 2621 884 2674 4.
930 2639 949 2671 ι
974 2620 1038 2675 Et
1069 2620 1213 2672 dices
1241 2618 1310 2680 ei,
1349 2614 1492 2670 Cave
1533 2623 1592 2668 ut
1620 2615 1891 2682 quiescas,
1953 2620 2006 2665 et
2054 2626 2118 2664 ne

552 2712 769 2776 timeas,
803 2724 977 2780 neque
1003 2710 1306 2763 inﬁrmetur
1331 2707 1513 2758 anima
1541 2713 1627 2757 tua
1655 2720 1683 2756 a
1722 2704 1928 2756 duobus
1958 2702 2117 2771 lignis

551 2802 831 2855 titionibus
855 2801 1241 2869 fumigantibus
1270 2798 1350 2850 his
1383 2837 1398 2863 ,
1431 2815 1450 2848 ι
1492 2796 1691 2865 quibus
1731 2794 1865 2849 nihil
1899 2794 2117 2849 luminis

551 2892 698 2957 insit,
729 2891 817 2945 sed
846 2890 937 2959 qui
968 2890 1239 2943 exstincto
1283 2886 1461 2940 titioni
1493 2895 1701 2939 tantum
1749 2884 1953 2939 similes
1985 2884 2112 2938 sint.

548 2979 861 3050 Hnjnsmodi
896 2981 1091 3049 quippe
1122 2989 1247 3033 sunt
1265 2979 1379 3035 .duo
1404 2980 1477 3032 illi
1507 2992 1682 3045 reges,
1713 2990 1945 3044 quorum
1972 2982 2114 3027 metu

544 3080 604 3125 et
651 3070 937 3124 formidine
981 3070 1199 3123 teneris.
1245 3068 1471 3121 Etiamsi
1518 3068 1661 3120 enim
1718 3066 1803 3118 vis
1855 3064 1943 3117 illa
2000 3079 2114 3120 mea

550 3163 964 3232 castigationem
1021 3161 1364 3223 immittens,
1444 3175 1605 3227 quam
1661 3160 1793 3211 iram
1846 3157 2116 3227 appellare

548 3254 726 3307 solent
764 3254 940 3306 divina
970 3252 1212 3315 oracula,
1269 3266 1361 3305 vos
1391 3250 1619 3305 antehac
1663 3250 1858 3317 saepius
1901 3249 2114 3302 invase—

548 3348 639 3407 rit,
696 3345 761 3398 ad
819 3342 1241 3398 confutationem
1291 3357 1504 3405 eorum,
1548 3341 1637 3411 qui
1682 3355 1846 3408 penes
1900 3354 1996 3392 vos
2041 3340 2114 3392 dii

546 3436 883 3490 vocabantur
911 3448 926 3487 :
960 3435 1154 3501 quibus
1186 3448 1282 3488 vos
1328 3432 1545 3502 quidem
1595 3430 1864 3493 ﬁdebatis,
1908 3438 1965 3483 at
1996 3430 2114 3484 illos

546 3528 680 3581 nihil
710 3540 829 3581 esse
850 3526 1257 3594 comprobatum
1287 3533 1389 3589 est,
1434 3539 1558 3578 cum
1583 3538 1677 3577 vos
1710 3522 1913 3575 inimici
1948 3522 2113 3575 vestri

546 3618 791 3672 subditos
833 3632 895 3670 ac
926 3616 1203 3670 dedititios
1235 3624 1527 3684 caperent;
1579 3624 1812 3666 attamen
1863 3612 2113 3680 quoniam

546 3709 629 3762 ira
662 3724 777 3762 mea
829 3708 1010 3777 iniqua
1052 3724 1157 3762 non
1194 3717 1313 3770 est,
1356 3716 1544 3772 utpote
1588 3706 1761 3759 bonus
1809 3704 1969 3771 Deus,
2024 3702 2115 3770 qui

549 3815 644 3855 vos
677 3809 832 3853 antea
882 3800 947 3851 ad
996 3786 1287 3851 utilitatem
1338 3807 1581 3850 vestram
1637 3796 1915 3864 corripui;
1975 3809 2119 3849 nunc

547 3892 741 3946 iterum
778 3891 1143 3944 inﬁrmitatem
1204 3899 1444 3941 vestram
1500 3898 1667 3941 totam
1719 3888 1943 3949 curabo,
1994 3888 2116 3950 si,a

545 3984 775 4053 pristino
802 3996 987 4037 errore
1018 3992 1199 4035 vestro
1226 3980 1606 4048 resipiscentes
1629 4017 1643 4042 ,
1689 3979 1775 4048 pie
1805 3992 1963 4045 agere
1993 3991 2119 4031 vere

545 4076 825 4129 ediscatis.

622 4165 785 4219 Vsus.
825 4164 879 4225 8,
908 4202 957 4217 υ.
982 4182 1001 4214 ι
1023 4163 1129 4217 Sed
1161 4164 1337 4217 adhuc
1362 4163 1643 4232 sexaginta
1667 4161 1905 4231 quinque
1937 4160 2116 4224 annis,

547 4256 763 4312 deﬁciet
805 4269 1031 4323 regnum
1083 4238 1335 4321 Ephraim
1371 4270 1399 4306 a
1433 4254 1648 4322 populo.
1680 4273 1698 4305 ι
1764 4252 1876 4307 Hoc
1913 4254 2042 4307 item
2088 4268 2117 4306 a

546 4349 805 4418 propheta
832 4347 1013 4401 Achaz
1048 4348 1262 4410 ediscit,
1316 4360 1420 4397 non
1472 4347 1559 4397 diu
1618 4354 1807 4414 postea
1858 4344 2119 4399 Samaria:

547 4452 768 4507 regnum
800 4436 1110 4490 solvendum
1158 4450 1311 4500 esse,
1345 4435 1560 4489 subdito
1587 4434 1783 4502 popqu
1826 4449 1931 4487 una
1990 4448 2113 4487 cum

2229 602 2620 673 διασκεδασμδν
2649 602 2708 653 δν
2740 598 3197 670 διεσκεδάσθησαν
3230 597 3519 667 φεύγοντες
3560 595 3663 658 τὰς
3694 598 3823 649 ὲπι-

2229 696 2485 767 κειμένας
2515 695 2698 757 αὐτοῖς
2729 692 3032 762 συμφοράς.
3070 710 3089 742 ι
3127 693 3238 744 Καὶ
3272 693 3320 743 οἱ
3358 686 3824 756 καταλειφθέντες

2226 784 2283 842 δὲ
2317 786 2781 859 πληθυνθήσονται
2811 784 2902 837 ἐπὶ
2932 783 3035 851 τῆς
3065 783 3169 853 γῆς
3188 800 3201 812 ·
3250 802 3268 833 ι
3304 781 3479 852 ἕτεροι
3508 780 3661 842 ὄντες
3705 777 3821 829 τῶν

2228 882 2529 953 προτέρων.
2564 876 2820 931 Τοσοῦτοι
2865 876 2922 928 δὲ
2948 870 3093 928 οὗτοι
3126 874 3360 937 ἔσονται,
3394 872 3490 938 ὡς,
3526 868 3818 942 παραϐαλ-

2225 970 2487 1043 λομένους
2513 971 2707 1033 αὐτοὺς
2735 971 2849 1031 τοῖς
2880 966 3149 1039 πρώτοις,
3184 964 3644 1036 πολλοστημόριον
3673 958 3819 1015 εἶναι

2226 1061 2539 1133 νομίζεσθαι
2566 1059 2659 1113 τοῦ
2686 1060 2911 1113 ἐκείνων
2938 1057 3195 1128 πλήθους,

2758 1150 3155 1203 ΚΕΦΑΛΑΙΟΝ
3200 1151 3273 1201 Z’.

2303 1264 2321 1297 ι
2353 1246 2463 1298 Καὶ
2492 1244 2706 1313 ἐγένετο
2725 1260 2781 1295 εν
2806 1245 2923 1304 ταῖς
2950 1240 3184 1311 ἡμέραις
3221 1239 3389 1309 ’Δχὰζ
3413 1240 3505 1294 τοῦ
3546 1240 3815 1313 Ἰωάθαμ,

2224 1338 2318 1392 τοῦ
2341 1334 2456 1390 υἱοῦ
2494 1337 2664 1401 Ὀζίου
2694 1334 2957 1405 βασιλέως
2994 1332 3184 1396 Ἰούδα,
3220 1332 3387 1403 ἀνέϐη
3426 1333 3686 1386 Ῥαασσὶν
3716 1331 3818 1403 βαρ

2228 1432 2410 1494 σιλεὺς
2459 1428 2656 1499 Ἀράμ,
2690 1429 2784 1481 καὶ
2831 1426 3007 1478 Φακέε
3052 1425 3165 1489 υίὸς
3224 1423 3519 1495 Ῥωμελίου
3555 1424 3817 1493 βασιλεὺς

2237 1522 2451 1593 Ἰσραὴλ
2482 1521 2574 1573 ἐπὶ
2610 1517 2985 1591 Ἰερουσαλὴμ,
3016 1516 3320 1586 πολεμῆσαι
3350 1516 3523 1585 αὐτήν
3543 1532 3557 1544 ’
3588 1515 3683 1567 καὶ
3711 1515 3816 1569 οὐκ

2220 1613 2563 1685 ἠδυνήθησαν
2607 1610 2963 1682 πολιορκῆσαι
3003 1610 3195 1678 αὑτήν.
3246 1608 3355 1661 Καὶ
3406 1607 3687 1677 ἀνηγγέλη
3729 1608 3813 1671 εις

2222 1706 2313 1759 τὸν
2341 1701 2488 1758 οἶκον
2516 1702 2699 1767 Δαυῒδ,
2734 1703 2981 1769 λέγοντες
3000 1719 3013 1732 ·
3047 1699 3434 1771 Συνεφώνησεν
3462 1701 3517 1751 ’Δ
3528 1699 3639 1768 ρὰμ
3674 1699 3815 1769 πρὸς

2223 1797 2314 1849 τὸν
2358 1796 2626 1865 Ἐφραῖμ·
2663 1794 2757 1847 καὶ
2780 1791 2970 1861 ἐξέστη
2998 1794 3030 1862 ἡ
3070 1792 3215 1862 ψυχὴ
3247 1789 3435 1851 αὐτοῦ,
3472 1790 3564 1842 καὶ
3598 1794 3629 1859 ὴ
3661 1788 3812 1860 ψυχὴ

2223 1886 2315 1939 τοῦ
2348 1885 2476 1938 λαοῦ
2509 1883 2693 1945 αὑτοῦ,
2722 1884 2780 1935 ὃν
2805 1883 3004 1952 τρόπον
3030 1884 3086 1933 ὲν
3108 1881 3298 1951 δρυμῷ
3330 1879 3482 1944 ξύλον
3509 1879 3614 1931 ὑπὸ
3644 1879 3813 1932 πνεύ-

2226 1995 2392 2049 ματος
2444 1976 2694 2045 σαλευθῇ.
2746 1976 2857 2027 Καὶ
2902 1969 3023 2026 εἷπε
3080 1972 3284 2044 Κύριος
3337 1972 3475 2043 πρὸς
3544 1972 3809 2023 Ἡσαΐαν·

2225 2068 2445 2133 Ἔξελθε
2479 2069 2559 2129 είς
2582 2066 2905 2136 συνάντησιν
2941 2064 3126 2133 Ἀχάς,
3154 2065 3217 2116 σὺ
3246 2065 3337 2116 καὶ
3367 2064 3395 2114 ὁ
3428 2061 3814 2130 καταλειφθεὶς

2234 2158 2444 2212 ’ἰασοὺὸ
2478 2161 2505 2210 ό
2546 2158 2659 2219 υἱός
2690 2173 2804 2210 σου.
2846 2175 2864 2206 ›
2905 2155 3051 2207 Ἔδει
3085 2154 3141 2206 δὲ
3172 2155 3266 2206 καὶ
3314 2152 3404 2205 τὸν
3446 2152 3562 2204 υἱὸν
3593 2150 3812 2221 προφή-

2220 2266 2335 2314 του,
2386 2251 2458 2320 μὴ
2499 2248 2963 2317 συνδιαφθαρέντα
3007 2245 3086 2315 τῷ
3124 2245 3337 2314 πλήθει,
3374 2242 3811 2312 ὲναπομείναντα

2219 2341 2276 2395 δὲ
2306 2345 2371 2412 τῇ
2418 2342 2649 2411 πατρικῇ
2684 2336 3024 2405 διδασκαλίᾳ,
3074 2335 3472 2406 μαθητεύεσθαι
3507 2332 3567 2397 ἐξ
3596 2334 3808 2385 ἐκείνου

2218 2434 2296 2503 τῷ
2339 2434 2525 2503 πατρὶ,
2569 2431 2657 2484 διὰ
2681 2431 2773 2483 τοῦ
2821 2433 3067 2501 παρεῖναι
3102 2429 3250 2498 αὺτῷ
3292 2426 3602 2496 θαρσαλέως
3636 2442 3811 2496 προσο

2222 2526 2357 2578 ιόντι
2377 2527 2470 2578 καὶ
2503 2526 2792 2595 πράττοντι
2820 2521 2887 2574 τὰ
2916 2522 3266 2592 κελευόμενα.

2294 2637 2313 2667 ‹
2356 2618 2461 2669 Καὶ
2493 2618 2636 2685 ἐρεῖς
2664 2615 2839 2685 αὐτῷ·
2874 2614 3110 2679 Φύλαξαι
3148 2613 3238 2666 τοῦ
3274 2614 3563 2683 ήσυχάσαι,
3605 2611 3699 2664 καὶ
3728 2610 3812 2683 μὴ

2219 2708 2407 2777 φοόοὖ,
2448 2708 2581 2778 μηδὲ
2620 2707 2915 2759 ἀσθενείτω
2945 2708 2978 2777 ἡ
3007 2705 3151 2775 ψυχή
3189 2721 3281 2757 σου
3311 2705 3420 2757 ἀπὸ
3451 2704 3559 2757 τῶν
3592 2703 3687 2757 δύο
3716 2702 3815 2767 ξύ.

2218 2800 2323 2854 λων
2350 2801 2456 2853 τῶν
2480 2798 2652 2852 δαλῶν
2674 2799 2781 2851 τῶν
2809 2797 3219 2868 καπνιζομένων
3240 2796 3464 2860 τούτων,
3502 2815 3520 2846 ι
3550 2794 3811 2865 οὐδαμῶς

2219 2892 2318 2960 μὲν
2350 2889 2464 2958 φῶς
2500 2889 2765 2960 ἑχόντων,
2800 2888 2941 2958 δαλῷ
2973 2888 3029 2941 δὲ
3084 2888 3245 2957 μόνον
3278 2886 3593 2958 ὲσ6εσμένῳ
3627 2885 3811 2940 ἐοικό-

2216 3001 2342 3036 των.
2375 2982 2619 3035 Τοιοῦτοι
2647 2983 2755 3054 γάρ
2798 2983 2940 3045 τινές
2970 2983 3107 3033 εἰσιν
3136 2983 3184 3033 οἱ
3214 2981 3307 3033 δύο
3350 2980 3609 3050 βασιλεῖς,
3635 2971 3711 3032 ὧν
3746 2978 3811 3031 ὲν

2218 3076 2368 3146 φόϐῳ
2398 3078 2491 3129 καὶ
2522 3074 2691 3143 ἀγῶνι
2721 3074 3081 3143 καθέστηκας.
3115 3072 3176 3125 Εἰ
3206 3070 3315 3143 γὰρ
3344 3072 3438 3125 καὶ
3466 3072 3534 3125 τὰ
3568 3070 3811 3140 μάλιστα

2142 3189 2185 3244 C
2219 3168 2251 3235 ἡ
2286 3165 2601 3236 παιδευτική
2628 3181 2729 3234 μου
2758 3163 3003 3232 δύναμις,
3035 3164 3101 3234 ἢν
3132 3163 3301 3234 ὀργὴν
3326 3162 3619 3214 ἀποκαλεῖν
3645 3160 3811 3214 εἴωθε

2217 3254 2288 3307 τὰ
2333 3255 2507 3322 λόγια,
2556 3254 2819 3325 μετῆλθεν
2872 3254 3014 3323 ὑμᾶς
3046 3254 3105 3305 τὸ
3143 3254 3425 3323 πρότερον,
3460 3253 3541 3313 εἰς
3582 3249 3813 3320 ἔλεγχον

2215 3346 2322 3399 τῶν
2347 3345 2760 3416 ὀνομαζομένων
2787 3344 2940 3413 ὑμῶν
2969 3343 3127 3406 θεων,
3152 3337 3233 3405 οἷς
3265 3341 3544 3411 ὲθαρσεῖτε
3576 3342 3677 3410 μὲν
3706 3340 3811 3395 αὒ-

2214 3439 2317 3499 τοὶ,
2346 3437 2393 3489 οἳ
2421 3437 2477 3489 δὲ
2508 3436 2567 3488 τὸ
2599 3437 2764 3505 μηδὲν
2793 3435 2944 3498 ὄντες
2975 3434 3346 3504 άπηλέγχοντο
3364 3473 3377 3497 ,
3412 3432 3649 3502 ὁπηνίκα
3677 3428 3811 3485 ύπο-

2215 3529 2449 3598 χειρίους
2474 3528 2618 3595 ὑμᾶς
2648 3521 2787 3579 εἷλον
2816 3526 2864 3577 οί
2898 3524 3163 3594 πολέμιοι·
3198 3525 3364 3594 ὅμως,
3398 3522 3519 3575 ἐπεὶ
3553 3523 3626 3592 μή
3654 3523 3809 3575 ἔστιν

2216 3622 2249 3689 ἡ
2282 3620 2388 3688 ὲμὴ
2418 3618 2554 3689 ὀργὴ
2581 3619 2915 3687 παράνομος,
2941 3617 3015 3678 ὡς
3045 3616 3247 3683 ἀγαθὸς
3269 3614 3399 3677 Θεὸς
3427 3613 3587 3677 αὐτὸς
3620 3613 3714 3665 καὶ
3739 3614 3810 3665 τὸ

2218 3706 2431 3777 πρῶτον
2485 3708 2628 3776 ὑμᾶς
2672 3706 2763 3757 ἐπὶ
2798 3705 2875 3775 τῷ
2918 3706 3251 3776 συμφέροντι
3294 3704 3528 3767 παίσας’
3567 3703 3664 3755 καὶ¹
3704 3701 3808 3757 νῦν

2217 3795 2371 3861 αὖθις
2423 3800 2529 3851 πᾶν
2562 3798 2622 3850 τὸ
2650 3798 2863 3867 νόσημα
2889 3796 3042 3867 ὑμῶν
3088 3798 3328 3866 ἰάσομαι,
3374 3795 3469 3849 ἐὰν
3491 3834 3504 3858 ,
3537 3797 3807 3864 ἐπιστρα-

2220 3890 2408 3957 φέντες
2441 3891 2539 3959 τῆς
2574 3888 2844 3960 προτέρας
2874 3888 3103 3959 πλάνης,
3140 3888 3359 3957 μάθοιτε
3390 3886 3633 3939 εὺσεόεἰν
3665 3886 3805 3957 ἁλη-

2220 3980 2345 4043 θῶς.

2295 4183 2313 4215 ι
2366 4162 2502 4215 Ἀλλ’
2536 4162 2616 4215 ἔτι
2664 4162 2928 4233 ἑξήκοντα
2958 4161 3127 4213 πέντε
3170 4160 3306 4214 ἐτῶν
3351 4160 3593 4229 ἐκλείψει
3628 4162 3660 4231 ἠ
3702 4159 3807 4229 βαο

2220 4256 2390 4308 σιλεία
2434 4252 2672 4325 Ἐφρατμ
2713 4255 2821 4307 ἀπὸ
2872 4253 3021 4307 λαοῦ.
3084 4272 3101 4303 ι
3153 4252 3431 4307 Μανθάνει
3478 4251 3657 4304 τοίνυν
3704 4254 3807 4306 καὶ

2217 4349 2372 4401 τοῦτο
2402 4346 2550 4418 παρὰ
2585 4347 2675 4399 τοῦ
2709 4348 2985 4416 προφήτου
3017 4348 3043 4399 ὁ
3088 4345 3252 4415 Ἀχάζ
3270 4362 3283 4374 ο
3321 4345 3394 4407 ὠς
3429 4345 3550 4397 ὅσον
3581 4344 3734 4398 οὔπω
3767 4346 3803 4415 ἠ

2219 4440 2315 4509 τῆς
2343 4437 2653 4507 Σαμαρείας
2684 4436 2926 4506 βασιλεία
2964 4436 3421 4503 καταλυθήσεται,
3450 4436 3543 4488 τοῦ
3574 4438 3632 4488 ὲν
3655 4436 3798 4508 αὐτῇ

548 4529 762 4597 regibus
789 4529 839 4581 in
871 4527 1240 4595 captivitatem
1289 4527 1539 4591 abducto,
1586 4534 1748 4593 atque
1785 4526 1854 4579 ob
1903 4524 2109 4579 nefaria

2224 4531 2634 4601 βασιλευομένου
2680 4528 2809 4581 λαοῦ
2858 4529 3039 4591 αὐτοῖς
3096 4526 3403 4581 ϐασιλεῦσιν
3448 4526 3797 4596 αἰχμαλώτου

547 4630 699 4689 gesta
734 4620 785 4671 in
827 4618 1075 4687 Assyrios
1114 4618 1399 4672 translato.
1452 4618 1610 4683 Quod
1663 4618 1728 4682 si,
1775 4618 1870 4681 ait,
1906 4627 2117 4685 tempus

549 4724 708 4763 nosse
738 4718 1010 4777 peroptes,
1037 4711 1173 4763 scito
1216 4711 1374 4764 annis
1409 4710 1603 4765 abhinc
1642 4708 1923 4776 sexaginta
1954 4708 2113 4775 quin-

544 4812 653 4872 que
696 4811 977 4853 venturum
1010 4799 1357 4869 Assyriorum
1391 4816 1569 4869 regem
1598 4839 1614 4868 ,
1652 4801 1904 4868 ipsosque
1932 4814 2114 4852 omnes

546 4895 787 4962 captivos
814 4894 1191 4957 abducturum,
1226 4892 1278 4945 in
1311 4907 1569 4959 suamque
1625 4890 1899 4959 regionem
1944 4899 2117 4944 trans-

546 4966 886 5056 portaturnm
914 5000 1050 5038 esse.
1092 4983 1393 5052 l’larejussit
1423 4985 1561 5037 Deus
1586 4984 1906 5051 prophetam
1937 4998 2110 5035 enun-

549 5079 706 5138 tiare,
744 5086 853 5128 tum
896 5076 994 5142 ipsi
1034 5076 1213 5128 Acha:
1238 5114 1252 5139 ,
1298 5084 1407 5126 tum
1463 5075 1676 5127 subdito
1725 5074 1922 5141 populo
1955 5090 1970 5125 :
2006 5087 2111 5140 quo

552 5168 655 5221 illis
684 5177 873 5220 auctor
907 5175 1068 5228 esset,
1118 5175 1175 5219 ut
1212 5164 1278 5217 ad
1302 5180 1359 5217 se
1388 5174 1855 5227 converterentur,
1904 5179 1966 5216 ac
1994 5178 2111 5215 cre-

548 5259 756 5320 derent,
818 5271 991 5324 neque
1038 5257 1198 5309 dictis
1234 5256 1390 5309 ﬁdem
1446 5264 1719 5323 negarent.
1774 5253 1901 5307 Illos
1952 5267 2111 5321 porro

547 5350 821 5414 sexaginta
852 5348 1089 5414 quinque
1130 5361 1319 5407 armos,
1358 5346 1507 5397 aiunt
1536 5345 1881 5397 Hebraeorum
1915 5345 2004 5397 ﬁlii
2044 5345 2109 5395 ad

548 5454 711 5491 unum
764 5440 1005 5505 expletos
1064 5439 1415 5503 deprehendi,
1470 5436 1514 5489 si
1566 5438 1685 5505 quis
1725 5453 1754 5489 a
1804 5453 1907 5489 xxv
1968 5435 2111 5489 Ozite

553 5528 700 5595 regni
727 5543 865 5581 anno
890 5539 1200 5596 computum
1229 5528 1493 5581 ordiatur.

628 5791 787 5849 Vens.
829 5795 1038 5864 10,11.
1085 5816 1104 5849 ι
1134 5796 1199 5851 Ει
1253 5796 1447 5867 adjecit
1501 5798 1757 5855 Dominus
1822 5799 1967 5869 loqui
2036 5800 2100 5855 ad

2216 4623 2597 4693 γενησομένου,
2640 4622 2735 4673 καὶ
2793 4623 2870 4681 είς
2911 4620 3227 4690 Ἀσσυρίους
3268 4619 3801 4689 ἀποικισθησομένου
3868 4613 3877 4621 ’

2214 4714 2299 4766 διὰ
2326 4715 2421 4776 τὰς
2454 4711 2892 4782 ὑπερϐαλλούσας
2923 4712 3100 4763 αὐτῶν
3133 4712 3423 4780 ἀθεμίτους
3458 4712 3705 4781 πράξεις.
3734 4714 3803 4767 El

2211 4805 2266 4856 δὲ
2309 4804 2513 4857 καὶτὸν
2551 4804 2738 4873 χρόνον
2767 4799 2972 4863 ποθεῖς,
3010 4804 3163 4869 φησὶ,
3200 4801 3411 4870 μαθεῖν,
3440 4802 3697 4867 γίνωσκε,
3721 4799 3802 4866 ὼς

2212 4895 2339 4948 εἴσω
2367 4895 2629 4966 ἐξήκοντα
2661 4896 2753 4947 καὶ
2784 4895 2943 4946 πέντε
2973 4894 3108 4945 ἑτῶν
3129 4934 3141 4957 ,
3172 4893 3366 4954 ἐπιϐὰς
3399 4896 3427 4946 ό
3457 4894 3567 4946 τῶν
3612 4895 3801 4947 Ἀσσυ-

2215 4987 2342 5055 ρίων
2380 4985 2651 5055 βασιλεὺς,
2682 4984 2887 5044 πάντας
2926 4986 3121 5046 αὐτοὺς
3147 4984 3373 5054 λήψεται
3404 4986 3497 5036 καὶ
3524 4984 3811 5052 αἰχμαλὼέ

2211 5093 2332 5138 τους
2360 5078 2439 5137 εἰς
2469 5076 2567 5144 τὴν
2594 5074 2786 5125 ἑαυτοῦ
2824 5074 3085 5142 μετοικιεῖ
3113 5072 3317 5145 χώραν.
3350 5071 3535 5125 Ταῦτα
3562 5072 3639 5140 τῷ
3669 5090 3803 5143 προ-

2213 5169 2357 5238 φήτῃ
2386 5167 2563 5233 λέγειν
2592 5168 2619 5217 ὁ
2646 5166 2776 5227 Θεὸς
2810 5166 3171 5237 προσέταττεν
3201 5165 3347 5235 αὑτῷ
3390 5182 3449 5217 τε
3488 5164 3565 5233 τῷ
3604 5165 3795 5233 Ἀχὰζ,

2211 5260 2302 5309 καὶ
2330 5258 2405 5327 τῷ
2435 5258 2523 5309 ὑπ’
2572 5258 2733 5309 αὑτὸν
2763 5258 2875 5327 λαῴ
2897 5276 2907 5287 ·
2948 5258 3249 5327 παρορμῶν
3300 5260 3497 5321 αὐτοὺς
3537 5257 3675 5327 πρὸς
3708 5260 3802 5310 αύ-

2220 5347 2307 5398 ·ὸν
2343 5349 2706 5416 ἐπιστρέφειν,
2752 5348 3021 5399 πιστεύειν
3051 5365 3108 5398 τε
3143 5349 3235 5399 καὶ
3286 5348 3356 5416 μὴ
3400 5350 3646 5399 ἀπιστεῖν
3683 5352 3801 5410 τοῖς

2221 5438 2557 5507 είρημένοις’
2602 5439 2669 5489 τά
2714 5455 2774 5504 γε
2829 5438 2932 5507 μὴν
2980 5438 3238 5506 ἐξήκοντα
3289 5438 3449 5490 πέντε
3486 5438 3579 5506 ἔτη
3632 5440 3799 5503 φασὶν

2229 5528 2491 5599 Ἐϐραίων
2555 5530 2738 5590 παῖδες
2787 5532 2866 5591 είς
2925 5530 2984 5580 τὸ
3032 5529 3259 5597 ἀκριϐὲς
3318 5528 3793 5599 συμπληροῦσθαι,

2215 5620 2361 5682 εἴτις
2385 5620 2633 5691 ἀριθμεῖν
2660 5621 3021 5689 ἅρξηταιτους
3046 5620 3267 5689 χρόνους
3293 5621 3398 5672 ἀπὸ
3423 5619 3515 5671 τοῦ
3540 5620 3794 5689 πέμπτου

2215 5712 2307 5763 καὶ
2333 5711 2576 5763 εἰκοστοῦ
2608 5711 2757 5773 ἔτους
2784 5710 2882 5779 τῆς
2935 5711 3109 5773 ὐζίου
3144 5710 3437 5778 βασιλείας.

2290 5823 2305 5852 ι
2356 5804 2463 5854 Καὶ
2515 5802 2810 5867 προσέθετο
2855 5803 3054 5867 Κύριος
3102 5801 3330 5869 λαλῆσαι
3384 5803 3519 5867 πρὸς
3585 5799 3789 5869 Ἀχάιζθ
