4014 6404
187 383 286 437 1⁸53

1151 379 1664 438 COMMENTARIA
1702 378 1774 435 IN
1814 377 2076 434 lSAlAM.
2120 410 2184 421 —
2225 377 2381 433 CAP.
2424 376 2545 433 VII.

3405 378 3508 434 154

183 499 416 569 Αἰτησαι
459 499 680 571 σεαυτῷ
709 501 938 571 σημεῖον
968 499 1120 571 παρά
1153 500 1363 574 Κυρίου
1392 500 1490 556 τοῦ
1521 499 1659 556 Θεοῦ
1697 516 1784 554 σοι

1901 499 2090 556 Achaz
2128 498 2340 566 dicens,
2377 497 2510 555 Pete
2537 496 2637 554 tibi
2662 497 2878 567 signum
2916 511 2946 551 a
2981 497 3215 553 Domino
3244 496 3355 553 Deo
3391 507 3508 560 tuo,

183 589 261 652 είς
301 587 496 658 βάθος,
537 589 572 661 ἢ
614 591 695 653 είς
735 589 889 659 ὕψος.
930 609 950 641 ι
1002 590 1150 644 ’Δντὶ
1177 591 1236 645 δὲ
1264 591 1381 659 τοῦ,
1419 610 1437 644 t
1477 594 1558 657 είς
1607 591 1791 662 βάθος,

182 681 212 751 ἢ
272 681 360 746 εἰς
395 679 558 752 ὕψος,
599 699 619 733 ι
650 681 680 734 6
714 681 814 752 μὲν
850 681 1168 753 Σύμμαχος,
1201 700 1222 734 ‹
1263 682 1498 755 Αίτησαι
1557 683 1790 754 σεαυτῷ,

180 774 337 844 φησι,
383 775 615 844 σημεῖον
648 771 803 844 παρὰ
832 773 1040 843 Κυρίου
1073 770 1213 826 Θεοῦ
1271 788 1396 826 σου’
1450 771 1680 843 βάθυνον
1709 775 1793 838 είς

178 867 336 938 ᾅδην,
367 867 404 936 ἢ
430 869 515 930 εἰς
543 865 677 936 ὖψθς
701 865 849 919 ἄνωο
895 884 915 917 ι
953 866 983 918 6
1020 866 1077 919 δὲ
1118 864 1372 930 Ἀκύλας,
1405 886 1424 918 t
1473 865 1792 939 Ἐπερὼτη-

177 976 273 1012 σον
301 956 527 1028 σεαυτῷ
558 959 788 1030 σημεῖον
813 956 968 1031 παρὰ
1003 957 1212 1030 Κυρίου
1240 957 1336 1012 τοῦ
1375 957 1512 1012 Θεοῦ
1543 975 1658 1011 σου·
1698 957 1794 1028 βά-

174 1049 342 1103 θυνον
368 1050 453 1112 είς
492 1047 649 1120 ᾅδην,
695 1046 1030 1121 μετεώρισω
1065 1047 1148 1110 είς
1175 1045 1344 1117 ὕψος·
1391 1066 1411 1099 ι
1461 1050 1490 1102 6
1519 1048 1579 1102 δὲ
1604 1049 1794 1102 Θεοδο-

172 1141 340 1206 τίων,
387 1159 408 1192 ι
445 1139 681 1211 Δίτησαι
708 1139 919 1212 σεαυτῷ
946 1140 1098 1213 παρὰ
1123 1140 1332 1213 Κυρίου
1361 1140 1456 1194 τοῦ
1485 1139 1621 1195 Θεοῦ
1653 1158 1748 1195 σου
1772 1159 1787 1172 ·

172 1232 417 1303 βάθυνον
441 1236 524 1297 είς
552 1233 708 1306 ᾅδην,
742 1233 958 1303 ὔψωσον
995 1232 1130 1287 ἄνω.
1169 1252 1190 1286 ι
1225 1233 1522 1288 Κελεύεται
1556 1233 1738 1289 τοίνυν
1763 1237 1792 1289 6

184 1325 364 1396 Ἀχὰζ
399 1328 630 1398 σημεῖον
665 1328 922 1398 αίτῆσαι,
965 1325 1036 1378 δι’
1065 1318 1128 1380 οῦ
1167 1323 1513 1397 σωθήσεσθαι
1567 1325 1790 1398 ἔμελλεν

169 1417 343 1481 αὑτός
371 1434 433 1470 τε
476 1418 571 1472 καὶ
596 1421 624 1473 6
665 1420 765 1473 σὺν
789 1417 940 1490 αὐτῷ
977 1417 1123 1482 λαός.
1167 1417 1450 1482 Ἐξουσίαν
1486 1417 1545 1472 δὲ
1575 1419 1790 1474 δίδωσιν

170 1508 331 1578 αύτῷ
376 1511 406 1563 6
441 1510 577 1574 Θεὸς
617 1510 888 1583 αἱρέσεως
917 1508 1014 1564 τοῦ
1050 1509 1303 1582 σημείου,
1335 1509 1447 1563 είτε
1491 1512 1558 1565 ἐκ
1593 1511 1790 1582 βάθους

169 1605 486 1674 αἰτήσειεν,
518 1602 670 1669 αύτῷ
697 1603 918 1673 δοθῆναι
954 1601 1137 1666 τοῦτο,
1182 1605 1250 1657 ὲκ
1296 1602 1494 1673 βάθους
1533 1605 1633 1674 ούχ
1673 1606 1790 1660 ἐτέ-

171 1715 270 1768 ρου
319 1697 356 1768 ἢ
389 1696 490 1750 τοῦ
517 1697 661 1750 κατὰ
690 1698 781 1752 τὸν
817 1697 952 1769 ᾅδην
972 1714 984 1726 ·
1011 1697 1122 1750 εἴτε
1155 1695 1216 1761 ἐξ
1255 1695 1446 1766 ὕψους,
1477 1697 1572 1750 καὶ
1605 1699 1789 1753 αὐτῶν

170 1789 282 1843 τῶν
315 1792 437 1845 ἄνω
475 1789 789 1861 μετεώρων.

1901 591 1955 645 in
1986 590 2341 662 profundum,
2377 601 2473 646 aut
2508 591 2563 646 in
2587 589 2820 646 altuma
2856 588 2965 646 Pro
2991 589 3108 658 illo,
3144 609 3163 644 ι
3190 592 3247 647 in
3277 590 3510 662 profun-

1897 684 2051 750 dum,
2101 695 2198 740 aut
2265 685 2320 740 in
2370 683 2584 745 altum.
2617 702 2638 736 ι
2694 682 3065 754 Symmachus
3118 683 3342 755 quidem
3407 684 3509 748 ait,

1905 795 1924 828 ‹
1951 776 2084 832 Ρειε
2112 775 2210 832 tibi
2236 776 2456 846 signum
2485 790 2516 829 a
2550 774 2786 831 Domino
2834 773 2948 830 Deo
2988 775 3111 843 tuo,
3164 775 3412 844 deprime
3449 776 3506 830 in

1897 866 2198 930 infernum.
2224 876 2322 923 aut
2363 869 2421 923 in
2461 866 2743 923 excelsum
2790 880 2994 936 supra;
3027 885 3046 919 ι
3105 867 3304 936 Aquila
3348 882 3506 931 vero,

1902 977 1921 1011 ι
1944 959 2098 1032 Roga
2138 960 2239 1017 tibi
2264 962 2483 1032 signum
2516 975 2546 1016 ε
2579 959 2814 1015 Domino
2843 961 2958 1015 Deo
3004 968 3120 1024 tuo,
3168 959 3422 1030 deprime
3452 960 3506 1013 in

1895 1051 2198 1117 infernum.
2227 1052 2378 1109 eleva
2417 1053 2471 1109 in
2510 1051 2766 1118 altum“
2815 1050 3147 1118 Theodotio,
3180 1071 3200 1105 ι
3227 1041 3366 1108 Pete
3408 1050 3505 1108 tibi

1896 1145 2114 1217 signum
2152 1160 2180 1200 a
2233 1145 2467 1200 Domino
2496 1145 2608 1200 Deo
2665 1154 2783 1210 tuo,
2817 1143 3066 1215 deprime
3096 1145 3150 1200 in
3204 1144 3501 1209 infernum,

1895 1237 2051 1293 eleva
2082 1238 2136 1292 in
2164 1237 2388 1291 altum.)
2417 1233 2647 1292 Jubetur
2671 1251 2804 1308 ergo
2831 1236 3018 1292 Achaz
3043 1235 3263 1307 signum
3288 1245 3501 1307 petere,

1895 1346 2004 1401 quo
2039 1339 2154 1385 tum
2202 1330 2339 1399 ipse,
2391 1339 2504 1385 tum
2538 1329 2766 1400 populus
2807 1329 2926 1398 ejus
2958 1330 3190 1386 salutem
3232 1344 3501 1386 consecu-

1895 1434 2052 1478 turus
2098 1431 2239 1477 erat.
2301 1420 2647 1495 Facultatem
2687 1430 2872 1477 autem
2929 1411 3034 1493 ipsi
3087 1422 3298 1492 praebet
3353 1422 3502 1479 Deus

1893 1513 2126 1586 eligendi
2157 1512 2324 1583 signi,
2374 1527 2440 1567 ac
2472 1514 2517 1568 si
2565 1527 2633 1568 ex
2673 1511 2956 1584 profundo
2999 1521 3189 1583 petat;
3247 1529 3317 1569 ex
3363 1528 3494 1584 pro-

1896 1603 2088 1668 fundo,
2131 1618 2240 1659 non
2266 1605 2374 1659 alio
2403 1604 2619 1659 scilicet
2660 1619 2824 1674 quam
2868 1604 3117 1670 inferno,
3162 1620 3223 1660 se
3262 1621 3500 1660 conces-

1895 1713 2120 1765 surum;
2158 1700 2205 1752 sl
2229 1711 2363 1752 vero
2387 1711 2457 1752 ex
2494 1697 2628 1763 alto,
2662 1704 2758 1752 aut
2791 1711 2860 1753 ex
2886 1697 3306 1756 sublimioribus
3333 1698 3497 1769 locis,

1895 1805 1954 1845 se
1983 1791 2236 1844 daturum
2264 1789 2556 1858 pollicetur

249 1902 269 1934 ι
312 1884 430 1936 Καὶ
460 1878 616 1937 εἶπεν
651 1879 840 1951 Ἀχάζ,
865 1881 941 1934 Οὐ
983 1881 1057 1953 μὴ
1081 1881 1312 1954 αίτήσω,
1349 1881 1460 1936 οὐδ’
1482 1882 1544 1935 ού
1579 1881 1654 1954 μή
1678 1899 1784 1935 πει-

1976 1877 2137 1934 Vens.
2182 1879 2272 1935 12.
2321 1897 2340 1931 ι
2368 1878 2435 1932 Ει
2465 1879 2607 1933 dixit
2637 1878 2846 1946 Acnaz,
2878 1878 2997 1935 Non
3025 1889 3209 1950 petam
3232 1926 3246 1950 ,
3294 1890 3351 1937 et
3388 1897 3496 1937 non

175 1977 333 2046 ράσω
373 1974 604 2047 Κύριον.
651 1993 671 2026 ι
716 1974 1025 2028 ’Δναίνεται
1067 1974 1132 2046 δὴ
1173 1969 1290 2039 οῦν,
1337 1974 1435 2029 ἆτε
1469 1974 1535 2046 δὴ
1584 1975 1790 2045 ἀσεϐὴς

171 2068 270 2131 ὢν,
297 2068 398 2121 καὶ
429 2066 508 2138 μὴ
528 2066 844 2139 πειθαρχᾶω
872 2066 952 2137 τῷ
965 2066 1086 2138 Θεῷ
1109 2066 1409 2132 κελεύοντι,
1439 2066 1515 2138 μὴ
1538 2067 1596 2120 δὲ
1618 2067 1789 2121 θέλων

173 2160 496 2232 ἀπόπειραν
523 2158 709 2214 λαϐεῖν
747 2161 849 2229 τῆς
873 2158 968 2212 τοῦ
1000 2158 1136 2214 Θεοῦ
1171 2157 1609 2230 παραδοξοποιοῦ
1638 2158 1791 2214 δυνά-

176 2269 349 2322 μεως.

251 2361 270 2394 t
301 2343 419 2395 Καὶ
454 2339 612 2394 εἶπεν
634 2358 646 2370 ·
695 2339 993 2394 Ἀκούσατε
1023 2341 1110 2410 δὴ,
1139 2334 1292 2405 οῐκος
1328 2338 1521 2394 Δαυτδ’
1567 2339 1661 2411 Μὴ
1701 2357 1790 2410 μι-

171 2435 308 2506 κρὸν
341 2435 479 2504 ὑμῖν
527 2433 717 2502 ἀγῶνα
761 2433 1024 2505 παρέχειν
1062 2432 1398 2506 ἀνθρώποις,
1438 2428 1560 2496 πῶς
1595 2432 1788 2505 Κυρίῳ

172 2528 454 2598 παρέχετε
487 2525 711 2595 ἀγῶνα;
751 2544 770 2577 ι
811 2526 936 2580 ’Etti.
960 2529 1026 2598 τῇ
1049 2525 1146 2580 τοῦ
1175 2525 1372 2597 ἀνδρὸς
1395 2523 1626 2597 ἀπονοίᾳ
1658 2541 1785 2594 σχε-

170 2618 406 2680 τλιάσας
445 2618 478 2670 6
520 2616 842 2688 προφήτης,
877 2614 936 2683 ἐξ
973 2617 1176 2671 οίκείου
1220 2614 1517 2689 προσώπου
1539 2615 1610 2668 τὰ
1655 2614 1787 2686 ἑξῆς

171 2710 444 2778 ἐπιλέγει.
477 2707 668 2763 Ταῦτα
693 2709 752 2762 δὲ
787 2709 816 2760 6
858 2709 958 2779 μὲν
1000 2708 1234 2772 Ἀκύλας
1258 2707 1450 2762 τοῦτον
1472 2708 1788 2781 ἡρμήνευσε

168 2802 261 2856 τὸν
289 2803 504 2875 τρόπον
523 2819 536 2833 ⁸
593 2821 613 2854 α
665 2801 962 2856 Ἀκούσατε
993 2801 1082 2874 δὴ,
1110 2798 1260 2866 οἶκος
1287 2802 1481 2855 Δαυτδ’
1513 2803 1663 2874 Μήτι
1688 2801 1790 2854 ὀλί-

171 2914 268 2965 γον
313 2896 560 2968 μοχθοῦν
602 2894 834 2967 ἄνδρας,
877 2896 960 2948 ὅτι
1013 2895 1264 2966 μοχθεῖτε
1298 2893 1393 2948 καί
1426 2882 1491 2963 γε
1528 2893 1621 2947 τὸν
1653 2892 1788 2946 Θεόν

173 3006 311 3058 μου;
377 3007 396 3039 ι
441 2989 503 3040 '0
551 2987 610 3040 δὲ
666 2985 994 3040 Θεοδοτίων·
1059 3005 1077 3038 ι
1140 2985 1436 3040 Ἀκούσατε
1483 2986 1580 3057 δὴ,
1637 2981 1789 3062 οἶκος

168 3081 374 3135 Δαυῒδ·
427 3079 521 3150 Μὴ
573 3079 770 3151 μικρὸν
822 3078 1011 3146 ἀγῶνα
1069 3079 1333 3150 παρέχειν
1367 3077 1650 3150 ἀνδράσιν,
1703 3078 1787 3131 ὅτι

156 3174 366 3242 -ἀγῶνα
416 3171 695 3244 παρέχετε
740 3172 834 3225 καί
869 3189 934 3240 γε
965 3169 1045 3242 τῷ
1078 3169 1199 3242 Θεῷ
1237 3187 1371 3241 μου;
1409 3189 1428 3222 ι
1463 3171 1520 3224 '0
1542 3170 1599 3224 δὲ
1635 3170 1786 3241 Σύμ-

173 3283 388 3339 μαχος·
445 3286 466 3318 ι
538 3265 833 3320 ’Δκούσατε
868 3264 955 3336 δὴ,
985 3259 1134 3328 οἶκος
1173 3256 1370 3318 Δαυῒδο
1403 3264 1497 3336 Μὴ
1549 3265 1650 3317 οὐκ
1691 3261 1785 3317 αῦ-

165 3377 380 3432 ταρκες
411 3359 544 3429 ύμῖν
579 3357 783 3411 κοποῦν
809 3356 1154 3429 ἀνθρώπους,
1180 3359 1262 3410 ὅτι
1299 3352 1644 3411 κοποῦτεέτι
1687 3359 1784 3414 καὶ

167 3451 261 3504 τὸν
311 3449 454 3502 Θεόν
491 3466 630 3519 μου;
677 3467 695 3499 ι
737 3449 896 3501 Ἐστι
928 3447 986 3500 δὲ
1024 3450 1053 3502 6
1080 3447 1208 3512 νοῦς
1241 3447 1352 3501 τῶν
1397 3449 1781 3521 προκειμένων

169 3545 444 3607 τοιοῦτος·
479 3543 554 3596 Ού
581 3541 857 3596 παύσεσθέ
885 3559 1018 3596 ποτε
1041 3545 1154 3606 τοῖς
1175 3540 1271 3596 τοῦ
1295 3541 1430 3596 Θεοῦ
1451 3543 1782 3615 ἀνθρώποις,

169 3635 322 3705 λέγω
351 3636 420 3706 δὴ
469 3637 586 3698 τοῖς
628 3636 957 3706 προφήταις,
1004 3635 1206 3699 κόπους
1248 3636 1341 3688 καὶ
1392 3636 1645 3706 μόχθους,
1689 3639 1783 3690 καὶ

168 3728 401 3798 ἀγῶνας
471 3728 601 3790 τοὺς
654 3727 795 3799 ὑπὲρ
840 3727 941 3797 τῆς
993 3728 1266 3799 ὑμετέρας
1315 3729 1591 3800 σωτηρίας
1643 3746 1784 3800 παρ-

165 3818 433 3890 έχοντες
474 3817 636 3870 Ἀλλά
679 3817 745 3888 δὴ
780 3819 875 3870 καὶ
909 3816 1059 3887 αὺτῷ
1102 3816 1180 3887 τῷ
1204 3816 1322 3888 ὲμῷ
1353 3817 1495 3887 Θεῷ,
1535 3819 1594 3870 ὃν
1626 3819 1784 3890 ὑμεῖς

167 3912 426 3980 ἀγνοεῖτε
484 3909 579 3964 καὶ
633 3910 917 3981 ἀρνεῖσθε,
976 3913 1046 3981 τῇ
1103 3909 1356 3978 πολυθέῳ
1418 3912 1784 3983 προσέχοντες

169 4003 380 4074 πλάνῃ,
397 4000 674 4072 σκυλμοὺς
694 4002 788 4055 καὶ
803 4001 1028 4066 κόπους,
1053 4003 1147 4056 καὶ
1173 4002 1394 4071 ἀγῶνας
1416 4002 1779 4073 παρέχοντες,

167 4095 248 4165 τῷ
288 4094 370 4166 μὴ
414 4093 700 4163 βούλεσθαι
735 4094 1012 4149 πιστεύειν
1060 4094 1226 4148 αὐτοῦ
1255 4097 1376 4158 ταῖς
1396 4094 1778 4164 ἐπαγγελίαις,

172 4189 312 4258 μηδὲ
347 4186 421 4240 τὰ
452 4186 859 4256 κεκελευσμένα
894 4187 1192 4258 πράττειν;

247 4299 266 4330 ‹
325 4277 431 4331 Διὰ
471 4277 628 4330 τοῦτο
664 4276 825 4330 δώσει
875 4277 1080 4352 Κύριος
1131 4279 1294 4345 αὐτὸς
1341 4281 1471 4352 ὑμῖν
1517 4283 1777 4352 σημεῖοψ

182 4370 318 4424 Ἰδοὺ
351 4368 629 4440 παρθένος
659 4371 716 4422 ὲν
745 4371 944 4442 γαστρὶ
974 4369 1224 4441 λήψεται,
1266 4372 1362 4426 καί¹
1397 4371 1610 4438 τέξεται
1643 4375 1777 4439 υἱὸν,

169 4462 266 4513 καὶ
321 4458 582 4524 καλέσεις
621 4459 681 4510 τὸ
739 4458 910 4529 ὄνομα
960 4460 1125 4513 αὑτοῦ
1187 4462 1557 4534 Ἐμμανουήλ.
1620 4483 1639 4514 ›
1692 4465 1778 4529 Τί,

1896 1970 2124 2026 tentabo
2170 1970 2485 2025 Dominum.
2520 1990 2540 2023 ι
2593 1970 2838 2026 Recusat
2890 1972 3150 2028 videlicet
3194 1982 3254 2028 ut
3293 1975 3500 2043 impius

1893 2078 1958 2118 ac
1992 2064 2088 2120 Dei
2122 2073 2397 2133 praecepto
2424 2077 2533 2118 non
2555 2064 2892 2133 obsequens,
2927 2077 3028 2120 nec
3050 2064 3243 2121 volens
3265 2075 3495 2137 stupen-

1893 2156 1975 2211 da:
1999 2155 2215 2211 virtutis
2253 2155 2352 2210 Dei
2379 2155 2817 2226 experimentum
2848 2171 3072 2227 capere.

1965 2340 2144 2398 Vens.
2178 2340 2273 2397 15.
2319 2359 2338 2394 ι
2367 2340 2437 2396 Ει
2478 2342 2638 2408 dixit,
2661 2341 2864 2398 Audite
2890 2357 3047 2414 ergo,
3079 2343 3275 2399 domus
3297 2344 3491 2413 David,

1889 2428 2163 2502 Numquid
2188 2447 2382 2503 parum
2415 2434 2571 2490 vobis
2595 2445 2679 2490 est
2704 2433 3015 2491 molestiam
3042 2435 3286 2504 praebere
3315 2437 3497 2491 homi-

1892 2524 2071 2593 nibus,
2111 2541 2210 2580 cur
2249 2527 2483 2583 Domino
2536 2527 2846 2582 molestiam
2912 2528 3205 2595 praebetis?
3233 2549 3253 2582 ι
3299 2531 3494 2586 ﬂomi-

1891 2617 1978 2675 nis
2012 2617 2302 2673 stultitiam
2331 2619 2626 2674 miseratus
2651 2619 2947 2689 propheta,
2995 2635 3062 2675 ex
3109 2621 3330 2691 propria
3362 2637 3491 2690 per-

1889 2724 2025 2765 sona
2051 2724 2171 2780 qua
2202 2721 2507 2781 sequuntur
2539 2712 2882 2780 pronuntiat.
2919 2711 3047 2768 Haec
3091 2728 3258 2784 porro
3292 2713 3491 2783 Aquila

1890 2803 1996 2858 hoc
2048 2804 2210 2859 modo
2273 2805 2668 2873 interpretatur
2708 2823 2721 2858 :
2771 2821 2789 2856 ι
2834 2805 3035 2860 Audite
3083 2821 3237 2877 ergo,
3297 2807 3493 2862 domne

1891 2895 2086 2962 David,
2131 2893 2405 2965 Numquid
2438 2912 2632 2966 parum
2667 2896 2910 2968 alﬂigere
2935 2899 3103 2965 viros,
3130 2901 3259 2968 quia
3292 2900 3493 2971 θα]ίεὶ-

1893 2987 1962 3042 tis
1997 2988 2164 3042 etiam
2206 2988 2381 3044 Deum
2413 2991 2636 3044 meum?
2666 3010 2684 3041 ι
2720 2989 3027 3046 Theodotio
3073 3001 3278 3058 autem,
3330 3013 3348 3046 ι
3376 2997 3494 3048 Au-

1890 3077 2004 3133 dite
2036 3094 2191 3150 ergo,
2219 3080 2414 3136 domus
2447 3079 2640 3145 David,
2672 3079 2946 3150 Numquid
2969 3094 3162 3151 parum
3189 3082 3492 3138 molestiam

1882 3170 2140 3247 ‘praabere
2173 3172 2331 3239 viris,
2375 3172 2504 3242 quia
2540 3172 2853 3227 molestiam
2887 3172 3145 3242 prtehetis
3183 3175 3346 3228 etiam
3384 3175 3494 3230 Deo

1893 3263 2105 3316 meo?»
2167 3261 2531 3334 Symmachus
2585 3279 2740 3327 vero,
2803 3265 3048 3319 «Audite
3104 3279 3260 3334 ergo,
3296 3266 3493 3322 domus

1896 3353 2101 3420 David,
2143 3355 2342 3412 Annon
2380 3353 2615 3411 suﬂiciet
2657 3356 2817 3411 vobis
2855 3354 3160 3426 defatigare
3206 3359 3491 3425 homines,

1893 3453 2019 3522 quia
2070 3451 2385 3524 defatigatis
2432 3452 2597 3508 etiam
2651 3452 2825 3506 Deum
2866 3452 3147 3521 meumia
3198 3451 3494 3511 Praesentis

1891 3558 2054 3616 porro
2095 3543 2226 3598 dicti
2261 3557 2416 3598 mens
2463 3542 2580 3599 haec
2635 3554 2739 3608 est,
2793 3542 3160 3613 Nunquamne
3199 3544 3493 3600 cessabitis

1893 3635 1986 3689 Dei
2013 3635 2359 3703 hominibus,-
2383 3635 2640 3691 videlicet
2671 3635 2954 3706 prophetis
2981 3651 3080 3705 pro
3102 3647 3286 3692 vestra
3316 3638 3494 3693 saluta

1892 3726 2297 3792 laborantibus,
2336 3726 2782 3797 defatigationes,
2832 3727 3055 3782 labores
3100 3737 3157 3784 et
3209 3728 3493 3784 molestias

1893 3819 2169 3887 prebere?
2225 3818 2334 3875 Sed
2393 3820 2633 3875 etiamne
2682 3818 2781 3886 ipsi
2834 3818 2946 3874 Deo
2998 3833 3142 3883 meo,
3197 3836 3359 3890 quem
3393 3835 3492 3874 vos
3578 3827 3580 3832 '

1893 3913 2156 3980 ignoratis
2207 3919 2263 3965 et
2321 3911 2559 3982 negatis,
2608 3911 2912 3966 multorum
2965 3912 3251 3966 numinum
3312 3913 3490 3969 errori

1893 4003 2087 4071 dediti,
2125 4003 2426 4070 molestias,
2464 4003 2882 4073 defatigationes
2927 4014 2983 4057 et
3023 4004 3253 4060 labores‘
3273 4003 3490 4072 praebe-

1891 4095 2042 4162 bitis,
2093 4096 2341 4152 nolentes
2389 4097 2511 4168 ejus
2559 4095 2849 4167 promissis
2889 4096 3053 4153 ﬁdem
3086 4096 3319 4164 habere,
3383 4111 3489 4153 nec

1891 4187 2008 4256 ejus
2029 4196 2300 4256 praecepta
2326 4187 2591 4258 exsequi?

1963 4278 2130 4336 Vens.
2170 4280 2259 4335 14.
2293 4297 2312 4332 ι
2351 4279 2581 4351 Propter
2610 4281 2717 4336 hoc
2745 4279 2899 4336 dabit
2943 4279 3208 4338 Dominus
3251 4282 3369 4354 ipse
3392 4297 3491 4339 vo-

1891 4375 1976 4429 bis
2027 4377 2238 4444 signum
2267 4394 2278 4429 :
2307 4374 2451 4429 Ecce
2482 4375 2636 4444 virgo
2670 4373 2725 4428 in
2760 4386 2917 4430 utero
2948 4376 3216 4446 concipiet
3242 4416 3259 4442 ,
3307 4386 3363 4432 et
3392 4392 3488 4446 pa-

1892 4469 1998 4522 riet
2048 4467 2239 4535 ﬁlium,
2291 4476 2347 4522 et
2391 4467 2612 4523 vocabis
2664 4483 2865 4523 nomen
2915 4471 3033 4539 ejus
3084 4470 3425 4525 Emmanuel.
3460 4491 3480 4523 ι

172 4555 364 4634 φησιν,
395 4553 514 4606 ἐστὶ
537 4552 600 4605 τὸ
629 4555 895 4626 σωτήριον
941 4560 1185 4624 σημεῖον,
1212 4556 1240 4609 δ
1273 4557 1368 4610 καὶ
1406 4556 1481 4628 μὴ
1528 4555 1781 4628 βουλομέ’

1894 4560 2043 4628 Quod
2087 4570 2213 4628 est,
2239 4560 2414 4628 inquit
2443 4601 2457 4626 ,
2491 4562 2704 4632 signum
2733 4561 3003 4629 salutare,
3037 4562 3181 4631 quod
3206 4563 3361 4617 vobis
3398 4565 3484 4618 vel

171 4665 283 4712 νοις
316 4649 454 4717 ύμῖν
491 4645 754 4717 stupeﬁat;
794 4646 1096 4720 παράδοξόν
1138 4666 1190 4702 τι
1229 4647 1414 4708 θαῦμα
1456 4648 1613 4703 ἔσται
1643 4650 1776 4702 ποτὲ

170 4741 231 4792 ὲν
270 4739 610 4810 ἀνθρώποις,
654 4739 750 4792 καὶ
798 4741 1023 4809 σημεῖον
1081 4739 1350 4811 μηδέποτε
1395 4741 1661 4797 ἀκουσθὲν
1712 4743 1777 4794 ὲκ

167 4830 267 4883 τοῦ
306 4829 516 4892 παντὸς
546 4830 761 4894 αἰῶνος.
793 4832 1072 4902 Παρθένος
1100 4834 1292 4904 κυήσει
1329 4831 1455 4903 δίχα
1491 4833 1591 4902 τῆς
1637 4833 1777 4904 πρὸς

171 4923 347 4992 ἄνδρα
373 4921 681 4986 κοινωνίας,
716 4924 808 4976 καὶ
836 4923 968 4977 Θεὸν
991 4926 1260 4994 γεννήσει,
1291 4926 1522 4996 Σωτῆρα
1544 4925 1635 4978 τοῦ
1667 4926 1778 4979 τῶν

173 5013 489 5085 ἀνθρώπων
516 5012 727 5081 γένους.
752 5015 954 5070 Τοῦτον
982 5017 1144 5070 αὐτὸν
1165 5018 1255 5070 τὸν
1287 5018 1548 5087 μέλλοντα
1580 5018 1781 5090 λαγχά-

170 5123 286 5158 νειν
323 5103 586 5173 τοιαύτης
607 5107 914 5177 γεννήσεως
941 5107 1075 5162 Θεὸν
1100 5111 1325 5180 σημεῖον
1349 5110 1478 5181 ὑμῖν
1513 5115 1780 5184 σωτήριον

173 5195 432 5250 ἐντεῦθεν
479 5195 627 5266 ἤδηὸ
672 5197 805 5260 Θεὸς
852 5200 1116 5270 παρέχει·
1169 5201 1197 5254 ὃ
1238 5202 1302 5272 δὴ
1341 5203 1439 5278 καὶ
1477 5204 1562 5265 είς
1615 5204 1779 5273 βάθος

177 5288 278 5356 μὲν
322 5285 390 5338 δι’
436 5287 503 5354 ἢν
544 5287 846 5358 ’ποιήσεται
896 5289 1089 5360 μέχρις
1139 5291 1266 5363 ᾅδου
1313 5294 1640 5361 κατάϐασιν,
1675 5279 1779 5359 ἐἰς

175 5380 309 5450 ὕψος
338 5380 398 5433 δὲ
443 5379 531 5432 διὰ
566 5380 665 5451 τὴν
703 5381 783 5444 εἰς
819 5383 1082 5454 οὐρανοὺς
1114 5385 1396 5439 ἐπάνοδον.
1434 5389 1506 5440 Σὺ
1537 5384 1654 5449 οὖν,
1706 5384 1781 5441 οἶ-

173 5490 270 5536 xo;
305 5471 493 5534 Δαυῖδ,
531 5472 781 5526 ἐντεῦθεν
816 5474 914 5545 ἥδη
965 5476 1105 5528 κατὰ
1144 5478 1234 5529 τὸν
1277 5479 1465 5550 καιρὸν
1498 5479 1597 5549 τῆς
1644 5481 1778 5550 πρὸς

174 5567 298 5627 τοὺς
331 5563 614 5635 παρόντας
647 5563 936 5635 πολεμίους
971 5567 1249 5638 συμϐολῆς
1280 5569 1552 5623 ἀνακαλοῦ
1588 5571 1770 5636 αὑτὸν,

187 5655 545 5727 Ἐμμανουήλ
578 5656 953 5726 ἐπονομάζων,
980 5660 1119 5730 ὅπερ
1145 5663 1209 5713 ἐκ
1231 5661 1328 5733 τῆς
1355 5664 1653 5734 ἑρμηνείας
1676 5665 1776 5735 τὴν

180 5747 274 5800 τοῦ
306 5749 471 5817 λόγου
509 5747 809 5818 παρίστησι
848 5748 1109 5822 δύναμιν·
1151 5771 1170 5803 ί
1230 5753 1348 5823 μεθ’
1398 5756 1556 5826 ἡμῶν
1598 5776 1617 5808 ι
1668 5757 1776 5829 γὰρ

193 5858 207 5892 ι
249 5844 275 5896 6
297 5843 432 5905 Θεὸς
466 5863 483 5892 ι
518 5839 672 5906 δηλοῖ
695 5840 955 5909 τοῦνομα.
989 5845 1267 5903 Πιστεύων
1290 5843 1382 5903 οῦν
1411 5849 1550 5920 δῇτσ.
1571 5849 1647 5919 τῷ
1679 5867 1777 5920 ση-

1891 4652 2202 4706 nolentibus
2232 4652 2541 4720 praebebit?
2585 4655 2910 4722 stupendum
2945 4654 3218 4724 quoddam
3247 4655 3485 4710 miracu-

1891 4741 2000 4796 lum
2046 4742 2340 4811 aliquando
2376 4742 2430 4796 in
2462 4742 2778 4799 hominibus
2808 4745 2913 4798 erit
2938 4785 2954 4811 ,
2985 4759 3050 4799 ac
3090 4745 3307 4814 signum
3348 4761 3488 4800 nun-

1890 4848 2053 4903 quam
2084 4834 2235 4888 omni
2267 4834 2465 4889 smculo
2500 4835 2773 4889 auditum.
2803 4834 2969 4906 Virgo
3002 4847 3218 4891 uterum
3248 4839 3487 4907 geSIabit

1890 4927 2010 4980 sine
2043 4924 2149 4979 ulla
2183 4940 2304 4980 cum
2348 4927 2468 4981 viro
2493 4927 2886 4981 consuetudine
2909 4969 2926 4994 ,
2963 4938 3017 4983 et
3054 4931 3221 4984 Deum
3260 4931 3480 5002 signet,

1888 5016 2115 5070 humani
2145 5017 2363 5086 generis
2397 5017 2760 5072 Salvatorem.
2787 5019 2941 5075 Hunc
2973 5021 3170 5091 ipsum,
3197 5024 3288 5093 qui
3319 5023 3482 5076 talem

1887 5122 2068 5165 ortum
2094 5111 2361 5166 ducturus
2405 5122 2492 5166 est
2517 5155 2532 5177 ,
2565 5113 2743 5167 Deum
2769 5154 2785 5180 ,
2815 5118 2869 5168 in
2903 5116 3122 5183 signum
3149 5116 3306 5170 vobis
3335 5117 3483 5171 salu-

1889 5212 2004 5258 tare
2030 5203 2141 5272 jam
2172 5205 2376 5260 exhinc
2421 5203 2564 5260 Deus
2601 5209 2828 5263 exhibet
2862 5226 2875 5275 ;
2914 5209 3061 5277 quod
3084 5217 3137 5262 et
3168 5210 3221 5262 in
3260 5208 3486 5278 profun-

1886 5295 2013 5349 dum
2039 5306 2095 5350 et
2119 5301 2170 5349 in
2203 5298 2370 5353 altum
2397 5301 2759 5364 extendetur;
2789 5302 2842 5354 in
2881 5299 3208 5368 plol'undum
3241 5300 3482 5368 quidem.

1889 5403 1984 5456 per
2013 5390 2339 5444 descensum
2375 5407 2533 5446 suum
2565 5407 2738 5462 usque
2775 5392 2846 5446 ad
2881 5392 3193 5455 infernum;
3229 5391 3281 5444 in
3311 5391 3484 5444 altum

1887 5495 2041 5546 vero,
2084 5497 2180 5551 per
2211 5498 2367 5536 suum
2395 5485 2463 5538 ad
2487 5485 2657 5539 caelos
2691 5486 2952 5541 reditum.
2990 5484 3069 5538 Tu
3099 5499 3253 5554 ergo,
3285 5485 3483 5538 domus

1884 5572 2056 5628 David
2087 5615 2102 5641 ,
2141 5574 2257 5644 jam
2306 5577 2359 5630 in
2412 5587 2656 5646 tempore
2704 5577 2865 5645 hujus
2910 5593 3033 5632 cum
3085 5576 3324 5631 inimicis
3377 5577 3483 5631 tuis

1887 5681 2255 5737 congressus,
2305 5684 2472 5724 evoca
2518 5671 2670 5725 illum
2694 5707 2715 5735 η,
2764 5670 3087 5725 Emmanuel
3121 5684 3480 5738 nuncupans,

1886 5760 2030 5829 quod
2068 5775 2134 5815 ex
2182 5759 2496 5831 signiﬁcatu
2530 5763 2699 5818 ‘verhi
2741 5763 2996 5819 virtutem
3050 5760 3294 5830 declarat
3327 5781 3342 5816 .
3378 5760 3483 5816 hoc

1887 5851 2086 5923 quippe
2105 5867 2323 5920 nomen,
2351 5875 2369 5909 ι
2409 5855 2700 5915 nobiscum
2730 5855 2893 5926 Deus,
2930 5875 2948 5909 ι
2986 5847 3482 5928 signiﬁcat.‘Signo
