4014 6412
203 413 298 469 I57

1118 403 1633 464 ΕΟΜΜΕΝἸἈΒῙΑ
1670 401 1737 458 ΙΝ
1775 399 2036 459 ιεΑιΑιι.
2075 430 2143 442 -
2180 396 2334 454 CAP.
2379 392 2489 450 Vll.

3374 387 3472 443 158

199 528 370 600 φωνὴν
400 527 575 600 ταύτῃ
606 538 665 581 τε
700 528 1069 599 καταλληλως,
1114 527 1209 581 καὶ
1249 527 1489 589 ᾶπαντες
1526 525 1576 578 οἱ
1615 526 1787 595 ἑρμη-

1910 537 2012 577 :um
2034 522 2137 576 hac
2166 527 2350 574 nostra
2381 511 2677 582 congruit;
2710 519 2763 565 et
2800 522 2992 564 omnes
3027 508 3353 576 interpretes
3385 521 3476 558 vo-

200 624 403 688 νευταὶ,
438 621 746 687 καλέσεις,
774 620 1155 675 ὲκδεδὼκασιν.

274 733 293 766 ι
332 713 732 784 Βούτυρονριαὶ
763 712 883 782 μέλι
912 712 1166 782 φάγεται,
1203 713 1333 784 πρὶν
1366 710 1399 781 ἢ
1445 709 1647 778 γνῶναι
1687 708 1789 762 αύ-

198 806 308 870 τδν,
339 806 373 877 ἢ
407 802 735 875 προελέσθαι
770 801 1002 875 πονηρὰ,
1031 802 1354 868 ἐκλέξασθαι
1385 801 1447 855 τὸ
1489 800 1715 870 ἀγαθόν.
1766 818 1784 851 ι

198 898 261 951 El
280 896 412 966 γοῦν
440 894 743 965 θαυμάζεις
767 894 898 948 θεὸν
930 892 1269 965 γεννώμενον
1299 892 1534 958 ἀκούων,
1572 892 1792 944 πίστευ-

197 1006 315 1053 σον,
356 990 443 1041 ὅτι
478 988 573 1040 καὶ
608 990 781 1060 τροφῇ
829 987 1037 1057 νηπίων
1083 988 1367 1058 χρήσεται.
1400 987 1476 1040 Ού
1505 987 1617 1058 γάρ
1652 984 1794 1040 κατά

194 1098 317 1135 τινα
374 1080 682 1149 φαντασίαν
714 1079 1008 1151 ὀφθήσεται
1040 1080 1356 1151 ἄνθρωπος,
1394 1078 1508 1152 (14)
1558 1075 1682 1131 οὔτε
1713 1077 1794 1149 τῷ

194 1172 378 1226 δοκεῖν
425 1171 581 1225 ἔσται
631 1171 691 1224 τὸ
738 1171 1058 1240 γινόμενον·
1108 1170 1224 1225 ἀλλ’
1272 1170 1490 1240 άληθῶς
1537 1171 1793 1240 τοιαύτην

196 1265 471 1335 ὑπομενεῖ
514 1264 803 1334 γέννησιν,
849 1262 924 1326 ὠς
973 1263 1297 1333 κοινωνῆσαι
1330 1261 1539 1331 νηπίων
1585 1262 1789 1332 τροφῇ”

197 1355 454 1429 βουτύρῳ
474 1356 619 1424 λέγω
644 1356 738 1409 καὶ
762 1354 934 1426 μέλιτι
958 1354 1161 1425 ὁμοίως
1183 1356 1295 1418 τοῖς
1318 1354 1523 1416 λοιποῖς
1549 1352 1790 1425 βρέφεσι.

194 1447 372 1517 Τοῦτο
404 1448 505 1517 μὲν
530 1442 622 1500 οὖν
648 1445 1014 1518 ἀνθρώπινονο
1052 1446 1113 1499 τὸ
1138 1446 1197 1499 δὲ
1225 1447 1323 1518 τῆς
1350 1446 1603 1518 θεότητος
1628 1444 1793 1499 αὐτοῦ

195 1539 612 1610 παραστατικὸν
633 1539 808 1591 ἐκεῖνο
831 1537 897 1592 ἂν
924 1538 1034 1607 εἴη,
1059 1539 1143 1591 ὅτι
1165 1540 1295 1610 πρὶν
1325 1538 1360 1610 ἢ
1382 1538 1584 1607 γνῶναι
1607 1537 1793 1601 αὐτὸν,

194 1630 231 1700 ἢ
264 1628 596 1701 προελέσθαι
630 1629 862 1700 πονηρὰ,
910 1624 1188 1695 ὲκλέξὲται
1230 1630 1292 1683 τὸ
1322 1629 1559 1699 ἀγαθὸν,
1592 1632 1687 1685 καὶ
1727 1630 1796 1684 τὰ

197 1722 350 1793 ἑξῆς.
386 1722 655 1794 Σημαίνει
697 1722 755 1775 δὲ
788 1724 817 1776 ό
847 1722 1024 1790 λόγος,
1060 1723 1143 1776 ὅτι
1186 1725 1281 1777 καὶ
1322 1723 1451 1795 παρ’
1495 1723 1664 1794 αὐτὴν
1695 1724 1795 1795 τὴν

196 1814 459 1885 γέννησιν
485 1814 819 1887 διακριτικός
846 1831 931 1879 τις
972 1810 1060 1885 ἦν,
1094 1814 1188 1867 καὶ
1222 1814 1446 1884 ἀγαθῶν
1488 1814 1791 1886 ποιητικὸς,

1894 614 2041 669 cabis
2064 610 2373 668 ediderunt.

1976 705 2138 760 Vens.
2176 702 2263 757 l5.
2296 719 2315 753 ι
2354 700 2614 766 Butyrum
2648 703 2703 751 et
2732 692 2837 750 mel
2861 690 3107 748 comedet
3132 729 3147 753 ,
3178 697 3473 757 antequam

1893 799 2031 855 sciat
2053 798 2189 866 ipse,
2222 801 2313 848 aut
2337 791 2621 863 praeligat
2668 787 2833 851 mala,
2866 785 3072 855 eligere
3100 782 3327 837 bonum.
3360 799 3379 833 ι
3412 780 3470 833 Si

1892 903 2027 959 ergo
2063 885 2285 941 miraris
2310 925 2325 950 ,
2358 898 2481 939 cum
2505 880 2695 935 audias
2738 886 2925 931 natum
2958 875 3127 929 Deum
3154 912 3171 938 ,
3204 880 3259 925 at
3284 870 3474 934 crede,

1894 980 2152 1051 quoniam
2192 978 2483 1034 infantium
2524 974 2647 1029 cibo
2686 984 2885 1027 usurus
2914 977 3015 1023 est.
3057 965 3173 1021 Non
3214 965 3358 1019 enim
3392 979 3479 1018 se-

1895 1074 2133 1131 cundum
2188 1069 2479 1142 quamdam
2531 1064 2879 1137 phantasiam
2933 1062 3098 1115 homo
3147 1056 3477 1127 apparebit.

1896 1179 2072 1235 neque
2129 1162 2341 1234 species
2380 1160 2554 1215 solum
2602 1157 2711 1211 erit
2766 1154 2821 1209 id
2869 1153 3015 1224 quod
3043 1152 3329 1223 gignetur;
3382 1148 3477 1203 sed

1896 1259 2143 1314 eumdem
2181 1270 2370 1313 revera
2418 1265 2602 1308 ortum
2659 1248 2897 1313 subibit,
2951 1249 3024 1303 ita
3078 1256 3138 1301 ut
3185 1242 3476 1300 infantium

1898 1349 2157 1406 alimento
2197 1357 2409 1413 utatur,
2442 1346 2640 1418 butyro
2666 1342 2919 1399 videlicet
2945 1350 3001 1397 et
3025 1338 3184 1395 melle
3206 1377 3225 1405 ,
3253 1336 3482 1407 perinde

1896 1453 2062 1513 atque
2096 1441 2186 1496 alii
2222 1440 2480 1496 infantes.
2509 1441 2574 1495 Et
2608 1440 2711 1495 hoc
2756 1436 2972 1507 quidem
3017 1436 3314 1489 humanum
3352 1437 3476 1484 est:

1896 1538 2038 1606 quod
2060 1544 2241 1589 autem
2288 1534 2543 1589 deitatem
2589 1533 2707 1603 ejus
2730 1531 2971 1587 declarat
3005 1527 3136 1583 illud
3175 1533 3261 1583 est
3284 1568 3300 1593 ,
3335 1525 3480 1596 quod

1896 1628 2210 1699 priusquam
2242 1626 2333 1682 ille
2364 1625 2504 1679 mala
2540 1625 2624 1681 vel
2656 1623 2865 1679 noverit
2899 1621 2982 1676 vel
3022 1618 3342 1689 pmtulerit,
3390 1617 3485 1672 eli-

1898 1730 1988 1791 get
2024 1707 2226 1774 bonum
2251 1758 2267 1785 ,
2302 1728 2409 1772 etc.
2448 1716 2546 1773 Bis
2585 1732 2751 1789 porro
2781 1714 3122 1786 significatur
3152 1712 3238 1767 vel
3278 1710 3331 1765 in
3366 1710 3486 1779 ipso

1897 1820 2022 1863 ortu
2049 1808 2401 1863 discernendi
2427 1809 2479 1863 vi
2509 1808 2794 1878 pmditum
2822 1844 2839 1871 ,
2862 1820 2926 1861 ac
2954 1805 3220 1860 honorum
3244 1808 3485 1873 patrato-

194 1908 227 1958 ό
272 1906 666 1977 Ἐμμανουὴλ,
699 1905 760 1958 τὸ
799 1905 1044 1977 κριτικὸν
1087 1906 1149 1973 ἐξ
1194 1906 1406 1960 ἐκείνου
1440 1906 1794 1976 κεκτημένος,

1910 1916 2014 1956 rem
2056 1899 2461 1955 Emmanuelem
2488 1900 2679 1965 fuisse,
2702 1897 2817 1967 jam
2842 1908 2968 1953 tunc
3007 1896 3198 1967 iudicii
3224 1893 3484 1950 facultate

199 2001 295 2054 καὶ
323 1999 725 2070 ἀποσειόμενος
770 1998 868 2069 μὲν
900 1998 962 2052 τὸ
991 1999 1189 2054 κακόν·
1226 1998 1385 2071 μόνον
1412 1998 1470 2052 δὲ
1496 1998 1560 2052 τὸ
1594 1996 1798 2067 ἀγαθὸν

197 2090 630 2161 ἀποδεχόμενος.
673 2088 943 2160 Τοιαύτης
974 2088 1085 2160 γάρ
1130 2088 1283 2143 ἔσται
1306 2132 1322 2156 ,
1372 2088 1543 2161 φησὶ,
1584 2086 1799 2158 φύσεως

200 2183 295 2237 καὶ
318 2183 381 2249 ἐξ
414 2181 590 2253 αὐτῆς
615 2180 717 2252 τῆς
756 2182 1085 2252 γεννήσεως.

276 2293 297 2326 ι
340 2274 459 2328 Καὶ
496 2273 650 2327 εσται
699 2274 759 2327 ὲν
801 2274 869 2343 τῇ
902 2271 1090 2344 ἡμέρᾳ
1122 2270 1328 2342 ἐκείνῃ,
1382 2272 1559 2343 συριεῖ
1595 2269 1801 2341 Κύριος

204 2366 419 2438 μυίαις,
474 2366 534 2419 αἳ
587 2363 941 2437 κυριεύσουσι
988 2363 1155 2435 μέρος
1201 2360 1452 2434 ποταμοῦ
1495 2361 1798 2432 Αἰγύπτου,

202 2459 301 2513 καὶ
330 2461 399 2529 τῇ
447 2456 705 2531 μιλίσσῃ,
734 2456 770 2527 ἦ
798 2458 945 2510 ἐστιν
973 2458 1032 2510 ὲν
1055 2453 1211 2527 χώρᾳ
1256 2456 1577 2528 Ἀσσυρίων.
1617 2475 1638 2509 ι
1690 2456 1800 2527 Ση-

206 2548 391 2619 μαίνει
418 2548 513 2603 διά
537 2548 744 2602 τούτων
771 2549 800 2600 ὁ
824 2546 983 2615 λόγος
1004 2545 1323 2614 Αἰγυπτίων
1352 2545 1566 2618 ἀνδρῶν
1589 2545 1800 2616 ἔφοδον,

202 2639 300 2705 οὓς
345 2656 519 2710 φησιν
557 2637 709 2710 ἥξειν
748 2638 842 2691 ἐπὶ
882 2639 984 2708 τὴν
1020 2636 1282 2690 Ἰουδαίαν
1305 2635 1490 2708 χώραν
1524 2637 1625 2691 οὐκ
1674 2637 1802 2693 ἄνευ

205 2732 346 2787 Θεοῦ
368 2774 385 2799 ,
420 2732 657 2803 νεύματι
684 2732 884 2798 αὐτοὺς
910 2729 1006 2784 τοῦ
1042 2729 1249 2800 Κυρίου
1278 2729 1659 2802 διεγείροντος,
1705 2729 1802 2784 καὶ

204 2825 402 2897 ῶσπερ
480 2822 782 2896 συρίγματι
841 2821 1240 2894 παρορμῶντος
1292 2821 1491 2885 αὐτοὺς
1548 2820 1659 2876 άπὸ
1706 2822 1806 2893 τῆς

208 2904 498 2986 Αίγύπτου
533 2932 547 2946 ·
581 2916 679 2969 καὶ⁵
709 2915 810 2969 οὑκ
841 2914 952 2969 ἀπὸ
984 2913 1168 2985 πάσης
1198 2911 1426 2981 ταύτης,
1458 2911 1575 2967 ἀλλ’
1607 2914 1673 2966 ὲκ
1708 2915 1804 2985 μέ-

214 3023 342 3078 ρους
390 3006 594 3078 αὑτῆς.
634 3007 706 3059 Ἦ
735 3006 831 3060 καὶ
861 3005 950 3060 διὰ
979 3003 1043 3058 τὸ
1068 3003 1289 3076 λύθροις
1320 3004 1418 3059 καὶ
1463 3004 1661 3076 αἵμασι
1692 3008 1807 3069 τοῖς

214 3096 359 3152 κατὰ
403 3098 507 3169 τὴν
554 3095 863 3169 ἀκάθαρτον
914 3095 1358 3167 είδωλολατρείαν
1416 3095 1628 3167 χαίρειν
1680 3098 1807 3160 τοὺς

213 3189 575 3258 Αἰγυπτίους,
622 3188 961 3262 παραϐάλλει
1007 3188 1195 3258 μυίαις
1227 3186 1422 3251 αύτούς
1444 3204 1459 3218 ο
1498 3188 1598 3259 τὴν
1619 3187 1676 3241 δὲ
1698 3186 1806 3241 τῶν

224 3280 537 3352 Ἀσσυρίων
573 3279 878 3352 πολεμικὴν
902 3281 1134 3351 δύναμιν
1165 3268 1255 3334 διά
1278 3278 1341 3333 τδ
1369 3278 1649 3350 πολεμικῗξ»
1680 3280 1804 3334 κέν-

209 3389 330 3447 τρῳ
352 3372 684 3443 κεχρῆσθαι,
715 3373 812 3427 καὶ
841 3373 950 3426 τῶν
981 3372 1184 3425 λοιπῶν
1210 3370 1381 3425 ἐθνῶν
1404 3371 1527 3425 τότε
1558 3373 1802 3443 κρατεῖν,

218 3463 458 3535 μελίσσῃ
492 3463 787 3517 ἀπείκασε.
839 3463 1026 3517 Ταῦτα
1071 3462 1128 3515 δὲ
1171 3460 1474 3535 ἐπληροῦτο
1504 3461 1644 3515 κατὰ
1678 3462 1804 3525 τοὺς

213 3554 447 3625 χρόνους
494 3552 596 3623 τῆς
647 3550 871 3625 πρώτης
916 3552 1233 3625 πολιορκίας
1273 3551 1643 3625 Ἰερουσαλὴμ,
1681 3551 1803 3605 καθ’

213 3646 310 3710 οὓς
324 3646 619 3715 Αἰγύπτιοι
638 3646 737 3717 μὲν
750 3647 799 3699 οι
817 3645 1141 3718 καλούμενοι
1169 3648 1322 3717 μυῖαι
1337 3644 1473 3717 (15),
1496 3646 1585 3699 ὅτε
1599 3645 1804 3699 τούτων

220 3737 478 3811 βασιλεὺς
509 3736 710 3810 Φαραὼ
742 3737 986 3793 ἐπελθὼν
1020 3741 1085 3811 τῇ
1132 3738 1424 3801 Ἰουδαίων,
1450 3738 1543 3793 τὸν
1597 3738 1805 3792 Ἰωσίαν

217 3826 308 3883 τὸν
362 3827 592 3897 βασιλέα
632 3827 736 3897 τῆς
775 3827 1164 3900 Ἰερουσαλὴμ,
1214 3826 1325 3881 τῶν
1378 3827 1662 3898 ἐπιφανῶν
1712 3829 1807 3881 καὶ

218 3917 488 3988 θεοφιλῶν
515 3917 723 3990 ἀνδρῶν
750 3919 966 3984 οὐδενὸς
988 3919 1265 3993 δεύτερον,
1304 3920 1539 3993 άναιρετ.
1574 3916 1686 3973 Εῐτ’
1708 3920 1807 3973 οὐκ

218 4012 300 4074 εις
339 4009 565 4082 μακράν
589 4011 619 4064 ό
643 4009 751 4064 τῶν
784 4010 1143 4065 Βαϐυλωνίων
1181 4010 1433 4081 βασιλεὺς
1474 4010 1809 4082 Ναϐουχοδο-

220 4102 385 4174 νόσορ
416 4104 518 4156 σὺν
572 4103 791 4178 μεγάλῃ
825 4106 1087 4177 στρατιᾶς
1127 4104 1353 4175 δυνάμει
1402 4102 1665 4169 ἐπελθὼν,
1714 4104 1814 4176 τὴν

224 4192 325 4261 μὲν
359 4191 521 4246 πόλιν
550 4192 721 4264 αὐτὴν
759 4196 825 4247 ἐκ
859 4192 1075 4265 βάθρων
1108 4189 1221 4247 εἷλε
1246 4223 1273 4260 ,~
1295 4194 1388 4248 τὸν
1429 4192 1566 4247 νεὼν
1598 4210 1815 4264 πυρπο-

223 4279 398 4354 λήσας
423 4300 438 4313 ·
466 4282 529 4337 τὺ
561 4283 622 4337 δὶ
650 4286 760 4337 πᾶν
784 4284 936 4349 ἔθνος
960 4283 1566 4357 ἐξανδραποδισάμενος
1595 4284 1687 4337 καὶ
1714 4284 1817 4348 τὰς

1899 1994 2228 2049 instructum
2264 2008 2280 2047 :
2305 2008 2369 2048 ac
2395 1992 2594 2047 malum
2618 1987 2836 2062 quidem
2866 1991 3253 2054 excutientem,
3282 1987 3483 2043 bonum

1899 2100 2031 2141 vero
2065 2086 2331 2140 duntaxat
2361 2085 2806 2155 amplectentem.
2827 2082 2978 2137 Talis
3005 2081 3207 2154 quippe
3255 2091 3488 2153 naturae,

1901 2175 2096 2246 inquit,
2122 2176 2208 2231 vel
2242 2176 2311 2230 ab
2344 2175 2461 2245 ipso
2488 2184 2612 2230 ortu
2650 2173 2868 2230 futurus
2894 2183 3002 2230 est.

1969 2265 2137 2323 Vna.
2180 2268 2267 2323 l8.
2310 2288 2330 2320 ι
2364 2268 2431 2323 Et
2454 2267 2562 2323 erit
2588 2267 2641 2322 in
2670 2266 2759 2321 die
2784 2266 2895 2331 illa.
2935 2266 3177 2324 sibilabit
3226 2265 3487 2325 Dominus

1902 2363 2127 2425 muscls,
2159 2365 2280 2428 qdae
2300 2357 2734 2413 dominabuntur
2759 2359 2901 2428 parti
2932 2356 3174 2414 ﬂuminis
3217 2356 3445 2430 )Egypti
3467 2397 3486 2423 ,

1900 2460 1957 2504 et
1977 2450 2106 2520 api,
2146 2464 2271 2520 quae
2296 2459 2380 2506 est
2407 2452 2460 2505 in
2491 2450 2716 2521 regione
2760 2450 3132 2521 Assyriorum.
3176 2469 3195 2503 ι
3230 2450 3326 2507 His
3353 2465 3488 2506 vero

1902 2544 2173 2610 signiﬁcat
2206 2541 2592 2613 Egyptiorum
2626 2541 2870 2597 virorum
2913 2542 3276 2614 irruptionem
3302 2560 3318 2599 :
3348 2558 3489 2614 quos

1904 2636 1980 2688 ait
2002 2650 2108 2689 non
2140 2636 2261 2689 sine
2284 2633 2396 2690 Deo
2422 2643 2683 2689 venturos
2724 2648 2850 2690 esse
2885 2636 2939 2690 iu
2965 2634 3276 2692 Judeorum
3305 2636 3491 2707 regio-

1906 2740 2030 2779 nem
2055 2764 2070 2791 ,
2107 2726 2334 2781 Domino
2377 2741 2475 2795 per
2522 2726 2700 2781 solum
2736 2738 3386 2793 nutum-commovente,
3437 2740 3495 2784 et

1904 2819 2058 2887 quasi
2092 2818 2251 2874 sibilo
2280 2820 2555 2874 excitante
2578 2818 2700 2875 illos
2741 2835 2809 2876 ex
2839 2819 3074 2892 Egypto
3102 2836 3117 2874 :
3150 2836 3251 2876 nec
3275 2835 3343 2875 ex
3375 2830 3492 2876 tota

1907 2910 1997 2963 illa
2017 2949 2033 2974 ,
2064 2910 2161 2965 sed
2190 2924 2253 2963 ex
2302 2920 2456 2978 parte
2482 2911 2714 2981 quadam
2756 2913 3024 2979 ejusdem.
3053 2910 3149 2966 Vel
3170 2912 3297 2981 quia
3327 2912 3498 2983 Egy-

1908 3003 2005 3069 ptii
2035 3044 2050 3068 ,
2081 3015 2281 3057 cruore
2311 3010 2368 3057 et
2414 3003 2683 3074 sanguine
2717 3004 2784 3057 ab
2829 3005 3041 3074 impura
3078 3003 3387 3059 idololatria
3416 3004 3498 3060 ef-

1910 3094 2030 3150 fuso
2057 3094 2496 3163 delectabantur,
2532 3097 2678 3167 ipsos
2704 3096 2909 3151 muscis
2952 3108 3237 3167 comparat
3268 3113 3285 3151 :
3323 3098 3495 3169 Assy-

1912 3188 2117 3241 riorum
2150 3196 2334 3242 autem
2376 3186 2627 3243 bellicam
2666 3189 2924 3243 virtutem
2951 3228 2967 3251 ,
3030 3189 3179 3258 quod
3208 3187 3282 3243 illi
3310 3183 3495 3244 hostili

1911 3281 2121 3351 spiculo
2142 3288 2450 3347 uterentur,
2482 3294 2548 3335 ac
2581 3280 2794 3335 caeteris
2824 3289 2950 3334 tunc
2969 3281 3224 3351 gentibus
3256 3281 3496 3351 impera-
3529 3272 3533 3283 Ὗ

1912 3380 2071 3437 rent,
2115 3371 2203 3442 api
2234 3370 2467 3427 similem
2497 3370 2649 3427 dicit.
2690 3369 2818 3426 llaec
2845 3386 3009 3442 porro
3047 3372 3319 3443 completa
3367 3381 3499 3429 sunt

1917 3474 2163 3535 tempore
2216 3465 2406 3535 prima:
2452 3463 2956 3536 Hierosolymorum
3017 3465 3356 3531 obsidionis,
3390 3481 3500 3536 quo

1911 3556 2152 3628 Egyptii
2176 3557 2396 3625 quidem
2424 3597 2440 3619 ,
2477 3572 2677 3613 musca:
2704 3559 2834 3613 dicti
2860 3598 2877 3622 ,
2918 3572 3043 3614 cum
3070 3572 3198 3629 rege
3224 3574 3323 3614 suo
3352 3558 3501 3612 Pha~

1914 3664 2082 3703 raone
2108 3650 2494 3718 irrumpeutes,
2527 3647 2732 3705 Josiam
2772 3649 3271 3722 Hierosolymorum
3287 3666 3499 3718 regem,

1913 3738 2059 3795 inter
2085 3740 2412 3807 conspicuos
2446 3740 2841 3811 religiososque
2886 3742 3035 3799 viros
3067 3743 3267 3798 nemini
3300 3758 3501 3799 secun-

1914 3830 2039 3883 dum
2069 3828 2480 3884 interfecerunt.
2530 3829 2647 3885 Non
2704 3832 2794 3887 diu
2854 3842 3218 3902 veropostea
3268 3833 3500 3906 Babylo-

1915 3918 2128 3974 niorum
2178 3934 2276 3975 rex
2336 3918 2853 3987 Nabuchodonosor,
2898 3936 3023 3978 cum
3079 3925 3326 3980 exercitu
3388 3940 3503 3980 mu-

1916 4024 2021 4080 guo
2078 4012 2510 4081 superveniens,
2576 4012 2766 4069 urbem
2823 4015 2997 4083 ipsam
3054 4014 3301 4073 funditus
3350 4017 3500 4073 dele-

1913 4102 2034 4166 vit,
2086 4102 2454 4174 templumque
2498 4104 2780 4170 incendit,
2825 4116 3048 4179 totaque
3098 4119 3258 4181 gente
3304 4109 3359 4164 in
3407 4126 3501 4167 ca-

1915 4193 2219 4263 ptivitatem
2272 4197 2508 4251 abducta
2536 4238 2552 4263 ,
2604 4199 2941 4268 vastatisque
2985 4202 3209 4266 caneris,
3250 4202 3501 4267 urbibus,

1917 4283 2231 4342 Judaaorum
2260 4288 2494 4358 regionis
2517 4290 2775 4361 Assyrios
2799 4291 3134 4349 habitatores
3160 4294 3465 4350 constituit.

226 4377 418 4440 Αοιπὰς
459 4375 675 4451 δῃώσας
720 4376 938 4441 πόλεις,
998 4377 1316 4450 Ἀσσυρίους
1368 4379 1661 4451 οἰκήτορας
1702 4378 1803 4449 τῆς
1846 4378 2113 4433 Ἰουδαίων
2138 4380 2443 4451 κατέστησε
2475 4380 2679 4454 χώρας.

302 4492 325 4525 ι
377 4470 470 4525 Ἑν
495 4472 564 4542 τῇ
590 4470 775 4542 ἡμέρᾳ
807 4471 989 4542 ἐκείνῃ
1018 4469 1193 4543 ξυριεῖ
1226 4469 1429 4542 Κύριος
1455 4470 1535 4542 τῷ
1564 4469 1709 4543 ξυρῷ
1735 4469 1807 4541 τῷ

1988 4471 2153 4527 Vsus.
2186 4472 2278 4530 20.
2316 4490 2335 4525 ι
2376 4473 2433 4527 In
2473 4472 2560 4529 die
2605 4473 2693 4529 illa
2728 4476 2880 4530 radet
2924 4475 3190 4531 Dominus
3236 4476 3501 4533 novacula

227 4564 460 4639 μεγάλῳ
492 4562 589 4617 καί⁵
624 4561 1054 4634 μεμεθυσμένῳ,
1103 4562 1133 4615 ὃ
1157 4565 1273 4616 ἐστι
1313 4562 1489 4634 πέραν
1517 4561 1613 4616 τοῦ
1647 4578 1813 4615 παια-

229 4657 332 4729 μοῦ
381 4654 482 4709 τοῦ
534 4654 801 4726 βασιλέως
863 4655 1190 4727 Ἀσσυρίων.
1240 4673 1258 4706 ι
1311 4654 1386 4708 Ού
1420 4654 1521 4725 τὴν
1568 4654 1813 4726 κεφαλὴν

229 4746 322 4804 οὖν
375 4748 547 4819 μάνην
599 4745 846 4819 ξυρήσει,
898 4746 998 4817 τὴν
1040 4747 1207 4802 πάλαι
1256 4746 1537 4817 κομῶσαν,
1583 4747 1673 4800 ὅτε
1712 4746 1815 4818 τῆς

230 4840 562 4912 οἰκουμένης
590 4839 854 4911 ἐκράτουν
889 4838 1186 4909 Ἀσσύριοι,
1218 4837 1357 4891 άλλά
1377 4838 1472 4891 καὶ
1502 4838 1602 4901 τὰς
1622 4838 1815 4911 τρίχας

231 4933 340 4988 τιῖιν
376 4932 576 4994 ποδῶν,
607 4931 809 5004 δηλαδὴ
832 4932 894 4985 τὸ
920 4932 1166 5003 ἀνδρεῖον
1200 4931 1407 5002 σχῆμα,
1447 4931 1543 4984 καὶ
1573 4934 1665 4984 τὸν
1696 4928 1815 4983 πώ-

232 5044 385 5094 γωνα
412 5043 427 5057 ·
467 5026 716 5079 τουτέστι
761 5026 851 5079 τὸν
889 5025 1033 5080 κατὰ
1075 5024 1237 5094 φύσιν
1270 5024 1495 5095 ἀνδράσι
1541 5023 1818 5096 πρέποντα

232 5116 462 5188 κόσμον.
516 5116 687 5188 Ξυρδν
733 5116 791 5170 δὲ
837 5116 1250 5188 μεμεθυσμένον
1282 5115 1388 5169 ὑπὸ
1427 5114 1521 5170 τοῦ
1550 5116 1758 5188 Κυρίου
1790 5115 1819 5167 ό

237 5209 580 5282 προφητικδς
606 5208 833 5263 ἐκάλεσε
852 5208 1009 5276 λόγος
1038 5208 1223 5280 ἕτερόν
1243 5226 1297 5261 τι
1321 5207 1596 5279 πολεμίων
1619 5207 1775 5276 γένος
1803 5222 1818 5236 ⁸

238 5302 305 5355 δι’
334 5294 398 5353 οὒ
426 5299 518 5353 τὸν
555 5298 780 5369 βασιλέα
800 5299 906 5351 τῶν
949 5298 1269 5369 Ἀσσυρίων,
1294 5298 1493 5370 δηλαδὴ
1518 5297 1617 5369 τὴν
1641 5300 1822 5353 πᾶσαν

238 5391 421 5449 αὐτῶν
458 5388 734 5461 βασιλείαν
762 5407 823 5443 τε
848 5389 944 5443 καὶ
972 5390 1291 5443 δυναστείαν
1321 5388 1381 5453 ξυ
1392 5391 1574 5461 ρήσειν
1602 5388 1705 5460 ἔφη
1731 5388 1823 5441 τὸν

238 5485 395 5547 Θεὸν,
427 5482 504 5547 ὼς
530 5482 791 5555 ταπεινὴν
830 5483 1025 5552 αὐτὴν,
1071 5481 1167 5535 καὶ
1224 5471 1505 5551 ἄνανδρον,
1557 5480 1653 5534 καὶ
1695 5481 1826 5535 άκο-

240 5593 381 5647 σμον
430 5575 524 5629 καὶ
552 5575 836 5645 ἀσχήμονα
870 5572 1167 5643 δειχθῆναι.
1196 5573 1331 5642 Παρ’
1367 5570 1538 5642 ἑτέρῳ
1580 5570 1637 5623 δὲ
1657 5611 1670 5636 ,
1704 5571 1826 5625 ἀντὶ

1924 4578 2119 4635 magna
2169 4573 2226 4619 et
2278 4564 2544 4621 inebriata
2575 4605 2591 4631 ,
2647 4567 2793 4636 quod
2818 4578 2901 4623 est
2935 4568 3076 4624 ultra
3106 4567 3329 4625 ﬂuvium
3365 4570 3508 4642 regis

1920 4655 2293 4725 Assyriorum.
2336 4676 2355 4710 ι
2398 4654 2515 4711 Νοη
2559 4668 2721 4727 caput
2750 4658 2925 4714 solum
2967 4662 3123 4717 radet
3159 4661 3289 4716 olim
3321 4676 3509 4717 coma-

1925 4756 2070 4813 tum,
2095 4762 2221 4803 cum
2264 4749 2476 4820 Assyrii
2504 4750 2625 4805 orbi
2659 4751 3031 4822 imperarent;
3061 4754 3154 4809 sed
3183 4754 3346 4808 etiam
3372 4755 3511 4823 pilos

1924 4838 2144 4906 pedum,
2180 4838 2392 4896 scilicet
2416 4841 2630 4897 virilem
2662 4842 2921 4911 formam,
2940 4852 2997 4901 et
3026 4828 3290 4911 barbam;
3324 4846 3375 4899 id
3400 4855 3510 4913 est,

1922 4940 2177 4985 ornatum
2214 4932 2358 5001 ,viris
2412 4938 2714 4991 secundum
2766 4933 3018 4991 naturam
3059 4945 3510 4995 consentaneum.

1924 5019 2255 5077 Novaculam
2284 5038 2416 5079 vero
2464 5040 2491 5080 a
2534 5025 2645 5080 Deo
2679 5026 3001 5081 iuebriatam
3031 5027 3176 5083 aliud
3208 5042 3379 5097 genus
3409 5029 3517 5083 ini-

1925 5115 2190 5170 micorum
2216 5128 2495 5187 nuncupat
2525 5120 2876 5189 propheticus
2898 5134 3083 5175 sermo
3115 5161 3130 5175 .
3164 5122 3324 5192 cujus
3348 5136 3510 5190 opera

1932 5218 2109 5275 regem
2145 5208 2509 5278 Assyriorum,
2540 5225 2635 5265 seu
2661 5221 2833 5265 totum
2861 5226 3049 5266 eorum
3078 5227 3304 5283 regnum
3336 5222 3390 5267 et
3414 5227 3512 5281 p0-

1932 5298 2159 5352 tentiam
2202 5302 2528 5357 ahrasurum
2582 5301 2750 5358 Deum
2792 5320 2914 5361 esse
2943 5307 3304 5375 pramuntiat;
3354 5306 3427 5359 ita
3457 5315 3514 5359 ut

1930 5388 2155 5444 humilis
2175 5432 2189 5457 ,
2215 5392 2472 5461 imbellis,
2510 5396 2786 5468 incompta
2812 5438 2826 5463 ,
2860 5406 2913 5451 et
2942 5396 3201 5453 deformis
3232 5411 3511 5468 appareat.

1931 5480 2038 5537 Pro
2094 5484 2186 5540 Illo
2219 5493 2398 5541 autem
2426 5526 2443 5553 ,
2485 5506 2505 5539 ι
2549 5490 2817 5545 inebriata
2856 5490 3122 5545 novacula
3146 5530 3162 5557 ,
3204 5509 3224 5543 ι
3259 5491 3400 5546 alius
3434 5492 3521 5545 in-

1932 5582 2166 5645 terpres,
2201 5596 2221 5630 ‹
2260 5581 2512 5638 mercede
2536 5582 2831 5650 conducta,
2876 5603 2895 5636 ι
2924 5583 3106 5639 habet.

240 5669 336 5723 τοῦ
363 5665 798 5738 μεμεθυσμένφ
820 5665 1000 5737 ξυρῷ,
1024 5665 1451 5735 μεμισθωμένῳ
1471 5662 1702 5734 εὕρηται
1728 5662 1903 5729 οὕτως
1925 5667 2153 5726 εἰπόντι.

315 5784 430 5855 (ιι)
464 5784 667 5839 Eadem
700 5781 860 5852 plane
892 5781 1254 5855 Hieronymus
1281 5782 1446 5839 habet
1478 5782 1546 5837 ad
1573 5780 1719 5838 hunc
1744 5782 1942 5841 locum.

321 5851 437 5927 (15)
463 5856 588 5909 Hac
621 5851 749 5907 item
779 5855 919 5922 apud
955 5851 1368 5923 Hierdnymum.

652 5950 926 6012 PATBOL.
974 5950 1101 6012 Gn.
1138 5951 1375 6013 XXIV.
