4014 6390
625 418 727 472 139

1284 413 1543 468 EUSEBII
1584 413 2060 468 C/ESARIENSIS
2101 412 2250 467 UPP.
2291 410 2469 467 PARS
2508 412 2592 467 ΙΙΙ.
2634 444 2703 454 —
2741 410 3147 467 EXEGETICA.

3749 414 3849 465 Hi)

696 533 851 584 Vsus.
886 530 945 582 ‘21
970 570 983 593 ,
1021 530 1106 583 22.
1146 547 1164 579 ι
1202 529 1265 583 Et
1294 532 1398 584 erit
1434 533 1487 585 in
1519 531 1604 586 die
1630 532 1739 597 illa,
1770 532 1971 585 nutriet
2016 531 2147 585 homi

2352 548 2370 580 ι
2410 531 2517 583 Ka‘t
2547 530 2697 583 ἔσται
2728 532 2784 582 tv
2811 530 2877 598 τῆ
2910 530 3091 599 ἡμέρᾳ
3121 527 3302 597 ἐκείνῃ
3336 522 3523 597 Θρὲψει
3558 526 3849 597 ἄνθρωπος

619 637 836 675 vaccam
877 621 1032 675 boum
1059 660 1073 685 ,
1099 631 1152 673 et
1180 621 1314 675 duas
1349 636 1499 677 oves.
1539 622 1607 676 Et
1634 623 1737 676 erit
1779 638 1808 676 a
1838 623 1990 692 copia
2016 622 2172 677 lactis

614 729 777 783 quam
809 711 1042 775 facient,
1070 724 1126 765 ut
1158 713 1407 783 butyrum
1444 723 1501 767 et
1529 714 1631 769 mel
1680 714 1925 768 comedat
1957 714 2130 770 omnis
2155 754 2169 778 ,

614 805 703 873 qui
732 803 1018 857 derelictus
1050 801 1213 856 fuerit
1256 802 1310 855 in
1343 812 1506 858 terra.
1546 822 1565 855 ι
1603 804 1912 859 Extremam
1944 820 2173 874 pauper-

617 904 781 949 tatem
810 904 863 948 et
891 894 1117 963 inopiam
1148 894 1229 947 his
1258 894 1561 950 subindicat
1586 912 1600 962 ;
1634 900 1739 951 imo
1766 896 1927 951 etiam
1949 908 2003 951 et
2034 898 2170 949 rari-

616 995 777 1039 tatem
809 984 1055 1039 frumenti
1098 984 1163 1039 ad
1196 984 1374 1039 cibum
1409 988 1796 1055 praestandum.
1846 985 1977 1039 Nam
2026 988 2169 1055 quod

610 1090 718 1129 non
757 1075 913 1128 boum
946 1088 1155 1143 greges,
1213 1074 1306 1129 sed
1331 1090 1490 1129 unam
1527 1083 1727 1129 tantum
1762 1090 1981 1129 vaccam
2011 1077 2171 1129 homo

612 1166 903 1233 possideat,
932 1174 987 1219 et
1014 1166 1155 1234 quod
1190 1179 1296 1219 non
1322 1166 1483 1230 ovile,
1535 1167 1628 1220 sed
1656 1168 1788 1221 duas
1814 1177 2020 1222 tantum
2042 1182 2171 1222 oves

609 1258 756 1321 alat,
804 1267 1056 1311 extrema:
1104 1256 1267 1311 fuerit
1335 1257 1526 1325 inopia
1577 1270 1991 1327 argumentum;
2041 1260 2169 1327 quin

609 1349 767 1403 etiam
796 1351 937 1416 quod
965 1350 1207 1403 residuus
1232 1349 1284 1401 in
1313 1356 1455 1401 terra
1477 1348 1702 1417 populus
1732 1352 1924 1419 butyro
1962 1359 2167 1403 tantum

607 1448 661 1493 et
689 1439 845 1493 melle
876 1440 1082 1505 alatur,
1111 1440 1161 1492 id
1192 1437 1387 1492 famem
1418 1439 1570 1509 panis
1597 1440 1857 1495 declarat.
1886 1440 1979 1495 Hic
2008 1455 2169 1510 porro

605 1539 723 1585 erat
772 1530 992 1600 populus
1026 1534 1121 1585 sub
1154 1530 1376 1586 Godolia
1402 1570 1417 1595 ,
1453 1547 1612 1601 quem
1662 1534 1730 1587 ob
1765 1532 2020 1587 frumenti
2077 1547 2168 1601 pe-

606 1621 856 1687 nuriam,
905 1623 1093 1691 exiguo
1140 1637 1394 1691 pecorum
1432 1623 1572 1677 lacte
1617 1632 1671 1677 et
1718 1623 1911 1693 butyro
1958 1623 2010 1676 in
2062 1624 2164 1676 ali-

606 1716 843 1764 mentum
894 1724 1113 1765 usurum
1159 1712 1485 1779 prmnuntiat
1538 1728 1552 1763 :
1607 1712 1856 1766 universa
1906 1711 2161 1782 regione,

603 1801 672 1857 ob
701 1803 933 1855 virorum
956 1803 1277 1869 paucitatem
1306 1802 1357 1855 in
1378 1803 1648 1855 desertum
1674 1812 1728 1855 et
1758 1802 1808 1855 in
1832 1800 2017 1871 spinas
2040 1815 2164 1854 con-

604 1906 778 1945 versa.

674 2100 833 2155 Vens.
867 2099 961 2154 23.
1008 2116 1027 2149 ι
1077 2099 1143 2152 Ει
1168 2110 1270 2152 erit
1302 2100 1351 2153 in
1385 2100 1471 2155 die
1501 2100 1589 2153 illa
1616 2141 1631 2166 ,
1660 2101 1837 2155 omnis
1883 2100 2037 2157 locus
2068 2100 2156 2155 ubi

602 2193 800 2248 fuerint
846 2190 991 2246 mille
1018 2193 1225 2256 vinea,
1280 2191 1425 2245 mille
1469 2192 1759 2259 siclorum,
1794 2194 1844 2247 in
1889 2194 2157 2247 desertum

600 2286 709 2339 erit
734 2294 788 2339 et
829 2284 881 2338 in
928 2284 1159 2353 spinam.
1207 2300 1227 2334 ι
1267 2281 1419 2349 Quod
1459 2284 1621 2354 igitur
1672 2292 1814 2338 terra
1865 2282 2064 2339 inculta
2101 2294 2155 2339 et

596 2376 767 2446 spinis
796 2374 991 2431 referta
1042 2376 1114 2430 sit
1139 2414 1156 2438 ,
1189 2373 1462 2429 frumento
1492 2375 1741 2439 carebit;
1790 2389 1963 2445 neque
1993 2375 2158 2431 homo

595 2459 685 2537 qui
716 2468 959 2523 residuus
986 2468 1092 2521 erit
1120 2506 1135 2532 ,
1162 2473 1368 2519 natura:
1397 2466 1714 2535 congruenti
1743 2466 1886 2530 cibo,
1916 2475 2009 2521 aut
2030 2467 2157 2522 vino

596 2560 884 2625 nutrietur,
945 2558 1052 2611 imo
1078 2556 1255 2625 potius
1291 2555 1434 2611 lacte
1460 2596 1475 2621 ,
1502 2558 1714 2627 butyro,
1739 2568 1793 2611 et
1829 2558 2023 2626 melle;
2058 2559 2154 2614 iis-

595 2664 700 2718 que
730 2664 834 2703 non
867 2664 898 2704 a
930 2662 1217 2703 numeroso
1266 2646 1428 2702 boum
1460 2662 1622 2717 grege
1646 2686 1661 2712 ,
1696 2661 1871 2716 neque
1902 2648 1970 2704 ab
1999 2650 2157 2704 ovili-

592 2743 694 2795 bus
723 2740 1089 2809 congregatis,
1140 2738 1233 2793 sed
1262 2752 1327 2792 ex
1356 2737 1547 2792 ovibus
1576 2740 1897 2808 quibusdam
1937 2748 1994 2795 et
2036 2742 2155 2795 ani-

592 2829 820 2884 malibus
848 2826 1076 2883 miseris.
1103 2826 1236 2882 Nam
1264 2828 1401 2881 alius
1431 2841 1498 2881 ex
1528 2843 1631 2882 una
1660 2829 1851 2883 bucula
1872 2868 1891 2893 ,
1920 2828 2059 2885 alius
2088 2846 2152 2884 ex

590 2921 798 2975 duabus
824 2920 1014 2975 ovibus
1039 2920 1090 2975 id
1127 2920 1475 2974 mutuabitur.

660 3124 823 3180 Vens.
851 3126 941 3182 25.
994 3143 1012 3177 ι
1073 3124 1139 3180 Ει
1166 3124 1344 3180 omnis
1384 3138 1539 3180 mons
1582 3132 1764 3179 aratus
1788 3126 2054 3195 arabitur,
2096 3138 2150 3182 et

2273 622 2499 692 δάμαλιν
2526 622 2664 690 βοῶν
2706 622 2800 674 καὶ
2844 622 2937 674 δύο
2984 620 3253 691 πρόϐατα.
3288 620 3398 673 Καὶ
3425 620 3577 673 ἔσται
3611 620 3723 674 ἀπὸ
3751 620 3849 673 τοῦ

2274 714 2520 766 πλεῖστον
2550 717 2723 767 ποιεῖν
2755 712 2915 780 γάλα,
2954 711 3212 782 βούτυρον
3240 713 3334 765 καὶ
3370 712 3494 783 μέλι
3513 714 3707 781 φαγεῖν
3735 714 3849 775 πᾶς

2272 806 2300 855 ὁ
2329 804 2704 871 καταλειφθεὶς
2730 804 2821 855 ἐπὶ
2849 802 2947 874 τὴν
2976 804 3099 873 γῆν.
3150 822 3167 853 ι
3224 802 3504 874 Πτωχείαν
3526 820 3583 855 τε
3618 804 3716 857 καὶ
3744 821 3847 857 πε-

2273 896 2391 949 νίαν
2419 894 2863 965 ὑπερϐάλλουσαν
2890 894 3187 947 αἰνίττεται
3208 894 3294 946 διὰ
3313 894 3518 947 τούτων
3541 912 3554 924 ο
3586 894 3725 947 ἀλλὰ
3748 895 3846 948 καὶ

2272 984 2474 1037 ἔνδειαν
2508 984 2602 1037 καὶ
2630 984 2823 1036 σπάνιν
2847 982 2945 1053 τῆς
2960 979 3066 1035 ἀπὸ
3091 981 3185 1035 τοῦ
3218 982 3363 1036 σίτου
3393 984 3618 1055 τροφῆς⁶
3647 986 3710 1038 τὸ
3732 986 3845 1058 γάρ

2276 1076 2348 1146 μὴ
2380 1076 2513 1145 βοῶν
2540 1075 2759 1143 ἀγέλας,
2812 1074 2939 1137 μίαν
2968 1073 3025 1127 δὲ
3066 1075 3234 1145 ,ιόνην
3272 1074 3498 1146 δάμαλιν
3541 1076 3843 1146 κεκτῆσθαι

2272 1166 2574 1236 ἄνθρωπον,
2628 1166 2724 1217 καὶ
2764 1165 2827 1217 τὸ
2875 1164 2951 1235 μὴ
2996 1164 3246 1233 ποίμνιον
3297 1164 3605 1235 προϐάτων,
3655 1164 3751 1217 δύο
3783 1166 3845 1218 δὲ

2272 1256 2515 1328 πρόϐατα
2548 1256 2686 1325 μόνα
2712 1255 2955 1326 τρέφειν,
2982 1252 3082 1323 τῆς
3106 1254 3341 1324 ἐσχάτης
3370 1254 3436 1307 ἂν
3464 1256 3673 1323 γένοιτο
3698 1258 3843 1309 ἀπο-

2274 1348 2389 1417 ρίας
2418 1346 2682 1417 σύμϐολον
2712 1363 2724 1376 ·
2760 1344 2898 1399 ἀλλὰ
2924 1344 3021 1398 καὶ
3046 1344 3107 1397 τὸ
3136 1343 3381 1416 βουτύρῳ
3410 1347 3707 1417 τρέφεσθαι
3742 1346 3842 1399 καὶ

2273 1434 2446 1503 μέλιτι
2472 1434 2646 1487 πάντα
2688 1435 2779 1487 τὸν
2829 1432 3257 1503 καταλειφθέντα
3291 1433 3386 1485 ἐπὶ
3418 1435 3515 1503 τῆς
3545 1435 3648 1504 γῆς
3687 1436 3839 1498 λαὸν,

2268 1524 2423 1593 λιμὸν
2454 1525 2617 1594 άρτου
2651 1524 2997 1595 παρίστησιν.
3048 1517 3214 1586 Οὗτος
3235 1518 3385 1593 δὲῆν
3427 1525 3455 1575 ὁ
3488 1524 3581 1577 ἐπὶ
3606 1518 3708 1576 ’τοῦ
3742 1525 3843 1578 Γο-

2267 1613 2436 1666 δολίου
2459 1614 2606 1678 λαὸς,
2636 1615 2694 1669 ὃν
2720 1614 2808 1668 διὰ
2836 1613 3067 1684 ἀπορίαν
3090 1613 3189 1683 τῆς
3208 1613 3316 1666 άπὸ
3343 1614 3493 1666 σίτου
3525 1616 3736 1687 τροφῆς
3776 1618 3838 1669 tv

2269 1704 2588 1776 βραχυτάτῳ
2633 1704 2964 1775 θρεμμάτων
3009 1704 3242 1773 γάλακτι
3292 1705 3387 1758 καὶ
3428 1704 3670 1778 βουτύρῳ
3699 1725 3839 1779 τρα-

2269 1798 2533 1865 φήσεσθαι
2609 1795 3017 1866 προαγορεύει,
3073 1798 3171 1865 τῆς
3226 1794 3410 1869 χώρας
3469 1799 3686 1869 ἁπάσης
3756 1802 3841 1863 εἰς

2190 1879 2232 1931 Β
2263 1889 2452 1958 χέρσον
2486 1888 2579 1939 καὶ
2619 1887 2858 1940 ἄκανθαν
2895 1887 2984 1940 διὰ
3029 1887 3239 1958 ἀνδρῶν
3283 1889 3522 1959 ἐρημίαν
3564 1889 3840 1963 μεταϐλη-

2262 1980 2467 2049 θείσης.

2332 2113 2350 2144 ι
2393 2094 2500 2147 Καὶ
2522 2092 2671 2145 ἔσται
2695 2092 2752 2147 tv
2779 2092 2845 2163 τῇ
2874 2090 3059 2163 ήμέρᾳ
3083 2092 3286 2162 ἐκείνῃ,
3316 2093 3424 2157 πᾶς
3449 2092 3612 2158 τόπος
3640 2086 3704 2148 οὗ
3735 2094 3838 2149 ἐάν

2259 2178 2359 2237 ὦσι
2387 2184 2553 2255 χίλιαι
2584 2183 2839 2255 ἄμπελοι,
2883 2182 3068 2252 χιλίων
3095 2184 3314 2248 σίκλων,
3350 2186 3429 2248 είς
3464 2186 3657 2255 χέρσον
3683 2186 3840 2241 ἔσον-

2258 2293 2345 2329 ται
2380 2277 2471 2328 καὶ
2498 2276 2579 2339 είς
2619 2276 2880 2329 ἄκανθαν.
2938 2293 2957 2326 ι
3014 2276 3219 2329 Οὐκοῦν
3248 2276 3335 2329 διά
3380 2277 3441 2330 τὸ
3476 2278 3668 2350 χέρσον
3692 2274 3837 2335 εἶναι

2257 2367 2353 2436 τὴν
2379 2366 2484 2435 γῆν
2528 2366 2619 2419 καὶ
2643 2365 2893 2419 ἀκανθῶν
2950 2364 3154 2437 πλήρη,
3199 2370 3344 2421 σῖτον
3370 2368 3469 2439 οὐχ
3498 2368 3609 2433 ἔξει
3640 2386 3655 2400 ·
3705 2369 3835 2425 οὐδὲ

2257 2459 2593 2529 τραφήσεται
2625 2458 2690 2527 τῇ
2741 2456 2881 2510 κατά
2911 2457 3073 2526 φύσιν
3111 2458 3396 2530 ἄνθρωπος
3441 2462 3617 2531 τροφῇ
3670 2478 3836 2533 περι·-

2255 2551 2517 2621 λειφθεὶς,
2569 2550 2685 2605 ἀλλ’
2714 2549 2835 2603 οὐδὲ
2868 2550 2995 2621 οῐνῳ
3039 2552 3297 2621 χρήσεται
3325 2592 3340 2616 ,
3387 2550 3619 2620 γάλακτι
3645 2552 3702 2605 δὲ
3734 2554 3837 2608 καὶ

2257 2642 2524 2715 βουτύρῳ,
2559 2644 2653 2696 καὶ
2684 2641 2899 2713 μέλιτι·
2936 2642 3031 2695 καὶ
3068 2641 3297 2707 τούτοις,
3330 2642 3428 2697 οὐκ
3455 2643 3563 2698 άπὸ
3589 2644 3833 2717 πλήθους

2254 2735 2453 2806 ἀγέλης
2485 2734 2640 2803 βοῶν,
2686 2734 2795 2787 οὐδ’
2821 2734 2928 2787 ἀπὸ
2974 2733 3238 2804 ποιμνίων
3272 2734 3558 2805 προϐάτων
3598 2753 3835 2804 συναγο-

2256 2827 2459 2898 μένοις,
2503 2826 2619 2881 άλλ*
2641 2825 2700 2890 ἐξ
2732 2825 2965 2878 εὐτελῶν
3002 2824 3098 2878 καὶ
3134 2823 3369 2897 οἰκτρῶν
3404 2825 3579 2891 ζώων.
3634 2828 3693 2882 '0
3725 2829 3832 2899 μὲν

2253 2920 2361 2992 γάρ
2392 2936 2475 2984 τις
2506 2918 2613 2972 ἀπὸ
2643 2920 2772 2988 μιᾶς
2803 2907 3107 2988 δαμάλεως,
3133 2919 3161 2971 ό
3198 2917 3255 2971 δὲ
3280 2918 3388 2973 άπὸ
3414 2918 3509 2973 δύο
3537 2918 3831 2990 προϐάτων

2254 3014 2537 3082 ⁴ποιήσεται
2563 3008 2757 3063 ταῦτα.

2332 3144 2349 3176 ι
2392 3122 2505 3176 Καὶ
2551 3124 2658 3176 πᾶν
2708 3122 2834 3193 ὅρος
2881 3120 3283 3194 ὴρστριωμένον
3332 3123 3827 3196 ἀροτριωθήσεται,

591 3234 698 3271 ι.οη
728 3218 905 3272 veniet
931 3216 1057 3272 illuc
1090 3217 1291 3272 timor:
1323 3218 1430 3273 erit
1470 3215 1614 3271 enim
1659 3229 1690 3269 a
1722 3215 1935 3272 deserto
1962 3226 2017 3273 et
2042 3218 2147 3288 spi-

2252 3217 2347 3270 xai.
2393 3216 2454 3268 ού
2519 3215 2594 3286 μὴ
2652 3213 2856 3285 ἐπέλθῃ
2911 3216 3029 3269 ἐκεῖ
3076 3213 3239 3283 φόϐος
3280 3232 3293 3245 ο
3354 3215 3508 3270 ἔσται
3556 3215 3667 3289 γάρ
3715 3216 3830 3272 ἀπὸ

590 3307 674 3361 nis
707 3306 758 3361 in
788 3320 985 3376 pascua
1019 3304 1151 3362 ovis.
1188 3324 1208 3357 ι

1166 3412 1395 3472 CAPUT
1427 3411 1562 3467 Vill.

656 3529 823 3585 Vatis.
855 3532 907 3585 1.
942 3548 960 3582 ι
1002 3529 1071 3584 Ει
1090 3529 1225 3583 dixit
1255 3527 1513 3585 Dominus
1551 3529 1619 3583 ad
1664 3542 1784 3595 me,
1832 3525 1997 3586 Sume
2045 3528 2142 3583 tibi

585 3621 782 3677 librum
811 3636 1008 3676 novum
1035 3622 1293 3689 grandem
1327 3638 1341 3676 :
1366 3630 1421 3675 et
1468 3620 1645 3675 scribe
1672 3620 1725 3674 in
1767 3620 1858 3675 illo
1884 3621 2020 3691 ston
2045 3620 2141 3675 ho-

586 3714 765 3767 minis.
802 3729 821 3763 ι
851 3710 1141 3781 Postquam
1172 3708 1331 3763 linem
1380 3709 1634 3763 narrandi
1676 3707 1803 3762 fecit
1843 3721 1905 3762 ea
1945 3722 2062 3776 quae
2088 3707 2140 3760 in

583 3804 892 3860 memoratis
913 3804 1102 3859 diebus
1126 3800 1308 3857 futura
1339 3808 1487 3866 sunt,
1521 3800 1895 3855 narrationem
1930 3800 1996 3855 de
2018 3812 2138 3853 ortu

582 3892 950 3950 Emmanuelis
980 3891 1222 3947 resumit.
1247 3889 1420 3959 Super
1440 3902 1547 3958 quo
1583 3888 1765 3944 domui
1797 3887 1964 3942 David
2000 3902 2138 3955 prae-

582 3998 793 4055 ceptum
825 3994 982 4050 erat,
1010 3992 1070 4038 ut
1102 3982 1481 4038 incantationis
1516 3980 1634 4036 loco
1655 3979 2015 4036 Emmanuelis
2043 3993 2137 4033 no-

584 4093 704 4131 men
753 4078 1064 4141 invocaret;
1108 4076 1265 4142 idque
1305 4088 1427 4129 cum
1477 4087 1572 4142 spe
1620 4087 1683 4127 ac
1732 4072 1923 4126 fiducia
1949 4110 1964 4135 ,
1994 4071 2138 4141 quod

580 4168 697 4239 ejus
725 4180 825 4237 ope
860 4167 926 4221 ab
959 4165 1363 4222 imminentibus
1395 4165 1605 4219 duobus
1636 4164 1856 4233 regibus
1894 4162 2134 4217 liberau-

580 4260 647 4313 da
674 4258 764 4313 sit.
792 4255 926 4325 Quia
968 4271 1096 4311 vero
1137 4257 1317 4311 docuit
1346 4256 1748 4311 Emmanuelem
1793 4254 1946 4309 illum
1972 4293 1988 4318 ,
2020 4264 2137 4308 stu-

578 4349 807 4419 pendam
828 4357 884 4403 et
910 4347 977 4402 ab
1000 4348 1233 4402 humana
1260 4356 1451 4401 natura
1479 4347 1708 4402 alienam
1735 4347 2133 4418 generationem

578 4440 885 4496 habiturum
921 4453 1040 4494 esse
1070 4455 1084 4491 :
1118 4452 1241 4491 nam
1269 4452 1334 4493 ex
1362 4439 1672 4507 incorrupta
1697 4438 1871 4508 puella
1902 4477 1918 4502 ,
1946 4447 2004 4492 et
2027 4438 2131 4490 viro

581 4529 705 4596 gine
730 4526 930 4596 nuptiis
954 4536 1171 4596 experte
1200 4528 1511 4582 nasciturus
1549 4535 1660 4582 erat
1684 4544 1699 4592 ;
1723 4526 2009 4581 admodum
2041 4542 2136 4581 ne-

2246 3311 2343 3381 τῆς
2382 3308 2578 3381 χέρσου
2607 3308 2701 3361 καὶ
2733 3307 2974 3379 ἀκάνθης
3004 3309 3083 3372 είς
3116 3306 3367 3380 βόσκημα
3394 3306 3688 3380 προϐάτου.
3730 3329 3749 3362 ι

2765 3421 3158 3475 ΚΕΦΔΛΔΙΟΝ
3209 3424 3292 3477 Ην.

2318 3553 2337 3583 ι
2372 3534 2479 3587 Καὶ
2530 3529 2651 3585 εἷπε
2683 3532 2887 3604 Κύριος
2918 3535 3054 3604 πρὸς
3088 3534 3179 3605 μὲ,
3225 3534 3375 3589 Λάϐε
3416 3535 3627 3608 σεαυτῷ
3657 3538 3827 3611 τόμον

2242 3626 2424 3678 καινὸν
2454 3624 2648 3694 μέγαν,
2676 3624 2770 3677 καὶ
2792 3624 2999 3693 γράψον
3037 3627 3118 3689 είς
3160 3625 3321 3679 αὐτὸν
3351 3626 3575 3697 γραφίδι
3612 3627 3827 3700 ἀνθρώ.

2242 3735 2363 3772 που.
2398 3737 2415 3768 ι
2444 3716 2769 3779 Συντελέσας
2794 3717 2822 3769 ὁ
2847 3716 3002 3785 λόγος
3034 3717 3102 3770 τὰ
3126 3718 3464 3788 γενησόμενα
3489 3720 3547 3772 tv
3581 3717 3703 3785 ταῖς
3726 3738 3824 3775 κα-

2239 3805 2609 3875 ταλεχθείσαις
2648 3806 2912 3876 ἡμέραις,
2956 3806 3400 3877 ἑπαναλαμϐάνει
3430 3808 3530 3881 τὴν
3568 3809 3826 3883 διήγησιν

2239 3896 2335 3968 τὴν
2364 3896 2491 3965 περὶ
2512 3896 2614 3965 τῆς
2640 3897 2942 3965 γεννήσεως
2968 3895 3063 3948 τοῦ
3105 3896 3469 3970 Ἐμμανουήλ·
3496 3899 3625 3970 περὶ
3653 3892 3716 3952 οὖ
3740 3901 3828 3973 τῷ

2239 3989 2372 4058 οῐκῳ
2422 3985 2585 4039 Δαυῒδ
2628 3986 3021 4057 παρεκελεύετο
3049 3988 3169 4041 ἀντὶ
3207 3988 3423 4060 ἐπῳδῆς
3453 3988 3515 4043 τὸ
3550 3989 3645 4043 τοῦ
3692 3992 3824 4063 Ἐμ-

2242 4080 2477 4152 μανουήλ
2530 4078 2902 4133 ἐπικαλεῖσθαι
2944 4079 3152 4149 ὄνομα,
3198 4079 3529 4151 θαρσοῦντος
3572 4081 3669 4136 καὶ
3726 4100 3822 4136 πι-

2240 4170 2514 4233 στεύοντος
2537 4170 2603 4223 δι’
2628 4168 2792 4223 αὐτοῦ
2822 4170 3162 4240 σωθήσεσθαι
3191 4171 3299 4225 ἀπὸ
3320 4172 3430 4227 τῶν
3454 4174 3820 4243 ἐπικειμένων

2237 4264 2417 4326 αὐτοῖς
2440 4262 2533 4316 δύο
2574 4262 2855 4333 βασιλέων.
2911 4263 3125 4333 Ἐπειδὴ
3153 4263 3209 4316 δὲ
3234 4264 3440 4330 ἐδίδαξε
3477 4265 3566 4320 τὸν
3606 4266 3823 4337 Ἐμμα-

2236 4354 2397 4425 νουὴλ
2423 4353 2583 4423 ξένην
2614 4354 2736 4409 τινὰ
2768 4353 2861 4407 καὶ
2909 4354 3193 4426 ἀλλοτρίαν
3236 4356 3336 4425 τῆς
3368 4356 3566 4427 θνητῆς
3598 4356 3817 4426 φύσεως

2235 4445 2375 4509 ἕξειν
2399 4448 2670 4517 γέννησιν’
2720 4446 2781 4511 ἐξ
2816 4446 3144 4519 ἀδιαφθόρου
3189 4447 3299 4519 γὰρ
3342 4448 3579 4513 νεάνιδος
3624 4450 3721 4504 καὶ
3754 4449 3818 4516 ἐξ

2235 4538 2603 4609 άπειρογάμου
2652 4536 2920 4607 παρθένου
2964 4537 3339 4610 τεχθήσεσθαι,
3383 4540 3585 4609 σφόδρα
3643 4542 3814 4610 ἀναγ-

579 4621 817 4675 οεεςειτίο
846 4620 1101 4675 Dominus
1122 4660 1138 4685 ,
1183 4621 1271 4674 hic
1296 4661 1312 4687 ,
1356 4635 1460 4674 nor.
1492 4622 1671 4675 Achaz
1696 4660 1713 4687 ,
1749 4634 1923 4690 neque
1950 4620 2129 4673 domui

2252 4630 2405 4694 ιαίως
2438 4632 2495 4682 ὲν
2520 4631 2727 4693 τούτοις
2759 4631 2939 4693 αὐτοῖς
2964 4631 2993 4681 ὁ
3019 4630 3241 4701 Κύριος,
3266 4631 3366 4683 ούκ
3399 4630 3477 4684 ἔτι
3500 4629 3577 4701 τῷ
3620 4632 3810 4704 Ἀχὰζ,

576 4709 745 4777 Iudae,
769 4711 864 4765 sed
900 4710 998 4778 ipsi
1026 4710 1122 4764 soli
1152 4711 1445 4779 propheta,
1479 4710 1795 4780 mysterium
1834 4711 2012 4762 arcani
2039 4724 2132 4763 or-

577 4812 660 4856 tus
684 4800 1046 4855 Emmanuelis
1073 4801 1273 4856 revelat
1310 4817 1325 4854 :
1360 4801 1627 4869 quomodo
1654 4799 1859 4855 scilicet
1893 4798 2127 4853 futurum

577 4894 649 4947 sit
682 4900 739 4946 ut
768 4892 917 4961 virgo
974 4892 1028 4945 in
1067 4900 1218 4946 utero
1261 4892 1533 4960 concipiat
1561 4900 1615 4946 et
1644 4890 1817 4960 pariat
1843 4890 2027 4943 filium.
2065 4890 2123 4945 Ut

2235 4721 2356 4773 οὐδὲ
2388 4719 2465 4791 τῷ
2493 4720 2627 4789 οἴκῳ
2681 4721 2869 4783 Ἰούδα,
2929 4720 3044 4773 ἀλλ’
3086 4719 3233 4791 αὐτῷ
3260 4720 3404 4791 μόνῳ
3431 4721 3508 4790 τῷ
3553 4726 3811 4799 προφήτῃ

2233 4814 2292 4865 τὸ
2315 4814 2608 4884 μυστήριον
2634 4814 3004 4868 ἀποκαλύπτει
3032 4812 3129 4883 τῆς
3163 4813 3472 4885 ἀπορρήτου
3502 4817 3811 4885 γεννήσεως

2231 4901 2321 4955 τοῦ
2355 4904 2713 4973 Ἐμμανουήλο
2737 4905 2884 4966 ὅπως
2907 4905 2939 4972 ή
2965 4903 3231 4972 παρθένος
3255 4906 3311 4957 tv
3336 4906 3532 4976 γαστρὶ
3557 4904 3808 4977 λήψεται,

576 4982 753 5049 itaque
783 4995 843 5035 ea
872 4995 991 5051 quae
1022 4981 1089 5035 ad
1120 4980 1517 5036 Emmanuelem
1550 4981 1891 5050 spectabant,
1922 4995 2025 5034 non
2058 4981 2122 5034 ad

2252 4995 2321 5047 tat
2349 4994 2557 5061 τέξεται
2580 4996 2714 5047 υἱόν.
2749 4994 2842 5048 ”Ιν’
2874 4992 2966 5049 οὖν
2988 4996 3058 5049 τὰ
3084 4996 3212 5066 περὶ
3241 4995 3335 5049 τοῦ
3352 4997 3695 5070 Ἐμμανουήλ
3731 5002 3807 5071 μὴ

572 5074 808 5126 omnium
844 5086 1003 5127 aures
1048 5081 1447 5142 spargerentur,
1498 5073 1589 5127 sed
1626 5072 1803 5141 potius
1844 5073 1895 5124 in
1931 5086 2127 5126 arcana

574 5164 803 5235 quadam
854 5165 1116 5235 scriptura
1169 5174 1557 5228 servarentur,
1609 5164 1762 5233 jubet
1812 5164 2126 5233 prophetam

574 5256 674 5309 sibi
704 5270 917 5312 sumere
945 5266 1147 5311 tomum
1180 5270 1379 5311 novum
1417 5263 1472 5309 et
1500 5270 1747 5325 magnum
1777 5294 1793 5320 ,
1827 5256 1939 5309 sive
1960 5294 1975 5320 ,
2018 5273 2036 5306 ι
2074 5255 2130 5309 li-

574 5348 729 5403 brum
752 5390 769 5413 ,
828 5368 848 5401 ι
880 5364 974 5404 seu
999 5392 1013 5415 ,
1051 5368 1070 5401 ι
1122 5348 1489 5404 membranam
1517 5386 1533 5411 ,
1573 5366 1592 5400 ι
1626 5361 1721 5402 seu
1755 5365 1775 5400 ι
1817 5347 2064 5402 volumen
2104 5365 2122 5397 ι

574 5440 865 5494 secundum
916 5440 1195 5509 reliquus,
1245 5457 1265 5491 ι
1324 5439 1469 5510 ston
1506 5440 1779 5507 hominis,
1831 5460 1851 5493 ι
1906 5440 1957 5494 id
2001 5449 2123 5505 est,

574 5540 824 5585 consueta
871 5540 924 5585 et
973 5540 1097 5585 nota
1147 5530 1455 5587 hominibus
1499 5531 1761 5599 scriptura
1794 5550 1807 5585 :
1840 5542 1923 5587 est
1965 5533 2123 5600 quip-

574 5635 640 5687 pe
672 5620 772 5674 alia
806 5621 897 5675 Dei
944 5623 1218 5692 Scriptura
1265 5640 1371 5679 non
1420 5623 1561 5694 stylo
1584 5622 1819 5679 hominis
1861 5633 2080 5679 exarata
2107 5662 2122 5687 ,

575 5712 669 5765 sed
701 5714 894 5771 virtute
924 5715 1014 5771 Dei
1044 5717 1228 5783 Verbi,
1263 5732 1367 5787 qua
1400 5715 1591 5787 dignos
1622 5716 1677 5773 in
1716 5718 1853 5775 libro
1880 5718 2002 5773 vita:
2033 5717 2123 5772 de-

578 5803 782 5859 scribit.

2226 5086 2303 5147 είς
2335 5085 2434 5147 τάς
2469 5086 2683 5138 πάντων
2724 5084 2891 5147 ἀκοὰς
2927 5083 3034 5138 τῶν
3066 5102 3197 5138 ποτε
3230 5087 3475 5159 χωρήσῃ,
3507 5086 3803 5159 φυλαχθείη

2226 5173 2281 5227 δὲ
2318 5176 2516 5244 μᾶλλον
2560 5176 2620 5229 ἐν
2663 5178 2956 5249 ἀπορρήτῳ
3004 5180 3207 5249 γραφῇ·
3260 5176 3690 5247 παρακελεύεται
3724 5180 3805 5249 τῷ

2228 5268 2479 5337 προφήτῃ
2507 5265 2690 5319 λαϐεῖν
2717 5267 2892 5337 ἐαυτῷ
2932 5267 3094 5338 τόμον
3138 5268 3343 5330 καινὸν,
3365 5268 3575 5337 ’μέγαν,
3595 5269 3627 5339 ἢ
3651 5270 3805 5322 ιτεῦ-

2230 5356 2412 5426 χος,›ἢ
2435 5355 2797 5429 ιδιφθέρωμα,
2812 5378 2829 5409 ι
2848 5358 2879 5429 ἢ
2900 5358 3212 5428 «κεφαλίδα,
3227 5377 3244 5409 ι
3266 5358 3540 5421 κατὰτοὺς
3558 5358 3799 5423 λοιπούς·

2233 5468 2251 5497 1
2280 5448 2500 5518 γραφίδι
2526 5448 2831 5520 ἀνθρώπου,
2860 5470 2877 5501 ι
2904 5450 3169 5514 τουτέστι,
3200 5453 3265 5521 τῇ
3297 5449 3512 5520 συνήθει
3547 5451 3638 5502 καὶ
3659 5468 3805 5519 γνω-

2230 5538 2481 5612 ριζομένῃ
2532 5540 2835 5610 ἀνθρώποις
2877 5545 3079 5614 γραφῇ·
3110 5538 3247 5595 εἶναι
3298 5541 3403 5615 γὰρ
3456 5540 3621 5613 ἀλλην
3662 5543 3799 5597 Θεοῦ

2227 5630 2464 5703 Γραφὴν,
2520 5634 2581 5685 ού
2626 5635 2844 5704 γραφίδι
2899 5632 3183 5707 ἀνθρώπου
3241 5634 3612 5705 γραφομένην,
3662 5637 3801 5691 ἀλλά

2226 5721 2448 5794 δυνάμει
2477 5723 2611 5777 Θεοῦ
2640 5726 2828 5794 Λόγου,
2870 5728 2993 5790 τοὺς
3035 5728 3215 5795 ἀξίους
3254 5728 3711 5800 ἀπογραφομένην
3741 5732 3798 5781 tv

2233 5816 2393 5879 Βίϐλῳ
2421 5816 2649 5880 ζώντων.
