4014 6408
225 447 322 501 ιη

1144 434 1643 493 COMMENTARIA
1680 433 1745 488 IN
1775 432 2042 489 ἹΞΑΙΑΜ.
2078 467 2147 476 -
2183 434 2337 491 CAP.
2380 435 2515 491 Vill.

3380 435 3485 491 162

298 577 318 610 ι
359 556 472 610 Καὶ
501 552 808 627 προσῆλθον
855 548 993 623 πρὸς
1035 550 1133 617 τὴν
1167 550 1457 621 προφῆτιν,
1490 548 1584 601 καὶ
1624 546 1783 599 ἔτεκε

1982 545 2148 602 Vsus.
2176 549 2230 603 5.
2279 567 2297 599 ι
2336 546 2403 602 Ει
2427 547 2633 603 accessi
2676 548 2744 603 ad
2773 546 3171 619 prophetissam
3199 586 3215 612 ,
3246 556 3301 602 et
3324 562 3487 617 pepe-

218 647 353 702 υίὸν.
389 647 504 700 Καὶ
536 641 656 697 εἶπέ
702 661 793 713 μοι
832 642 1068 713 Κύριος⁸
1098 641 1345 695 Κάλεσον
1390 639 1452 691 τὺ
1502 639 1675 709 ὄνομα
1713 637 1811 691 αύ-

213 742 335 804 τοῦ,
366 739 586 809 ταχέως
610 735 927 798 σκύλευσον,
952 734 1115 799 ὀξέως
1140 731 1529 803 προνόμευσον.
1567 749 1586 781 ι
1632 730 1811 784 Ἐπεί-

210 850 326 905 up
354 833 577 903 εἴρηται
607 828 894 900 ἀνωτέρω,
939 846 959 879 ι
1008 826 1138 879 Ἰδοῦ
1168 827 1200 895 ἡ
1239 824 1506 895 παρθένος
1528 824 1587 875 έν
1610 822 1809 892 γαστρὶ

206 928 470 999 λήψεται,
490 924 585 977 καὶ
610 920 824 986 τέξεται
847 920 985 981 υίδν,
1012 937 1031 971 ι
1070 917 1383 987 ἀναγκαίως
1414 917 1509 968 ἐπὶ
1532 914 1627 969 τοῦ
1663 932 1807 987 παρ-

207 1021 391 1081 όντος,
451 1015 574 1079 πῶς
620 1014 690 1067 ἂν
724 1012 937 1082 γένοιτο
981 1009 1139 1064 τοῦτο
1168 1009 1420 1077 διασαφεῖ
1445 1007 1610 1071 αὐτὸς
1643 1008 1673 1060 6
1701 1006 1809 1059 Κύ-

209 1128 331 1182 ριος
361 1108 541 1175 λέγων
562 1123 579 1138 ·
616 1124 635 1157 ι
670 1106 781 1159 Καὶ
813 1102 1116 1173 προσῆλθον
1159 1100 1295 1171 πρὸς
1329 1099 1430 1169 τὴν
1459 1097 1750 1169 προφῆτιν·
1780 1115 1797 1149 ι

204 1201 336 1255 ἀντὶ
367 1198 503 1263 τοῦ,
545 1196 688 1267 Ἐγὼ
708 1195 868 1258 αὐτὸς
908 1191 1343 1264 προσελεύσομαι
1379 1193 1447 1263 τῇ
1493 1188 1801 1262 προφήτιδι.

206 1292 499 1364 Προφῆτιν
531 1288 643 1361 γὰρ
671 1286 929 1359 ὀνομάζει
978 1284 1076 1356 τὴν
1114 1284 1207 1337 τὸν
1257 1280 1609 1354 Ἐμμανουὴλ
1654 1282 1805 1347 τεξο-

209 1385 410 1454 μένην,
450 1381 545 1434 διὰ
570 1380 634 1434 τὸ
666 1379 987 1449 Πνεύματος
1022 1376 1176 1443 ἁγίου
1226 1376 1515 1447 μετασχεῖν
1540 1372 1681 1427 κατά
1711 1372 1801 1425 τὸν

206 1475 468 1543 φήσαντα
495 1472 634 1543 πρὸς
678 1470 852 1540 αὑτήν
885 1486 899 1499 ο
934 1488 953 1520 ι
1000 1467 1224 1538 Πνεῦμα
1263 1466 1420 1535 ἀγιον
1452 1464 1800 1518 ἐπελεύσεται

205 1565 301 1617 ἐπὶ
342 1565 429 1626 σὲ,
462 1564 557 1616 καὶ
584 1562 811 1634 δύναμις
849 1561 1103 1631 Ὑψίστου
1129 1558 1442 1614 ἐπισκιάσει
1467 1574 1570 1610 σοι.
1600 1576 1621 1608 ι
1649 1557 1797 1629 Δῦτη

202 1656 387 1709 τοίνυν
437 1657 472 1727 ἠ
523 1652 886 1726 δύναμις-δοῦ
934 1651 1211 1721 Ὑψίστου,
1254 1651 1288 1720 ἡ
1331 1648 1421 1701 διά
1459 1648 1560 1717 τῆς
1587 1665 1799 1719 προφηιι

200 1748 355 1811 τείας
374 1748 642 1816 λέγουσα,
669 1766 689 1798 ι
715 1746 811 1799 καὶ
838 1743 1142 1816 προσῆλθον
1164 1740 1300 1812 πρὸς
1324 1741 1424 1811 τὴν
1450 1742 1740 1811 προφῆτιν,
1771 1759 1791 1790 ι

200 1841 271 1894 τά
301 1841 579 1912 μέλλοντα
608 1840 685 1903 ὡς
716 1838 818 1910 ἤδη
853 1837 1115 1907 γεγονότα
1141 1833 1478 1905 διεξέρχεται
1508 1831 1651 1886 κατά
1676 1849 1797 1886 τινα

201 1888 578 2004 @iikﬁ'v"
592 1888 911 2003 alitiéiaii
932 1888 1208 1999 {Toxilus
1232 1888 1546 1979 ad“...
1583 1942 1602 1975 ›
1624 1923 1796 1987 Αὐτὸς
1827 1888 1872 1947 Β

198 2021 309 2094 ἄρα
360 2018 455 2094 ἦν,
491 2023 520 2075 6
553 2020 652 2075 καὶ
689 2019 781 2072 τὸν
823 2017 989 2073 πάλαι
1028 2014 1247 2086 ἰσχυρὸν
1294 2013 1385 2066 τὸν
1427 2008 1671 2063 διάσολον
1702 2027 1798 2063 κα-

196 2115 467 2185 ταδήσας,
504 2113 600 2165 καὶ
628 2110 696 2164 τὰ
736 2109 908 2163 σκῦλα
935 2105 1103 2161 αὐτοῦ
1132 2105 1462 2177 διαρπάσας.

275 2224 293 2256 ι
323 2206 439 2259 Καὶ
484 2202 781 2275 προσέθετο
822 2198 1026 2273 Κύριος
1072 2196 1307 2267 λαλῆσαί
1355 2212 1447 2268 μοι
1477 2196 1559 2250 ἔτι
1600 2196 1792 2266 λέγων,

194 2294 285 2348 διὰ
306 2294 371 2347 τὺ
394 2294 475 2365 μὴ
511 2290 796 2364 βούλεσθαι
830 2289 923 2341 τὸν
962 2285 1089 2340 λαὸν
1118 2284 1309 2338 τοῦτον
1336 2284 1398 2337 τὺ
1422 2281 1567 2355 ὕδωρ
1586 2282 1680 2336 τοῦ
1709 2283 1795 2335 Σι-

194 2386 379 2457 λωὰμ,
411 2385 476 2439 τὸ
527 2382 891 2455 πορευόμενον
932 2378 1129 2451 Σισυχῖγ
1174 2376 1309 2431 ἀλλά
1342 2375 1626 2447 βούλεσθαι
1651 2375 1794 2446 ἔχειν

193 2478 286 2532 τὸν
323 2477 608 2543 Ῥαασσὶν,
648 2473 852 2528 καὶτὸν
884 2471 998 2525 υίδν
1036 2468 1335 2540 Ῥωμελίου
1366 2466 1588 2538 βασιλέα
1616 2469 1701 2537 ἐφ’
1733 2468 1795 2521 ὑ-

198 2571 339 2641 μῶν.
370 2589 389 2621 ι
430 2568 499 2621 Τί
519 2568 579 2622 δὲ
601 2566 760 2621 τοῦτο
796 2560 866 2637 ἦν
890 2564 954 2618 τὸ
981 2562 1126 2635 ὕδωρ
1143 2559 1238 2615 τοῦ
1252 2560 1511 2631 Σιλωάμ;
1545 2560 1602 2614 '0
1622 2562 1794 2629 ὲπηγ-

192 2663 463 2733 γελμὲνος
494 2661 679 2723 αὐτοῖς
720 2654 1085 2730 Ἐμμανουὴλ,
1124 2674 1144 2707 ι
1167 2651 1326 2725 Πηγὴ
1357 2651 1641 2724 τυγχάνων
1665 2651 1793 2706 ὓδα-

192 2774 284 2820 τος
310 2751 614 2824 ἁλλομένου
650 2753 731 2815 εἰς
758 2749 902 2821 ζωὴν
934 2747 1173 2811 αἰώνιον,
1201 2765 1222 2800 ι
1277 2746 1373 2801 καὶ
1399 2745 1551 2817 πηγὴ
1602 2744 1792 2809 ὕδατος

192 2844 572 2923 πορευομένου
622 2847 704 2909 είς
736 2843 883 2915 ζωὴν
921 2840 1123 2914 ἡσυχῆ.
1159 2840 1283 2895 Ἔτι
1314 2839 1422 2912 γάρ
1445 2838 1568 2892 τότε
1594 2837 1789 2893 λανθα-

194 2941 395 3003 νόντως
437 2938 535 2992 καὶ
569 2934 790 3007 ἡσύχως
827 2930 1216 3003 συνεπορεύετο
1242 2929 1321 3001 τῷ
1367 2929 1502 3001 λαῷ,
1541 2926 1789 3002 ἀρδεύειν

192 3030 356 3084 αὐτὸν
382 3028 482 3083 καὶ
514 3025 833 3080 ἐπισκοπεῖν
858 3021 1178 3094 βουλόμενος
1204 3020 1305 3083 τὰς
1339 3018 1538 3091 ψυχὰς,
1566 3018 1657 3073 καὶ
1688 3036 1791 3090 μη-

191 3123 338 3177 Mm
370 3118 779 3193 κηρυττόμενος
811 3118 889 3180 είς
912 3114 1090 3170 πάντα
1123 3112 1193 3166 τά
1226 3111 1373 3183 ἔθνη.
1396 3110 1501 3186 ,Διὸ
1526 3110 1788 3183 κέκληται

192 3213 494 3288 προσφυῶς
520 3211 583 3264 τὸ
624 3208 793 3282 ὕδωρ,
826 3208 1191 3280 πορευόμενον
1247 3203 1447 3276 ἡσυχῆ,
1483 3204 1579 3259 καὶ
1633 3202 1787 3275 πηγὴ
1815 3231 1862 3294 c

188 3307 280 3361 τοῦ
306 3305 555 3375 Σιλωὰμ,
583 3304 612 3357 ὅ
667 3304 814 3356 ἐστιν
856 3319 876 3352 ι
900 3295 1327 3369 ἀπεσταλμένος.
1355 3315 1375 3348 ι
1420 3296 1479 3350 '0
1511 3295 1568 3350 δὲ
1593 3294 1785 3351 ενταῦ-

188 3399 256 3452 θα
278 3392 761 3469 κατηγορούμενος
796 3390 901 3444 ὑπὸ
943 3387 1039 3443 τοῦ
1069 3387 1278 3458 Κυρίου
1298 3386 1447 3451 λαὸς,
1480 3388 1541 3441 ού
1594 3385 1786 3457 βουλη-

189 3489 299 3553 θεὶς
322 3487 622 3541 πιστεῦσαι
648 3483 728 3555 τῷ
755 3480 1160 3554 προστάγματι,
1190 3481 1286 3534 καὶ
1308 3479 1400 3533 τὸν
1435 3477 1785 3549 Ἐμμανουὴλ

187 3579 392 3643 καλεῖν,
422 3576 484 3641 ὃς
502 3572 572 3647 ἦν
603 3574 750 3645 ὕδωρ
774 3571 836 3625 τὸ
855 3570 1217 3643 πορευόμενον
1240 3568 1436 3640 ἡσυχῆ,
1464 3566 1668 3638 ἔρημος
1692 3566 1783 3619 αύ-

186 3670 279 3725 τοῦ
298 3672 532 3740 γίνεται.
576 3666 731 3720 Ἐπεὶ
755 3663 933 3719 τοίνυν
960 3662 1179 3717 ἄπιστοι
1203 3659 1376 3725 ὄντες,
1407 3658 1638 3729 ἠγάπων
1656 3657 1782 3729 μᾶλ-

186 3762 272 3817 λον
300 3760 633 3816 ὑποτάττειν
660 3756 887 3820 ἑαυτοὺς
915 3752 996 3826 τῷ
1026 3751 1237 3825 βασιλεῖ
1279 3750 1595 3823 Δαμασκοῦ,
1620 3751 1655 3822 ἢ
1687 3748 1782 3819 βα-

188 3854 321 3910 σιλεῖ
349 3854 456 3924 τῆς
479 3849 819 3924 Σαμαρείας,
843 3847 1123 3919 πολεμίοις
1142 3840 1313 3909 οὖσιν,
1344 3844 1378 3915 ἢ
1422 3844 1682 3914 πράττειν
1713 3842 1779 3895 τὰ

1913 638 1987 693 rit
2007 640 2196 694 ﬁlium.
2223 640 2290 696 Et
2323 641 2461 696 dixit
2484 641 2614 695 mihi
2644 640 2925 705 Dominus,
2950 641 3090 696 Voca
3122 658 3316 698 nomen
3341 643 3484 714 ejus,

1910 730 2018 786 cito
2046 731 2215 800 spolia
2246 733 2476 788 detrahe
2498 770 2515 796 ,
2546 734 2827 801 pmdare,
2856 731 3121 787 velociter
3154 734 3415 800 prmdare.
3460 754 3478 786 ι

1909 820 2046 888 Quia
2093 824 2295 879 dictum
2347 832 2433 881 est
2477 824 2728 893 superius
2754 865 2771 890 ,
2806 842 2828 877 ι
2865 824 3007 880 Ecce
3050 826 3199 885 virgo
3240 826 3293 878 in
3327 836 3488 882 utero

1907 911 2184 980 concipiet
2207 922 2262 967 et
2286 912 2463 981 pariet
2496 913 2687 975 ﬁlium,
2726 931 2747 965 ι
2782 914 3097 969 necessario
3122 916 3173 967 in
3203 916 3484 981 praesenti,

1907 1003 2178 1070 quomodo
2208 1004 2260 1057 id
2308 1003 2510 1059 factum
2560 1005 2633 1059 sit
2674 1004 2914 1061 declarat
2956 1006 3072 1075 ipse
3104 1006 3362 1061 Dominus
3400 1007 3485 1064 his

1908 1093 2091 1149 verbis
2112 1133 2128 1158 ,
2166 1113 2185 1147 ι
2213 1094 2283 1149 Et
2307 1097 2513 1152 accessi
2544 1096 2610 1151 ad
2636 1098 3075 1167 prophetissam;
3118 1118 3137 1152 ι
3171 1113 3236 1153 ac
3261 1101 3306 1154 si
3336 1101 3485 1157 dice-

1908 1193 2010 1250 ret,
2038 1199 2139 1255 ego
2167 1185 2285 1256 ipse
2313 1187 2368 1241 in
2394 1190 2797 1258 prophetissam
2826 1190 3225 1260 superveniam.
3250 1192 3486 1262 Prophe-

1909 1276 2093 1331 tissam
2120 1278 2319 1349 quippe
2352 1289 2512 1335 vocat
2538 1296 2658 1336 eam
2683 1321 2699 1348 ,
2733 1296 2856 1354 qua
2888 1283 3298 1340 Emmanuelem
3334 1285 3485 1354 pari-

1908 1377 2027 1425 tura
2051 1380 2155 1435 est,
2181 1371 2309 1440 quia
2344 1371 2579 1441 Spiritus
2608 1375 2783 1430 sancti
2812 1375 3086 1445 particeps
3111 1378 3217 1433 erit
3238 1416 3255 1443 ,
3285 1392 3484 1432 secun-

1904 1463 2031 1517 dum
2066 1462 2276 1517 dictum
2308 1463 2437 1519 illud
2467 1505 2483 1529 ,
2535 1484 2554 1516 ι
2605 1466 2842 1536 Spiritus
2868 1476 3091 1525 sanctus
3135 1471 3484 1539 superveniet

1904 1551 1955 1605 in
1991 1561 2063 1617 te,
2091 1560 2147 1607 et
2172 1553 2348 1610 virtus
2386 1554 2653 1611 Altissimi
2685 1557 3035 1615 obumbrabit
3063 1560 3160 1616 tibi
3194 1561 3259 1615 ³³.
3298 1579 3316 1612 ι
3357 1560 3483 1618 Haec

1902 1643 2067 1714 igitur
2097 1644 2267 1700 virtus
2287 1645 2577 1715 Altissimi,
2605 1663 2728 1719 quae
2751 1664 2849 1720 per
2875 1653 3215 1721 prophetiam
3246 1653 3345 1717 ait,
3363 1672 3383 1706 ι
3417 1654 3483 1710 Ει

1900 1734 2107 1791 accessi
2129 1737 2195 1789 ad
2211 1738 2632 1808 prophetissam,
2656 1759 2677 1793 ι
2704 1741 2883 1798 futura
2907 1745 3185 1814 quasijam
3206 1749 3481 1815 prmterita

1900 1835 2148 1883 recenset
2200 1827 2497 1884 secundum
2530 1830 2814 1899 quamdam
2848 1835 3218 1904 propheticam
3250 1852 3481 1894 consue-

1900 1917 2164 1974 tudinem.
2203 1937 2223 1972 ι
2266 1920 2388 1976 Cito
2411 1922 2589 1992 spolia
2623 1922 2868 1991 detrahe.
2907 1946 2928 1979 ι
2975 1924 3095 1996 Ipse
3123 1926 3290 1999 igitur
3319 1938 3475 1993 erat,

1896 2010 1991 2078 qui
2020 2010 2171 2066 illum
2204 2012 2337 2067 olim
2374 2022 2646 2084 potentem
2681 2015 2954 2072 diabolum
2983 2018 3243 2090 alligavit,
3270 2035 3333 2075 ac
3353 2037 3478 2093 spo-

1896 2101 1967 2157 lia
1997 2101 2115 2171 ejus
2142 2104 2388 2175 diripuit.

1967 2192 2132 2249 Vsus.
2182 2195 2237 2262 5,
2286 2194 2343 2251 6.
2379 2213 2398 2247 ι
2437 2195 2508 2252 Ει
2554 2198 2751 2267 adjecit
2800 2198 3056 2257 Dominus
3116 2200 3264 2272 loqui
3292 2205 3360 2260 ad
3391 2220 3479 2262 me

1895 2284 2092 2351 adhuc,
2140 2285 2327 2343 dicens
2358 2305 2375 2344 :
2409 2287 2546 2355 Quia
2586 2304 2693 2344 non
2747 2290 2860 2346 vult
2885 2292 3121 2362 populus
3166 2294 3255 2351 hic
3278 2310 3475 2367 aquam

1897 2375 2122 2447 Siloam,
2151 2394 2275 2450 quae
2305 2380 2492 2451 quiete
2518 2380 2671 2449 ﬁuit;
2706 2383 2802 2439 sed
2848 2387 2963 2440 vult
3010 2384 3214 2443 habere
3243 2388 3475 2448 Raassin

1894 2479 1951 2525 et
1979 2469 2147 2525 ﬁlium
2175 2470 2434 2527 Bomelia‘.
2470 2472 2523 2527 in
2568 2488 2748 2545 regem
2794 2489 2962 2547 super
2998 2491 3116 2533 vos.
3156 2496 3179 2532 ι
3214 2478 3473 2547 Quanam

1896 2560 1984 2616 illa
2029 2572 2175 2641 erat.
2194 2579 2334 2635 aqua
2368 2565 2617 2622 Siloam?
2660 2565 2981 2624 Emmanuel
3034 2568 3127 2626 ille
3174 2572 3477 2643 promissus

1894 2652 2049 2725 ipsis,
2077 2655 2170 2726 qui
2200 2666 2286 2711 est
2336 2674 2355 2710 I
2394 2658 2516 2714 fons
2553 2673 2709 2729 aqua:
2738 2659 2983 2717 salientis
3014 2661 3069 2717 iu
3105 2664 3273 2718 vitam
3324 2672 3477 2719 teter-

1896 2758 2044 2809 nam,
2083 2763 2104 2799 t
2137 2754 2193 2802 et
2218 2746 2341 2802 fons
2370 2762 2528 2819 aqu
2556 2747 2772 2806 ﬂuentis
2795 2751 2864 2806 ad
2896 2753 3061 2808 vitam
3098 2754 3308 2825 quiete.
3322 2752 3477 2812 Tunc

1892 2836 2034 2890 enim
2060 2838 2226 2892 etiam
2249 2838 2485 2896 latenter
2504 2849 2561 2897 et
2584 2844 2766 2912 quiete
2795 2843 3077 2902 incedebat
3096 2861 3219 2903 cum
3250 2848 3477 2918 populo,

1892 2936 1953 2983 ut
1983 2928 2132 2985 illum
2160 2930 2435 3004 irrigaret,
2476 2941 2532 2989 et
2562 2934 2850 2994 animabus
2892 2952 3082 2995 eorum
3111 2942 3475 3013 prospiceret,

1891 3036 2016 3076 cum
2046 3022 2289 3079 nondum
2336 3025 2663 3095 praedicatus
2709 3028 2905 3086 fuisset
2936 3029 2992 3085 iu
3033 3046 3223 3088 omnes
3260 3042 3473 3105 gentes.

1892 3110 2257 3179 Quamobrem
2299 3114 2547 3185 apposite
2572 3129 2798 3174 vocatur
2824 3134 2964 3189 aqua
3009 3120 3196 3190 quiete
3221 3135 3477 3185 manans.

1890 3211 1945 3257 et
1968 3202 2089 3259 fons
2123 3203 2351 3273 Siloam,
2374 3207 2518 3277 quod
2552 3209 2841 3282 signiﬁcat,
2874 3229 2894 3263 ι
2924 3212 3144 3269 missus.
3187 3234 3208 3266 ι
3237 3213 3476 3287 Populus

1890 3303 2073 3349 autem
2102 3295 2193 3352 hic
2224 3312 2255 3350 a
2292 3298 2523 3355 Domino
2562 3310 2870 3368 accusatus,
2911 3318 3034 3358 cum
3080 3304 3254 3375 jussui
3283 3321 3477 3376 parere

1890 3391 1946 3438 et
1974 3383 2384 3444 Emmanuelem
2436 3403 2635 3447 vocare
2662 3392 2847 3457 nollet,
2897 3393 2989 3462 qui
3041 3406 3162 3451 erat
3205 3411 3349 3467 aqua
3380 3398 3477 3455 ille

1890 3475 2075 3545 quiete
2109 3492 2359 3546 manans,
2386 3478 2456 3535 ab
2484 3496 2551 3537 eo
2574 3484 2826 3540 desertus
2853 3493 2959 3541 est.
2990 3486 3130 3554 Quia
3169 3489 3352 3559 igitur,
3385 3490 3473 3545 in-

1893 3565 2081 3625 ﬁdeles
2126 3584 2250 3625 cum
2281 3584 2484 3639 essent,
2517 3574 2629 3645 regi
2677 3573 2927 3633 Damasci
2956 3587 3013 3634 et
3061 3579 3174 3651 regi
3205 3580 3474 3638 Samaria)

1890 3658 2128 3716 inimicis
2156 3662 2272 3717 suis
2301 3678 2425 3719 sese
2471 3665 2746 3736 subjicere
2782 3664 3093 3735 malebant,
3127 3686 3288 3741 quam
3316 3658 3470 3741 jussa

1887 3754 2146 3823 exsequi;
2194 3754 2317 3811 ideo
2342 3758 2708 3814 comminatur
2745 3758 3056 3832 Scriptura,
3087 3762 3235 3834 ipsos
3256 3780 3363 3819 non
3403 3766 3471 3822 iis

1887 3843 2130 3898 subditos
2155 3844 2296 3912 fore,
2328 3846 2423 3903 sed
2452 3847 2567 3920 regi
2590 3848 2962 3920 Assyriorum.

185 3950 589 4021 ιαιιελευσμένα
606 3966 622 3980 ο
649 3947 838 4002 τούτου
869 3945 1029 4018 χάριν
1055 3942 1270 3999 ἀπειλεῖ
1294 3944 1323 3996 6
1369 3941 1528 4011 λόγος
1588 3939 1663 4011 μὴ
1703 3938 1930 4004 ἐκείνοις
1983 3941 2181 4007 αὐτοὺς
2232 3944 2574 4016 ὑποχειρίους
2600 3945 2840 4012 ἔσεσθαι,
2874 3947 3011 4003 ἀλλά
3033 3946 3112 4021 τῷ
3137 3947 3246 4004 τῶν
3275 3951 3467 4005 Ἀσσυ-

380 4046 578 4101 ασιλεῖ.

380 4046 578 4101 ασιλεῖ.

186 4046 397 4198 ﬂatum:
428 4142 589 4196 τοῦτο
623 4140 733 4195 ίδοὺ
758 4139 950 4209 ἀνάγει
995 4136 1202 4209 Κύριος
1229 4133 1497 4206 ἔφ’·ὖμᾶς
1530 4132 1593 4186 τὸ
1624 4130 1769 4204 ὕδωρ

180 4235 269 4290 τοῦ
299 4232 572 4306 ποταμοῦ,
603 4233 666 4287 τὺ
700 4232 919 4305 ίσχυρὸν
966 4230 1062 4289 καὶ
1110 4229 1174 4284 τὺ
1202 4226 1361 4295 πολὺ,
1406 4226 1498 4281 τὸν
1542 4225 1767 4297 βασιλέα

180 4328 283 4382 τῶν
321 4326 648 4400 Ἀσσυρίων,
690 4326 786 4379 καὶ
812 4325 910 4396 τὴν
938 4322 1097 4390 δόξαν
1122 4319 1290 4377 αὑτοῦ
1307 4336 1322 4350 ·
1374 4318 1468 4371 καὶ
1493 4316 1764 4390 ἀναϐήσε-

180 4440 265 4477 ται
290 4421 388 4475 επὶ
418 4420 601 4473 πᾶσαν
635 4415 891 4488 φάραγγα
918 4414 1095 4486 ὑμῶν,
1132 4413 1228 4467 καὶ
1260 4410 1625 4482 περιπαττίρει
1670 4408 1767 4461 ἐπὶ

180 4516 282 4569 πᾶν
309 4516 495 4583 τεῖχος
516 4510 694 4583 ὑμῶν,
730 4509 827 4565 καὶ
858 4508 1048 4579 ἀφελεῖ
1078 4506 1186 4559 ἀπὸ
1229 4505 1332 4576 τῆς
1379 4502 1637 4567 Ἰουδαίας
1670 4500 1764 4555 ἀν-

178 4606 411 4678 θριινπον.
437 4621 455 4654 ι
484 4601 632 4672 Πρὸς
657 4597 1063 4668 ἀντιδιαστολὴν
1082 4596 1190 4667 γὰρ
1214 4593 1307 4648 τοῦ
1345 4592 1539 4656 ὓδατος
1568 4590 1661 4645 τοῦ
1689 4592 1771 4644 Σι-

176 4696 328 4766 λωὰμ
354 4691 453 4747 τοῦ
483 4692 852 4765 πορευομένου
888 4688 1085 4761 ἡσυχῆ,
1118 4687 1179 4740 τὸ
1208 4686 1353 4757 ὕδωρ
1382 4683 1647 4755 ἀντέθηκε
1672 4681 1766 4737 τοῦ

178 4788 440 4859 ποταμοῦ,
472 4786 535 4839 τὺ
560 4785 777 4858 ἰσχυρὸν
804 4782 979 4838 καὶτὸ
1006 4778 1170 4834 πολύ·
1198 4775 1268 4850 ἦν
1294 4778 1353 4832 δὲ
1379 4770 1532 4840 οὗτος
1557 4777 1587 4829 6
1620 4774 1768 4847 βασι-

175 4882 289 4946 λεὺς
316 4880 430 4935 τῶν
472 4878 794 4949 Ἀσσυρίων.
824 4874 1087 4930 Τοσοῦτον
1116 4872 1225 4943 γὰρ
1247 4870 1451 4942 πλῆθος
1476 4868 1626 4940 ἥξειν
1655 4868 1765 4922 τῶν

174 4975 445 5047 πολεμίων
474 4969 743 5036 θεσπίζει,
772 4970 848 5035 ὡς
883 4970 992 5022 πᾶν
1007 4967 1068 5021 τὸ
1098 4966 1299 5029 πλάτος
1328 4964 1431 5035 τῆς
1468 4960 1763 5032 Ἰουδαϊκῆς

174 5068 347 5144 χώρας
377 5066 711 5140 πληρώσειν,
734 5060 1099 5134 ἀφαιρεθῆναι
1126 5059 1183 5112 δὲ
1220 5056 1308 5111 ἀπ’
1345 5055 1514 5126 αὐτῆς
1546 5052 1759 5124 ἀνθρω-

176 5179 287 5224 πον,
322 5160 381 5225 ὃς
410 5159 710 5230 δυνήσεται⁴
741 5154 981 5226 κεφαλὴν
1012 5149 1164 5223 ἆραι,
1192 5149 1227 5221 ἢ
1258 5147 1483 5203 δυνατὸν
1509 5144 1758 5199 συντελέ-

177 5252 363 5309 σασθαί
389 5260 476 5319 τιξ·
518 5250 595 5314 ὡς
626 5247 822 5320 μηκέτι
851 5244 1091 5315 κεφαλὴν
1125 5242 1322 5304 αὐτοὺς
1344 5239 1488 5309 ἔχειν
1522 5236 1617 5292 τοῦ
1649 5235 1759 5289 λοι-

177 5344 290 5407 ⁴ιιεοῦ,
321 5341 623 5404 τουτέστιν,
652 5339 918 5410 ἄρχοντας
940 5335 1032 5387 καὶ
1062 5332 1335 5404 βασιλέας.
1364 5332 1544 5399 “Amp
1572 5327 1639 5381 δι’
1660 5324 1751 5398 έρ-

174 5451 275 5503 γων
298 5430 498 5503 ὲχὼρει
529 5431 623 5485 ἰπὶ
652 5428 763 5483 τῶν
799 5426 1062 5497 Ἰερεμίου
1094 5422 1186 5477 τοῦ
1214 5422 1494 5496 προφήτου
1518 5419 1745 5492 χρόνων,

175 5525 282 5581 καθ’
319 5524 417 5587 οὓς
446 5523 676 5586 ὲπιστάς
711 5516 1182 5589 Ναϐουχοδονόσορ
1222 5517 1253 5570 6
1290 5513 1399 5568 τῶν
1447 5511 1750 5583 Ἀσσυρίων

177 5619 436 5693 βασιλεὺς,
459 5616 613 5679 τέλος
640 5614 815 5685 ἐπῆγε
846 5614 959 5676 τοῖς
982 5608 1421 5685 προειρημένοις.

238 5734 255 5765 ι
278 5713 385 5768 Καὶ
435 5710 592 5765 ἔσται
623 5711 659 5785 ἠ
707 5704 1027 5785 παρεμὸολὴ
1058 5702 1243 5771 αὐτοῦ,
1286 5702 1427 5756 ὥστε
1458 5697 1749 5771 πληρῶσαι

175 5904 212 5935 ⁸⁸
233 5902 352 5958 Luc.
386 5917 427 5971 ι,
454 5901 543 5957 35.

1948 4130 2113 4188 Vens.
2145 4132 2199 4197 7,
2229 4132 2285 4189 8.
2315 4132 2439 4188 Ideo
2459 4147 2586 4189 ecce
2614 4134 2840 4191 reducet
2875 4134 3138 4193 Dominus
3164 4150 3331 4208 super
3367 4153 3466 4194 vos

1872 4237 2072 4294 aquam
2124 4222 2386 4291 ﬁuminis,
2436 4224 2634 4282 fortem
2676 4235 2735 4283 et
2771 4227 3022 4296 multam,
3076 4244 3262 4299 regem
3297 4232 3462 4300 Assy-

1873 4316 2080 4371 riorum
2108 4327 2167 4372 et
2199 4315 2427 4386 gloriam
2458 4319 2580 4389 ejus
2608 4336 2623 4375 :
2652 4329 2711 4375 et
2736 4320 2995 4377 ascendet
3038 4336 3203 4392 super
3235 4337 3458 4377 omnem

1870 4410 2065 4465 vallem
2095 4422 2358 4477 vestram,
2391 4421 2447 4467 et
2473 4412 2777 4470 ambulabit
2798 4428 2963 4484 super
2987 4429 3203 4469 omnem
3240 4429 3455 4470 murum

1870 4510 2136 4567 vestrum,
2164 4510 2221 4556 et
2248 4500 2460 4558 auferet
2493 4518 2522 4557 a
2548 4501 2735 4559 Judata
2766 4504 3066 4560 hominem.
3098 4523 3119 4558 ι
3151 4506 3235 4561 Ad
3262 4505 3455 4560 discri-

1871 4607 1995 4648 men
2026 4607 2185 4663 aquaa
2222 4590 2451 4660 Siloam,
2484 4595 2671 4665 quiete
2696 4596 2993 4661 manantis,
3030 4611 3231 4665 aquam
3269 4595 3451 4651 ﬁumi-

1869 4686 1957 4743 nis
1982 4685 2176 4742 fortem
2209 4696 2267 4741 et
2312 4689 2535 4742 multam
2564 4689 2817 4757 opposuit
2850 4704 2864 4740 :
2897 4704 3021 4760 qua:
3068 4698 3189 4745 erat
3228 4703 3325 4744 rex
3350 4688 3453 4743 As-

1867 4779 2161 4850 syriorum.
2189 4777 2421 4834 Tantam
2446 4777 2593 4834 enim
2623 4779 2859 4835 hostium
2884 4780 3290 4836 multitudinem
3314 4795 3446 4835 ven-

1870 4880 2043 4926 turam
2075 4871 2431 4936 vaticinatur,
2471 4880 2528 4924 ut
2555 4884 2775 4927 omnem
2810 4869 3054 4928 Iudaica
3082 4873 3321 4945 regionis
3370 4872 3449 4927 la-

1868 4965 2149 5020 titudinem
2202 4964 2447 5036 impleat,
2497 4975 2553 5021 et
2591 4966 2660 5021 ab
2711 4981 2775 5021 ea
2820 4959 3105 5023 auferatur
3135 4967 3319 5033 homo,
3354 4967 3447 5037 qni

1862 5057 2035 5127 possit
2059 5064 2224 5126 caput
2249 5055 2537 5121 extollere,
2576 5066 2671 5113 aut
2696 5057 2975 5128 quidpiam
3023 5057 3289 5128 perﬁcere
3326 5075 3339 5111 :
3372 5058 3442 5112 ita

1864 5155 1921 5199 ut
1957 5144 2213 5216 deinceps
2243 5145 2317 5199 illi
2353 5157 2519 5216 caput
2542 5162 2650 5204 non
2677 5148 2936 5213 habeant,
2968 5147 3019 5203 id
3055 5158 3143 5203 est
3170 5147 3445 5218 principes

1860 5245 1916 5291 et
1945 5250 2117 5310 reges.
2150 5236 2283 5304 Qua
2322 5238 2501 5307 reipsa
2537 5248 2837 5295 evenerunt
2868 5237 3116 5296 Jcremia:
3168 5241 3445 5310 prophetae

1859 5304 2123 5397 tempore,
2155 5344 2265 5399 quo
2306 5304 2620 5400 irrumpens
2651 5304 3184 5389 Nabuchodonosor-
3205 5304 3299 5387 res
3343 5333 3446 5386 As-

1854 5418 2155 5490 syriorum,
2187 5420 2571 5491 praenuntiatis
2600 5421 2763 5477 ﬁnem
2798 5420 3078 5490 imposuit.

1933 5712 1953 5745 ι
1990 5694 2055 5753 Et
2081 5696 2192 5755 erit
2233 5695 2512 5754 exercitus
2539 5696 2686 5767 ejus,
2730 5704 2791 5754 ut
2828 5694 3055 5766 impleat
3097 5695 3438 5752 latitudinem
