4014 6386
566 432 719 490 145

1274 425 1534 485 EUSEBII
1571 425 2045 483 CAESARIENSIS
2083 426 2233 483 OPP.
2274 425 2455 482 PARS
2491 426 2581 481 lll.
2621 455 2688 468 —
2730 424 3142 481 EXEGETICA.

3744 420 3851 476 {66

614 548 849 618 regionis
896 555 1031 610 tute,
1084 547 1367 603 Nobiscum
1436 549 1595 603 Deus.
1636 570 1655 602 ι
1708 548 1831 603 Haec
1871 564 2085 619 quoque
2117 550 2155 602 ir

2272 549 2333 601 τὸ
2360 549 2559 617 πλάττος
2590 547 2687 617 τῆς
2714 545 2895 619 χώρας
2942 563 3057 608 σου,
3092 544 3228 599 Μεθ’
3251 543 3403 614 ἡμῶν
3443 543 3472 594 6
3504 541 3657 601 Θεός.
3684 560 3701 592 ι
3737 541 3849 592 Καὶ

612 640 796 693 eodem
832 637 1192 692 Emmanuelis
1221 650 1537 709 argumento
1575 640 1867 693 insistunt:
1902 640 2164 707 incipiunt

610 730 753 782 enim
802 729 870 783 ab
917 729 1296 793 Emmanuele,
1366 730 1508 798 quod
1550 730 1845 799 signiﬁcat,
1894 730 2161 783 nobiscum

611 821 770 885 Deus,
813 823 1095 891 cognoscite
1121 830 1327 890 gentes;
1374 836 1438 876 ac
1485 836 1697 876 rursum
1729 822 1780 876 in
1813 822 1916 876 line
1942 831 2161 876 senten-

606 910 730 963 tia:
764 928 782 961 ι
826 910 889 963 Et
935 924 1111 963 sermo
1155 925 1311 979 quem
1362 911 1649 981 loquemini
1707 928 1813 967 non
1849 922 2064 967 maneat
2105 914 2157 967 in

608 1001 779 1064 vobis,
833 1001 955 1069 quia
997 1001 1272 1056 uobiscum
1319 1002 1503 1058 Deus:
1545 1022 1564 1056 ι
1600 1006 1793 1059 iterum
1850 1004 2159 1059 Emmanuel

608 1092 783 1147 dictus
807 1102 913 1149 est.
942 1092 1234 1162 Postquam
1273 1109 1403 1163 ergo
1430 1096 1684 1163 propheta
1716 1103 2042 1149 memoratos
2066 1096 2157 1150 ho-

608 1187 780 1240 mines
820 1197 1151 1256 coarguerat,
1194 1190 1332 1258 quod
1368 1188 1684 1251 noluissem,
1734 1188 1982 1243 invocato
2028 1188 2157 1241 Em-

607 1280 869 1341 manuele,
907 1281 1141 1338 inimicis
1173 1283 1477 1352 superiores
1516 1282 1768 1349 evadere,
1811 1283 1926 1354 ipse
1965 1297 2032 1337 ex
2060 1297 2155 1337 sua

601 1381 659 1426 et
686 1374 766 1426 sui
798 1372 1050 1428 similium
1104 1390 1328 1445 persona
1382 1375 1781 1431 Emmanuelem
1831 1376 2049 1430 invocat
2078 1376 2156 1430 di-

601 1472 728 1513 cens
749 1478 761 1513 ε
1496 1486 1497 1489 ‘

671 1547 836 1603 Vsus.
865 1549 920 1615 9,
957 1550 1042 1605 l0.
1074 1569 1092 1602 ι
1116 1550 1402 1607 Nobiscum
1430 1552 1588 1607 Deus.
1620 1551 1941 1623 Cognoscite
1970 1566 2157 1625 gentes

601 1645 651 1689 et
683 1638 979 1702 vincimini,
1022 1648 1075 1692 et
1123 1638 1303 1693 audite
1340 1654 1511 1711 usque
1536 1642 1601 1694 ad
1625 1650 1923 1696 extremum
1954 1652 2110 1696 terra:
2138 1659 2152 1694 :

601 1728 690 1796 qui
720 1726 892 1783 fortes
921 1727 1119 1793 fuistis,
1144 1729 1416 1784 vincimini
1453 1747 1467 1783 :
1504 1747 1624 1785 nam
1669 1733 1712 1787 si
1750 1734 1944 1788 iterum
1990 1733 2155 1788 fortes

602 1819 741 1882 sitis,
767 1820 959 1873 iterum
986 1819 1269 1874 vincemini
1300 1835 1313 1872 :
1368 1832 1422 1877 et
1455 1825 1498 1877 si
1535 1823 1820 1879 consilium
1849 1825 2067 1889 ineatis,
2102 1825 2153 1879 id

601 1910 881 1979 dissipabit
927 1910 1182 1965 Dominus
1230 1930 1245 1967 :

598 2016 705 2056 non
734 2001 969 2056 manebit
1000 2002 1051 2056 in
1082 2001 1251 2067 vobis,
1280 2004 1403 2074 quia
1440 2004 1713 2060 nobiscum
1744 2005 1905 2062 Deus.
1936 2027 1955 2059 ι
1978 2007 2147 2075 Quem

598 2106 728 2149 vero
764 2095 1136 2165 cognoscetis?
1175 2094 1350 2164 Ipsum
1394 2094 1798 2153 Emmanuelem
1834 2116 1851 2155 :
1883 2114 2006 2153 nam
2057 2116 2150 2169 po-

597 2185 755 2255 pulus
782 2200 846 2241 ex
883 2186 1297 2241 circumcisione
1334 2197 1507 2257 neque
1537 2188 1792 2258 cognovit
1830 2190 2025 2259 ipsum,
2056 2204 2150 2243 ne-

595 2291 700 2344 que
748 2275 1048 2347 intellexit,
1092 2290 1263 2343 neque
1314 2278 1611 2347 prophetiae
1660 2277 1881 2332 credere
1933 2279 2145 2333 voluit:

599 2369 693 2420 sed
724 2382 820 2422 nec
862 2367 1029 2422 victus
1056 2377 1161 2432 est,
1188 2383 1288 2421 nec
1315 2376 1583 2438 praecepto
1627 2384 1687 2421 se
1732 2369 1994 2424 subdidit.
2045 2368 2150 2425 Vos

595 2469 773 2512 autem
799 2468 1003 2529 gentes,
1044 2460 1293 2513 notitiam
1330 2460 1467 2528 ejus,
1507 2461 1596 2529 qui
1634 2461 1685 2513 in
1726 2460 2005 2529 prophetia
2043 2460 2151 2515 fer-

590 2556 705 2611 tur,
744 2549 999 2619 accipite,
1027 2557 1187 2619 atque
1227 2550 1342 2605 haec
1388 2550 1764 2621 intelligentes,
1805 2551 1971 2606 nolite
2009 2552 2152 2607 reln-

593 2642 764 2703 ctari;
814 2641 908 2695 sed
959 2641 1233 2695 vincimini
1276 2642 1535 2709 superati.
1578 2639 1774 2697 Audite
1825 2653 2149 2712 praeceptum

596 2746 690 2787 vos
725 2746 933 2796 omnes,
981 2733 1068 2801 qui
1114 2746 1283 2802 usque
1312 2732 1378 2785 ad
1410 2741 1710 2787 extremum
1745 2744 1901 2789 terra:
1939 2735 2152 2791 habita-

595 2824 661 2878 tis
692 2838 792 2878 :ac
815 2824 858 2878 si
889 2824 977 2891 qui
1007 2824 1058 2876 in
1088 2823 1237 2878 vobis
1266 2822 1434 2879 fortes
1459 2838 1526 2878 ac
1564 2832 1832 2893 potentes,
1863 2825 2031 2880 verbo
2063 2840 2152 2880 ce-

592 2915 705 2970 dite
737 2913 863 2967 victi
897 2922 950 2967 et
982 2914 1252 2982 superati;
1306 2912 1469 2982 idque
1496 2914 1753 2969 alacriter
1799 2916 1963 2986 agite,
1998 2917 2150 2985 gnari

591 3006 692 3060 etsi
716 3004 1011 3071 nolueritis,
1044 3004 1127 3058 vel
1155 3004 1359 3059 invitos
1384 3006 1712 3073 superandos
1741 3020 1899 3061 essen
1924 3008 2074 3073 Quod
2108 3010 2151 3063 si

592 3096 687 3150 Dei
716 3096 940 3151 consilio
963 3105 1340 3167 repugnantes,
1378 3100 1655 3152 machinas
1687 3099 1941 3167 quasdam
1970 3110 2023 3154 et
2072 3100 2155 3155 in-

586 3188 759 3241 sidias
788 3185 1090 3241 struxeritis
1110 3195 1298 3241 contra
1328 3188 1547 3240 verbum
1571 3201 1601 3239 a
1631 3202 1736 3255 quo
1762 3190 2023 3243 vocamini
2047 3206 2061 3254 ;
2094 3197 2155 3241 ut

593 3277 774 3330 inania
810 3277 1043 3345 aggressi
1066 3276 1381 3346 arguemiui.
1411 3274 1534 3330 Haec
1574 3290 1730 3345 porro
1752 3276 2000 3342 dicimus,
2026 3277 2149 3348 quia

594 3367 869 3419 nobiscum
901 3366 1233 3419 Emmanuel.

664 3455 826 3509 Vsus.
857 3456 942 3508 ll.
982 3474 1000 3506 ι
1042 3456 1131 3511 Sic
1162 3456 1295 3510 dicit
1326 3454 1581 3509 Dominus
1612 3455 1789 3509 manui
1826 3454 1949 3509 forti
1984 3473 1997 3507 :
2037 3454 2150 3511 Non

591 3550 959 3617 obsequuntur
986 3549 1219 3602 incessui
1259 3549 1309 3600 in
1352 3548 1434 3601 via
1467 3548 1641 3615 populi
1676 3547 1854 3616 hujus.
1895 3566 1914 3598 ι
1937 3546 2155 3601 Transit

593 3654 720 3709 ergo
754 3641 821 3693 ad
845 3637 1120 3692 Iudaicum
1149 3639 1397 3708 p0pu|um
1420 3679 1436 3704 ,
1474 3638 1754 3707 ipsumque
1791 3650 1849 3693 ut
1874 3639 1994 3694 forti
2041 3654 2155 3693 ma—

594 3731 684 3785 nui
712 3730 1116 3798 immorigerum
1143 3730 1404 3799 coarguit.
1440 3727 1572 3782 Nam
1600 3729 1667 3782 ab
1697 3730 1781 3783 illa
1810 3732 2002 3795 vocati,
2031 3746 2153 3784 cum

592 3819 814 3889 obsequi
848 3818 1192 3888 oportuisset,
1229 3819 1300 3871 illi
1334 3828 1519 3873 contra
1570 3834 1675 3873 non
1709 3819 2155 3889 obtemperabant

594 3927 656 3965 ac
687 3909 1144 3967 contradicebant.
1189 3908 1266 3963 Ne
1307 3910 1515 3973 dicatis,
1565 3909 1758 3978 inquit,
1810 3911 2000 3965 durum
2036 3925 2155 3965 esse

595 4014 916 4079 seruoonem,
968 3999 1110 4069 quod
1155 4008 1397 4068 oporteat
1440 3998 1731 4055 abscedere
1776 4015 1805 4054 a
1858 4001 1941 4053 via
1973 3999 2150 4069 populi

596 4094 793 4163 bujus:
833 4108 954 4145 nam
983 4091 1069 4145 hic
1094 4090 1304 4159 quidem
1334 4090 1554 4159 populus
1589 4091 1778 4145 durum
1826 4090 1971 4144 illum
2002 4091 2153 4145 aesti—

598 4196 745 4251 mat;
774 4200 870 4239 vos
913 4199 1041 4238 vero
1082 4184 1173 4253 qui
1208 4184 1539 4236 abscessistis
1588 4201 1617 4235 a
1652 4185 1735 4236 via
1767 4184 1944 4253 populi
1974 4182 2151 4249 hujus,

596 4293 666 4331 ne
697 4275 888 4330 dicatis
918 4275 1057 4328 hunc
1090 4286 1209 4327 esse
1238 4272 1430 4327 durum
1463 4288 1476 4323 :
1516 4273 1657 4340 quod
1688 4273 1730 4326 si
1768 4273 1803 4325 ii
1835 4288 1898 4326 ex
1932 4272 2032 4327 isto
2062 4287 2155 4339 po-

596 4368 723 4438 pulo
765 4366 854 4435 qui
894 4363 1155 4418 increduli
1195 4372 1347 4427 sunt,
1381 4362 1602 4416 insidias
1646 4361 1796 4416 vobis
1836 4366 2150 4425 struxerint,

597 4464 778 4525 utpote
822 4454 913 4525 qui
947 4452 1270 4519 defeceritis,
1318 4463 1372 4509 at
1422 4467 1517 4506 vos
1568 4452 1810 4505 timorem
1858 4466 2040 4507 eorum
2088 4468 2153 4505 ne

601 4547 855 4608 timeatis,
888 4560 986 4600 nec
1023 4546 1089 4599 ab
1120 4544 1221 4599 illis
1246 4543 1380 4613 pulsi
1402 4541 1797 4597 couturbemini
1830 4558 1844 4593 :
1876 4540 2152 4608 solumque
2188 4581 2229 4634 υ

602 4641 884 4695 Dominum
915 4640 1165 4691 virtutum
1195 4644 1377 4689 sancte
1420 4634 1677 4699 colentes,
1705 4648 1823 4686 eum
1860 4632 2149 4687 timendum

601 4734 754 4786 vobis
801 4729 1052 4784 ascribite
1112 4744 1125 4779 :
1168 4742 1290 4780 nam
1345 4746 1362 4777 ι
1408 4726 1618 4780 initium
1673 4724 1947 4794 sapientia
1996 4726 2155 4777 timor

604 4825 809 4879 Domini
841 4824 915 4887 ⁵³,
955 4841 973 4872 ›
1008 4836 1101 4889 per
1132 4836 1286 4888 quem
1336 4818 1609 4873 hominum
1640 4827 1811 4873 metus
1840 4818 2013 4871 omnis
2060 4819 2156 4871 eli-

603 4918 854 4969 minatur.

670 5006 835 5060 Vsns.
869 5004 952 5058 12,
989 5024 1005 5055 ι
1051 5001 1332 5057 Dominum
1365 5002 1535 5071 ipsum
1570 5000 1922 5061 sanctilicate,
1968 5008 2021 5053 et
2045 4998 2159 5067 ipse

601 5093 705 5147 erit
751 5093 909 5144 timor
960 5099 1080 5143 tuus
1118 5104 1131 5140 :
1182 5098 1236 5143 et
1285 5089 1328 5142 si
1367 5090 1420 5141 in
1458 5090 1568 5157 ipso
1602 5090 1860 5152 conﬁdas,
1911 5089 2014 5142 erit
2066 5090 2156 5142 tibi

602 5184 977 5237 sanctiﬁcatio.
1017 5200 1035 5232 ›
1067 5180 1121 5235 Si
1157 5196 1305 5251 ergo.
1354 5180 1448 5245 ait,
1495 5181 1545 5234 in
1604 5182 1719 5249 ipso
1755 5180 2019 5247 confidas,
2056 5182 2158 5233 erit

605 5278 699 5330 tibi
730 5277 780 5328 in
833 5274 1333 5338 sanctiﬁcationem,
1366 5275 1435 5327 ita
1482 5284 1538 5326 ut
1572 5288 1830 5343 corporeo
1860 5276 2156 5329 sanctilicio

605 5384 709 5422 non
745 5368 883 5421 ultra
908 5384 1086 5439 egeas.
1118 5369 1486 5423 Sanctiﬁcium
1522 5378 1697 5424 autem
1734 5371 1873 5439 apud
1903 5369 2154 5425 Hebraeos

604 5462 891 5513 vocabatur
928 5459 1177 5527 templum
1210 5460 1333 5513 olim
1362 5460 1501 5528 apud
1531 5460 1648 5514 illos
1678 5460 2155 5528 consistens,ejns—

602 5562 704 5615 que
736 5550 1005 5604 interiora.
1040 5551 1156 5605 Tibi
1187 5552 1362 5620 itaque
1398 5552 1463 5605 ab
1490 5550 1599 5606 illis
1624 5554 1794 5622 pulso,
1828 5551 1919 5606 sed
1963 5552 2014 5606 in
2048 5552 2153 5606 Do-

603 5640 745 5694 mino
778 5641 1085 5703 confidenti,
1136 5643 1485 5697 sanctificium
1517 5644 1640 5702 erit,
1686 5659 1789 5699 non
1825 5658 2145 5713 corporeum

672 5838 715 5870 "
746 5836 880 5891 l’sul.
913 5854 1001 5901 es,
1037 5840 1121 5890 10.

1298 1920 1348 1965 et
1407 1917 1624 1968 verbum
1672 1914 1812 1983 quod
1859 1915 2149 1984 loquamini
2188 1890 2224 1943 Β

2181 3240 2220 3295 C

2262 638 2434 691 ταῦτα
2462 638 2561 707 τῆς
2616 638 2743 708 περὶ
2772 637 2862 690 τοῦ
2909 635 3255 706 Ἐμμανουήλ
3292 635 3471 705 ἔχεται
3498 632 3807 693 ὑποθέσεως
3829 648 3843 659 ’

2261 732 2485 801 ἄρχεται
2510 729 2638 798 γοῦν
2671 730 2779 783 ἀπὸ
2809 728 2900 783 τοῦ
2943 728 3307 799 Ἐμμανουήλ,
3341 728 3479 798 ὅπερ
3507 726 3643 787 ἐστὶ,
3683 743 3701 775 ι
3726 722 3847 793 μεθ’

2261 820 2415 890 ἡμῶν
2435 824 2463 874 6
2494 820 2624 882 Θεός
2648 837 2659 846 ·
2684 820 2855 888 γνῶτε
2888 819 3015 889 ἔθνη
3035 838 3046 849 ·
3075 837 3093 869 ι
3128 818 3221 871 καὶ
3245 814 3399 881 αὖθις
3422 817 3557 888 πρὸς
3588 816 3667 885 τῷ
3701 814 3847 867 τέλει

2259 912 2337 980 τῷ
2364 910 2613 979 λέγεσθαι
2636 926 2650 941 ο
2691 928 2709 960 ι
2735 911 2843 963 Καὶ
2864 910 3018 977 λόγον
3039 910 3097 961 ὃν
3134 910 3200 963 ἂν
3234 908 3521 980 λαλήσητε,
3553 908 3611 960 οὑ
3644 906 3719 977 μὴ
3745 908 3849 976 ἐμ-

2263 1002 2417 1073 μείνῃ
2451 1004 2508 1055 ἐν
2539 1002 2686 1071 ὑμῖν,
2721 1003 2803 1055 ὃτι
2854 1002 2973 1072 μεθ’
2996 1000 3151 1072 ἡμῶν
3183 1003 3211 1054 6
3247 1000 3408 1064 Θεόςο
3432 1020 3451 1053 ι
3496 996 3847 1071 Ἐμμανουὴλ

2259 1091 2418 1143 πάλιν
2439 1092 2669 1163 εἰρηται.
2707 1090 2992 1158 Διελέγξας
3012 1090 3189 1143 τοίνυν
3228 1091 3255 1142 6
3281 1091 3566 1161 προφήτης
3594 1090 3723 1151 τοὺς
3750 1087 3847 1157 δη-

2258 1181 2546 1247 λωθέντας,
2588 1183 2669 1235 ὅτι
2714 1182 2785 1252 μὴ
2822 1181 3208 1252 ἐϐουλήθησαν,
3242 1181 3699 1251 ἐπικαλεσάμενοι
3748 1180 3846 1231 τὸν

2272 1275 2630 1345 Ἐμμανουήλ,
2667 1276 2948 1343 κρείττους
2987 1272 3235 1340 γενέσθαι
3279 1272 3385 1325 τῶν
3419 1273 3712 1343 πολεμίων,
3747 1272 3848 1325 αὐ-

2256 1365 2345 1427 τὸς
2378 1365 2711 1419 ἐπικαλεῖται
2744 1366 2833 1418 τὸν
2871 1366 3214 1436 Ἐμμανουήλ
3264 1365 3324 1429 ἐξ
3376 1364 3504 1417 ἰδίου
3544 1362 3842 1434 προσώπου

2258 1454 2349 1507 καὶ
2371 1454 2479 1507 τῶν
2503 1454 2651 1524 αὑτῷ
2678 1454 3092 1526 παραπλησίων,
3128 1456 3298 1521 λέγων
3314 1471 3328 1484 °

2332 1565 2353 1595 s
2375 1545 2509 1598 Μεθ’
2544 1544 2698 1616 ἡμῶν
2727 1548 2755 1598 6
2797 1544 2948 1608 Θεός.
2979 1546 3156 1599 Γνῶτε
3184 1546 3310 1615 ἔθνη
3344 1544 3436 1598 καί
3461 1542 3713 1614 ἡττᾶσθε,
3745 1543 3843 1597 καὶ

2256 1636 2594 1689 ἐπακούσατε
2626 1637 2730 1699 ἕως
2763 1638 2990 1708 ἐσχάτου
3005 1642 3105 1705 τῆς
3133 1639 3253 1707 γῆς,
3278 1636 3556 1707 ἰσχυκότες
3581 1636 3839 1707 ἡττᾶσθε,

2256 1723 2350 1776 ἐὰν
2382 1724 2489 1795 γάρ
2510 1725 2669 1778 πάλιν
2706 1726 2979 1796 ἰσχύσητε.
3016 1728 3176 1779 πάλιν
3205 1724 3575 1796 ἡττηθήσεσθε
3596 1743 3607 1754 ·
3647 1726 3740 1778 καὶ
3774 1725 3842 1795 ἡν

2257 1816 2322 1869 ἂν
2351 1815 2707 1885 βουλεύσησθε
2741 1817 2951 1889 βουλὴν,
2980 1818 3320 1871 διασκεδάσει
3356 1816 3560 1887 Κύριος
3580 1834 3592 1846 ’
3623 1818 3717 1869 καὶ
3749 1816 3841 1868 λό-

2254 1923 2346 1972 γον
2377 1906 2434 1957 ὃν
2456 1905 2550 1959 ἐὰν
2580 1906 2870 1978 λαλήσητε,
2898 1908 2959 1959 οὑ
2991 1908 3065 1977 μὴ
3092 1906 3326 1977 ἐμμείνῃ
3351 1908 3407 1959 ἐν
3430 1907 3578 1976 ὑμῖν,
3610 1906 3692 1958 ὅτι
3721 1904 3841 1975 μεθ’

2254 1997 2409 2068 ἡμῶν
2440 1999 2469 2049 6
2512 1996 2665 2060 Θεός.
2696 2017 2714 2049 ι
2759 1998 2892 2052 Τίνα
2938 1998 2993 2051 δὲ
3038 1998 3249 2066 γνῶτε;
3284 1998 3455 2050 Αὑτὸν
3494 1997 3585 2050 τὸν
3622 1996 3841 2064 Ἐμμα-

2254 2090 2442 2160 νουήλ·
2474 2090 2502 2140 6
2534 2089 2640 2160 γὰρ
2692 2090 2756 2143 ἐκ
2802 2090 3101 2161 περιτομῆς
3154 2089 3281 2153 λαὸς
3306 2088 3429 2143 οὑτε
3467 2087 3607 2157 ἐγνω
3654 2086 3840 2148 αὑτὸν,

2253 2179 2375 2233 οῦτε
2424 2180 2674 2249 συνῆκεν,
2708 2180 2833 2233 οὕτε
2865 2180 3151 2234 πιστεῦσαι
3189 2180 3462 2252 ἠϐουλήθη
3516 2182 3582 2251 τῇ
3625 2198 3843 2254 προφη-

2253 2272 2400 2342 τείᾳξ
2423 2269 2537 2325 ἀλλ’
2573 2272 2694 2325 οὑδὲ
2726 2270 2932 2342 ἡττήθη
2959 2271 3078 2324 οὑδὲ
3110 2272 3353 2341 ὑπετάγη
3374 2272 3453 2342 τῷ
3482 2276 3843 2347 προστάγμαδ

2253 2379 2323 2415 τι.
2364 2362 2549 2432 Ὑμεῖς
2579 2362 2637 2415 δὲ
2686 2363 2751 2415 τὰ
2774 2362 2923 2433 ἔθνη,
2948 2361 3147 2430 γνῶσιν
3170 2363 3464 2418 άναλάὸετε
3495 2365 3588 2418 τοῦ
3622 2382 3841 2437 προφηι

2254 2456 2562 2526 τευομένου,
2596 2456 2689 2507 κα)⁵
2741 2454 2985 2517 συνέντες
3018 2453 3178 2520 αὐτὰ,
3209 2456 3289 2527 μὴ
3324 2455 3555 2526 τολμᾶτε
3585 2458 3839 2511 ἀνθίσταο

2257 2548 2408 2600 σθαι·
2438 2546 2657 2600 νικᾶσθε
2688 2546 2745 2599 δὲ
2783 2545 3098 2617 ἡττώμενοι.
3136 2547 3503 2601 Ἐπακούσατε
3531 2548 3589 2601 δὲ
3615 2548 3710 2602 καὶ
3740 2547 3841 2602 τοῦ

2256 2639 2674 2710 προστάγματος
2723 2640 2879 2708 ὑμεῖς
2937 2638 3133 2701 πάντες
3159 2639 3208 2691 οἱ
3244 2639 3436 2710 μέχρις
3479 2640 3707 2711 ἐσχάτω
3734 2639 3841 2711 τῆς

2256 2729 2357 2799 γῆς
2408 2728 2716 2792 οἰκοῦντες·
2758 2730 2813 2781 οῖ
2840 2746 2899 2781 τε
2934 2731 2991 2782 ἐν
3036 2730 3163 2799 ὑμῖν
3202 2731 3411 2801 ἰσχυροὶ
3458 2732 3554 2785 καὶ
3596 2732 3835 2794 δυνατοὶ,

2258 2827 2635 2895 παραχωρεῖτε
2654 2824 2734 2894 τῷ
2757 2824 2920 2896 λόγῳ,
2952 2826 3240 2897 νικώμενοι
3269 2828 3362 2881 καὶ
3382 2826 3704 2898 ἡττώμενοι,
3742 2830 3841 2883 καὶ

2256 2913 2413 2967 τοῦτο
2441 2914 2673 2985 πράξετε
2701 2915 3015 2987 προθύμως,
3050 2918 3268 2981 εἰδότες,
3300 2919 3401 2981 ὅτι,
3438 2920 3538 2972 κᾶν
3571 2920 3643 2990 μὴ
3673 2920 3839 2991 θέλη-

2257 3022 2339 3068 τε,
2363 3004 2589 3069 ᾶκοντες
2634 3007 3021 3078 ἡττηθήσεσθε.
3052 3009 3114 3061 Εἰ
3144 3008 3200 3062 δὲ
3230 3008 3608 3081 ἀνθιστάμενοι
3639 3015 3707 3083 τῇ
3737 3012 3836 3065 τοῦ

2258 3093 2390 3146 Θεοῦ
2417 3093 2684 3165 βουλήσει,
2717 3096 2965 3166 μηχανάς
2991 3114 3164 3161 τινας,
3199 3099 3292 3151 καὶ
3317 3099 3608 3163 ἐπιϐουλὰς
3636 3102 3836 3171 τυρεύ-

2259 3202 2345 3237 ετε
2387 3188 2527 3238 κατὰ
2556 3186 2650 3238 τοῦ
2686 3186 2975 3249 καλοῦντος
3013 3189 3157 3258 ὑμᾶς
3199 3190 3377 3257 λόγου,
3416 3191 3838 3261 ματαιοπονοῦνι

2254 3294 2345 3340 τες
2383 3278 2787 3349 ὲλεγχθὴσεσθε.
2834 3279 3018 3333 Ταῦτα
3048 3282 3104 3333 δέ
3136 3299 3333 3352 φαμεν,
3368 3285 3490 3336 ἐπεὶ
3523 3284 3642 3354 μεθ’
3675 3286 3836 3356 ἡμῶν

2254 3368 2399 3420 ἐστιν
2441 3372 2468 3421 6
2511 3370 2856 3440 Ἐμμανουήλ

2328 3476 2346 3509 ι
2372 3458 2525 3510 Οὑτω
2550 3458 2696 3525 λέγει
2722 3460 2925 3529 Κύριος
2950 3462 3013 3530 τῇ
3038 3463 3232 3532 ἰσχυρᾷ
3260 3464 3423 3534 χειρὶ,
3454 3464 3743 3520 ἀπειθοῦσι
3764 3468 3831 3538 τῇ

2252 3551 2447 3621 πορείᾳ
2481 3552 2579 3619 τῆς
2608 3550 2728 3603 ὀδοῦ
2772 3550 2866 3603 τοῦ
2900 3550 3026 3603 λαοῦ
3077 3551 3285 3605 τούτου.
3313 3572 3332 3604 ι
3373 3554 3707 3611 Μεταδαίνει
3741 3554 3835 3612 οῦν

2252 3642 2342 3692 ἐπὶ
2368 3642 2457 3692 τὸν
2482 3640 2589 3693 τῶν
2628 3641 2892 3694 Ἰουδαίων
2936 3641 3083 3705 λαὸν,
3122 3642 3356 3713 ἐλέγχων
3388 3645 3547 3698 αὑτὸν
3571 3646 3648 3710 ὡς
3678 3648 3837 3701 άπειο

2254 3730 2447 3784 θοῦντα
2478 3734 2541 3802 τῇ
2578 3734 2771 3803 ἰσχυρᾷ
2798 3733 2937 3803 χειρί
2961 3750 2975 3763 ο
3022 3734 3341 3805 καλούμενοι
3374 3736 3483 3807 γὰρ
3518 3738 3610 3790 ὑπ’
3639 3740 3831 3810 αὐτῆς,

2252 3822 2367 3874 δέον
2388 3824 2699 3887 ὑπακούειν,
2725 3826 2772 3876 οἰ
2807 3824 2864 3876 δὲ
2890 3824 3143 3893 ἡπείθουν
3178 3827 3270 3877 καὶ
3296 3826 3601 3896 ἀντέλεγον.
3637 3830 3731 3899 Μὴ
3763 3830 3836 3883 ετ-

2254 3913 2594 4013 πητε,αφησὶ,
2642 3913 2873 3984 σκληρὸν
2922 3910 3059 3966 εῖναι
3111 3916 3201 3967 τὸν
3233 3914 3408 3983 λόγον,
3459 3917 3550 3969 τὸν
3580 3918 3831 3987 περὶτοῦ

2255 4004 2554 4073 ἀποστῆναι
2582 4004 2691 4057 δεῖν
2733 4005 2832 4073 τῆς
2859 4006 3080 4076 πορείας
3110 4005 3204 4058 τοῦ
3244 4006 3372 4059 λαοῦ
3402 4008 3590 4061 τούτου
3610 4027 3624 4039 ·
3656 4010 3686 4061 6
3725 4009 3833 4081 γάρ

2253 4095 2379 4157 λαὸς
2411 4088 2562 4158 οὗτος
2590 4095 2821 4166 σκληρὸν
2846 4096 3004 4149 αὑτὸν
3046 4097 3253 4167 νομίζει
3278 4115 3290 4128 ·
3325 4099 3479 4169 ὑμεῖς
3507 4100 3583 4162 δὲ,
3619 4102 3667 4152 οἱ
3697 4102 3835 4154 ἁπο-

2256 4187 2475 4249 στάντες
2502 4187 2599 4255 τῆς
2630 4187 2855 4257 πορείας
2882 4187 2973 4240 τοῦ
2997 4186 3127 4241 λαοῦ
3152 4188 3361 4253 τούτου,
3394 4190 3467 4260 μὴ
3498 4190 3694 4261 λέγητε
3720 4191 3834 4246 ταῦ-

2253 4292 2341 4327 τον
2374 4271 2511 4329 εἶναι
2543 4275 2775 4347 σκληρόν
2794 4295 2807 4305 ·
2842 4280 2888 4330 εἰ
2918 4278 2973 4331 δὲ
3002 4278 3399 4332 ἐπιϐουλεύοιεν
3425 4282 3556 4349 ὑμῖν
3583 4281 3660 4344 ὡς
3692 4284 3831 4335 ἀπο·-

2257 4369 2461 4429 στᾶσιν,
2493 4369 2541 4419 οἰ
2574 4368 2668 4421 τοῦ
2694 4368 2820 4421 λαοῦ
2848 4369 3009 4421 αὑτοῦ
3032 4369 3270 4433 ἄπιστοι,
3300 4370 3412 4423 ἀλλ’
3433 4373 3587 4440 ὑμεῖς
3612 4374 3706 4425 τὸν
3740 4375 3834 4443 φό-

2255 4456 2345 4509 ϐον
2368 4457 2544 4511 αὑτῶν
2579 4458 2652 4529 μὴ
2682 4457 2975 4528 φοϐηθῆτε,
2995 4459 3126 4529 μηδὲ
3161 4460 3500 4530 ταράσσεσθε
3530 4462 3620 4513 ὑπ’
3654 4464 3833 4516 αὐτῶν

2255 4548 2614 4618 ἐλαυνόμενοι,
2643 4550 2798 4619 μόνον
2825 4550 2881 4602 δὲ
2909 4551 3000 4602 τὸν
3024 4550 3226 4621 Κύριον
3249 4552 3354 4603 τῶν
3380 4551 3658 4622 δυνάμεων
3677 4555 3834 4623 ἁγιά-

2257 4636 2437 4701 ζοντες
2460 4640 2826 4710 ἐπιγράφεσθε
2854 4641 3063 4703 ἑαυτοῖς
3086 4641 3247 4709 φόϐον
3266 4658 3279 4672 ·
3320 4661 3337 4693 ‹
3360 4642 3499 4712 ἀρχὴ
3526 4660 3543 4692 ι
3576 4643 3685 4713 γὰρ
3713 4662 3731 4693 ι
3752 4660 3816 4696 σο

2259 4728 2383 4795 φίας
2415 4727 2574 4795 φόϐος
2604 4729 2807 4799 Κυρίου
2830 4746 2842 4757 ·
2870 4750 2886 4779 ι
2944 4731 3039 4781 καὶ
3071 4730 3158 4783 διὰ
3212 4730 3396 4782 τούτου
3434 4733 3541 4795 πᾶς
3582 4733 3611 4783 6
3645 4732 3707 4794 ἐξ
3736 4734 3830 4785 dv-

2261 4819 2489 4889 Θρώπων
2522 4821 2878 4874 ἀπελαύνεται
2915 4820 3096 4889 φόϐος.

2338 5020 2355 5050 ‹
2378 5002 2577 5071 Κύριον
2610 5002 2769 5053 αὑτὸν
2802 5001 3082 5068 ἁγιάσατε,
3111 5004 3203 5054 καὶ
3236 5002 3396 5064 αὑτὸς
3430 5001 3579 5054 ἔσται
3614 5019 3705 5054 σου
3739 5004 3835 5070 φό-

2265 5091 2354 5155 ϐος
2377 5110 2389 5121 ·
2422 5094 2513 5144 καὶ
2538 5092 2631 5145 ἐὰν
2665 5093 2750 5144 ἐπ’
2780 5093 2925 5162 αὑτῷ
2961 5094 3229 5156 πεποιθὼς
3254 5090 3336 5165 ᾗς,
3378 5095 3528 5147 ἔσται
3557 5112 3638 5145 σοι
3666 5097 3746 5158 εἰς
3773 5098 3836 5147 ἁ-

2264 5184 2488 5253 γίασμα.
2524 5204 2541 5235 i
2601 5184 2723 5236 Ἐὰν
2757 5179 2847 5237 οῦν
2881 5186 2964 5236 ἐπ’
3014 5186 3180 5254 αὑτῷ,
3232 5188 3382 5255 φησὶ,
3425 5186 3698 5250 πεποιθὼς
3742 5183 3830 5260 ᾗς,

2256 5277 2413 5339 αὑτὸς
2455 5276 2606 5330 ἔσται
2649 5294 2728 5328 σοι
2770 5279 2849 5339 εἰς
2874 5277 3121 5346 ἀγίασμει
3151 5280 3221 5341 ὡς
3254 5280 3451 5349 μηκέτι
3501 5280 3709 5332 δεῖσθαι
3734 5282 3830 5332 τδῦ

2258 5368 2565 5437 σωματικοῦ
2625 5369 2978 5439 ἁγιάσματος.
3029 5371 3295 5440 Ἀγῐασμα
3335 5372 3390 5423 δὲ
3427 5372 3671 5423 ἐκαλεῖτο
3698 5374 3829 5443 παρ’

2267 5461 2532 5529 Ἑϐραίοις
2573 5462 2600 5511 6
2636 5460 2800 5512 πάλαι
2838 5458 3108 5523 συνεστὼς
3160 5465 3282 5531 παρ’
3311 5463 3491 5524 αὐτοῖς
3546 5463 3700 5525 νεὼς,
3736 5465 3833 5515 καὶ

2252 5552 2438 5604 τούτου
2469 5552 2535 5605 τὰ
2558 5553 2838 5606 ἐνδοτάτω.
2887 5554 3077 5605 Ἔσται
3121 5572 3199 5605 σοι
3235 5556 3412 5607 τοίνυν
3435 5554 3512 5624 τῷ
3541 5555 3830 5623 ἐλαυνομέ-

2252 5664 2323 5696 νω
2350 5646 2436 5697 ὑπ’
2468 5646 2706 5711 ἐκείνων,
2745 5648 3020 5701 πεποιθότι
3067 5648 3120 5699 δὲ
3168 5648 3257 5698 ἐπὶ
3289 5646 3507 5717 Κύριον,
3562 5647 3826 5714 ἁγίασμα,
