4014 6404
174 393 274 450 145

1054 375 1559 443 ΕΟΠΜΕΝΤΑΒΙΔ
1596 371 1663 429 IN
1695 366 1953 428 lSAIAl.
1992 397 2036 410 -
2079 363 2248 420 CAP.
2285 359 2420 419 Vlll.

3348 362 3450 419 με

173 482 317 579 οΰίό
347 506 661 579 σωματικδς
699 503 856 569 νεὼς,
881 502 996 558 ἀλλ’
1031 501 1193 564 αὐτὸς
1225 499 1254 550 ὁ
1287 494 1490 564 Κύριος
1523 489 1764 559 ἁγιάζων

1895 480 2163 552 emplum;
2218 493 2406 533 verum
2457 476 2573 546 ipse
2618 474 2902 542 Dominus,
2946 477 3041 547 qui
3089 485 3140 532 to
3195 488 3450 535 sanctum

176 617 251 663 ct,
281 599 380 654 ἐὰν
409 597 688 662 πεποιθὼς
722 594 790 670 ᾖς
815 597 904 650 ἐπ’
933 595 1114 649 αὐτόν.
1157 589 1251 644 Διὸ
1295 585 1462 660 μηδὲν
1495 579 1762 653 φοϐούμε-

173 687 258 756 νός
282 694 377 746 τὸν
407 692 535 745 ναὸν
558 689 767 752 τοῦτον,
796 685 1067 758 άναχώρει
1091 679 1261 737 αὑτοῦ
1280 696 1308 713 ’ν
1332 677 1551 731 πίστευε
1583 672 1640 726 δὲ
1669 675 1763 727 καὶ

172 854 270 951 οὐχ
295 879 372 943 ὡς
409 876 563 932 λίθου
589 875 978 947 προσκόμματι
1015 862 1412 938 συναντήσεσθε
1444 854 1764 930 αύτῷ,οὺδὲ

170 950 245 1039 ὡς
261 950 485 1043 πέτρας
510 968 820 1041 πτώματος.
849 987 866 1019 ι
911 965 1070 1037 Ὁρᾷς
1095 963 1242 1023 ὃπως
1260 956 1424 1013 αὐτὸν
1441 953 1532 1008 τὸν
1559 950 1763 1022 Κύριον

171 1066 317 1120 λίθον
345 1063 777 1136 προσκόμματος
807 1060 898 1113 καὶ
925 1058 1129 1128 πέτραν
1158 1050 1455 1108 σκανδάλου
1478 1043 1762 1118 δνομάζει;

172 1158 266 1211 καὶ
297 1153 544 1208 τοιοῦτον
577 1153 678 1225 μὲν
705 1152 922 1206 ἔσεσθαι
953 1148 1115 1204 αὐτόν
1149 1163 1282 1217 φησι
1300 1145 1413 1208 τοῖς
1435 1138 1765 1210 καθημένοις

173 1251 229 1301 εν
273 1244 657 1318 Ἰερουσαλὴμ,
696 1243 792 1297 καὶ
847 1244 960 1305 τοῖς
979 1241 1146 1297 δυσὶνε
1167 1239 1337 1301 οἴκοις
1368 1233 1584 1306 Ἰσραήλ
1603 1250 1618 1264 ο
1651 1235 1765 1294 τοῖς

173 1340 228 1392 δὲ
260 1340 342 1402 είς
368 1338 534 1391 αὐτὸν
560 1334 978 1390 πεπιστευκόσιν
1000 1332 1248 1402 άγίασμα
1273 1328 1490 1382 ἔσεσθαι
1506 1324 1762 1379 διδάσκει.

175 1430 298 1493 Πῶς
321 1425 418 1483 οὗν
441 1429 660 1496 ἐγένετο
682 1426 828 1489 λίθος
850 1423 1270 1497 προσκόμματος
1294 1420 1387 1473 και)⁵
1411 1417 1590 1489 πέτρα
1612 1431 1768 1469 σκαν-

173 1521 334 1576 δάλου
359 1522 479 1584 τοῖς
506 1518 818 1592 εἰρημένοις
861 1513 1204 1587 Ἐμμανουήλ
1228 1529 1243 1578 ;
1271 1510 1361 1564 διὰ
1393 1509 1491 1581 τῆς
1524 1509 1587 1561 ὲκ
1621 1507 1770 1577 Παρ-

176 1613 332 1666 θένου
364 1613 638 1683 κυήσεως.
673 1609 830 1664 Ὅθεν
873 1609 969 1662 καὶ
998 1610 1026 1662 ό
1059 1607 1199 1669 θεῖος
1234 1601 1556 1664 Ἀτώστολος
1597 1598 1770 1653 ταῦτα

173 1703 449 1758 διδάσκων
471 1704 678 1772 ἔλεγεν,
716 1721 736 1753 ι
758 1700 1030 1764 Ἰουδαίοις
1063 1699 1158 1771 μὲν
1190 1695 1506 1756 σκάνδαλον,
1545 1692 1770 1762 Ἕλλησι

176 1794 232 1847 δὲ
259 1795 469 1865 μωρία.
502 1814 522 1846 ι
582 1795 646 1847 Οἱ
675 1791 854 1846 τοίνυν
900 1789 1253 1852 ἀπειθοῦντες
1283 1790 1349 1859 τῇ
1384 1786 1582 1857 ἰσχυρᾷ
1626 1783 1771 1853 χειρὶ

1867 573 2048 638 ellicit,
2113 571 2157 627 si
2210 579 2392 624 tamen
2433 567 2510 623 illi
2541 567 2806 623 conﬁdas.
2865 566 2995 629 Ideo.
3035 567 3140 624 hoc
3190 570 3451 640 templum
3529 604 3532 608 ί

1870 665 2006 721 nihil
2049 662 2465 737 pertimescens,
2505 659 2737 717 abscede
2770 661 2838 717 ab
2886 660 2978 718 illo
3015 681 3028 716 :
3073 662 3267 729 crede,
3316 670 3371 716 et
3397 663 3451 717 in

1869 758 2066 812 timore
2097 765 2188 812 tuo
2222 753 2435 810 conﬁde
2481 769 2496 806 :
2540 753 2718 824 ipsum
2762 751 2966 823 quippe
3002 751 3058 807 in
3089 751 3453 807 sanctiﬁcium

1869 848 2118 904 habebis.
2160 865 2180 901 ι
2217 846 2405 916 Neque
2432 845 2499 900 ad
2528 859 2652 900 eum
2685 843 2842 915 quasi
2874 844 2940 898 ad
2972 853 3181 914 petram
3213 843 3453 899 scandali

1869 942 2171 1007 accedetis,
2228 956 2402 1014 neque
2425 939 2580 1012 quasi
2603 940 2672 993 ad
2718 949 2927 1008 petram
2955 938 3145 993 ruinae.
3185 956 3205 990 ι
3242 934 3451 1002 Viden‘,

1870 1037 2139 1107 quomodo
2169 1040 2343 1107 ipsum
2377 1034 2666 1091 Dominum
2703 1031 2937 1102 lapidem
2987 1031 3230 1088 scandali
3273 1041 3328 1084 et
3357 1045 3454 1099 pe-

1873 1140 2013 1185 tram
2041 1129 2285 1185 scandali
2331 1126 2646 1196 nuncupet?
2689 1124 2854 1196 Atqui
2909 1124 3066 1180 illum
3107 1123 3273 1180 talem
3311 1123 3458 1178 futu-

1874 1239 1991 1278 rum
2024 1223 2349 1293 praanuntiat
2381 1221 2468 1286 iis,
2502 1219 2594 1291 qui
2629 1219 2684 1274 in
2712 1217 3039 1286 Jerusalem,
3083 1229 3139 1274 et
3165 1219 3218 1273 in
3250 1217 3461 1273 duabus

1873 1315 2092 1386 Israelis
2128 1315 2383 1371 domibus
2439 1313 2772 1380 considunt;
2821 1321 2877 1366 at
2924 1322 3120 1368 contra
3157 1313 3211 1366 in
3256 1325 3316 1367 se
3346 1326 3463 1367 cre-

1875 1409 2129 1465 dentibus
2163 1406 2521 1462 sanctiﬁcium
2574 1404 2689 1460 fore
2736 1405 2914 1460 docet.
2962 1403 3248 1472 Quomodo
3293 1405 3460 1473 igitur

1877 1497 2198 1555 Emmanuel
2225 1497 2315 1553 ille
2345 1495 2666 1552 memoratis
2710 1495 3030 1551 hominibus
3063 1495 3351 1551 factusest
3386 1497 3464 1549 la-

1875 1593 1959 1663 pis
1982 1590 2226 1648 scandali
2253 1600 2309 1646 et
2331 1601 2486 1661 petra
2521 1588 2761 1643 scandali
2784 1588 2809 1642 Υ
2833 1604 2931 1658 per
2961 1588 3460 1660 Virginispartum.

1877 1684 2060 1752 Quare
2095 1683 2314 1739 divinus
2339 1680 2633 1754 Apostolus
2670 1680 2789 1736 haec
2823 1681 3031 1736 docens
3066 1682 3269 1748 aiebat,
3324 1700 3343 1733 ι
3373 1680 3468 1736 Ju-

1880 1779 2011 1834 daais
2065 1777 2290 1849 quidem
2337 1777 2681 1842 scandalum,
2744 1776 3002 1845 gentibus
3048 1788 3234 1832 autem
3287 1777 3469 1832 stulti-

179 1863 387 1960 Κυρίου
415 1887 576 1958 ἔσχον
607 1885 770 1941 αὐτὸν
807 1884 954 1938 λίθον
988 1882 1415 1956 προσκόμματος
1444 1878 1539 1933 καὶ
1567 1877 1774 1948 πέτραν

1904 1872 1954 1926 ia
1990 1871 2058 1924 “.
2091 1889 2111 1922 ο
2154 1868 2256 1937 Qui
2302 1883 2431 1938 ergo
2464 1869 2592 1926 forti
2644 1871 2827 1926 manui
2872 1870 3085 1925 Domini
3131 1870 3468 1940 immorigeri

178 1982 464 2046 πτώσεως,
504 1981 578 2053 μὴ
614 1981 743 2034 ὂντα
774 1983 839 2052 τῇ
892 1977 1051 2048 φύσει
1084 1975 1322 2030 τοιοῦτον
1345 1991 1359 2004 ⁸
1390 1975 1503 2036 τοῖς
1530 1971 1638 2041 γὰρ
1684 1987 1774 2022 πι-

181 2072 470 2126 στεύουσιν
499 2074 579 2136 είς
609 2071 771 2126 αὐτὸν
797 2070 1044 2139 ἀγίασμα
1076 2068 1355 2138 τυγχάνει.
1401 2066 1559 2127 Τίνες
1584 2062 1675 2127 δέ;
1711 2065 1772 2115 Οἱ

179 2160 340 2227 οἶκοι,
384 2159 560 2227 εἶπεν,
604 2161 820 2224 Ἰακὼϐ,
847 2159 942 2214 καὶ
968 2159 1090 2228 οὐχὶ
1122 2159 1150 2211 ὁ
1177 2154 1343 2220 οἶκος.
1378 2154 1482 2208 Δύο
1499 2154 1606 2226 γὰρ
1637 2149 1774 2224 ἦσαν

180 2250 320 2310 οἶκοι
358 2254 602 2326 Ἰσραὴλ,
650 2249 733 2316 εἷς
763 2254 860 2323 μὲν
889 2254 917 2305 ὁ
953 2249 1063 2305 τῶν
1092 2252 1150 2303 ἐν
1174 2250 1358 2313 αὐτοῖς
1391 2247 1687 2320 ἀρχόντων,
1721 2245 1776 2297 ἒ-

181 2366 340 2419 τιρος
360 2349 421 2402 δὲ
468 2351 497 2402 ό
531 2347 643 2401 τῶν
677 2347 1014 2418 ἀρχομένων.
1042 2344 1264 2406 Τούτοις
1296 2343 1354 2395 δὲ
1376 2345 1490 2405 τοῖς
1523 2339 1672 2393 δυσὶν
1701 2338 1777 2391 οἷ-

184 2459 320 2506 κοις,
346 2440 551 2512 δηλαδὴ
576 2438 786 2511 ἀθρόως
811 2437 888 2510 τῷ
909 2438 1013 2509 ὅλῳ
1042 2436 1185 2491 ἔθνει
1211 2435 1437 2508 ἄρχουσί
1470 2451 1530 2487 τε
1564 2433 1658 2486 καὶ
1687 2432 1780 2503 ἀρε

186 2535 461 2606 χομένοις,
507 2533 598 2586 τὸν
653 2533 857 2603 Κύριον
889 2534 968 2596 εἰς
1014 2530 1219 2600 παγίδα
1252 2530 1348 2583 καὶ
1376 2530 1455 2592 είς
1487 2524 1778 2580 σκάνδαλον

185 2627 403 2681 ισεσθαί
433 2643 622 2698 φησιν.

259 2832 280 2866 ι
305 2813 445 2866 Τότε
472 2812 695 2884 φανεροὶ
723 2810 937 2865 ἔσονται
964 2811 1013 2863 nl
1045 2809 1468 2881 σφραγιζόμενοι
1502 2809 1595 2862 τὸν
1619 2809 1781 2879 νόμον

187 2904 282 2960 τοῦ
320 2907 398 2977 μὴ
432 2904 645 2976 μαθεῖν.
678 2925 696 2956 ι
729 2906 792 2959 Οἱ
815 2905 923 2977 γὰρ
959 2904 1020 2957 τὸ
1045 2902 1375 2973 Εὑαγγέλιον
1404 2901 1782 2973 παραδεξάμε-

189 3012 289 3059 νοι,
314 2995 410 3048 καὶ
446 2994 547 3066 ζῇν
574 2994 943 3064 δεδιδαγμένοι
968 2994 1107 3048 κατὰ
1138 2994 1236 3064 τὴν
1262 2994 1454 3064 καινὴν
1486 2993 1780 3066 Διαθήκην,

191 3086 383 3160 ὥσπερ
413 3087 686 3157 σφραγῖδα
709 3087 988 3151 ἐπιθέντες
1008 3087 1087 3159 τῷ
1115 3087 1284 3159 νόμῳ,
1312 3086 1658 3141 ἀποτίθενται
1688 3088 1786 3140 αύ-

193 3179 303 3242 τδν,
332 3178 432 3232 ἆτε
455 3178 640 3231 οὐκέτι
667 3177 794 3231 ὄντα
821 3179 1087 3250 χρήσιμον
1119 3177 1206 3231 διὰ
1229 3177 1326 3249 τὴν
1353 3178 1448 3232 τοῦ
1478 3179 1783 3250 κρείττονος

193 3270 497 3342 παράθεσιν
517 3287 532 3301 ο
565 3272 613 3324 οἱ
642 3271 815 3335 αὐτοὶ,
845 3270 1086 3342 δηλονότι
1108 3273 1154 3324 οἱ
1181 3271 1241 3324 τὸ
1271 3271 1597 3341 Εὑαγγέλιον
1615 3287 1790 3342 παρα-

193 3361 499 3433 δεξάμενοι,
530 3362 630 3434 τὴν
670 3361 760 3416 διὰ
807 3363 1042 3435 Χριστοῦ
1093 3365 1480 3435 περιμένοντες
1528 3366 1707 3437 χάριν,
1737 3368 1790 3418 ὲ-

199 3469 372 3526 ρουσι·

271 3564 290 3597 t
316 3545 484 3600 Μενῶ
508 3545 714 3619 Κύριον
732 3547 824 3601 τὸν
851 3547 1270 3619 ἀποστρέψαντα
1297 3549 1358 3601 τὸ
1379 3549 1672 3621 πρόσωπον
1703 3550 1792 3604 αὑ-

197 3636 291 3690 τοῦ
337 3638 449 3692 ἀπὺ
490 3638 588 3692 τοῦ
616 3638 767 3693 οῐκου
808 3638 1028 3708 Ἰακὼϐ,
1057 3643 1150 3694 καὶ
1183 3639 1456 3705 πεποιθὼς
1484 3641 1677 3713 ἔσομαι
1705 3644 1790 3694 ἐπ’

200 3727 370 3798 αὐτῷ.
399 3748 419 3781 ι
1312 3734 1325 3745 ⁷

273 3839 292 3872 ι
317 3820 454 3874 Ἰδοὺ
487 3819 600 3889 ἐγὼ
625 3822 719 3874 και
761 3822 828 3876 τὰ
859 3823 1069 3885 παιδία,
1101 3825 1137 3878 ἆ
1170 3842 1258 3896 μοι
1287 3825 1486 3879 ἔδωκεν
1524 3828 1554 3878 ὁ
1591 3828 1741 3892 Θεὸς.
1769 3846 1788 3879 ι
1847 3799 1862 3810 ’

200 3910 281 3966 Τὰ
307 3911 406 3982 μὲν
437 3907 532 3967 οὖν
573 3913 837 3967 Ἰουδαϊκὰ
868 3914 1056 3968 παιδία
1092 3915 1380 3986 σωματικὰ
1401 3914 1466 3990 ἐξ⁴
1485 3916 1676 3986 ἀνδρὸς
1701 3916 1795 3970 καὶ

202 4002 496 4071 γυναικός
522 4002 592 4056 τά
618 4002 676 4056 δὲ
698 4003 836 4058 αὐτὰ
879 4004 974 4058 τοῦ
1005 4004 1177 4059 ταῦτα
1219 4005 1649 4076 χρηματίζοντος
1684 4008 1796 4060 Κυ-

205 4094 321 4164 ρίου
356 4113 375 4145 ι
399 4094 505 4147 οὐκ
527 4093 586 4160 ἐξ
615 4095 843 4165 αἵματος
862 4096 983 4150 οὐδὲ
1013 4100 1077 4150 ὲκ
1099 4096 1400 4168 θελήματος
1426 4100 1645 4171 σαρκὸς,
1681 4099 1794 4152 ἀλλ’

201 4186 267 4238 ἑκ
291 4185 430 4239 Θεοῦ
464 4186 851 4258 ἐγεννήθησαν,
879 4207 897 4239 ι
928 4189 1022 4241 τοῦ
1051 4190 1263 4263 Πατρὸς
1295 4191 1519 4245 τοιαῦτα
1544 4192 1689 4262 αὐτῷ
1712 4193 1796 4246 δε-

202 4275 346 4349 δωρη
355 4277 522 4348 μένου
550 4278 714 4331 τέκνα
733 4296 746 4308 ⁶
783 4280 978 4350 μηκέτι
997 4281 1076 4352 τῷ
1096 4280 1181 4334 διὰ
1210 4283 1487 4348 Μωῢσέως
1507 4285 1799 4357 προσέχον-

1883 1962 2123 2030 fuerunt,
2160 1963 2311 2016 illum
2345 1962 2398 2016 in
2426 1961 2656 2032 lapidem
2688 1963 2934 2019 scandali
2963 1971 3018 2018 et
3050 1973 3260 2032 petram
3298 1963 3469 2018 ruina

1881 2056 2212 2119 habuerunt,
2265 2070 2390 2110 cum
2442 2064 2639 2115 natura
2684 2056 2811 2112 talis
2865 2056 3093 2111 minime
3123 2065 3307 2112 esset:
3343 2071 3468 2110 nam

1882 2146 1936 2200 in
1985 2160 2048 2201 se
2093 2146 2448 2202 credentibus
2491 2146 2861 2202 sanctiﬁcium
2898 2156 3001 2202 est.
3045 2148 3279 2212 Quinam
3339 2161 3471 2202 vero

1885 2237 2251 2302 illi?Domus,
2298 2237 2500 2308 inquit,
2550 2238 2655 2294 illae
2683 2235 2886 2303 Jacob,
2940 2253 3050 2293 non
3101 2236 3298 2292 domus
3356 2237 3467 2292 illa.

1886 2331 2014 2384 Duae
2045 2329 2249 2399 quippe
2279 2331 2473 2385 domus
2503 2329 2724 2385 lsraelis
2770 2339 2964 2397 erant;
3001 2330 3104 2385 alia
3139 2329 3470 2402 principum.

1884 2421 2226 2477 subditorum
2256 2420 2386 2475 alia.
2438 2420 2657 2477 Duabus
2701 2436 2866 2492 porro
2903 2421 3055 2478 hisce
3098 2422 3374 2488 domibus,
3419 2422 3474 2476 id

1885 2523 1992 2580 est,
2022 2514 2293 2568 universae
2328 2514 2492 2569 simul
2519 2515 2688 2584 genti,
2729 2524 2836 2568 tam
2879 2515 3254 2584 principibus,
3305 2529 3473 2584 quam

1886 2605 2143 2671 subditis,
2173 2605 2461 2663 Dominum
2487 2607 2540 2661 in
2567 2606 2821 2676 laqueum
2852 2617 2906 2662 et
2929 2607 2982 2662 in
3012 2607 3334 2668 scandalum
3359 2606 3475 2662 fore

1889 2698 2182 2768 signiﬁcat.

1961 2809 2126 2869 Vens.
2167 2811 2255 2869 16.
2304 2811 2500 2869 «Tunc
2539 2813 2811 2870 manifesti
2848 2822 3011 2867 erunt
3060 2813 3152 2884 qui
3186 2813 3478 2884 obsignant

1890 2900 2091 2971 legem,
2118 2917 2187 2956 ne
2226 2903 2458 2959 discant.
2484 2921 2505 2955 ι
2563 2901 2698 2958 Nam
2741 2904 2832 2972 qui
2880 2901 3241 2971 Evangelium
3291 2917 3480 2958 susce-

1891 3000 2110 3063 perunt,
2141 3001 2195 3050 et
2219 2992 2311 3062 qui
2358 2993 2659 3049 secundum
2698 2991 2908 3048 Novum
2944 2992 3357 3049 Testamentum
3396 2992 3478 3046 vi.

1893 3099 2022 3140 vere
2056 3084 2401 3149 didicerunt,
2448 3085 2604 3156 quasi
2661 3085 2900 3157 sigillum
2951 3085 3294 3155 itnponentes
3348 3084 3477 3153 legi,

1896 3177 2070 3246 ipsam
2115 3178 2415 3248 deponunt,
2440 3180 2566 3248 quia
2607 3179 2678 3234 ob
2711 3179 2994 3234 meliorem
3031 3179 3325 3243 invectam,
3368 3192 3480 3231 non

1893 3269 2128 3338 amplius
2183 3269 2334 3324 utilis
2373 3280 2458 3325 est
2511 3270 2727 3325 :iidem
2779 3271 2904 3340 ipsi,
2956 3271 3210 3326 videlicet
3270 3270 3332 3333 ii,
3386 3270 3482 3340 qui

1896 3358 2250 3428 Evangelium
2307 3369 2706 3431 susceperunt,
2759 3363 2990 3432 gratiam
3041 3377 3139 3431 per
3198 3360 3480 3417 Christum

1894 3451 2175 3507 ferendam
2205 3461 2586 3521 exspectantes
2616 3453 2830 3510 dicent:

1966 3542 2136 3601 Vns.
2179 3545 2270 3599 17.
2335 3565 2353 3598 ι
2381 3543 2728 3614 Exspectabo
2758 3547 3047 3602 Dominum
3073 3589 3088 3613 ,
3133 3550 3228 3618 qui
3285 3549 3486 3603 avertit

1896 3634 2095 3691 faciem
2127 3651 2284 3692 suam
2321 3653 2350 3693 a
2377 3639 2538 3694 domo
2563 3638 2754 3708 Iacob,
2789 3651 2848 3696 et
2875 3640 3144 3697 conﬁdam
3169 3643 3222 3696 in
3251 3657 3338 3697 eo.
3366 3662 3386 3694 ι

1968 3821 2133 3878 Vens.
2178 3823 2268 3878 18.
2317 3842 2335 3874 ι
2365 3822 2506 3879 Ecce
2558 3841 2659 3894 ego
2684 3835 2739 3881 et
2779 3824 2932 3895 pueri
2982 3825 3112 3894 mei,
3151 3841 3295 3896 quos
3336 3825 3486 3882 dedit

1899 3918 2029 3971 mihi
2080 3916 2247 3972 Deus.
2278 3934 2296 3969 ι
2351 3916 2559 3972 Iudaici
2595 3917 2815 3987 quidem
2853 3917 3010 3986 pueri
3043 3918 3294 3987 corporei
3331 3928 3481 3984 sunt,

1898 4022 1967 4062 ex
1997 4010 2113 4063 viro
2136 4019 2192 4063 et
2215 4008 2446 4063 muliere
2469 4026 2485 4075 ;
2511 4011 2664 4078 pueri
2701 4024 2833 4064 vero
2861 4008 3072 4063 Domini
3097 4011 3189 4080 qui
3215 4012 3333 4065 haec
3359 4025 3485 4065 ora.

1900 4102 2020 4156 cula
2049 4102 2246 4167 fundit,
2278 4122 2297 4154 ι
2324 4118 2431 4156 non
2473 4118 2541 4158 ex
2576 4104 2957 4172 sanguinibus,
2993 4118 3172 4172 neque
3201 4121 3267 4158 ex
3294 4103 3486 4159 volun-

1902 4204 2011 4247 tate
2041 4195 2246 4262 carnis,
2287 4194 2383 4250 sed
2429 4209 2498 4249 ex
2543 4195 2653 4249 Deo
2704 4195 2815 4250 nati
2858 4204 2984 4250 sunt
3017 4195 3064 4227 "
3094 4212 3108 4248 :
3139 4215 3157 4248 ι
3193 4194 3356 4251 Patre
3383 4196 3486 4265 ipsi

1901 4288 2038 4342 tales
2072 4291 2236 4344 dante
2260 4287 2421 4355 filios,
2450 4289 2543 4359 qui
2570 4303 2677 4343 non
2708 4289 2852 4343 ultra
2893 4289 3093 4360 Moysis
3143 4289 3271 4359 legi'
3305 4298 3487 4345 atten-

204 4385 271 4421 τα
295 4367 472 4440 νόμῳ,
521 4368 636 4422 ἀλλ’
663 4369 837 4424 εἰδότα
869 4373 1183 4444 περιμένειν
1216 4375 1306 4428 τὸν
1338 4376 1540 4448 Κύριον
1571 4377 1664 4430 καὶ
1721 4380 1784 4441 εἰς

1904 4379 2056 4446 dant,
2107 4381 2205 4436 sed
2254 4380 2436 4436 sciant
2479 4389 2806 4450 exspectare
2849 4379 3140 4436 Dominum
3181 4391 3239 4436 et
3270 4382 3322 4435 in
3369 4384 3489 4450 ipso

207 4461 369 4514 αὐτὸν
402 4461 741 4516 πεποιθέναι.
780 4483 797 4515 ι
817 4465 928 4517 Καὶ
955 4464 1104 4519 ἔσται
1133 4469 1212 4532 εἰς
1244 4473 1441 4540 σημεῖα
1473 4471 1567 4524 καὶ
1597 4471 1784 4543 τέρατα

1903 4472 2203 4528 conﬁdere.
2270 4473 2384 4526 (Et
2419 4480 2582 4527 erunt
2627 4472 2680 4525 in
2716 4472 2870 4543 signa
2921 4482 2977 4528 et
3025 4473 3269 4544 prodigia
3320 4473 3489 4527 multa

207 4553 376 4607 πολλὰ
409 4557 470 4608 ὲν
494 4553 572 4623 τῷ
595 4554 729 4626 οῐκῳ
768 4555 983 4628 Ἰσραὴλ
1017 4558 1168 4629 παρὰ
1211 4560 1417 4631 Κυρίου
1447 4562 1695 4626 Σαϐαὼθ,
1741 4563 1784 4626 ὃς

1909 4566 1962 4619 in
1992 4565 2155 4619 domo
2182 4562 2352 4620 Israel
2400 4579 2431 4619 a
2479 4565 2710 4619 Domino
2753 4563 3015 4630 Sabaoth,
3062 4567 3155 4635 qui
3183 4566 3392 4620 habitat
3435 4568 3490 4619 in

209 4648 459 4700 κατοικεῖ
487 4647 546 4700 έν
574 4647 653 4718 τῷ
675 4647 791 4719 spe:
820 4647 979 4702 Σιών.
1007 4669 1025 4702 ι
1064 4653 1136 4704 Ἦ
1168 4652 1264 4704 καὶ
1300 4652 1492 4716 ἄλλως,
1533 4655 1606 4707 Ού
1641 4655 1784 4725 μόνοι

1907 4666 2091 4710 monte
2121 4652 2274 4710 Sion.
2307 4676 2323 4705 ι
2371 4655 2501 4710 Sive
2528 4655 2635 4712 alio
2661 4657 2843 4720 modo,
2871 4671 2976 4711 non
3010 4656 3061 4710 hi
3093 4664 3302 4711 tantum
3335 4657 3490 4728 pueri

206 4737 276 4790 τὰ
305 4737 494 4792 παιδία
521 4738 713 4805 ταῦτα,
741 4741 894 4812 φησὶ,
926 4744 990 4796 ὲκ
1014 4741 1148 4795 Θεοῦ
1179 4761 1269 4814 μοι
1303 4745 1619 4818 παραδόξως
1659 4746 1784 4802 δέδο

1906 4765 1935 4802 a
1968 4749 2077 4802 Deo
2113 4748 2246 4803 tnihi
2289 4749 2620 4803 mirabiliter
2661 4749 2770 4804 dati
2814 4759 2973 4815 sunt;
3027 4751 3122 4803 sed
3169 4750 3336 4803 etiam
3381 4749 3491 4803 alia

209 4847 319 4894 ται,
352 4830 492 4884 ἀλλὰ
516 4831 612 4884 καὶ
639 4833 772 4887 ἄλλα
804 4834 1027 4888 πλεῖστα
1057 4839 1260 4906 σημεῖα
1299 4838 1392 4890 καὶ
1419 4837 1621 4909 τέρατα
1642 4841 1801 4910 γενή-

213 4937 363 4975 σεται
411 4925 470 4976 ὲν
513 4922 594 4993 τῷ
621 4924 756 4995 οῐκῳ
805 4925 1021 4998 Ἰσραήλ
1064 4927 1206 4981 κατὰ
1234 4929 1360 4993 τοὺς
1389 4931 1800 5002 προφητεύομε-

211 5030 334 5078 νους
358 5015 607 5086 χρόνους.

287 5121 307 5156 ι
335 5104 449 5157 Καὶ
484 5103 581 5157 ἐὰν
610 5105 804 5158 εἴπωσι
834 5107 969 5178 πρὸς
999 5108 1164 5179 ὑμᾶς,
1198 5111 1483 5180 Φωνήσατε
1537 5110 1662 5173 τοὺς
1695 5112 1802 5164 ἀπὸ

214 5193 313 5266 τῆς
337 5196 446 5266 γῆς
474 5195 807 5274 φωνοῦντας,
855 5199 948 5251 καὶ¹
975 5201 1101 5264 τοὺς
1142 5201 1612 5273 ἐγγαστριμύθους
1657 5204 1706 5258 οἳ
1738 5206 1801 5258 ἐκ

215 5287 310 5357 τῆς
344 5287 556 5351 κοιλίας
585 5289 842 5358 φωνοῦσι,
885 5290 985 5343 οὐκ
1011 5290 1160 5356 ἔθνος
1189 5292 1325 5363 πρὸς
1360 5293 1493 5348 Θεὸν
1521 5295 1687 5349 αύτοῦ
1709 5298 1803 5350 ὲκ-

215 5378 516 5450 ζητήσουσι
545 5381 674 5452 περὶ
699 5379 808 5432 τῶν
839 5379 1054 5445 ζώντων
1082 5383 1208 5447 τοὺς
1227 5385 1452 5455 νεκρούς
1470 5403 1484 5416 ο
1516 5387 1678 5457 νόμον
1695 5388 1804 5459 γὰρ

220 5470 298 5532 είς
319 5468 572 5540 βοήθειαν
606 5469 826 5535 ἔδωκεν,
853 5470 940 5524 ἵνα
980 5472 1226 5539 εῐπωσιν,
1254 5476 1367 5546 Ούχ
1397 5477 1472 5541 ὡς
1496 5478 1648 5549 ῥῆμα
1679 5478 1804 5533 τοῦ-

223 5576 298 5621 το.
333 5561 463 5632 περὶ
494 5554 557 5614 οὗ
585 5562 686 5615 οὐκ
714 5562 828 5616 ἐστι
853 5564 999 5635 δῶρα
1022 5564 1201 5619 δοῦναι
1238 5570 1366 5639 περὶ
1393 5570 1579 5626 αὐτοῦ.
1609 5591 1626 5622 ι
1661 5572 1804 5644 Προ-

225 5651 390 5706 ειπὼν
409 5647 504 5707 οὖν
534 5655 564 5706 ὁ
592 5652 750 5722 λόγος
781 5655 847 5709 τὰ
872 5657 999 5727 περὶ
1039 5656 1148 5711 τῶν
1175 5661 1400 5717 παιδίων
1428 5663 1521 5718 τοῦ
1549 5666 1801 5736 Χριστοῦ,

235 5830 276 5861 ⁸⁸
315 5831 330 5884 ι
363 5833 488 5888 Cor.
520 5832 653 5895 ι,λῖ
749 5835 794 5874 ⁸η
830 5833 984 5891 Joan.
1024 5854 1061 5898 ι,
1094 5839 1180 5897 l3.

1905 4846 2138 4912 plurima
2163 4845 2317 4916 signa
2351 4853 2405 4899 et
2439 4846 2689 4917 prodigia
2733 4847 2862 4901 [ient
2901 4847 2952 4900 in
2992 4848 3153 4901 domo
3176 4845 3343 4902 Israel
3381 4861 3492 4916 quo

1913 4948 2159 5009 tempore
2188 4938 2240 4992 in
2273 4938 2559 5008 prophetia
2595 4939 2914 4993 enuntiatur

1980 5120 2149 5177 Vens.
2183 5122 2273 5189 19,
2315 5122 2407 5178 20.
2458 5141 2476 5174 ι
2507 5123 2572 5176 Et
2603 5138 2724 5178 cum
2757 5123 2996 5178 dixerint
3029 5124 3095 5180 ad
3122 5139 3219 5179 vos
3251 5144 3262 5179 :
3296 5123 3494 5181 Vocate

1911 5229 2026 5282 eos,
2054 5216 2147 5286 qui
2180 5229 2246 5270 ex
2293 5227 2440 5271 terra
2482 5217 2881 5284 vociferantur,
2935 5228 2991 5273 et
3031 5219 3497 5290 engastrimytltos

1913 5307 2002 5374 qui
2050 5320 2119 5360 ex
2161 5314 2352 5362 ventre
2393 5306 2691 5375 loquuntur
2725 5323 2874 5364 :non
2928 5308 3161 5380 papulas
3204 5311 3270 5368 ad
3323 5310 3493 5365 Deum

1911 5413 2070 5452 suum
2105 5398 2400 5466 exquirent
2434 5400 2510 5453 de
2534 5400 2675 5454 vivis
2716 5416 2744 5452 a
2793 5401 3024 5456 mortuis
3053 5422 3066 5457 :
3093 5402 3265 5472 legem
3298 5404 3497 5472 quippe

1915 5486 1969 5540 in
2025 5486 2286 5542 auxilium
2329 5487 2499 5554 dedit,
2539 5499 2598 5543 ut
2639 5489 2858 5553 dicant,
2897 5489 3012 5544 Non
3057 5492 3202 5546 sicut
3241 5492 3344 5546 hoc
3375 5508 3501 5548 ver-

1914 5579 2071 5642 bum,
2133 5578 2201 5633 de
2258 5594 2365 5649 quo
2431 5596 2540 5634 non
2592 5581 2720 5636 licet
2765 5583 2906 5637 dona
2947 5584 3146 5639 dare.»
3201 5582 3496 5654 Postquam

1914 5670 2080 5739 igitur
2121 5669 2186 5726 de
2235 5670 2417 5742 pueris
2450 5671 2655 5731 Christi
2690 5674 2902 5731 locutus
2947 5674 3160 5746 fuerat,
3205 5692 3400 5747 nempe
3433 5677 3497 5735 ds
