4014 6382
563 367 664 420 M7

1226 358 1493 416 EUSEBII
1530 358 2003 416 CA‘ZSARIENSIS
2038 359 2188 416 OPP.
2228 359 2407 414 PARS
2448 357 2534 413 Ill.
2576 386 2644 395 —
2682 355 3092 411 EXECETICA.

3703 357 3808 412 N8

564 482 819 556 apostolis
860 490 914 536 et
952 478 1230 548 discipulis
1287 478 1422 548 ejus,
1480 492 1690 532 necnon
1746 483 1811 532 de
1856 479 2023 547 signis
2062 490 2117 532 et

2233 477 2363 545 λέγω
2382 477 2445 545 δὴ
2476 475 2584 529 τῶν
2615 474 2927 528 ἀποστόλων
2956 474 3050 527 καὶ
3081 473 3335 545 μαθητῶν
3367 474 3554 537 αὑτοῦ,
3591 475 3719 545 περί
3745 494 3806 529 τε

565 574 843 646 prodigiis,
877 585 996 636 quae
1037 584 1130 638 per
1156 582 1250 622 eos
1280 567 1423 621 edita
1472 578 1619 630 sunt,
1670 568 1824 638 queis
1876 569 2117 639 gentium

562 667 775 720 vocatio
796 662 937 717 facta
970 671 1085 723 est;
1120 662 1232 715 haec
1268 668 1664 728 consequenter
1687 662 1843 716 docet
1868 660 2118 729 populum

562 772 760 809 novum
781 767 833 809 et
866 763 1133 809 recentem
1168 768 1232 807 ex
1263 753 1516 822 gentibus
1544 770 1571 808 a
1608 752 1825 809 Christo
1854 753 2119 807 constitu-

560 856 876 916 tum,quem
896 846 966 899 ita
994 843 1109 898 fere
1132 843 1455 912 alloquitur:
1488 843 1611 898 Haec
1636 844 1843 907 audite,
1876 843 2118 913 discipuli

564 940 709 1002 mei,
768 939 859 1008 qui
928 950 959 990 a
1013 934 1295 1005 gentilium
1376 934 1658 1004 multiplici
1740 934 2121 1004 superstitione

568 1030 813 1085 translati
851 1028 1005 1084 estis.
1062 1026 1118 1082 Si
1162 1028 1253 1095 qui
1284 1042 1350 1081 ex
1380 1026 1443 1080 iis
1476 1025 1567 1095 qui
1598 1026 1749 1081 vobis
1774 1024 1899 1079 olim
1930 1023 2041 1079 noti
2067 1036 2121 1078 et

561 1121 859 1176 familiares
888 1127 1044 1174 erant
1070 1159 1084 1184 ,
1120 1119 1241 1173 sive
1264 1127 1466 1186 patres,
1495 1116 1610 1171 sive
1636 1116 1852 1190 cognati
1876 1156 1891 1180 ,
1931 1131 2026 1170 vos
2054 1117 2120 1169 ad

562 1212 846 1282 pristinum
872 1212 1224 1277 repetendum
1252 1222 1491 1263 errorem
1527 1208 1775 1270 invitent.
1825 1217 1883 1263 ut
1916 1206 1984 1261 ab
2018 1206 2123 1262 illis

562 1303 831 1358 adhibitas
867 1302 1250 1365 divinationes,
1297 1298 1511 1355 oracula
1546 1313 1608 1353 ac
1638 1300 1835 1355 similia
1865 1300 1917 1353 in
1952 1300 2123 1355 admi-

562 1393 775 1448 ratione
798 1392 1044 1448 habeatis
1065 1430 1081 1457 ,
1122 1404 1190 1446 ne
1226 1405 1411 1446 eorum
1439 1390 1664 1445 consilio
1690 1390 2075 1460 obtemperetis
2106 1412 2119 1447 :

562 1500 631 1540 ne
659 1484 928 1540 miremini
960 1484 1234 1538 daemonas
1265 1497 1331 1537 ex
1362 1492 1556 1538 ventre
1589 1481 1863 1537 hominum
1896 1480 2121 1552 loquen«

566 1588 667 1641 tes,
696 1591 834 1646 quos
866 1583 1059 1630 vocant
1087 1573 1385 1647 Pythonas,
1411 1589 1587 1645 neque
1608 1588 1701 1630 eos
1717 1574 1892 1645 quiex
1919 1575 2125 1643 praesti-

564 1669 666 1737 giis
718 1667 1031 1737 quibusdam
1076 1668 1141 1722 de
1185 1676 1329 1722 terra
1371 1667 1668 1723 ascendere
1716 1676 2000 1737 putantur;
2030 1668 2123 1721 sed

564 1763 734 1817 solum
771 1761 1051 1815 Dominum
1078 1768 1316 1813 vestrum
1340 1758 1524 1814 colite.
1553 1756 1686 1813 Nam
1712 1759 1757 1812 si
1794 1768 1985 1826 gentes
2014 1759 2127 1811 sin-

2224 567 2333 620 τῶν
2360 566 2598 638 σημείων
2626 567 2720 619 καὶ
2741 566 2849 619 τῶν
2876 567 3117 636 τεράτων
3135 567 3240 619 τῶν
3263 567 3714 621 ἐπιτελεσθέντων
3739 570 3807 622 δι’

2226 658 2430 711 αὐτῶν·
2455 658 2523 711 δι’
2546 651 2621 710 ὧν
2645 660 2738 712 καὶ
2781 661 2813 728 η
2849 659 3038 728 κλῆσις
3066 660 3353 728 γεγένηται
3388 660 3494 711 τῶν
3521 658 3710 722 ἐθνῶν,
3744 660 3806 711 ά-

2226 750 2496 813 κολούθως
2523 749 2617 803 τὸν
2644 749 2762 803 νέον
2795 750 2889 803 καὶ
2917 749 3100 802 καινὸν
3130 750 3275 811 λαὸν,
3302 752 3390 805 τὸν
3426 752 3484 818 ἐξ
3524 753 3691 817 ἐθνῶν
3719 754 3811 806 διά

2226 842 2462 915 Χριστοῦ
2494 842 2763 896 συστάντα
2800 842 3039 895 διδάσκει
3065 842 3135 896 τὰ
3174 844 3525 914 προκείμενα,
3562 846 3637 908 ὡς
3669 844 3811 916 πρὸς

2226 936 2425 997 αὐτοὺς
2452 934 2656 1001 λέγων*
2697 932 2985 987 Ἀκούσατε
3018 934 3211 996 ταῦτα,
3242 937 3288 987 οἰ
3320 934 3442 1004 ἐμοὶ
3470 935 3729 997 διδακτοὶ,
3755 937 3808 987 οἱ

2226 1027 2325 1097 τῆς
2350 1026 2459 1079 τῶν
2497 1025 2665 1079 ἐθνῶν
2698 1024 2958 1078 πολυθέου
2993 1025 3201 1095 πλάνης
3234 1026 3586 1096 μεταθέμενοι
3608 1044 3623 1057 ν
3651 1026 3809 1079 είτι-

2226 1135 2315 1181 νες
2346 1117 2454 1171 τῶν
2485 1116 2652 1171 πάλαι.
2683 1116 2975 1187 γνωρίμων
3012 1117 3137 1186 ὑμῖν
3164 1117 3255 1169 καὶ
3286 1118 3547 1187 συνήθων,
3579 1118 3611 1186 ἢ
3636 1117 3808 1170 πατέ-

2229 1227 2342 1282 ρες,
2376 1209 2410 1278 ἢ
2454 1210 2756 1277 συγγενεῐς,
2806 1207 3173 1278 παρακαλοῖεν
3200 1209 3341 1279 ὑμᾶς
3392 1210 3668 1263 ἐπανιέναι
3714 1211 3811 1262 επὶ

2226 1304 2326 1375 τὴν
2359 1302 2630 1374 προτέραν
2672 1301 2902 1373 πλάνην,
2946 1300 3245 1372 θαυμάζειν
3270 1318 3328 1353 τε
3355 1302 3454 1364 τὰς
3478 1302 3584 1355 ἀπὸ
3620 1301 3813 1372 δαιμό-

2228 1414 2333 1450 νων
2366 1395 2496 1466 παρ’
2538 1396 2721 1458 αὐτοῖς
2754 1393 3179 1464 ἐπιτελουμένας
3230 1393 3487 1465 μαντείας
3533 1394 3628 1447 καὶ
3671 1411 3811 1464 χρη.

2231 1486 2420 1556 σμοὺς,
2446 1486 2542 1541 καὶ
2572 1486 2642 1539 τά
2672 1485 2925 1539 τοιαῦτω
2960 1484 3036 1556 μὴ
3069 1485 3318 1539 πείθεσθε
3345 1488 3410 1558 τῇ
3445 1486 3648 1541 τούτων
3669 1505 3813 1556 συμ-

2230 1578 2393 1649 ϐουλῇ
2417 1594 2430 1607 ·
2465 1577 2541 1649 μὴ
2572 1576 2885 1647 θαυμάζετε
2926 1576 3186 1647 δαίμονας
3224 1577 3331 1631 ἀπὸ
3370 1578 3575 1641 κοιλίας
3602 1577 3813 1648 ἀνθρώ-

2232 1687 2347 1727 πων
2375 1670 2708 1738 φωνοῦντας,
2738 1668 2866 1732 τοὺς
2900 1668 3327 1739 ὀνομαζομένους
3354 1667 3631 1731 Πύθωνας,
3676 1667 3815 1739 μηδὲ

2230 1762 2355 1825 τοὺς
2374 1762 2482 1815 ἀπὺ
2505 1760 2610 1832 γῆς
2631 1760 2776 1814 κατά
2797 1777 2949 1824 τινας
2973 1760 3235 1831 γοητικὰς
3264 1760 3457 1829 τέχνας
3483 1760 3689 1813 ἀνιέναι
3724 1778 3814 1813 νο-

563 1849 721 1920 ειιιαε,
770 1850 869 1905 etsi
903 1861 1091 1903 errore
1114 1848 1310 1913 ductae,
1338 1861 1435 1903 suo
1464 1858 1647 1901 tamen
1678 1848 1786 1901 Deo
1810 1847 2121 1910 adhaerent,

2233 1854 2553 1927 μιζομένους
2577 1872 2590 1885 ’
2623 1854 2714 1908 τὸν
2743 1854 2801 1907 δὲ
2843 1852 3025 1909 αὐτῶν
3057 1852 3259 1924 Κύριον
3294 1854 3453 1923 μόνον
3496 1852 3810 1922 περιέπετε.

564 1944 691 2015 quid
731 1942 873 1999 aliud
903 1943 969 1999 iis
993 1943 1276 2012 agendum,
1325 1943 1416 2012 qui
1459 1956 1639 1997 veram
1668 1942 1918 1997 notitiam
1948 1955 2113 1996 acce-

2233 1949 2287 2002 Εἰ
2310 1948 2420 2019 γὰρ
2444 1946 2672 2000 ἕκαστον
2698 1945 2869 2011 ἔθνος,
2898 1944 3074 1998 καίτοι
3110 1945 3559 2014 πεπλανημένως,
3584 1946 3734 2013 ὅμως
3759 1944 3809 1997 δ’

563 2040 780 2102 perunt,
830 2046 991 2102 quatn
1044 2041 1103 2087 ut
1145 2032 1311 2088 Deum
1342 2048 1497 2086 suum
1548 2040 1818 2101 quaerant,
1870 2046 2047 2101 neque
2096 2046 2124 2084 a

2233 2033 2317 2092 οῦν
2344 2035 2439 2091 τοῦ
2464 2036 2597 2090 ἰδίου
2626 2034 2761 2089 Θεοῦ
2785 2034 3099 2106 περιέχεται
3116 2050 3132 2067 ⁸
3162 2034 3288 2097 τοὺς
3311 2035 3409 2103 τὴν
3435 2034 3649 2104 ἀπλανῆ
3677 2033 3814 2102 γνῶ-

566 2126 819 2189 mortuis,
852 2125 959 2179 vita
990 2125 1205 2195 penitus
1233 2125 1400 2189 orbis,
1432 2125 1699 2181 curiosius
1730 2126 2031 2195 inquirant,
2074 2139 2127 2182 et

2233 2152 2311 2189 σιν
2343 2133 2647 2206 εἰληφότας,
2683 2131 2737 2184 τί
2769 2132 2874 2203 χρὴ
2906 2131 3184 2202 πράττειν,
3216 2130 3249 2200 ἢ
3306 2130 3397 2183 τδν
3442 2130 3648 2182 ἑαυτῶν
3676 2128 3817 2183 Θεὸν

565 2217 909 2272 sciscitantur
950 2217 1019 2272 de
1061 2217 1229 2271 rebus
1272 2217 1338 2273 ad
1381 2218 1535 2271 vivos
1576 2216 1984 2286 spectantibus?
2032 2217 2126 2274 Dei

2233 2226 2524 2298 ἐπιζητεῖν,
2560 2226 2651 2279 καὶ
2689 2224 2765 2296 μὴ
2794 2224 2923 2287 τοὺς
2951 2222 3177 2293 νεκροὺς
3197 2221 3684 2291 πολυπραγμονεῖν,
3713 2232 3815 2291 μη’

570 2310 756 2378 itaque
796 2310 1021 2364 verbum
1051 2318 1107 2364 et
1143 2308 1313 2380 legem
1344 2310 1711 2379 evangelicam
1758 2311 1937 2363 datam
1976 2312 2127 2365 vobis

2233 2318 2289 2373 δὲ
2339 2318 2550 2388 ἐρωτᾷν
2603 2315 2731 2385 περὶ
2786 2314 3127 2385 πραγμάτων
3177 2312 3414 2377 ζώντων,
3458 2312 3583 2375 τοὺς
3628 2312 3813 2381 πάσης

566 2400 620 2455 in
651 2398 908 2455 auxilium
939 2402 1106 2464 nacti.
1141 2416 1208 2456 ex
1254 2402 1366 2470 ipsa
1410 2401 1605 2455 discite
1649 2415 1983 2471 quaecunque
2012 2402 2127 2455 vul—

2233 2408 2379 2477 ζωῆς
2406 2406 2835 2477 ἐστερημένους
2871 2406 3125 2475 Ἔχοντες
3148 2401 3239 2459 οὖν
3263 2405 3353 2457 τὸν
3379 2404 3472 2458 τοῦ
3500 2404 3631 2458 Θεοῦ
3654 2404 3816 2473 λόγον

568 2492 659 2557 tis,
698 2500 755 2546 et
799 2492 941 2548 hanc
986 2492 1270 2548 sectemiui
1302 2510 1317 2547 :
1349 2491 1473 2562 quia
1513 2493 1631 2547 ﬁeri
1680 2494 1887 2564 nequit,
1928 2505 1987 2549 ut
2040 2494 2127 2549 ille

2233 2501 2327 2555 καὶ
2357 2501 2519 2571 νόμον
2537 2502 2628 2554 τὸν
2653 2499 3024 2567 εὐαγγελικὸν,
3055 2501 3135 2562 εἰς
3162 2498 3407 2569 βοήθειαν
3440 2499 3566 2569 ὑμῖν
3596 2497 3817 2566 δεδομέ-

568 2583 724 2638 donis
744 2598 774 2637 a
800 2598 929 2639 vero
961 2585 1320 2639 dimoveatur.

2233 2605 2340 2651 νον,
2375 2587 2435 2652 ἐξ
2452 2588 2615 2642 αὑτοῦ
2642 2588 2937 2660 μανθάνετε
2960 2588 3087 2659 περὶ
3112 2582 3185 2641 ὧν
3204 2588 3269 2642 ἂν
3291 2587 3545 2652 ἐθέλοιτε,
3568 2589 3661 2641 καὶ
3688 2587 3816 2640 τούς-

564 2691 643 2747 τῳ
672 2680 953 2750 στοιχεττε,
982 2679 1100 2733 ἐπεὶ
1126 2677 1202 2750 μὴ
1241 2674 1351 2733 οἷόν
1375 2680 1431 2733 τέ
1456 2680 1603 2733 ἐστιν
1648 2680 1802 2735 αὐτὸν
1829 2680 2019 2753 διὶιροις
2045 2681 2303 2753 ἐκστῆναι
2326 2682 2422 2735 τοῦ
2454 2682 2706 2753 ἀληθοῦς.

638 2771 800 2826 Vens.
840 2770 929 2825 2|.
975 2789 995 2823 ε
1024 2772 1089 2825 Et
1131 2772 1306 2826 veniet
1333 2787 1497 2841 super
1532 2787 1629 2827 vos
1660 2773 1778 2827 dira
1825 2775 1999 2830 fatues
2026 2794 2039 2830 :
2070 2789 2127 2830 et

2310 2795 2328 2825 ι
2351 2777 2462 2829 Καὶ
2487 2775 2607 2846 ἥξει
2664 2777 2747 2843 ἐφ’
2773 2774 2915 2844 ὑμᾶς
2948 2772 3159 2844 σκληρὰ
3206 2771 3389 2844 λιμὸς’
3432 2774 3525 2825 καὶ
3558 2770 3708 2824 ἔσται
3734 2771 3814 2836 ὡς

566 2862 673 2918 erit
706 2872 765 2916 ut
788 2862 1077 2928 esurietis,
1118 2863 1390 2925 dolebitis.
1427 2873 1483 2920 et
1524 2865 1859 2921 maledicetis
1895 2867 2127 2937 principi

2236 2868 2302 2922 ἂν
2333 2867 2649 2938 πεινάσητε,
2701 2865 3075 2937 λυπηθήσεσθε
3117 2866 3235 2927 καὶ,
3283 2862 3468 2927 κακῶς
3496 2864 3668 2932 ὲρείτε
3720 2862 3815 2916 τὸν

565 2962 620 3007 et
649 2952 838 3023 patriis
866 2952 1070 3024 legibus
1102 2970 1117 3007 :
1151 2964 1205 3009 et
1245 2956 1528 3022 respicient
1571 2954 1625 3009 in
1664 2956 1861 3011 celum
1886 2970 2072 3027 supra.
2106 2974 2127 3009 ι

2235 2960 2491 3030 ἄρχοντα,
2530 2957 2627 3011 καὶ
2665 2958 2731 3011 τά
2765 2957 2969 3029 πάτρια
2993 2974 3004 2986 ·
3039 2958 3133 3009 καὶ
3186 2955 3570 3024 ἀναδλέψονται
3603 2955 3684 3017 είς
3719 2953 3815 3008 τὸν

565 3042 700 3098 Cum
759 3057 889 3113 ergo
932 3042 1053 3113 quis
1076 3043 1273 3097 divina:
1312 3042 1445 3113 legis
1470 3053 1837 3112 transgressor
1865 3059 1928 3099 ac
1956 3047 2127 3102 deser-

2236 3052 2463 3122 οὐρανὸν
2493 3051 2623 3105 ἄνω.
2656 3069 2675 3101 ι
2709 3050 2877 3103 Ὅταν
2903 3045 2994 3103 οὖν
3017 3048 3335 3119 παραϐάτης
3368 3048 3574 3116 γένοιτό
3602 3064 3684 3109 τις
3715 3046 3817 3100 τοῦ

570 3145 653 3189 tor
715 3134 938 3190 eﬂ'ectus
1006 3135 1141 3199 erit,
1202 3135 1253 3188 in
1301 3132 1681 3190 oﬂ'cndiculum
1737 3136 1999 3193 deductus
2062 3138 2127 3192 ab

2239 3141 2381 3194 θείου
2424 3140 2610 3210 νόμου,
2664 3141 2758 3193 καὶ
2806 3140 3117 3209 ἀποστάτης
3165 3138 3349 3201 αὑτοῦ,
3408 3137 3816 3200 σκανδαλισθεὶς

570 3228 638 3283 iis
670 3229 760 3296 qui
784 3227 1004 3283 oracula
1034 3237 1092 3283 et
1114 3228 1477 3283 daemoniacas
1497 3227 1863 3285 divinationes
1891 3240 2129 3299 praeten-

569 3320 719 3382 dunt,
747 3320 889 3372 hunc
917 3318 1086 3373 fatues
1121 3319 1519 3376 rationabilium
1544 3319 1784 3374 ciborum
1818 3322 2126 3389 occupabit,

568 3425 776 3464 necnon
830 3423 1084 3465 excessus
1140 3411 1339 3465 mentis
1389 3418 1445 3464 et
1496 3410 1825 3465 iracundia:
1861 3422 2023 3481 atque
2077 3414 2128 3465 in

570 3500 913 3571 blasphemas
956 3501 1313 3571 cogitationes
1379 3500 1625 3564 incidet,
1679 3501 2005 3558 maledicens
2053 3504 2127 3557 illi

574 3593 702 3647 olim
743 3592 853 3661 regi
912 3606 1051 3654 suo.
1087 3605 1246 3660 quem
1302 3592 1458 3645 deum
1510 3606 1667 3645 suum
1712 3594 1959 3647 vocabat.
2018 3613 2035 3645 ε
2067 3593 2133 3647 Et

571 3702 675 3740 nou
717 3683 999 3755 perplexas
1046 3685 1152 3739 erit
1194 3685 1283 3755 qui
1333 3684 1386 3739 in
1429 3684 1673 3754 angustia
1722 3694 1803 3740 est
1847 3701 2015 3756 usque
2065 3688 2130 3740 ad

573 3786 804 3845 tempus.
836 3796 854 3827 ι

1165 3865 1394 3922 CAPUT
1445 3865 1535 3921 ΙΧ.

638 3959 803 4015 Vsus.
849 3961 901 4013 l.
955 3979 973 4011 ι
1003 3959 1116 4014 Hoc
1162 3960 1391 4026 primum
1451 3950 1617 4015 bibe:
1656 3960 1763 4015 cito
1811 3958 1935 4024 fac,
1984 3962 2131 4031 regio

570 4052 810 4107 Zabulon
827 4062 880 4105 et
907 4062 1046 4105 terra
1071 4051 1502 4121 Nephthalim,et
1532 4052 1709 4107 caeteri
1739 4052 1829 4124 qui
1864 4052 2129 4106 maritima

570 4152 625 4199 et
660 4152 809 4197 trans
840 4140 1149 4206 Iordanem,
1175 4142 1391 4198 Galikea
1416 4145 1674 4213 gentium.
1707 4164 1725 4195 ι
1764 4144 2045 4199 Vulteuim
2078 4156 2135 4198 ut

572 4240 627 4299 ii.
664 4239 754 4309 qui
789 4252 985 4306 magna
1025 4236 1279 4290 salutaris
1326 4238 1418 4289 Dei
1468 4237 1733 4292 adventus
1772 4238 1888 4293 luce
1926 4240 2131 4308 dignati

571 4341 716 4398 sunt,
742 4331 977 4388 fructum
1008 4330 1347 4387 rationabilis
1392 4341 1549 4401 potus
1579 4332 1831 4398 operibus
1885 4332 2130 4388 reddant.

571 4426 750 4480 Primo
809 4426 988 4493 itaque
1039 4422 1277 4478 Galilaais
1326 4423 1525 4477 bonum
1569 4423 1816 4477 nuntium
1866 4423 2129 4479 declarat.

2234 3234 2340 3287 ὑπὸ
2365 3233 2474 3285 τῶν
2506 3234 2632 3296 τοὺς
2663 3233 2947 3305 χρησμοὺς
2972 3233 3066 3285 καὶ
3093 3232 3190 3295 τὰς
3224 3231 3477 3301 μαντείας
3502 3229 3599 3294 τὰς
3625 3229 3816 3299 δαιμο-

2231 3323 2389 3386 νικάς
2427 3323 2859 3397 προϊσχομένων,
2909 3323 3063 3391 λιμὸς
3090 3320 3303 3391 τροφῶν
3351 3319 3581 3387 λογικῶν
3621 3318 3813 3372 τοῦτον

2230 3414 2551 3479 διαδέξεται,
2591 3415 2687 3469 καὶ
2734 3413 3011 3478 ἔκστασις,
3059 3413 3152 3466 καὶ
3183 3412 3555 3483 παροξυσμός·
3605 3411 3697 3465 καὶ
3729 3411 3815 3474 εἰς

2234 3508 2582 3577 βλασφήμους
2608 3508 2929 3577 ὲμπεσεῖται
2965 3505 3275 3575 λογισμοὺς,
3306 3503 3692 3575 καταρώμενος
3717 3502 3818 3557 τὸν

2233 3598 2397 3650 πάλαι
2428 3596 2649 3667 βασιλέα
2697 3596 2882 3661 αὐτοῦ,
2920 3597 2979 3649 ὃν
3024 3596 3117 3649 καὶ
3146 3594 3265 3648 θεὸν
3301 3593 3493 3648 ἑαυτοῦ
3539 3593 3809 3665 ὠνόμαζε.

2238 3712 2255 3741 ι
2284 3694 2392 3745 Καὶ
2424 3692 2525 3745 οὐκ
2552 3690 2957 3762 ἀπορηθήσεται
2978 3690 3006 3742 ὁ
3031 3690 3089 3742 ὲν
3122 3688 3449 3760 στενοχωρίᾳ
3472 3686 3545 3740 ὢν
3566 3689 3672 3750 ἓως
3693 3707 3814 3742 και-

2238 3798 2350 3852 ρου.
2379 3801 2397 3832 ι

2768 3870 2947 3923 ΚΕΦΑ
2957 3869 3164 3925 ΛΔΙΟΝ
3195 3866 3270 3922 Θ’.

2309 3985 2326 4015 ι
2350 3962 2520 4017 Τοῦτο
2544 3962 2757 4033 πρῶτον
2792 3962 2882 4015 πίε
2902 3979 2915 3991 ·
2944 3963 3079 4031 ταχὺ
3108 3962 3270 4027 ποίει,
3320 3959 3473 4031 χώρα
3503 3957 3813 4023 Ζαϐουλὼν,

2234 4060 2268 4128 ἡ
2317 4058 2388 4127 γῆ
2423 4054 2763 4125 Νεφθαλεὶμ,
2799 4054 2893 4107 καὶ
2918 4056 2966 4107 οἱ
2994 4053 3168 4106 λοιποὶ
3211 4053 3261 4106 οἰ
3285 4053 3382 4123 τὴν
3414 4052 3683 4121 παραλίαν
3715 4052 3814 4105 καὶ

2234 4150 2408 4220 πέραν
2458 4146 2549 4200 τοῦ
2591 4146 2874 4218 Ἰορδάνου,
2905 4146 3161 4199 Γαλιλαία
3203 4145 3311 4204 τῶν
3342 4144 3527 4197 ἐθνῶν,
3556 4162 3575 4193 ι
3617 4142 3814 4196 Βούλε-

2234 4257 2323 4293 ται
2344 4238 2451 4309 γὰρ
2480 4237 2547 4290 δι’
2590 4236 2767 4309 ἔργων
2800 4236 2888 4289 τὸν
2942 4236 3150 4308 καρπὸν
3176 4234 3269 4288 τοῦ
3303 4232 3520 4303 λογικοῦ
3570 4233 3814 4303 πόματος

2236 4331 2540 4385 ἀποδιδόναι
2574 4332 2699 4394 τοὺς
2732 4327 3165 4394 καταξιωθέντας
3215 4327 3309 4380 τοῦ
3346 4325 3581 4398 μεγάλου
3636 4324 3813 4393 φωτὸς

2234 4425 2332 4494 τῆς
2362 4423 2630 4494 σωτηρίου
2677 4421 3010 4490 θεοφανείας.
3044 4419 3265 4491 Πρῶτον
3313 4415 3404 4473 οὖν
3435 4421 3546 4481 τοῖς
3577 4418 3668 4469 ἐπὶ
3712 4416 3813 4487 τῆς

572 4519 673 4573 Par
710 4517 907 4587 quippe
942 4526 1058 4570 erat
1092 4515 1366 4585 regionem
1404 4514 1549 4568 illam
1583 4529 1690 4570 non
1735 4515 1947 4569 silentio
1993 4534 2127 4585 prae-

2241 4515 2523 4578 Γαλιλαίας
2556 4513 2984 4583 εὐαγγελίζεται.
3017 4512 3165 4565 Ἔδει
3192 4512 3301 4583 γὰρ
3349 4511 3480 4582 μηδὲ
3501 4510 3597 4581 τὴν
3626 4508 3815 4580 χώραν

570 4617 755 4671 tertre,
820 4605 872 4660 in
936 4619 1041 4674 qua
1107 4603 1426 4659 Emmanuel
1488 4604 1541 4658 in
1609 4619 1706 4657 suo
1769 4604 1834 4657 ad
1891 4605 2135 4661 homines

572 4698 799 4753 adventu
853 4713 1033 4751 moras
1085 4697 1327 4751 facturus
1385 4706 1527 4749 erat.
1583 4696 1748 4767 Regio
1793 4706 1972 4750 autem
2020 4710 2135 4752 erat

569 4789 790 4845 Galilzea
816 4829 831 4856 ,
866 4791 973 4855 imo
1000 4790 1163 4843 etiam
1200 4798 1344 4842 trans
1378 4787 1667 4843 Jordanem
1699 4799 1817 4841 erat
1845 4788 1959 4843 hac
1989 4790 2135 4843 Gali-

571 4883 691 4947 laaa,
742 4884 795 4937 in
848 4898 952 4951 qua
997 4882 1342 4951 frequentius
1396 4890 1642 4935 versatus
1698 4882 1946 4936 Christus
2000 4894 2129 4937 est:

570 4990 741 5045 quare
768 4975 1057 5029 salutarem
1092 4984 1274 5044 potum
1306 4985 1359 5028 et
1390 4974 1558 5026 lucem
1586 4974 1699 5041 ejus
1735 4974 1926 5028 incolis
1963 4976 2137 5043 primo

573 5066 875 5120 amiuntiat.
936 5063 1106 5133 Hujus
1158 5080 1320 5133 porro
1379 5064 1578 5118 viviﬁci
1625 5078 1784 5133 pntus
1844 5066 2132 5137 imaginem

573 5158 899 5211 sensibilitcr
944 5159 1190 5213 exhibuit
1234 5158 1514 5220 Servator,
1560 5161 1793 5226 quando,
1845 5160 2049 5230 nuptiis
2083 5161 2134 5213 in

572 5251 713 5305 Cana
746 5249 980 5305 Galilaaaa
1016 5249 1324 5310 celebratis.
1348 5248 1576 5317 primum
1601 5250 1914 5305 miraculum
1946 5251 2133 5316 edidit,

573 5359 722 5411 aqua:
747 5343 953 5398 scilicet
982 5344 1034 5396 in
1068 5343 1246 5396 viuum
1273 5342 1642 5397 mutationem.

647 5523 809 5579 Vens.
842 5525 898 5577 2.
942 5544 960 5576 ι
996 5524 1260 5593 Populus,
1299 5525 1389 5593 qui
1423 5523 1731 5578 ambulabat
1778 5525 1830 5579 in
1878 5524 2135 5591 tenebris,

577 5618 711 5671 vidit
768 5620 939 5672 lucem
993 5634 1282 5687 magnam:
1342 5618 1652 5672 habitantes
1708 5619 1762 5671 in
1818 5617 2037 5687 regione
2085 5627 2139 5669 et

577 5712 767 5762 umbra
838 5712 1044 5773 mortis,
1102 5711 1191 5763 lux
1245 5711 1542 5779 splendebit
1604 5725 1763 5778 super
1818 5724 1928 5763 vos.
1993 5727 2011 5756 ι
2072 5709 2137 5761 Et

578 5802 709 5854 alias
756 5802 969 5870 quidem
1022 5804 1073 5855 in
1121 5803 1353 5858 tenebtis
1403 5804 1649 5872 agebant,
1703 5804 1790 5869 qui
1847 5810 2132 5868 antequam

2240 4607 2643 4675 ἀποσιωπῆσαι,
2681 4604 2800 4659 καθ’
2822 4606 2887 4674 ἣν
2910 4606 3008 4667 τὰς
3048 4602 3325 4673 διατριϐὰς
3354 4601 3616 4655 ποιεῖσθαι
3643 4600 3815 4671 ἠμελ-

2240 4699 2328 4751 λεν
2352 4697 2657 4768 ἀνθρώποις
2696 4698 2979 4766 ἐπιφανεὶς
3007 4699 3035 4749 ό
3076 4694 3437 4766 Ἐμμανουήλ..
3485 4694 3548 4745 Ἠ
3572 4692 3629 4744 δὲ
3659 4690 3815 4762 χώρα

2238 4787 2304 4861 ἦν
2330 4789 2581 4843 Γαλιλαία
2601 4807 2613 4818 ·
2644 4789 2777 4841 ἀλλὰ
2808 4789 2900 4842 καὶ
2934 4787 3102 4858 πέραν
3128 4786 3220 4839 τοῦ
3263 4785 3523 4856 Ἰορδάνου
3554 4782 3812 4853 τυγχάνει

2242 4884 2272 4953 ή
2308 4882 2561 4936 Γαλιλαία
2592 4880 2753 4949 αῦτη,
2790 4882 2847 4933 ὲν
2878 4874 3035 4952 ᾖτὰς
3077 4879 3331 4940 πλείστας
3363 4877 3652 4947 ἐποιήσατο
3694 4874 3809 4927 δια-

2237 4975 2423 5046 τριϐὰς
2456 4976 2485 5027 ὁ
2516 4973 2748 5045 Χριστός
2772 4991 2783 5002 °
2810 4974 2889 5026 διὸ
2912 4974 3071 5025 ποτὸν
3112 4973 3398 5042 σωτήριον,
3442 4970 3533 5022 καὶ
3562 4969 3676 5037 φῶς
3714 4967 3812 5038 μὲ-

2237 5082 2305 5132 γα
2337 5068 2447 5129 τοῖς
2476 5066 2533 5117 ὲν
2562 5066 2695 5133 αὐτῇ
2731 5061 3135 5131 εὐαγγελίζεται
3167 5062 3421 5131 πρώτοις.
3450 5058 3555 5111 Τοῦ
3579 5057 3637 5111 δὲ
3670 5058 3811 5120 {tne-

2236 5157 2384 5209 ποιοῦ
2412 5156 2602 5209 τούτου
2635 5154 2800 5206 ποτοῦ
2835 5154 3017 5207 εἰκόνα
3048 5155 3303 5222 παρεῖχεν
3332 5152 3360 5204 ὁ
3398 5150 3587 5219 Σωτὴρ
3620 5150 3807 5220 αἰσθη-

2234 5248 2365 5310 τῶς,⁹
2385 5248 2619 5317 ὁπηνίκα
2652 5246 2830 5315 γάμου
2864 5243 3280 5312 συντελουμένου
3310 5245 3367 5295 ἐν
3405 5243 3556 5295 Κανᾶ
3578 5241 3674 5309 τῆς
3704 5242 3742 5290 Γ
3748 5259 3807 5292 α-

2234 5340 2461 5404 λιλαίας,
2510 5339 2735 5410 πρῶτον,
2752 5339 3048 5411 παράδοξον
3082 5338 3394 5409 εἰργάσατο,
3430 5335 3528 5404 τὴν
3558 5332 3649 5385 τοῦ
3684 5332 3812 5387 ῦδα-

2235 5448 2322 5493 τος
2345 5434 2423 5494 εἰς
2442 5426 2581 5482 οἶνον
2614 5429 2929 5501 μεταϐολήν.

2320 5544 2337 5573 ‹
2360 5523 2415 5575 '0
2431 5523 2555 5585 λαὸς
2573 5524 2599 5573 ὁ
2616 5523 2919 5592 καθήμενος
2959 5525 3015 5573 ὲν
3046 5522 3225 5572 σκότει
3259 5514 3363 5571 εἶδε
3392 5517 3503 5585 φῶς
3554 5516 3695 5587 μέγα
3719 5534 3731 5544 ·
3758 5516 3809 5567 οἱ

2247 5613 2618 5675 κατοικοῦντες
2650 5614 2706 5663 ἐν
2735 5612 2886 5682 χώρᾳ
2906 5612 2999 5663 καὶ
3035 5614 3163 5680 σκιᾷ
3180 5610 3428 5671 θανάτου,
3460 5608 3573 5676 φῶς
3605 5606 3809 5675 λάμψει

2243 5708 2327 5773 ἐφ’
2362 5707 2521 5775 ὑμᾶς.
2559 5725 2575 5755 ι
2616 5704 2722 5757 Καὶ
2751 5704 2923 5766 ἄλλως
2949 5704 3003 5754 δὲ
3025 5706 3079 5754 ἐν
3112 5704 3290 5755 σκότει
3319 5701 3605 5769 ἐτύγχανον
3638 5701 3683 5751 οἱ
3706 5701 3809 5768 πρὸ

2241 5801 2334 5861 τῆς
2372 5798 2714 5865 ἓττιλὰεγξίης
2758 5797 2843 5848 ἐἰ
2881 5794 3111 5866 Χρῑ-ἰοῦ
3156 5797 3209 5848 ἓν
3238 5795 3474 5861 (ivveni;
3509 5793 3656 5853 7rer
3718 5811 3785 5843 τί·
