4014 6404
211 374 312 429 με)

1141 362 1654 419 COMMENTARIA
1694 361 1761 414 ΙΝ
1800 359 2057 415 ISAIAM.
2099 392 2159 403 -—
2207 360 2359 415 CAP.
2403 359 2495 415 IX.

3376 358 3479 415 150

206 495 386 553 φωτός
410 480 509 536 τοῦ
538 480 794 553 ἀληθινοῦ
824 496 837 509 ο
870 480 926 532 ἐν
960 480 1089 549 σκιᾷ
1122 478 1175 531 δὲ
1207 479 1437 533 θανάτου
1472 478 1611 552 ἦσαν
1639 483 1687 533 οἱ
1732 480 1793 533 τά

1904 482 2155 540 Christus
2228 480 2607 543 illucesceret,
2665 480 2717 534 in
2782 494 2923 534 vera:
2981 478 3119 534 lucis
3172 478 3476 549 ignorantia

208 574 344 644 πρὸς
371 572 605 627 θάνατον
635 570 1060 640 ἁμαρτάνοντες,
1088 571 1227 623 κατὰ
1255 571 1588 642 τὸ,‹Ψυχὴή
1618 575 1798 643 ἀμαρ-

204 666 464 728 τάνουσα,
494 662 632 733 αὐτη
660 662 1032 715 ἀποθανεῖται.
1070 678 1089 711 ι
1148 661 1285 713 Ἀλλ’
1313 663 1415 725 ἕως
1452 664 1549 732 μὲν
1604 665 1661 715 ἐν
1719 663 1797 733 τῷ

202 756 437 826 παρόντι
472 755 573 825 βίῳ
601 752 857 822 τυγχάνει
893 752 919 803 ό
981 752 1118 821 πρὸς
1169 752 1396 806 θάνατον
1444 753 1792 823 ἁμαρτάνων,

201 847 300 917 οὐχ
333 845 483 899 οὕτω
514 845 691 913 πάντη
725 842 1102 897 καταπέποται
1138 843 1240 896 ὑπὸ
1290 843 1385 895 τοῦ
1437 844 1687 905 θανάτου,
1719 845 1795 909 ὡς

202 941 279 1011 μὴ
315 936 585 992 δύνασθαι
623 934 941 1005 μεταϐαλὼν
991 934 1248 1005 σωθῆναι,
1305 935 1421 988 ἀλλ’
1462 936 1582 989 οὐδὲ
1623 936 1796 1007 ἀπήλ-

197 1030 401 1083 λακται
426 1025 597 1081 αὐτοῦ
630 1025 928 1088 παντελῶς,
962 1024 1041 1077 διὸ
1074 1025 1290 1093 λέγεται
1344 1022 1483 1079 εἶναι
1549 1028 1607 1078 ἐν
1668 1027 1795 1096 σκιᾷ

198 1120 459 1175 θανάτου.
496 1118 645 1188 nam
678 1117 989 1188 ἐπιλάμψας
1038 1117 1245 1181 τούτοις
1279 1118 1536 1190 πῴντοις,
1570 1120 1668 1191 τὴν
1696 1121 1793 1190 χά-

201 1228 286 1282 ριν
313 1209 415 1264 τοῦ
455 1209 697 1281 μεγάλου
732 1209 909 1278 φωτὸς
931 1210 1239 1281 ἐδωρήσατο
1266 1212 1294 1263 6
1349 1209 1437 1264 διά
1490 1210 1600 1263 τῶν
1660 1227 1794 1282 προ-

196 1303 475 1374 κειμένων
510 1301 914 1371 θεσπιζόμενος.
958 1301 1046 1355 Ἔν
1076 1300 1248 1374 ταύτῃ
1277 1318 1338 1354 τε
1369 1304 1436 1372 τῇ
1465 1300 1618 1372 χώρᾳ
1648 1300 1795 1372 πρώ-

197 1412 269 1467 τῃ
310 1396 571 1449 πλεῖστον
616 1395 742 1448 λαὸν
780 1395 1045 1466 ἐκτήσατο
1073 1434 1089 1460 ,
1145 1392 1221 1457 ὡς
1246 1393 1459 1447 καὶτὸν
1508 1392 1795 1447 ἀποστολι-

196 1487 293 1541 κδν
318 1487 487 1558 χορὸν
520 1487 582 1551 ἐξ
609 1486 789 1541 αὐτῶν
814 1485 1155 1550 ἐκλέξασθαι.
1182 1486 1340 1548 Τίνες
1367 1480 1462 1539 οὖν
1488 1480 1627 1557 ἦσαν
1659 1486 1709 1538 οί
1735 1486 1795 1538 ἐν

200 1580 387 1633 σκότει
416 1579 514 1633 καὶ
540 1580 669 1650 σκιᾷ
691 1578 922 1632 Θανάτου
953 1578 986 1649 ἢ
1038 1578 1088 1630 oi
1129 1579 1187 1630 ἐν
1212 1576 1455 1649 ἀγνωσίᾳ
1504 1575 1597 1630 τοῦ
1658 1575 1794 1631 Θεοῦ

196 1668 257 1723 τὺ
285 1668 423 1739 πρὶν
457 1667 876 1739 κατεσχημένοι,
910 1667 1004 1721 καὶ
1034 1669 1083 1721 οἱ
1113 1666 1189 1738 τῷ
1219 1666 1435 1737 θανάτῳ
1482 1666 1581 1737 τῆς
1613 1665 1793 1737 ψυχῆς

196 1760 592 1832 δεδουλωμένοι
613 1776 629 1826 ;

268 1962 290 1995 ι
326 1941 404 1998 Τὸ
429 1942 683 1997 πλεῖστον
710 1941 802 1997 τοῦ
832 1942 962 1997 λαοῦ
990 1943 1019 1997 ὃ
1051 1943 1363 2015 κατήγαγες
1384 1944 1445 1995 ὲν
1479 1943 1789 2016 εὐφροσύνῃ

198 2052 314 2100 σου,
350 2037 450 2090 καὶ
470 2036 940 2107 εὐφρανθήσονται
965 2034 1195 2090 ἐνώπιόν
1228 2052 1343 2102 σου,
1376 2035 1453 2098 ὡς
1486 2036 1535 2089 οί
1563 2035 1791 2107 εὐφραι-

196 2127 415 2198 νόμενοι
444 2129 507 2181 ἐν
546 2128 740 2200 ἀμήτῳ
762 2168 778 2191 ,
807 2128 902 2182 καὶ
932 2126 990 2181 δν
1020 2127 1221 2200 τρόπον
1248 2126 1708 2200 εὐφρανθήσονται
1741 2129 1789 2181 οἱ

193 2219 567 2292 διαιρούμενοι
604 2220 809 2279 σκῦλα·
846 2221 979 2275 διότι
1006 2220 1435 2294 ἀφαιρεθήσεται
1460 2223 1489 2276 6
1522 2220 1687 2290 ζυγὸς
1702 2222 1789 2274 ἐπ’

195 2313 380 2367 αὐτῶν
399 2314 675 2385 κείμενος.
701 2333 723 2367 ι
765 2315 837 2369 Ἦ
878 2314 1063 2387 ἐπειδὴ
1093 2316 1335 2369 πλεῖστοι
1388 2316 1487 2387 μὲν
1536 2315 1789 2371 ἐπίστευ-

198 2423 323 2471 σαν,
360 2406 585 2470 πλείους
610 2406 667 2461 δέ
695 2410 762 2479 τῇ
803 2408 1033 2481 ἀπιστίᾳ
1062 2410 1445 2481 ἐναπέμειναν,
1478 2410 1706 2473 είκότως
1729 2410 1792 2462 τὸ

196 2498 456 2552 πλεῖστον
507 2497 602 2553 τοῦ
630 2498 761 2553 λαοῦ
795 2499 1045 2557 λέλεκται
1082 2501 1181 2573 τῆς
1210 2501 1482 2573 σωτηρίου
1542 2501 1793 2573 μετειλη-

197 2590 358 2661 φέναι
385 2592 751 2663 εὐφροσύνης.
787 2593 1050 2666 Σημαίνει
1071 2593 1127 2648 δέ
1152 2592 1242 2648 διά
1259 2594 1485 2658 τούτων,
1520 2594 1659 2666 πρὸς
1691 2594 1792 2665 τὴν

198 2684 498 2756 πρόχειρον
523 2684 699 2752 λέξιν·
745 2686 835 2740 Ἔν
938 2687 1069 2740 ποτέ
1102 2686 1201 2757 μὲν
1245 2687 1353 2741 ἀπὸ
1392 2686 1556 2740 πέντε
1611 2687 1792 2759 ἀρτων

202 2775 408 2847 πλῆθος
421 2776 634 2847 ἀνδρῶν
658 2776 1107 2847 πεντακισχιλίων
1134 2777 1399 2848 ἐθρέψατο
1430 2780 1488 2830 ἐν
1516 2780 1581 2850 τῇ
1603 2776 1793 2847 δηλου-

204 2868 338 2939 μένη
366 2866 547 2939 χώρᾳ,
598 2866 729 2922 ποτὲ
760 2866 823 2933 ἐξ
882 2868 1023 2923 ἐπτά
1074 2868 1541 2940 τετρακισχιλίους
1593 2869 1792 2941 ἄνδρας

201 2960 371 3031 χωρὶς
405 2960 685 3030 γυναικῶν
716 2960 812 3015 καὶ
837 2960 1081 3015 παιδίων.
1117 2961 1209 3015 Διὺ
1239 2961 1486 3016 λέλεκται
1522 2961 1663 3016 κατὰ
1698 2959 1792 3014 τὸν

202 3052 505 3124 Σύμμαχον
543 3072 561 3105 ι
610 3053 933 3126 Εὐφροσύνῃ
963 3053 1348 3125 εὐφράνθησαν
1378 3053 1608 3112 ἐνώπιόν
1672 3069 1789 3119 σου,

1900 584 2094 629 erant:
2143 573 2197 627 in
2254 572 2448 625 umbra
2505 582 2683 625 autem
2734 571 2927 625 mortis
2970 578 3156 634 erant,
3213 578 3480 638 quotquot

1901 663 2205 719 mortaltter
2253 670 2653 732 peccaverant,
2704 662 3003 717 secundum
3034 659 3195 714 illud:
3232 678 3250 710 ι
3285 660 3477 713 Anima

1897 773 2017 826 quae
2051 756 2389 827 peccaverit,
2438 754 2557 825 ipsa
2609 755 2871 809 morietur
2903 754 2970 808 ".
3006 772 3026 805 ι
3078 753 3183 807 Sed
3232 754 3477 822 quandiu

1898 846 1942 900 is
1986 845 2076 915 qui
2126 854 2316 916 peccat
2369 844 2435 898 ad
2469 853 2722 906 mortem,
2757 842 2809 897 in
2854 843 3109 912 praesenti
3144 842 3249 896 vita
3289 842 3472 911 degit,

1898 954 2003 992 non
2040 939 2113 992 ita
2160 952 2383 1007 prorsus
2426 937 2755 993 absorbetur
2788 950 2817 991 a
2858 947 3054 1002 morte,
3091 945 3150 989 ut
3195 952 3304 990 non
3347 951 3475 1004 pos-

1896 1030 1969 1083 sit
2003 1027 2370 1098 resipiscendo
2405 1028 2639 1085 salutem
2677 1026 2919 1083 nancisci
2947 1044 2975 1088 ;η
3002 1027 3098 1085 sed
3146 1040 3247 1082 nec
3286 1041 3353 1080 ex
3387 1027 3475 1080 illa

1896 1125 2111 1191 penitus
2161 1121 2463 1186 liberatur,
2517 1135 2691 1190 quare
2749 1120 2955 1175 dicitur
3004 1133 3127 1175 esse
3180 1119 3234 1174 in
3280 1119 3477 1173 umbra

1898 1214 2110 1269 mortis.
2146 1214 2419 1270 Caeterum
2472 1215 2557 1270 liis
2584 1212 2861 1284 prioribus
2892 1212 3251 1276 illucescens,
3292 1211 3475 1281 magni

1897 1304 2119 1360 luminis
2156 1305 2392 1374 gratiam
2422 1304 2695 1375 elargitus
2718 1313 2800 1360 est
2831 1303 2898 1368 is,
2938 1304 3028 1373 qui
3064 1302 3116 1357 in
3146 1301 3250 1357 hoc
3280 1300 3475 1355 vatici-

1896 1395 1989 1450 nio
2024 1395 2220 1451 fertur.
2277 1396 2335 1451 ln
2374 1397 2477 1453 hac
2518 1410 2683 1466 porro
2735 1398 2957 1467 regione
3002 1396 3181 1464 primo
3222 1407 3474 1463 magnam

1894 1485 2081 1555 populi
2116 1485 2520 1543 multitudinem
2554 1487 2870 1557 acquisivit,
2924 1486 2997 1541 ita
3036 1494 3095 1539 ut
3136 1484 3303 1539 etiam
3346 1498 3477 1553 apo-

1895 1578 2152 1635 stolicum
2198 1580 2430 1635 chorum
2480 1595 2549 1636 ex
2591 1594 2659 1635 ea
2724 1578 3008 1650 deligeret.
3057 1576 3291 1644 Quinam
3344 1588 3479 1645 ergo

1894 1680 2056 1726 erant
2087 1670 2160 1724 illi
2212 1670 2264 1726 in
2313 1670 2556 1727 tenebris
2591 1680 2648 1725 et
2686 1671 2880 1725 umbra
2931 1670 3124 1727 mortis
3152 1676 3474 1733 versantes,

1896 1761 2002 1817 nisi
2031 1762 2123 1831 qui
2154 1761 2308 1832 prius
2340 1762 2651 1831 ignorantia
2683 1761 2778 1817 Dei
2814 1762 3220 1823 detinebantur,
3246 1771 3303 1814 et
3330 1774 3477 1815 mor-

1825 1829 1865 1883 Β
1899 1856 1966 1910 tis
1997 1829 2195 1910 animae
2227 1829 2481 1910 servi—tuti
2535 1854 2742 1911 addicti
2792 1854 2981 1910 erant?

1965 1947 2137 2004 Vsus.
2164 1948 2285 2002 5-4.
2339 1966 2358 1999 ι
2406 1945 2695 2003 Multitudo
2737 1947 2961 2019 populi,
3000 1962 3165 2018 quam
3199 1946 3477 2002 deduxisti

1891 2042 1947 2095 in
1989 2039 2178 2095 laetitia
2227 2049 2343 2105 tua,
2396 2047 2454 2095 et
2493 2038 2824 2095 laetabuntur
2858 2053 3046 2096 coram
3088 2048 3161 2105 te,
3207 2038 3349 2094 sicut
3382 2039 3475 2108 qui

1894 2132 2146 2187 laetantur
2193 2132 2248 2187 in
2282 2145 2486 2197 messe,
2528 2140 2583 2187 et
2628 2130 3090 2203 quemadmodum
3146 2130 3479 2185 lzetsbuntur

1891 2223 1983 2292 qui
2017 2223 2264 2279 dividunt
2302 2223 2526 2294 spolia:
2578 2222 2707 2293 quia
2764 2222 3047 2279 auferetur
3092 2219 3286 2294 iugum
3339 2221 3479 2289 ipsis

1892 2316 2232 2386 impositum.
2286 2334 2305 2369 ι
2366 2316 2534 2381 Sive,
2588 2316 2717 2385 quia
2763 2314 2921 2371 multi
2974 2314 3186 2387 quidem
3232 2314 3482 2371 credide-

1896 2415 2064 2469 runt.
2114 2406 2210 2462 sed
2262 2405 2435 2462 multo
2488 2405 2675 2477 plures
2723 2406 2776 2460 in
2828 2404 3209 2461 incredulitate
3261 2420 3479 2461 manse-

1894 2508 2042 2567 runt,
2085 2498 2210 2567 jure
2234 2500 2439 2556 dicitur
2484 2498 2683 2553 multos
2713 2514 2779 2553 ex
2812 2498 3011 2569 populo
3046 2498 3310 2555 salutaris
3343 2498 3483 2553 lati-

1895 2592 1984 2648 tia
2016 2602 2301 2647 consortes
2352 2590 2543 2647 fuisse.
2601 2589 2697 2647 His
2736 2605 2899 2661 porro
2950 2589 3248 2661 signiﬁcat,
3299 2590 3484 2659 quoad

1892 2684 2115 2739 obvium
2155 2683 2352 2739 litterae
2401 2696 2625 2738 sensum
2649 2725 2665 2750 ,
2704 2682 2982 2754 regionem
3036 2682 3207 2748 illam,
3254 2682 3345 2737 ubi
3378 2681 3485 2736 ali-

1892 2776 2112 2849 quando
2143 2791 2210 2833 ex
2242 2777 2486 2847 quinque
2516 2777 2748 2846 panibus
2793 2776 3008 2830 turbam
3040 2775 3285 2829 virorum
3315 2775 3478 2843 quin-

1892 2886 1999 2942 que
2034 2869 2261 2925 millium
2296 2871 2592 2937 euutrivit;
2619 2867 2912 2937 aliquando
2950 2876 3132 2922 autem
3163 2880 3233 2921 ex
3264 2875 3476 2936 septem

1894 2957 2142 3029 panibus,
2188 2968 2426 3026 quatuor
2472 2956 2641 3012 millia
2686 2955 2952 3021 virorum,
2984 2964 3183 3025 praeter
3217 2954 3476 3010 mulieres

1894 3062 1950 3106 et
2009 3050 2290 3120 parvulos.
2336 3050 2708 3117 Quamobrem
2768 3048 2975 3103 dictum
3035 3054 3122 3103 est
3172 3047 3473 3103 secundum

204 3145 279 3209 ὡς
307 3143 654 3218 εὐφροσύνην
700 3147 758 3199 ἐν
787 3143 1050 3215 θερισμῷ.
1096 3163 1114 3196 ι
1166 3144 1321 3199 Οὕτω
1358 3144 1491 3214 γοῦν
1524 3145 1577 3199 oi
1613 3147 1671 3200 ἐν
1700 3145 1791 3198 θε-

1898 3142 2310 3216 Symmachum,
2346 3160 2367 3194 ι
2419 3141 2634 3199 Laetitia
2678 3139 2845 3195 laetati
2900 3148 3029 3195 sunt
3079 3140 3133 3195 in
3182 3151 3474 3211 conspectu

208 3235 391 3307 ρισμῷ
412 3235 740 3308 τρεφόμενοι
771 3234 1148 3306 ἡθροισμένως
1171 3235 1313 3291 κατά
1338 3235 1400 3290 τὸ
1426 3235 1560 3291 αὐτὸ
1591 3252 1795 3307 συμπο·

205 3326 415 3392 σιάζειν
467 3326 712 3381 εἰώθασι.
744 3325 901 3380 Κατά
950 3326 1186 3381 διάνοιαν
1220 3327 1345 3381 δέοί
1384 3328 1670 3382 ἀπόστολοι
1696 3327 1790 3382 τοῦ

204 3419 461 3490 Σωτῆρος
489 3418 645 3490 ήμῶν
679 3420 771 3473 καὶ⁵
792 3420 842 3472 οἱ
872 3418 1073 3472 τούτων
1101 3418 1336 3490 διάδοχοι
1354 3460 1369 3477 .
1402 3419 1456 3473 οἴ
1475 3438 1533 3473 τε
1570 3421 1649 3483 είς
1674 3419 1794 3473 δεῦ-

208 3528 268 3585 ρο
297 3512 411 3567 τῶν
432 3511 740 3583 ἐκκλησιῶν
784 3511 947 3566 αὑτοῦ
975 3511 1338 3583 προεστῶτες,
1362 3512 1460 3583 τῆς
1482 3511 1668 3572 ἐνθέου
1698 3513 1793 3567 εὐ-

206 3604 483 3675 φροσύνης
512 3602 916 3675 μετελάμϐανον
947 3600 1180 3657 ἐνώπιον
1209 3602 1305 3656 τοῦ
1338 3603 1591 3675 Σωτῆρος
1609 3604 1790 3675 ἡμῶν,

204 3695 358 3768 δίκην
387 3694 657 3766 ἀμώντων
682 3695 1071 3767 ἐργαζόμενοι·
1116 3696 1346 3767 ἐπείπερ
1378 3696 1609 3768 ἐργάται
1651 3692 1793 3768 ἦσαν

204 3788 297 3842 τοῦ
326 3789 596 3861 θερισμοῦ
621 3791 729 3844 τῶν
764 3790 957 3855 ἐθνῶν,
1014 3793 1421 3866 ἐμπιπλάμενοι
1453 3794 1793 3867 εὐφροσύνης

206 3883 298 3936 ἐπὶ
332 3882 417 3954 τῷ
446 3868 651 3954 πλήθεί
674 3882 785 3937 τῶν
814 3884 936 3937 καθ’
978 3885 1217 3958 ἑκάστην
1250 3886 1550 3959 ἐκκλησίαν
1601 3887 1789 3958 ληῖων.

213 3994 231 4025 ι
259 3975 407 4028 Διότι
430 3975 708 4047 ἀφῄρηται
734 3976 764 4029 6
803 3974 964 4045 ζυγὸς
990 3978 1020 4030 6
1048 3978 1135 4031 ἐπ’
1157 3978 1337 4032 αὐτῶν
1360 3978 1611 4049 κείμενος
1628 4020 1643 4043 ,
1698 3979 1793 4031 καὶ

206 4066 239 4137 ἡ
271 4064 472 4136 ῥάϐδος
500 4066 594 4123 ἐπὶ
622 4065 717 4137 τοῦ
763 4066 1033 4139 τραχήλου
1093 4067 1294 4123 αὐτῶν.
1336 4087 1355 4121 ι
1410 4068 1794 4123 Ἀπεσείσαντο

208 4156 294 4209 τὸν
320 4158 497 4228 βαρὺν
528 4155 692 4225 ζυγὸν
715 4157 811 4211 τοῦ
842 4159 908 4229 τῇ
954 4156 1165 4229 δουλείᾳ
1219 4160 1317 4231 τῆς
1370 4158 1645 4230 ἁμαρτίας
1694 4157 1793 4210 αύ-

208 4237 333 4313 iam;
368 4239 788 4317 ὑποζεύξαντος,
822 4252 917 4307 καὶ
956 4250 1137 4322 ῥάϐδῳ
1176 4250 1266 4303 τὸν
1293 4250 1563 4323 τράχηλον
1615 4248 1793 4303 αὐτῶν

210 4339 729 4411 κατακάμπτοντος·
766 4340 852 4395 ἵνα
888 4341 949 4396 τὸ
997 4341 1349 4395 ἀποστολικδν
1393 4342 1654 4412 κήρυγμα
1694 4340 1793 4411 τῆς

207 4432 387 4503 ψυχῆς
414 4430 843 4498 καταϐάλλοντες
872 4433 949 4505 μὴ
978 4434 1296 4504 ὑποκύψωσι
1343 4437 1409 4506 τῇ
1445 4432 1657 4506 δουλείᾳ
1692 4434 1792 4504 τῆς

1899 3250 2012 3303 tuo,
2060 3238 2201 3292 sicut
2240 3236 2426 3291 laetitia
2483 3235 2540 3291 in
2597 3248 2795 3291 messe.
2836 3251 2857 3286 ι
2915 3233 3009 3290 Sic
3055 3234 3238 3304 itaque
3280 3236 3373 3303 qui
3426 3234 3477 3289 in

1896 3346 2076 3387 messe
2116 3331 2457 3396 nutriuntur,
2502 3328 2795 3385 confertim
2835 3336 2893 3383 et
2938 3328 3099 3383 simul
3136 3328 3345 3399 epulari
3385 3344 3479 3383 so-

1896 3424 2027 3478 lent.
2073 3421 2389 3477 Secundum
2424 3420 2767 3491 intelligendi
2817 3421 3087 3477 rationem
3134 3436 3304 3487 vero,
3349 3436 3481 3489 apo—

1894 3513 2017 3569 stoli
2048 3513 2351 3570 Salvatoris
2396 3513 2594 3577 nostri.
2628 3526 2844 3568 necnon
2876 3525 3067 3569 eorum
3103 3526 3476 3574 successores.

1894 3604 2051 3670 acii,
2083 3605 2174 3676 qui
2220 3605 2289 3659 ad
2330 3605 2437 3661 hoc
2479 3618 2653 3673 usque
2695 3614 2911 3674 tempus
2958 3603 3318 3660 ecclesiarum
3361 3604 3483 3671 ejus

1893 3696 2153 3767 prtesuies
2181 3695 2429 3759 fuerunt,
2478 3696 2675 3751 divina:
2701 3694 2904 3752 laetitia:
2934 3696 2988 3751 in
3023 3706 3320 3766 conspectu
3357 3697 3479 3752 Sal-

1896 3788 2103 3845 vatoris
2141 3789 2318 3844 nostri
2374 3791 2671 3861 participes
2704 3800 2886 3855 erant,
2934 3790 3251 3847 metentium
3306 3790 3481 3845 instar

1893 3891 2204 3953 operantes,
2244 3882 2374 3952 quia
2429 3884 2627 3939 messis
2674 3884 2957 3956 gentilium
3016 3884 3256 3953 operarii
3294 3893 3478 3942 erant.

1894 3975 2101 4047 perfusi
2139 3976 2338 4042 gaudio
2385 3977 2455 4031 ob
2505 3977 2782 4033 fructuum
2836 3977 2894 4031 in
2947 3976 3179 4047 singulis
3228 3976 3482 4032 ecclesiis

1892 4066 2298 4123 abundantiam.
2336 4085 2355 4119 ι
2382 4067 2518 4135 Quia
2542 4068 2783 4123 ablatum
2812 4077 2897 4123 est
2920 4069 3111 4140 jugum
3143 4070 3276 4137 ipsis
3301 4069 3480 4138 impo-

1891 4160 2079 4225 situm,
2120 4167 2176 4215 et
2207 4160 2363 4229 virga
2399 4175 2563 4230 supra
2605 4159 2805 4216 collum
2851 4176 3064 4215 eorum.
3119 4179 3139 4215 ι
3173 4160 3353 4217 Grave
3388 4161 3477 4232 ju-

1893 4267 2020 4322 gum
2048 4251 2179 4307 illud
2229 4264 2618 4317 excusserunt,
2669 4253 2789 4323 ejus
2835 4252 2929 4323 qui
2974 4252 3184 4323 peccati
3223 4253 3478 4309 servituti

1894 4358 1954 4399 se
2006 4342 2323 4416 colligabat,
2376 4345 2579 4414 quique
2609 4346 2762 4417 virga
2812 4355 2977 4419 caput
3023 4346 3265 4415 ipsorum
3298 4346 3482 4417 depri-

1898 4432 2113 4499 mebat;
2168 4442 2229 4489 ut
2280 4434 2637 4503 aposmlicam
2692 4435 3141 4504 praedicationem
3191 4434 3247 4490 in
3296 4435 3482 4490 anima

210 4525 509 4597 ἁμαρτίας.
536 4527 606 4579 ’Ἠ
620 4526 759 4597 τάχα
777 4528 806 4581 6
828 4527 998 4582 πάλαι
1024 4530 1137 4591 τοῖς
1186 4526 1402 4590 σκύλοις
1423 4526 1789 4597 ἐπικείμενος,

1898 4523 2229 4591 (undantes,
2283 4539 2347 4582 se
2388 4525 2598 4595 peccati
2657 4526 2909 4581 servituti
2951 4542 3059 4582 non
3115 4524 3480 4582 inﬂecterent.

211 4618 397 4688 φησὶν,
427 4616 709 4689 ἀφῄρηται
733 4616 912 4689 ζυγὸς,
936 4620 1031 4674 καὶ
1062 4620 1096 4690 ή
1118 4616 1311 4690 ῥάϐδος
1336 4619 1370 4688 ή
1404 4618 1496 4671 ἐπὶ
1527 4617 1620 4671 τοῦ
1663 4635 1795 4690 τρα-

211 4709 374 4780 χήλου
408 4708 519 4762 τῶν
548 4710 726 4764 αὐτῶν
757 4711 985 4767 σκύλων.
1020 4710 1189 4780 Ζυγδς
1216 4709 1327 4780 γὰρ
1350 4705 1419 4781 ἧν
1458 4708 1629 4780 βαρὺς
1674 4713 1795 4773 ταῖς

211 4801 285 4872 τῷ
308 4801 544 4873 διαϐόλῳ
570 4802 769 4875 ψυχαῖς
796 4803 1219 4875 δεδουλωμέναις
1268 4802 1618 4873 ἐπικείμενος
1638 4816 1653 4832 ·
1703 4804 1799 4855 καὶ

216 4892 408 4964 ῥάϐδος
427 4892 690 4964 θανατικὴ
715 4895 806 4948 τὸν
831 4895 1100 4967 τράχηλον
1131 4892 1309 4947 αὐτῶν
1330 4892 1802 4963 κατακάμπτουσα

213 4987 305 5039 καὶ
336 4986 489 5040 κάτω
515 4986 690 5039 νεύειν
734 4988 961 5041 ποιοῦσα
981 5004 995 5018 ·
1030 4980 1104 5041 ὧν
1132 4985 1501 5058 ἀφῃρημένων
1573 4985 1795 5048 είκότως

215 5076 429 5148 ἔχαιρον
453 5077 504 5130 oi
530 5075 894 5147 διαιρούμενοι
923 5078 991 5132 τά
1020 5078 1191 5131 σκῦλα
1217 5075 1409 5137 ταῦτα.

286 5276 306 5309 ι
345 5257 460 5328 Τὴν
500 5258 611 5329 γὰρ
660 5258 852 5331 ῥάϐδον
905 5260 1013 5313 τῶν
1060 5259 1438 5315 ἀπαιτούντων
1480 5259 1791 5313 διεσκέδασε

217 5350 439 5422 Κύριος,
488 5352 565 5414 ὡς
593 5353 660 5422 τῇ
695 5351 879 5424 ἡμέρα
907 5355 973 5424 τῇ
1029 5354 1120 5405 ἐπὶ
1146 5354 1394 5425 Μαδιάμ.
1438 5372 1456 5404 ι
1500 5350 1793 5405 Θεοδοτίων

222 5442 421 5512 μέντοι,
446 5440 543 5495 τοῦ
596 5444 1029 5515 ιάπαιτοῦντοςρ
1072 5447 1436 5518 ήρμήνευσεν,
1474 5442 1669 5507 ἑνικῶς
1702 5443 1792 5496 τὸν

220 5529 548 5584 ἀπαιτοῦντα
596 5530 691 5585 καὶ
720 5532 1099 5603 ἐκπράσσοντα
1136 5535 1411 5605 σημήνας·
1441 5532 1682 5601 δηλονότι
1703 5532 1793 5587 τὸν

221 5619 479 5683 διάϐολον,
507 5619 567 5683 ὃς
584 5620 911 5692 ἐκπράσσων
936 5622 1157 5677 διετέλει
1184 5622 1283 5687 τὰς
1333 5623 1439 5677 τῶν
1492 5620 1793 5692 ἀνθρώπων

295 5824 339 5854 ³⁸
376 5821 579 5877 Ezeelt.
612 5836 769 5887 svnt,
799 5820 853 5876 4.

1894 4616 2021 4672 Sive
2060 4614 2322 4683 fortasse,
2356 4617 2573 4686 jugum,
2604 4618 2701 4681 ait,
2748 4618 2939 4688 spoliis
2980 4618 3109 4672 olim
3142 4617 3480 4688 impositum.

1895 4708 2138 4763 ablatum
2185 4719 2307 4775 est,
2350 4724 2561 4765 necnon
2608 4710 2756 4781 virga
2807 4710 3125 4765 earumdem
3183 4709 3481 4779 spoliorum

1896 4800 2037 4855 collo
2072 4800 2344 4872 imposita.
2376 4800 2556 4858 Grave
2586 4803 2789 4872 quippe
2812 4802 3005 4872 jugum
3048 4810 3165 4857 erat
3196 4802 3489 4856 animabus

1900 4893 2101 4947 diaboli
2146 4894 2399 4949 servituti
2446 4893 2709 4962 subjectis
2747 4896 3093 4964 impositum,
3134 4910 3200 4950 ac
3237 4895 3487 4958 mortalis

1903 4982 2075 5052 virga,
2117 4998 2239 5053 qua:
2288 4983 2486 5037 collum
2517 4985 2873 5053 deprimeret,
2909 5000 2977 5039 ac
3028 4986 3282 5041 deorsum
3326 4984 3485 5039 incli-

1903 5074 2024 5129 uari
2068 5083 2333 5145 cogeret:
2366 5076 2566 5146 quibus
2604 5077 2802 5132 ablatis
2845 5076 3042 5133 merito
3067 5078 3378 5149 gaudebant
3424 5077 3484 5145 ii,

1902 5165 2001 5235 qui.
2023 5166 2140 5221 haec
2172 5166 2345 5235 spolia
2378 5167 2717 5222 dividebant.

1976 5254 2143 5310 τελε.
2177 5258 2232 5311 5.
2283 5274 2302 5307 ι
2362 5256 2579 5328 Virgam
2628 5255 2774 5311 enim
2817 5268 3138 5314 exactorum
3193 5257 3486 5329 dissipavit

1904 5349 2163 5404 Dominus
2214 5348 2358 5403 sicut
2410 5350 2463 5403 in
2511 5350 2599 5403 die
2644 5350 2879 5404 Madian.
2925 5371 2944 5403 ι
2998 5350 3301 5407 Tlieodotio
3349 5368 3482 5408 sane

1902 5440 2163 5494 exactoris
2202 5439 2590 5510 interpretatus
2623 5452 2727 5505 est,
2778 5452 3124 5512 expetenlem
3160 5452 3217 5498 et
3259 5453 3482 5499 exacto-

1903 5545 2015 5585 rem
2055 5529 2404 5600 singulariter
2452 5531 2810 5599 exprimens,
2866 5532 3119 5587 videlicet
3163 5532 3481 5599 diabolum,

1902 5624 1993 5694 qui
2026 5623 2301 5681 exactoris
2335 5625 2696 5683 humanarum
2731 5626 3034 5683 animarum
3064 5626 3238 5684 vicem
3268 5627 3479 5697 agebat.
