4042 6416
546 399 646 461 i5!

1211 392 1476 454 EUSEBII
1517 391 1986 450 CESARIENSIS
2021 392 2173 450 OPP.
2212 390 2390 447 PARS
2426 388 2513 446 Ill.
2552 422 2622 434 —
2657 387 3068 446 EXEGETICA.

3668 378 3783 435 £52

547 526 603 574 et
645 518 797 589 quasi
848 514 1128 586 vectigalia
1178 516 1535 584 exposcebat,
1585 515 1835 570 nimirum
1882 524 2097 581 peccata

2209 511 2401 583 'jvuxchcg
2430 512 2524 566 καὶ
2548 511 2746 581 φόρους
2778 509 2964 580 ὥσπερ
2987 507 3251 570 ἀπαιτῶν,
3286 505 3385 569 τὰς
3434 505 3782 576 χορηγουμέ-

549 624 667 677 ιιυε
723 608 794 662 illi
846 606 1219 661 admittebant.
1271 605 1503 660 Historia
1553 621 1679 661 vero
1729 604 1937 659 Madian
1980 619 2101 673 spe-

549 708 702 753 ctans
730 704 908 752 exstat
940 697 991 749 in
1037 695 1171 749 libro
1202 693 1449 749 Iudicum
1483 712 1496 747 :
1540 708 1827 766 narratque
1862 710 2104 765 tempore

548 786 835 852 Gedeonis,
866 786 1109 841 inimicos
1132 800 1238 842 non
1270 786 1531 841 instructa
1572 802 1837 841 armorum
1866 787 1981 842 acie
2019 802 2103 841 su-

547 888 764 947 peratos
812 876 1015 942 fuisse,
1064 876 1158 930 sed
1233 877 1437 931 occulta
1466 917 1482 941 ,
1530 877 1781 931 invisibili
1829 886 1883 932 et
1924 879 2100 932 divina

547 966 769 1021 virtute.
815 966 904 1022 Sic
937 966 1135 1034 itaque,
1172 966 1396 1035 perinde
1428 974 1589 1033 atque
1621 964 1926 1019 Madianitis
1955 964 2100 1018 acci-

548 1058 649 1122 dit,
680 1059 864 1112 hostes
895 1058 1104 1113 occulta
1136 1072 1297 1111 manu
1326 1058 1558 1127 superati
1592 1066 1745 1116 sunt;
1778 1067 1939 1124 atque
1965 1070 2105 1111 nunc

548 1152 625 1205 ait
651 1150 961 1219 dissipatam
993 1149 1161 1206 fuisse
1185 1151 1391 1220 virgam
1422 1151 1695 1205 exactoris
1737 1149 1934 1205 diaboli
1954 1191 1969 1216 ,
2004 1163 2105 1204 nec

549 1259 657 1298 non
694 1243 921 1297 aliorum
958 1243 1050 1313 qui
1088 1258 1209 1296 cum
1244 1257 1309 1297 eo
1354 1243 1559 1297 animas
1604 1242 1882 1296 hominum
1918 1241 2103 1310 exige-

550 1334 703 1388 bant.
732 1332 881 1387 Alius
909 1346 1037 1387 vero
1069 1347 1175 1385 nun
1204 1333 1517 1403 exigentium
1536 1371 1553 1396 ,
1601 1332 1716 1396 sed,
1762 1331 2105 1401 inobsequen-

550 1425 701 1485 tt'um,
750 1424 907 1479 dixit.

625 1534 643 1566 ι
678 1513 810 1580 Quia
868 1528 1079 1568 omnem
1128 1512 1381 1567 amictum
1419 1512 1541 1567 dolo
1573 1511 1879 1577 collectum,
1914 1520 1971 1567 et
2014 1526 2106 1566 ve-

550 1607 861 1661 stimentum
902 1620 1024 1661 cum
1082 1606 1505 1659 commutatione
1556 1605 1847 1658 restituent
1897 1612 1951 1659 et
2014 1618 2106 1658 cu-
2150 1615 2161 1623 ‘

546 1700 729 1767 pient,
764 1699 808 1754 si
844 1699 975 1751 llant
1023 1697 1147 1764 igne
1187 1697 1473 1751 combusti.
1517 1714 1536 1747 ι
1572 1695 1707 1762 Quia
1749 1711 1867 1751 cum
1918 1695 2104 1751 diabo-

549 1788 633 1843 lus
663 1799 909 1844 ornatum
949 1793 1142 1847 animae
1175 1800 1230 1846 et
1275 1790 1528 1844 amictum
1579 1789 1725 1857 ejus,
1771 1799 1932 1855 atque
1964 1788 2106 1841 tuni-

2202 620 2295 667 νας
2320 602 2496 656 αὐτῶν
2520 602 2809 673 ἁμαρτίας.
2843 603 3035 655 Κεῖται
3058 600 3113 652 δὲ
3135 602 3168 669 ή
3216 599 3344 671 περί
3394 598 3497 665 τῆς
3546 596 3781 662 Μαδιάμ

2204 694 2411 765 ἱστορία
2436 696 2493 746 ὲν
2524 697 2637 757 τοῖς
2672 696 2919 765 Κριταῖς,
2950 695 3277 767 περιέχουσα
3306 693 3381 756 ὡς
3409 690 3503 744 ἐπὶ
3537 686 3632 741 τοῦ
3677 686 3780 738 Γε-

2200 783 2335 837 δεὼν
2356 784 2453 853 οὐχ
2476 783 2659 835 ὅπλων
2708 784 3008 855 παρατάξει
3055 785 3361 855 νενίκηνται
3403 785 3450 835 οἰ
3503 779 3779 848 πολέμιοι,

2201 874 2315 928 ἀλλ’
2347 875 2541 943 ἀφανεῖ
2555 875 2646 927 καὶ
2677 876 2913 947 ἀοράτῳ,
2946 876 3039 929 καὶ
3091 876 3242 947 Θεῖκῇ
3282 876 3526 944 δυνάμει.
3584 868 3784 933 Οὕτως

2200 956 2293 1014 οὖν
2318 960 2392 1024 ὡς
2413 962 2507 1015 ἐπὶ
2538 965 2649 1025 τοῖς
2682 963 2905 1033 Μαῶάμ
2928 965 3254 1035 ἐνικήθησαν
3281 966 3329 1016 οἰ
3361 963 3604 1032 πολέμιοι
3628 958 3780 1030 χειρὶ

2202 1050 2467 1121 κρυφαία,
2499 1052 2591 1103 καὶ
2623 1052 2716 1104 νῦν
2750 1070 2881 1121 φησι
2909 1053 3280 1117 διεσκεδάσθαι
3310 1053 3407 1123 τὴν
3450 1051 3641 1123 ῥάϐδον
3679 1046 3782 1103 τοῦ

2203 1141 2557 1205 ἀπαιτοῦντος
2582 1143 2847 1211 διαϐόλου,
2886 1147 2980 1199 καὶ
2999 1145 3108 1198 τῶν
3137 1146 3233 1199 σὺν
3263 1143 3410 1214 αύτῷ
3439 1142 3537 1205 τὰς
3594 1140 3788 1212 ψυχὰς

2202 1231 2308 1284 τῶν
2334 1233 2633 1305 ἀνθρώπων
2681 1237 3125 1307 ἐκπρασσόντων.
3170 1237 3393 1309 Ἕτερος
3418 1235 3473 1288 δὲ
3498 1236 3556 1289 οὐ
3612 1254 3629 1285 ι
3666 1232 3782 1286 τῶν

2203 1325 2573 1379 ἀπαιτούντων
2601 1347 2619 1379 ι
2668 1327 2793 1399 ἐφη,
2842 1328 2979 1383 ἀλλὰ
3041 1349 3059 1380 ι
3097 1329 3204 1383 τῶν
3258 1328 3666 1383 ἀπειθούντων)
3701 1320 3788 1381 εἷο

2205 1432 2324 1469 πεν.

2279 1509 2431 1561 «Ὅτι
2456 1512 2634 1564 πᾶσαν
2668 1512 2859 1581 στολὴν
2890 1513 3323 1585 ἐπισυνηγμένην
3350 1513 3502 1584 δόλῳ,
3528 1513 3621 1566 καὶ
3654 1510 3788 1582 ἰμά-

2201 1617 2313 1653 τιον
2344 1602 2480 1671 μετά
2508 1604 2849 1675 καταλλαγῆς
2877 1606 3210 1667 ἀποτίσουσι,
3241 1608 3333 1659 καὶ
3365 1605 3701 1676 θελήσουσιν,
3732 1607 3791 1661 εί.

2204 1691 2449 1759 ἐγένοντο
2515 1694 2891 1765 πυρίκαυστοι.
2937 1715 2955 1747 ι
3035 1696 3250 1766 Ἐπειδὴ
3301 1697 3392 1749 τὸν
3450 1695 3652 1765 κόσμον
3678 1693 3789 1763 τῆς

2204 1782 2379 1854 ψυχῆς
2437 1786 2531 1839 καὶ
2593 1786 2691 1859 τὴν
2736 1789 2927 1861 στολὴν
2984 1790 3177 1860 αὐτῆς,
3218 1788 3308 1841 τόν
3363 1804 3422 1840 τε
3458 1787 3556 1858 τῆς
3605 1785 3788 1857 ἀρχῆς

547 1896 664 1935 cam
693 1882 1059 1951 principatus,
1106 1898 1212 1952 qua
1259 1882 1602 1944 induebatur,
1642 1880 1787 1934 illam
1834 1880 2101 1948 captivam

2209 1875 2427 1944 χιτῶνα,
2450 1877 2509 1929 ὃν
2540 1879 2911 1949 περιεϐάλετο,
2963 1882 3198 1952 συλήσας
3228 1882 3256 1933 ὁ
3280 1879 3543 1943 διάϐολος,
3571 1880 3660 1932 ὅτε
3686 1880 3789 1931 αὑ-

551 1970 772 2035 ducens,
806 1970 1141 2040 diripuisset,
1187 1972 1381 2025 nudam
1430 1969 1575 2022 illam
1627 1983 1689 2022 ac
1733 1968 1930 2022 {tedam
1976 1968 2101 2022 reli-

548 2064 698 2132 quit:
734 2064 850 2132 ejus
888 2066 1012 2117 item
1061 2063 1321 2128 comites,
1362 2061 1683 2116 adversaria:
1708 2069 1999 2127 potestates
2037 2059 2104 2113 ab

548 2168 614 2208 ea
663 2156 919 2210 tributum
952 2154 1257 2223 exigebant,
1298 2152 1423 2207 dolo
1474 2161 1527 2206 et
1557 2150 1768 2205 fallacia
1813 2161 1999 2205 contra
2043 2152 2105 2203 il-

549 2248 655 2303 lam
686 2256 935 2311 utentes;
974 2248 1096 2317 jure
1141 2258 1420 2302 exactores
1469 2246 1588 2300 illos
1636 2244 1813 2297 omnia
1864 2245 2105 2313 persolu-

549 2349 702 2394 turos
729 2354 848 2395 esse
877 2340 1007 2393 dicit
1056 2339 1292 2408 Spiritus
1349 2338 1722 2408 propheticus,
1778 2337 1861 2390 his
1903 2337 2101 2399 verbis,

554 2449 573 2483 ι
613 2430 837 2486 Omnem
884 2432 1135 2486 amictum
1191 2430 1310 2486 dolo
1361 2430 1669 2494 collectum,
1715 2443 1768 2485 et
1809 2430 2103 2485 vestimen-

551 2532 659 2576 tum
709 2538 829 2577 cum
882 2525 1311 2578 commutatione
1356 2523 1657 2577 restituent.
1706 2542 1727 2575 ι
1776 2522 1939 2576 iidem
1975 2536 2104 2575 vero

551 2612 651 2682 ipsi
686 2614 776 2683 qui
811 2614 938 2667 olim
971 2616 1039 2668 ab
1074 2615 1353 2669 animabus
1383 2614 1657 2668 hominum
1688 2612 1967 2684 vectigalia
2008 2627 2105 2667 e-x-

550 2716 857 2773 poscerent,
901 2706 1082 2759 omnia
1130 2707 1181 2759 in
1241 2715 1539 2762 memorato
1582 2716 1821 2775 tempore
1876 2705 2103 2760 soluturi

548 2810 669 2851 esse
696 2796 968 2851 dicuntur.

620 2884 781 2942 Vens.
811 2887 863 2941 6.
902 2906 920 2937 ι
960 2887 1094 2955 Quia
1132 2888 1385 2958 parvulus
1431 2899 1589 2943 natus
1621 2899 1697 2944 est
1733 2889 1913 2952 nobis,
1958 2897 2013 2942 et
2045 2888 2108 2941 ll—

550 2978 652 3033 lius
680 2978 837 3033 datus
873 2989 955 3033 est
999 2980 1191 3035 nobis:
1240 2980 1393 3047 cujus
1436 2981 1771 3049 principatus
1809 2979 1985 3034 factus
2026 2988 2108 3032 est

549 3083 707 3139 super
757 3074 1039 3125 humerum
1090 3072 1223 3139 ejus.
1285 3072 1350 3126 Et
1401 3073 1685 3126 vocabitur
1722 3086 1917 3127 nomen
1969 3072 2105 3142 cjus,

549 3162 730 3229 magni
756 3162 987 3217 consilii
1028 3164 1269 3233 angelus.
1304 3164 1579 3217 Adducam
1608 3165 1750 3218 enim
1786 3178 1972 3232 pacem
2016 3180 2108 3218 su-

550 3271 652 3326 per
684 3257 977 3327 principes,
1005 3272 1187 3325 paccm
1216 3268 1272 3311 et
1299 3260 1582 3329 sanitatem
1616 3258 1735 3326 ipsi.
1773 3276 1793 3309 ι
1834 3257 2105 3324 Quosnam

548 3348 823 3417 principes
861 3358 1142 3411 memorat,
1185 3350 1287 3403 nisi
1333 3364 1425 3404 eos
1470 3350 1561 3418 qui
1596 3351 1663 3403 ab
1696 3350 1813 3418 ipso
1857 3350 1920 3403 ad
1964 3351 2109 3418 prin-

550 3441 787 3509 cipatum
836 3442 890 3495 in
942 3441 1181 3496 Ecclesia
1251 3443 1546 3512 gerendum
1604 3443 1883 3497 constituti
1942 3442 2110 3495 sunt?

548 3530 853 3600 Discipulos
883 3532 1003 3586 dico
1030 3544 1081 3586 et
1110 3534 1388 3601 apostolos
1422 3534 1611 3601 ipsius,
1663 3548 1871 3587 necnon
1921 3547 2107 3587 eorum

551 3637 649 3691 per
699 3632 867 3676 totum
901 3624 1089 3678 orbem
1143 3638 1505 3688 successores,
1556 3625 1755 3693 quibus
1798 3623 1976 3675 datum
2027 3633 2109 3677 est

550 3722 613 3765 ut
651 3726 783 3765 sana
812 3724 991 3766 mente
1033 3724 1235 3776 essent,
1286 3723 1339 3767 et
1392 3729 1575 3782 pacem
1623 3722 1809 3766 mutuo
1848 3713 2104 3774 colerent,

550 3820 673 3860 cum
725 3804 855 3872 ipsis
887 3804 1108 3869 diceret,
1149 3823 1168 3856 ι
1202 3804 1398 3859 Pacem
1447 3820 1619 3859 meam
1672 3809 1741 3859 do
1784 3806 1960 3871 vobis,
2009 3819 2107 3873 pa-

550 3908 667 3950 cem
721 3910 893 3949 meam
954 3895 1199 3965 relinquo
1256 3895 1429 3949 vobis.
1500 3894 1724 3965 Magnus
1777 3896 2109 3964 principatus

550 3980 689 4047 ejus,
721 3992 776 4035 et
812 3982 962 4049 pacis
994 3984 1110 4051 ejus
1161 3997 1267 4036 non
1319 3985 1425 4037 erit
1472 3984 1594 4039 llnis
1624 3985 1687 4037 ".
1724 4003 1743 4037 ›
1799 3983 2106 4039 Secundum

553 4071 977 4128 Theodotionem
1026 4090 1183 4139 vero,
1220 4094 1237 4127 ι
1270 4076 1425 4131 Pacis
1454 4077 1571 4146 ejus
1623 4092 1730 4132 non
1775 4078 1882 4133 erit
1922 4079 2108 4132 termi-

554 4181 673 4219 nus.
725 4185 743 4216 ι
780 4162 1025 4230 Quantus
1056 4180 1220 4232 porro
1265 4165 1426 4220 fuerit
1458 4167 1598 4236 ejus,
1642 4168 1732 4235 qui
1774 4168 1827 4221 in
1874 4170 2109 4237 prophe-

555 4254 629 4308 tia
667 4252 859 4319 fertur,
890 4255 1227 4323 principatus
1260 4256 1546 4326 intelligas,
1588 4259 1632 4313 si
1670 4258 1963 4313 Ecclesiam
1994 4259 2111 4325 ejus

552 4344 608 4400 in
656 4353 774 4400 toto
824 4345 958 4399 orbe
1010 4346 1363 4400 constitutam
1417 4349 1762 4415 consideres;
1811 4351 1904 4405 sed
1941 4351 2111 4405 murto

552 4434 725 4502 magis
760 4432 807 4489 si
855 4434 937 4487 bis
976 4435 1042 4487 de
1090 4434 1183 4488 illo
1209 4434 1453 4503 Apostoli
1500 4438 1821 4492 testimoniis
1870 4440 2109 4492 animum

2208 1964 2304 2034 τὴν
2338 1965 2644 2037 ὑποχείριον
2683 1968 2875 2035 ἔλαϐε,
2923 1971 3136 2041 γυμνὴν
3191 1970 3359 2042 αὐτὴν
3404 1970 3499 2024 καὶ
3549 1968 3793 2040 αἰσχράν

2210 2055 2573 2127 κατέστησεν*
2610 2060 2753 2112 αἵτε
2789 2063 2883 2114 σὺν
2932 2060 3079 2130 αύτῷ
3110 2060 3366 2131 δυνάμεις
3408 2061 3792 2131 άντικείμεναι

2211 2146 2536 2219 ἐ-ξέπραττον
2560 2151 2749 2222 αὐτὴν,
2782 2152 2916 2223 δόλῳ
2949 2154 3039 2205 καὶ
3071 2154 3253 2226 ἀπάτῃ
3287 2156 3406 2208 κατ’
3433 2153 3598 2222 αὐτῆς
3641 2150 3800 2223 χρώ-⁸

2215 2260 2408 2314 μεναι·
2464 2243 2639 2296 πάντα
2680 2243 2903 2308 εἰκότως
2962 2245 3238 2299 ἀποτίσειν
3287 2245 3503 2313 λέγεται
3540 2241 3647 2294 ὑπὸ
3688 2238 3791 2292 τοῦ

2213 2334 2546 2405 προφητικοῦ
2595 2334 2923 2404 πνεύματος,
2959 2338 3249 2408 φήσαντος,
3299 2337 3380 2388 ὃτι
3430 2333 3493 2403 δὴ
3554 2351 3571 2383 ι
3596 2333 3788 2385 Πᾶσα»

2215 2423 2399 2494 στολὴν
2423 2425 2860 2497 ἐπισυνηγμένην
2886 2426 3039 2496 δόλῳ,
3064 2428 3155 2480 καὶ
3191 2427 3402 2497 ἱμάτιον
3428 2438 3562 2495 μετα
3587 2422 3793 2477 καταλ-

2210 2517 2379 2589 λαγῆς
2401 2520 2763 2573 ἀποτίσουσιν.
2796 2539 2813 2571 ι
2854 2523 2915 2573 OE
2950 2522 3101 2574 αὐτοὶ
3128 2521 3183 2574 δὲ
3206 2514 3352 2575 οὗτοι
3382 2522 3431 2573 οἱ
3482 2520 3649 2574 πάλαι
3685 2519 3796 2582 τὰς

2210 2610 2318 2662 τῶν
2396 2610 2693 2681 ἀνθρώπιον
2762 2612 2940 2683 ψυχὰς
2996 2614 3396 2684 ἐκπράσσοντες
3446 2612 3789 2666 ἀττοιιτιννύεικΔ

2211 2700 2452 2769 λέγονται
2475 2701 2649 2755 πάντα
2683 2704 2740 2755 ἐν
2770 2704 2848 2773 τῷ
2873 2705 3181 2775 δηλουμένῳ
3212 2703 3405 2775 καιρῷ.

2288 2905 2306 2937 ι
2338 2888 2459 2940 Ὅτι
2489 2887 2698 2940 παιδίον
2731 2887 2989 2957 ἐγεννήθη
3023 2887 3171 2957 ἡμῖν,
3199 2888 3313 2950 υἱὸς
3334 2888 3427 2940 καὶ
3454 2886 3606 2958 ἐδόθη
3631 2888 3794 2957 ἡμῖν,

2214 2974 2273 3032 οὗ
2300 2982 2332 3048 ἡ
2366 2979 2509 3050 ἀρχὴ
2539 2978 2769 3051 ἐγενήθη
2801 2980 2893 3032 ἐπὶ
2923 2977 3014 3031 τοῦ
3034 2978 3183 3049 ὤμου
3213 2979 3399 3032 αὐτοῦ’
3428 2980 3522 3033 καὶ
3540 2978 3794 3033 καλεῖται

2215 3072 2274 3123 τὸ
2299 3072 2467 3141 ὄνομα
2496 3071 2661 3124 αὑτοῦ
2700 3072 2939 3142 μεγάλης
2969 3072 3161 3142 βουλῆς
3199 3071 3448 3140 ἄγγελος.
3496 3068 3643 3135 Ἀξω
3674 3070 3794 3143 τὰρ

2215 3166 2437 3235 εἰρήνην
2462 3165 2553 3217 ἐπὶ
2591 3166 2715 3227 τοὺς
2738 3164 3018 3233 ἄρχοντας,
3053 3165 3274 3234 εἰρήνην
3307 3165 3401 3216 καὶ
3427 3163 3636 3230 ὑγίειαν
3689 3164 3794 3216 αὐ·-

2207 3255 2305 3324 τῷ.
2351 3275 2369 3306 ι
2408 3256 2597 3317 Ποίους
2622 3255 2677 3307 δέ
2704 3272 2865 3325 φησιν
2904 3256 3188 3325 ἄρχοντας,
3229 3256 3262 3325 ἢ
3316 3258 3440 3319 τοὺς
3479 3256 3571 3308 ὑπ’
3620 3255 3791 3310 αὑτοῦ

2209 3347 2395 3416 ἄρχειν
2425 3346 2523 3414 τῆς
2567 3345 2888 3414 Ἐκκλησίας
2919 3343 3081 3396 αὑτοῦ
3118 3344 3589 3413 καθεσταμένους;
3629 3346 3798 3414 Λέγω

2207 3436 2268 3506 δὴ
2301 3435 2543 3506 μαθητὰς
2592 3434 2755 3488 αὐτοῦ
2790 3435 2883 3487 καὶ
2918 3434 3264 3498 ἀποστόλους,
3301 3435 3425 3498 τούς
3445 3453 3505 3489 τε
3540 3435 3637 3507 τὴν
3667 3434 3798 3488 τούς

2207 3542 2313 3577 των
2338 3524 2581 3595 διαδοχὴν
2607 3524 3036 3595 ὑποδεξαμένους
3067 3524 3186 3579 καθ’
3220 3526 3348 3596 ὅλης
3390 3528 3489 3598 τῆς
3531 3526 3795 3597 οἰκουμέι

2208 3633 2324 3687 νης,
2360 3611 2440 3679 οἷς
2473 3616 2649 3687 ψυχῆς
2674 3618 2883 3685 ὑγίειαν
2914 3619 3006 3671 καὶ
3034 3617 3254 3688 είρήνην
3288 3616 3429 3687 ἔχειν
3457 3617 3591 3689 πρὸς
3618 3616 3789 3688 ἀλλή-⁵

2209 3708 2331 3771 λους
2359 3708 2629 3778 ἐδωρεῖτο,
2666 3710 2723 3761 ἐν
2755 3707 2836 3771 οἷς
2869 3710 3003 3779 πρὸς
3033 3711 3227 3773 αὐτοὺς
3247 3709 3429 3777 ἔλεγεν
3448 3727 3462 3740 ·
3501 3728 3518 3761 ι
3547 3710 3797 3780 Εἰρήνην

2209 3798 2306 3867 τὴν
2333 3796 2470 3868 ἐμὴν
2528 3796 2719 3868 δίδωμι
2772 3800 2934 3867 ὑμῖν,
2982 3800 3202 3870 εἰρήνην
3248 3799 3343 3871 τὴν
3399 3801 3537 3870 ἐμὴν
3584 3800 3791 3870 ἀφίημι

2211 3888 2356 3957 ὑμῖν.
2384 3889 2607 3959 Μεγάλη
2644 3892 2675 3960 ή
2705 3890 2846 3961 ἀρχὴ
2883 3888 3069 3954 αὑτοῦ,
3101 3891 3316 3959 καὶτῆς
3363 3892 3584 3961 εἰρήνης
3618 3890 3795 3944 αὑτοῦ

2210 3980 2309 4031 οὐκ
2346 3977 2493 4031 ἔσται
2521 3979 2690 4043 τέλος.
2719 4000 2737 4032 ι
2772 3981 2928 4033 Κατὰ
2960 3980 3088 4048 γοῦν
3112 3980 3205 4034 τὸν
3232 3980 3584 4045 Θεοδοτίωνα,
3616 4000 3634 4031 ι
3672 3982 3786 4052 Τῆ,

2211 4072 2431 4141 εἰρήνης
2460 4071 2621 4123 αὑτοῦ
2652 4072 2752 4123 οὐκ
2777 4071 2926 4125 ἔσται
2958 4072 3147 4143 πέρας.
3186 4092 3204 4125 ι
3262 4072 3496 4141 Νοήσεις
3523 4073 3579 4125 δὲ
3636 4074 3793 4135 ὅπως

2215 4163 2421 4231 μεγάλη
2448 4163 2635 4231 γέγονε
2668 4163 2763 4216 τοῦ
2794 4165 3268 4235 προφητευομένου
3301 4167 3333 4235 ή
3359 4166 3520 4236 ἁρχὴ,
3539 4166 3637 4234 τὴν
3662 4164 3794 4219 καθ’

2210 4254 2337 4323 ὅλης
2361 4255 2457 4324 τῆς
2483 4256 2805 4325 οἰκουμένης
2849 4257 3170 4325 Ἐκκλησίαν
3207 4257 3370 4309 αὑτοῦ
3402 4256 3621 4329 θεωρῶν
3643 4275 3657 4287 ε
3692 4259 3793 4312 καὶ

2213 4342 2291 4395 ἔτι
2324 4344 2517 4413 μᾶλλον
2552 4347 2851 4416 ἐπιστήσας
2877 4349 2996 4410 ταῖς
3024 4347 3117 4400 τοῦ
3165 4348 3483 4401 ’Δποστόλου
3512 4350 3639 4421 πρὶ
3685 4350 3789 4404 αύ-

2212 4434 2304 4487 τοῦ
2332 4438 2675 4507 μαρτυρίαις,
2704 4438 2768 4490 δι’
2796 4433 2868 4491 ὧν
2900 4455 3051 4508 φησι,
3108 4457 3123 4489 ι
3178 4438 3335 4492 Κατὰ
3367 4438 3462 4509 τὴν
3508 4440 3792 4511 ἐνέργειαν

554 4526 843 4590 adhibeas,
887 4523 1082 4595 quibus
1134 4525 1245 4589 ait,
1304 4544 1323 4577 ι
1385 4525 1692 4581 Secundum
1738 4532 2107 4597 operationem

2214 4527 2307 4580 τοῦ
2334 4530 2567 4599 κράτους
2598 4531 2694 4600 τῆς
2732 4531 2912 4601 ίσχύος
2942 4531 3106 4585 αὐτοῦ
3125 4571 3139 4594 ,
3168 4533 3234 4603 ἣν
3264 4533 3563 4603 ἐνήργησεν
3594 4535 3651 4586 ἐν
3710 4534 3795 4605 τῷ

553 4620 808 4686 potentia:
840 4618 1056 4671 virtutis
1094 4618 1234 4687 ejus,
1266 4633 1426 4687 quam
1459 4630 1713 4690 operatus
1755 4630 1837 4674 est
1866 4620 1919 4675 in
1948 4622 2109 4675 Chri-

552 4718 658 4772 sto,
692 4708 959 4762 suscitans
988 4708 1137 4761 illum
1166 4725 1195 4761 a
1233 4711 1481 4775 mortuis,
1513 4722 1566 4764 et
1598 4712 1933 4765 constituens
1965 4712 2111 4767 iHum

551 4799 605 4852 in
636 4797 858 4853 dextera
904 4814 1000 4853 sua
1037 4800 1091 4854 in
1129 4799 1464 4865 caelestibus,
1506 4817 1666 4872 supra
1713 4818 1926 4857 omnem
1962 4804 2113 4873 prin-

550 4891 784 4959 cipatum
826 4899 880 4945 et
919 4901 1247 4960 potestatem
1294 4902 1347 4947 et
1389 4894 1641 4949 virtutem
1691 4903 1749 4948 et
1790 4896 2114 4950 dominatio-

551 4996 695 5047 nem,
740 4992 792 5037 et
833 4998 991 5051 supra
1031 4999 1189 5038 omne
1227 5000 1420 5040 nomen
1464 4988 1604 5049 quod
1646 4989 1957 5041 nominatur
1979 4987 2045 5041 ⁸³.
2087 5006 2105 5039 ι

551 5072 628 5124 Ita
677 5086 904 5142 magnus
953 5085 1037 5128 est
1083 5073 1385 5129 Salvatoris
1432 5077 1599 5129 nostri
1645 5076 2015 5146 principatus,
2057 5086 2112 5131 et

551 5164 699 5232 pacis
735 5164 851 5232 ejus
898 5181 1003 5218 non
1040 5176 1123 5219 est
1174 5166 1331 5225 linis;
1375 5182 1494 5219 nam
1540 5165 1977 5233 interminabilis,
2022 5184 2110 5223 se-

552 5256 785 5311 nectutis
811 5271 1006 5326 expers
1037 5266 1090 5310 et
1120 5257 1623 5327 incircumscriptus
1659 5259 1748 5313 ille
1786 5270 1909 5314 est:
1940 5276 2109 5329 quare

550 5348 751 5401 dictum
788 5357 894 5412 est,
935 5368 955 5401 ι
1005 5348 1223 5404 Orietur
1261 5351 1315 5405 in
1368 5352 1555 5407 diebus
1604 5354 1771 5421 ipsius
1812 5354 2019 5422 justitia
2056 5365 2111 5407 et

550 5439 881 5493 abundantia
918 5443 1069 5509 pacis
1102 5443 1168 5497 ⁸⁸.
1202 5461 1221 5493 a

626 5529 786 5583 Vens.
818 5531 870 5582 Ἰ.
903 5550 922 5583 ι
955 5532 1130 5602 Super
1156 5535 1405 5590 thronum
1437 5537 1603 5591 David
1631 5546 1684 5591 et
1712 5554 1935 5608 regnum
1967 5540 2107 5609 ejus,

546 5622 612 5679 ad
656 5622 993 5692 dirigendum
1030 5625 1193 5694 illud,
1250 5638 1302 5681 et
1344 5629 1791 5698 patrocinandum
1839 5630 1886 5685 ei
1935 5631 1986 5684 in
2022 5629 2109 5698 ju-

2213 4619 2449 4689 Χριστῷ,
2484 4622 2699 4691 ἐγείρας
2717 4623 2880 4675 αὑτὸν
2914 4626 2976 4676 ἐκ
3004 4624 3211 4694 νεκρῶν
3241 4626 3335 4677 καὶ
3359 4625 3584 4689 καθίσας
3625 4626 3794 4681 αὑτὸν

2214 4710 2271 4760 ἐν
2298 4708 2445 4779 δεξιᾷ
2475 4710 2635 4762 αὐτοῦ
2667 4712 2723 4762 ἐν
2750 4714 2861 4775 τοῖς
2884 4713 3244 4782 ἐπουρανίοις,
3299 4714 3553 4784 ὑπεράνω
3608 4716 3794 4785 πάσης

2214 4802 2385 4873 ἀρχῆς
2417 4803 2510 4855 καὶ
2554 4802 2799 4866 ἐξουσίας
2826 4844 2841 4866 ,
2878 4807 2967 4857 καὶ
2996 4804 3282 4873 δυνάμεως
3311 4806 3405 4858 καὶ
3446 4806 3792 4878 κυριότητος,

2218 4895 2307 4946 καὶ
2340 4895 2541 4957 παντὸς
2561 4894 2821 4964 ὀνόματος
2856 4896 3275 4965 ὀνομαζομένου.
3318 4916 3335 4947 ι
3376 4897 3532 4951 Οὕτω
3578 4900 3789 4972 μεγίόιη

2217 4985 2368 5054 ήτοῠ
2408 4986 2658 5057 Σωτῆρος
2689 4988 2843 5057 ἡμῶν
2870 4988 3028 5059 ἀρχὴ,
3064 4990 3158 5043 καὶ
3198 4992 3299 5061 τῆς
3352 4992 3571 5063 εἰρήνης
3626 4992 3793 5049 αὐτοῦ

2212 5080 2311 5133 οὐκ
2343 5080 2455 5134 ἐστι
2484 5082 2668 5144 τέλος·
2706 5081 3056 5150 ἀτελεύτητος
3104 5082 3211 5153 γὰρ
3264 5083 3360 5136 καὶ
3412 5084 3635 5155 ἀγήρως
3696 5089 3794 5141 καὶ

2214 5173 2588 5246 ἀπερίγραφος
2620 5174 2756 5244 αὕτη
2785 5175 3070 5245 τυγχάνει·
3097 5176 3177 5228 διὸ
3206 5175 3481 5230 λέλεκται’
3524 5197 3540 5228 ι
3581 5179 3797 5233 Ἀνατε·

2212 5266 2294 5319 λεῐ
2325 5269 2382 5320 ἐν
2418 5271 2536 5330 ταῖς
2560 5268 2792 5339 ἡμέραις
2852 5265 3017 5320 αὑτοῦ
3073 5268 3381 5339 δικαιοσύνη
3436 5268 3531 5321 καὶ
3588 5270 3794 5340 πλῆθος

2216 5360 2457 5429 εἰρήνης.
2492 5379 2510 5410 ι

2282 5467 2300 5497 ι
2356 5449 2476 5500 Ἐπὶ
2503 5450 2593 5501 τὸν
2628 5448 2813 5519 θρόνον
2842 5451 3005 5504 Δαυῖδ
3032 5450 3124 5503 καὶ
3161 5450 3256 5522 τὴν
3298 5452 3570 5523 βασιλείαν
3600 5454 3789 5519 αὑτοῦ,

2218 5542 2558 5615 κατορθῶσαι
2582 5542 2769 5614 αὐτὴν,
2804 5546 2896 5597 καὶ
2928 5545 3310 5599 ἀντιλαϐέσθαι
3339 5548 3397 5598 ἐν
3434 5546 3663 5618 κρίματι
3698 5550 3791 5603 καὶ

2216 5637 2273 5687 ἐν
2301 5634 2630 5707 δικαιοσύνῃ.
2682 5636 2812 5689 Ἀπὸ
2851 5635 2943 5690 τοῦ
2990 5635 3085 5691 νῦν
3142 5637 3236 5691 καὶ
3278 5639 3356 5701 εἰς
3404 5637 3496 5693 τὸν
3549 5640 3719 5695 αἰῶνα
3762 5642 3789 5693 ό

610 5830 649 5862 ³⁷
690 5822 843 5880 Joan.
878 5825 1093 5893 Xtt',%7.
1171 5829 1215 5861 ⁸⁸
1243 5826 1693 5900 Ερίιεεῖἰθ-Ξί.
1722 5832 1764 5864 "
1796 5831 1936 5889 Psal.
1976 5850 2123 5895 Lxxt.
2159 5835 2208 5891 7.
