4042 6408
192 402 289 460 σεε

1129 399 1642 458 COMMENTARIA
1682 401 1750 458 ΙΝ
1789 400 2051 459 ISAIAM.
2092 434 2161 444 —
2198 397 2354 457 CAP.
2396 397 2488 454 IX.

3364 395 3478 450 151‘

191 518 582 591 ζῆλοςΚυρίου
616 515 843 571 Σαϐαὼθ
895 516 1110 587 ποιήσει
1176 516 1371 573 ταῦτα.
1411 536 1430 568 ι
1495 518 1666 590 Τήρει
1721 517 1779 571 δὲ

1884 518 2028 575 dicio
2080 524 2136 572 et
2178 516 2234 570 in
2265 511 2503 583 iustitia.
2552 510 2767 566 Amodo
2795 517 2851 564 et
2909 508 2962 564 in
3005 506 3265 564 seculum
3319 508 3470 562 zelus

191 610 428 681 ἀκριϐῶς
459 612 610 673 ὅπως
648 610 747 663 οὐκ
798 609 1011 682 εἴρηται
1058 608 1495 681 καθεσθήσεσθαι
1539 610 1631 663 ιιιι
1681 609 1772 663 τὸν

192 702 370 774 θρόνον
404 702 573 756 Δαυῒδ
604 701 962 765 antemna
988 702 1083 755 καὶ
1110 702 1203 754 ἐπὶ
1236 702 1337 774 τὴν
1369 701 1644 773 βασιλείαν
1676 704 1775 756 αὐ·-

188 788 298 850 τοῦ.
328 788 679 860 κατορθῶσαι
706 790 873 861 αὐτήν
893 807 906 819 ·
942 790 1099 861 ήμῶν
1134 793 1663 861 προσυπακουόντων
1712 793 1774 846 τὸ

188 880 334 951 ῆξειν
361 882 529 935 αὑτὸν
561 884 653 935 ἐπὶ
680 882 757 951 τῷ
789 881 1134 954 κατορθῶσαι
1161 882 1255 935 τὸν
1275 882 1462 953 θρόνον
1491 882 1656 938 Δαυῒδ
1678 885 1774 937 καὶ

186 973 281 1045 τὴν
294 975 507 1046 σκηνὴν
527 978 894 1029 πεπτωκυῖαν.
912 974 1131 1045 Ἐπειδὴ
1152 974 1263 1046 γὰρ
1282 975 1659 1047 κατέστραπτο
1682 976 1775 1029 καὶ

186 1064 469 1137 καθῄρητο
501 1068 535 1137 ἠ
564 1065 809 1136 βασιλεία
836 1065 999 1119 Δαυῒδ
1025 1065 1134 1122 ἀπὸ
1165 1066 1274 1119 τῶν
1308 1065 1515 1137 χρόνων
1560 1065 1663 1135 τῆς
1694 1066 1775 1128 εἰς

186 1158 486 1212 Βαϐυλῶνα
528 1159 900 1230 αἰχμαλωσίας
932 1158 1024 1213 τοῦ
1058 1158 1189 1213 λαοῦ
1216 1177 1229 1190 ·
1274 1155 1412 1231 ἦσαν
1456 1159 1511 1211 δὲ
1558 1174 1773 1231 προφη-

184 1251 325 1302 τεῖαι
358 1249 716 1313 θεσπίζουσαι
740 1251 831 1303 τὸν
866 1249 1055 1320 θρόνον
1096 1249 1260 1304 Δαυτδ
1289 1250 1611 1321 διαλάμψειν
1658 1268 1773 1320 φω-

184 1340 273 1402 τὸς
305 1338 541 1410 ἡλιακοῦ
570 1339 725 1410 δίκην
754 1338 874 1393 καθ’
904 1339 1033 1409 ὅλης
1077 1337 1179 1409 τῆς
1229 1340 1552 1408 οἰκουμένης
1578 1356 1591 1369 ·
1643 1338 1777 1391 ταύ-

185 1449 283 1503 την
307 1432 485 1502 αὐτὴν
519 1430 746 1503 ἐλήλυθε
801 1431 895 1502 τὴν
953 1431 1286 1499 ἐπαγγελίαν
1341 1430 1661 1502 πληρῶσαι·
1709 1432 1775 1484 ὲκ

189 1524 508 1594 σπέρματος
538 1525 639 1594 μὲν
660 1523 821 1577 Δαυῒδ
847 1522 985 1577 κατὰ
1012 1524 1191 1595 σάρκα
1216 1522 1572 1594 γεννώμενος,
1602 1540 1773 1577 κατα-

184 1614 420 1685 λάμπων
440 1614 498 1667 δὲ
530 1616 629 1679 τὰς
649 1615 761 1669 τῶν
792 1615 1093 1688 ἀνθρώπων
1121 1616 1327 1686 ψυχάς·
1375 1617 1469 1669 καὶ
1497 1615 1595 1686 τὴν
1624 1614 1776 1685 βασι-

185 1706 334 1761 λείαν
357 1706 527 1760 αὐτοῦ
559 1708 842 1779 κρατύνων
873 1708 962 1762 διὰ
987 1708 1205 1761 πάντων
1233 1708 1341 1761 τῶν
1374 1708 1496 1760 καθ’
1525 1706 1774 1779 ὄληντὴν

186 1800 517 1870 οἰκουμένην
544 1799 733 1853 ὲθνῶν.
784 1801 871 1853 Ἐν
890 1799 1101 1864 τούτοις
1128 1801 1238 1871 γάρ
1268 1800 1359 1852 τὸν
1397 1799 1586 1871 θρόνον
1611 1798 1775 1852 Δαυῒδ

186 1869 538 1962 διωρθώσατο
571 1932 587 1957 ,
658 1891 809 1962 παρὰ
875 1892 1147 1955 Ἰουδαίοις
1206 1869 1612 1964 καθῃρημένον.
1667 1889 1775 1942 Καὶ
1806 1869 1849 1923 Β

184 1983 340 2039 τοῦτο
379 1983 617 2055 ἔπραξεν
640 1983 749 2036 ἀπὸ
776 1982 868 2036 τοῦ
899 1984 993 2038 νῦν
1024 1984 1119 2037 καὶ
1177 1984 1258 2047 είς
1304 1982 1393 2036 τὸν
1415 1982 1588 2036 αἰῶνα
1614 1998 1628 2012 ·
1681 1980 1774 2033 τοῦ

188 2075 304 2145 μὲν,
340 2072 481 2128 «ἀπὸ
500 2073 594 2127 τοῦ
624 2073 775 2139 νῦν,ι
808 2075 1166 2146 σημαίνοντος
1192 2075 1367 2145 ἀρχὴν
1396 2075 1592 2146 χρόνου
1647 2073 1778 2145 ὡρι-

185 2167 411 2238 σμένην,
429 2166 498 2219 δι’
530 2163 598 2237 ἦς
620 2168 649 2219 ό
676 2167 864 2239 καιρὺς
895 2166 1148 2238 ἐδηλοῦτο
1172 2168 1271 2239 τῆς
1329 2168 1408 2230 εἰς
1455 2164 1777 2239 ἀνθρώπους

185 2258 482 2329 ὶπιδημίας
521 2258 687 2312 αὑτοῦ
719 2276 733 2290 ·
789 2262 885 2312 τοῦ
932 2259 1010 2321 δὲ,
1071 2278 1090 2311 t
1133 2260 1215 2323 εἰς
1266 2258 1359 2311 τὸν
1400 2257 1591 2321 αἰῶνα,
1623 2278 1640 2309 ι
1679 2258 1776 2329 τὴν

185 2350 409 2413 ἄπειρον
439 2352 535 2404 καὶ
585 2351 784 2421 διαρκῆ
826 2351 1103 2422 βασιλείαν
1151 2350 1315 2406 αὺτοῦ
1372 2352 1774 2422 παριστῶντος.

186 2442 467 2513 Τηρητέον
508 2444 586 2504 δὲ,
651 2442 727 2506 ὼς
762 2444 795 2512 ή
859 2442 958 2511 μὲν
1010 2442 1201 2513 πρώτη
1252 2442 1381 2512 περὶ
1439 2442 1533 2495 τοῦ
1565 2458 1780 2512 προφη-

183 2535 479 2604 τευομένου
505 2534 810 2606 πρόρρησις
846 2535 909 2587 ὲκ
944 2532 1221 2605 Παρθένου
1265 2532 1627 2604 τεχθήσεσθαι
1682 2533 1780 2584 αὑ-

185 2628 274 2681 τὸν
302 2626 529 2699 ὲδήλου’
581 2630 614 2698 ἡ
657 2626 715 2679 δὲ
748 2626 998 2698 δευτέρα,
1036 2626 1237 2679 ὡσανεὶ
1272 2625 1627 2696 ζητουμένου,
1663 2624 1780 2687 πῶς

188 2719 339 2772 ἔσται
372 2719 553 2781 τοῦτο,
584 2718 676 2772 τὸν
698 2718 902 2790 Κύριον
923 2718 1110 2788 εἰσῆγε
1131 2717 1377 2787 λέγοντα,
1413 2736 1432 2768 ι
1462 2716 1573 2769 Καὶ
1612 2733 1783 2787 προσ-

185 2810 351 2881 ῆλθον
421 2809 561 2881 πρὸς
594 2810 693 2880 τὴν
734 2809 1004 2881 προφῆτιν
1032 2826 1045 2839 ·
1101 2810 1197 2862 καὶ
1248 2809 1306 2862 ὲν
1355 2809 1556 2880 γαστρὶ
1600 2807 1780 2872 ἔλαϐε,

186 2903 278 2955 καὶ
306 2902 495 2955 ἔτεκεν
519 2902 652 2954 υίόν·
688 2920 707 2952 s
732 2903 764 2973 ἡ
790 2902 847 2955 δὲ
886 2902 1044 2971 τρίτη
1083 2901 1270 2954 οὐκέτι
1298 2902 1626 2972 μνημονεύει
1649 2900 1785 2972 κυή-

187 3012 325 3059 σεως
372 2993 734 3065 παρθενικῆς,
769 2992 891 3046 οὐδὲ
932 2992 1028 3045 τοῦ
1067 2993 1269 3064 τρόπου
1326 2991 1427 3061 τῆς
1468 2992 1610 3045 κατὰ
1650 2992 1783 3045 Θεὸν

186 3086 491 3158 παραδόξου
557 3084 873 3155 συλλήψεως
901 3100 915 3114 ·
975 3082 1071 3137 ἅτε
1137 3082 1201 3155 δὴ
1277 3083 1786 3155 προμεμαθηκότων

183 3175 341 3246 ήμῶν
390 3172 600 3236 ταῦτα,
632 3174 759 3244 περὶ
812 3172 908 3226 τοῦ
964 3172 1152 3236 παιδὸς
1203 3172 1375 3225 αὐτοῦ
1427 3170 1781 3244 διεξέρχεται,

185 3243 519 3321 παιδεύουσα
549 3243 801 3337 ήμᾶςίτά
823 3265 1110 3339 ἀπόρρητα
1142 3267 1241 3337 τῆς
1273 3265 1403 3337 περὶ
1455 3243 1623 3319 αὐτοῦ
1658 3265 1778 3320 θεο-
1806 3243 1848 3299 C

185 3360 393 3430 λογίας·
423 3359 596 3413 ταῦτα
646 3358 705 3412 δὲ
733 3359 911 3413 πάντα
951 3359 1079 3430 περὶ
1116 3358 1213 3412 τοῦ
1256 3360 1511 3429 τυχόντος
1564 3359 1775 3413 παιδίου

183 3452 462 3521 λέγεσθαι,
491 3451 593 3504 οὐκ
630 3444 746 3505 οῖδα
780 3451 899 3515 πῶς
929 3452 1253 3523 συστήσαιεν
1280 3453 1329 3504 οἰ
1354 3454 1419 3506 ὲκ
1452 3455 1774 3524 περιτομῆς,

188 3544 259 3615 μὴ
292 3542 611 3613 βουλόμενοι
647 3542 1051 3613 παραδέξασθαι
1078 3544 1169 3597 τὸν
1213 3544 1479 3616 ἡμέτερον
1526 3545 1774 3617 Σωτῆρα,

183 3630 228 3705 ᾧ
255 3638 325 3690 τὰ
350 3636 490 3707 ἔργα
519 3638 805 3707 μαρτυρεῖ,
840 3637 934 3689 καὶ
964 3636 1073 3690 τῶν
1116 3639 1456 3709 πραγμάτων
1478 3640 1512 3709 ή
1556 3638 1778 3701 ἔκϐασις

184 3730 308 3792 τοὺς
336 3728 536 3795 λόγους
570 3727 1047 3799 ὲπισφραγίζεται.
1103 3748 1121 3780 t
1187 3730 1356 3802 Ζῆλος
1404 3731 1611 3802 Κυρίου
1672 3732 1778 3783 Σα-

185 3818 334 3873 ϐαὼθ
366 3820 587 3890 ποιήσει
620 3818 817 3873 ταῦτα.
861 3839 879 3871 ›
912 3821 1070 3884 Ποίος
1098 3821 1291 3893 ζῆλος,
1329 3822 1360 3893 ἢ
1392 3822 1453 3875 δν
1505 3824 1778 3894 ἐζήλωσεν

185 3910 391 3979 ἀγαθόν
426 3912 522 3964 καὶ
574 3910 721 3982 αὐτῷ
762 3910 1062 3982 πρέποντα,
1102 3914 1184 3975 εἰς
1226 3913 1286 3965 τὸ
1343 3913 1512 3967 σῶσαι
1570 3915 1779 3979 πάντας

182 4004 310 4066 τοὺς
343 4002 454 4055 ὑπὸ
504 4002 601 4055 τοῦ
633 4002 881 4057 διαϐόλου
926 4004 1561 4073 καταδυναστευθέντας,
1584 4008 1677 4062 καὶ
1700 4008 1779 4070 εἰς

184 4093 457 4164 ἀθεότητα
486 4111 692 4147 κατασυ
702 4096 925 4166 ρέντας;

260 4373 558 4428 σΘάνατον
618 4373 904 4426 ἀπέστειλε
976 4373 1181 4443 Κύριος
1235 4376 1325 4429 ἐπὶ
1403 4375 1631 4439 Ἰακὼϐ,
1686 4377 1781 4429 καὶ

186 4462 348 4536 ἦλθεν
377 4466 475 4519 ὲπλ
514 4466 767 4537 ’1σραήλ’
818 4468 913 4521 καὶ
960 4468 1261 4536 γνώσονται
1302 4470 1409 4532 πᾶς
1438 4472 1465 4522 ὁ
1512 4468 1641 4533 λαὸς
1684 4468 1777 4521 τοῦ

198 4557 462 4630 Ἐφρατμ,
524 4558 616 4611 καί
653 4560 701 4610 οἰ
735 4557 1031 4631 καθήμενοι
1066 4563 1123 4612 ὲν
1171 4562 1454 4633 Σαμαρείᾳ
1485 4564 1567 4631 ἐφ’
1626 4562 1777 4634 ὕϐρει

187 4653 279 4706 καὶ
311 4652 494 4723 ὑψηλῇ
522 4652 740 4723 καρδίᾳ,
795 4652 1070 4721 λέγοντες·
1110 4655 1327 4708 Πλίνθοι
1386 4656 1771 4710 πεπτώκασιν·

186 4744 321 4797 ἀλλὰ
344 4744 503 4798 δεῦτε
534 4743 879 4815 λαξεύσωμεν
911 4745 1093 4809 λίθους
1126 4787 1140 4808 ,
1173 4749 1268 4799 καὶ
1300 4748 1555 4818 κόψωμεν
1606 4766 1774 4801 συκα-

191 4837 403 4907 μίνους.
442 4836 535 4889 καὶ
555 4836 801 4907 κέδρους,
832 4836 928 4889 καὶ
946 4837 1389 4908 οἰκοδομήσωμεν
1416 4840 1625 4901 ἑαυτοῖς
1642 4839 1779 4910 πύρ-

185 4945 347 4997 γον.»
395 4928 556 4981 Ἤτοι
596 4931 644 4982 οἰ
694 4928 792 4999 τὴν
852 4929 1164 5003 Σαμάρειαν
1222 4932 1517 4996 οἰκοῦντες,
1566 4933 1779 5005 Ἰσραὴλ

185 5018 641 5092 χρηματίζοντες,
664 5020 759 5073 καὶ
794 5019 922 5085 λαὸς
959 5021 1053 5075 τοῦ
1092 5022 1333 5095 Ἐφραῖμ
1365 5024 1775 5095 ὀνομαζόμενοι,

184 5112 269 5165 διὰ
295 5111 359 5165 τό
388 5110 773 5183 βασιλευθῆναι
801 5113 907 5167 ὑπὸ
925 5114 1035 5167 τῶν
1060 5116 1124 5167 ὲκ
1151 5114 1326 5185 φυλῆς
1374 5117 1468 5169 τοῦ
1516 5117 1776 5188 Ἐιρραῖμ,

185 5202 545 5273 χλευάζοντες
593 5204 685 5257 καὶ
746 5204 1169 5270 ὲξευτελίζοντες
1225 5206 1325 5278 τὴν
1391 5208 1778 5279 Ἰερουσαλὴμ,

186 5294 430 5358 πλίνθοις
488 5295 694 5364 ταύτην
745 5295 981 5363 ἔφασκον
1036 5299 1476 5369 οἰκοδομεῖσθαι,
1534 5302 1629 5354 καὶ
1679 5301 1778 5365 τὰς

186 5388 389 5457 στέγας
438 5389 582 5459 ἔχειν
633 5408 651 5439 ‹
693 5388 801 5442 άπὸ
832 5392 1147 5461 συκαμίνων
1181 5412 1199 5443 ι
1256 5392 1288 5463 ἢ
1354 5412 1372 5442 t
1401 5394 1720 5463 συκομόρων
1753 5413 1771 5444 ι

186 5482 333 5539 κατὰ
358 5484 486 5546 τοὺς
507 5484 729 5546 λοιποὺς
756 5483 1119 5553 ἑρμηνευτάς.
1148 5483 1262 5538 Εἶθ’
1294 5486 1366 5549 ώς
1403 5486 1557 5539 αὐτοὶ
1578 5484 1782 5554 βελτίο-

187 5594 253 5631 να
284 5576 443 5629 ¹πόλιν
474 5575 980 5639 κατασκευάσοντες
1004 5618 1017 5640 ,
1052 5576 1453 5647 ἐπηγγέλλοντο
1492 5576 1580 5629 διὰ
1618 5576 1780 5630 λίθων

191 5668 398 5733 ξυστῶν
438 5669 533 5721 καὶ
562 5668 769 5739 κέδρων
806 5669 1200 5741 οἰκοδομήσειν,
1240 5670 1337 5723 καὶ
1358 5670 1479 5723 ἀντὶ
1521 5668 1617 5722 τοῦ
1650 5669 1780 5723 ναοῦ

189 5759 281 5812 τοῦ
330 5760 389 5812 ὲν
443 5758 803 5831 Ἰερουσαλὴμ
850 5760 1057 5832 πύργον
1104 5762 1317 5826 ἑαυτοῖς
1351 5762 1677 5834 ἀναστήσειν
1724 5763 1781 5813 ἐν

192 5850 513 5919 Σαμαρεία-
570 5851 651 5905 διδ
703 5852 792 5907 καί
861 5852 1043 5919 ἐπειδὴ
1102 5854 1325 5942 τοιαῦτα
1381 5855 1781 5923 τετολμήκασιν

1876 610 2093 667 Domini
2133 607 2379 664 Sabaoth
2434 604 2602 660 faciet
2649 604 2784 657 haec.
2823 621 2841 655 ι
2876 602 3145 658 Observes
3190 610 3469 663 accurate,

1878 718 1985 758 non
2019 700 2345 771 simpliciter
2378 698 2586 751 dictum
2628 695 2795 751 fuisse
2836 696 3011 763 ipsum
3047 694 3099 747 in
3132 694 3329 746 throno
3367 690 3473 745 Da-

1876 798 1965 853 vid
1996 808 2273 853 sessurum
2315 805 2478 854 esse,
2522 790 2615 844 sed
2649 788 2812 843 etiam
2867 800 3030 855 super
3080 799 3306 853 regnum
3352 786 3471 852 ejus

1877 888 1945 943 ad
1985 885 2284 958 regendum
2315 881 2480 945 illud;
2516 881 2674 935 nobis
2701 878 3155 933 subaudientibus
3181 886 3467 929 venturum

1876 980 2029 1034 illum
2065 992 2188 1033 esse
2239 977 2308 1031 ad
2343 974 2764 1030 restanrandum
2813 970 3069 1025 thronum
3122 968 3372 1032 Davidis,
3415 977 3471 1019 et

1878 1071 2293 1126 tabernaculum
2332 1070 2470 1137 ejus,
2496 1068 2640 1137 quod
2679 1068 2887 1137 lapsum
2927 1063 3125 1117 fuerat.
3157 1060 3292 1127 Quia
3323 1062 3468 1115 enim

1876 1180 1907 1219 a
1945 1164 2282 1235 temporibus
2330 1160 2677 1232 Babylonica;
2731 1155 3071 1227 captivitatis
3107 1167 3359 1208 eversum
3415 1160 3471 1203 et

1876 1257 2149 1312 sublatum
2203 1255 2383 1309 fuerat
2434 1268 2664 1323 regnum
2723 1249 2988 1312 Davidis,
3054 1262 3117 1301 ac
3172 1244 3472 1313 prophetiae

1876 1351 2130 1412 aderant,
2161 1363 2282 1417 qua
2332 1347 2776 1401 vaticinabantur
2816 1342 3073 1395 thronum
3123 1337 3343 1391 Davidis
3384 1349 3473 1389 so—

1876 1440 2006 1493 laris
2041 1438 2262 1493 ltnniuis
2309 1437 2485 1493 inStar
2534 1436 2935 1490 illustraturum
2983 1443 3107 1484 esse
3160 1436 3332 1481 totum
3379 1440 3473 1480 or-

1877 1533 2039 1596 bem;
2074 1531 2217 1584 hanc
2266 1529 2358 1584 ille
2400 1528 2819 1597 promissionem
2854 1522 3138 1593 impletum
3184 1519 3367 1585 venit,
3403 1532 3472 1573 ex

1878 1625 2089 1679 semine
2135 1623 2354 1693 quidem
2417 1622 2585 1676 David
2638 1618 2936 1673 secuttdum
3001 1627 3225 1668 carnem
3270 1622 3422 1664 natus
3453 1649 3469 1671 ,

1878 1715 2088 1769 animas
2130 1721 2306 1767 autem
2360 1712 2643 1766 hominum
2707 1706 3063 1768 illuminans,
3130 1719 3195 1757 ac
3244 1716 3470 1769 regnum

1879 1806 1996 1873 ejus
2030 1804 2169 1873 apud
2226 1817 2419 1857 omnes
2476 1801 2643 1854 totius
2680 1800 2831 1853 orbis
2881 1806 3069 1866 gentes
3114 1793 3469 1848 confirmans.

1878 1896 1934 1950 In
1988 1896 2072 1949 his
2125 1895 2328 1963 quippe
2378 1907 2608 1962 regnum
2672 1888 2891 1942 Davidis
2933 1885 3144 1949 erexit,
3198 1899 3225 1935 a
3266 1881 3473 1936 Iudaeis

1876 1988 2170 2043 sublatum.
2217 1985 2283 2039 Et
2310 1986 2413 2040 hoc
2449 1982 2705 2053 praestitit
2736 1981 2805 2036 ab
2856 1980 2961 2034 hoc
3006 1987 3251 2047 tempore
3294 1988 3470 2042 usque

1877 2081 1931 2134 in
1971 2077 2262 2141 saeculum;
2298 2077 2370 2129 ita
2405 2087 2462 2127 ut
2496 2074 2649 2138 illud,
2686 2091 2706 2124 ι
2740 2070 2971 2133 amodo,
3020 2087 3038 2120 ι
3075 2067 3288 2121 initiutn
3332 2074 3473 2118 tem—

1877 2171 2024 2240 poris
2054 2170 2336 2225 definitum
2378 2166 2672 2237 signiticet,
2716 2178 2827 2231 quo
2858 2170 3075 2231 tempus
3102 2161 3218 2229 ejus
3265 2159 3331 2213 ad
3376 2158 3476 2211 ho~

1879 2268 2051 2319 mines
2085 2267 2351 2318 adventus
2386 2259 2737 2323 declaratur;
2769 2256 2899 2311 illud
2934 2264 3141 2317 autem,
3185 2271 3203 2303 ι
3240 2254 3293 2306 in
3325 2265 3473 2305 sem-

1879 2360 2182 2428 piternum,
2232 2373 2251 2406 ι
2285 2352 2556 2419 infinitum
2599 2366 2664 2406 ac
2715 2357 3040 2421 perpetuum
3091 2360 3319 2413 regnum
3358 2342 3475 2410 ejus

1880 2451 2143 2506 declarat.
2185 2447 2598 2502 Observandum
2640 2451 2820 2496 autem
2860 2451 2967 2503 εει,
3022 2439 3252 2508 primam
3296 2436 3364 2491 de
3409 2449 3475 2490 eo

1879 2542 1971 2609 qui
2016 2542 2068 2594 in
2120 2540 2403 2611 prOphetia
2453 2537 2656 2601 fertur,
2707 2532 3156 2604 praedictionem,
3205 2528 3355 2583 illum
3406 2542 3474 2580 ex

1881 2632 2103 2703 Virgine
2152 2631 2484 2685 nasciturum
2529 2641 2652 2682 esse
2696 2625 3014 2691 declarare;
3045 2619 3342 2677 secundam
3384 2634 3479 2673 ve-

1884 2741 1965 2787 ro,
2013 2740 2076 2779 ac
2117 2725 2163 2779 si
2216 2731 2527 2793 quaeratur,
2583 2735 2692 2789 quo
2737 2728 2900 2788 pacto
2956 2716 3007 2770 id
3058 2714 3302 2769 futurum
3365 2713 3473 2776 sit,

1884 2820 2058 2889 ipsum
2103 2817 2389 2870 Dominum
2462 2814 2544 2867 sic
2598 2813 2910 2881 loquentem
2989 2809 3271 2869 inducere,
3344 2822 3363 2855 ‹
3410 2801 3477 2857 Et

1886 2908 2091 2964 accessi
2129 2907 2195 2961 ad
2248 2905 2693 2976 prophetissam:
2736 2911 2792 2958 et
2823 2904 2874 2955 in
2917 2913 3071 2955 utero
3122 2896 3369 2966 accepit,
3423 2902 3479 2949 et

1885 2996 2351 3071 peperitFilium;
2395 3014 2414 3047 ι
2462 2996 2679 3049 tertiam
2728 3002 2942 3056 autem,
2988 2991 3292 3059 virgineum
3344 3002 3476 3056 par-

1889 3103 2003 3146 tum
2040 3106 2145 3145 non
2184 3090 2331 3143 ultra
2366 3102 2695 3154 memorare,
2728 3099 2905 3154 neque
2937 3083 3156 3137 modum
3194 3084 3480 3151 stupenda

1890 3183 2038 3237 illius
2071 3181 2367 3236 secundum
2416 3176 2587 3231 Deum
2646 3173 3043 3244 conceptionis,
3080 3181 3267 3242 utpote
3321 3171 3478 3225 nobis

1883 3276 2025 3329 hanc
2074 3289 2187 3328 retn
2233 3271 2345 3339 jam
2377 3270 2622 3335 edoctis;
2678 3262 2771 3323 sed
2806 3268 2871 3321 de
2924 3264 3066 3320 Filio
3108 3263 3277 3332 ipsius
3310 3262 3477 3317 verba

1884 3369 2108 3427 facere,
2166 3378 2374 3432 nosque
2428 3362 2476 3414 in
2539 3358 2824 3428 theologia).
2881 3357 2998 3423 ejus
3049 3356 3271 3410 arcanis
3319 3354 3477 3408 iusti-

1884 3468 2058 3510 tuere.
2110 3455 2385 3508 Caeterum
2432 3454 2620 3505 nescio
2664 3464 2775 3519 quo
2822 3459 2984 3519 pacto
3026 3447 3061 3501 ii
3113 3447 3203 3515 qui
3254 3460 3320 3500 ex
3372 3446 3479 3500 cir-

1880 3549 2221 3605 cumcisione
2253 3555 2397 3611 sunt,
2446 3544 2562 3599 haec
2614 3543 2679 3597 de
2730 3542 2939 3611 vulgari
2991 3552 3158 3609 puero
3211 3538 3317 3592 dici
3365 3546 3481 3597 sta-

1884 3651 2036 3697 tuant
2055 3683 2067 3703 ,
2100 3640 2349 3695 nolentes
2378 3638 2672 3692 admittere
2706 3635 3052 3689 Salvatorem
3080 3640 3359 3694 nostrum,
3387 3628 3477 3685 cui

1882 3738 1999 3806 ipsa
2024 3748 2189 3804 opera
2230 3730 2607 3786 testimonium
2644 3728 2911 3791 aﬂ‘erttnt,
2963 3741 3083 3781 cum
3124 3736 3356 3779 eventus
3390 3739 3480 3777 re-

1883 3843 2003 3882 rum
2052 3838 2335 3881 sermones
2401 3822 2671 3888 obsiguet.
2717 3838 2735 3871 ι
2773 3819 2934 3874 Zelus
2977 3817 3191 3872 Domini
3236 3816 3478 3872 Sabaoth

1884 3922 2046 3977 faciet
2082 3920 2218 3974 haec.
2266 3936 2284 3967 ι
2330 3915 2463 3983 Quis
2496 3915 2647 3970 zelus
2690 3916 2791 3969 nisi
2830 3914 2919 3968 ille
2958 3913 3134 3967 bonus
3175 3921 3230 3965 et
3279 3909 3481 3965 conde-

1882 4030 2033 4078 cens,
2079 4028 2189 4081 quo
2225 4012 2316 4066 ille
2355 4012 2615 4064 incensus
2650 4016 2754 4069 est,
2798 4007 2862 4059 ad
2913 4005 3144 4058 salutem
3194 4002 3262 4056 iis
3303 4000 3482 4055 omni-

1883 4108 1985 4163 bus
2017 4106 2340 4177 parandam,
2390 4105 2481 4173 qui
2520 4102 2620 4157 sub
2669 4100 2910 4155 dominio
2960 4097 3162 4153 diaboli
3202 4105 3394 4161 erant,
3424 4102 3481 4149 et

1885 4200 1939 4255 in
1973 4199 2309 4269 impietatem
2368 4194 2632 4267 pertracti
2681 4192 2945 4248 fuerant?

1959 4383 2121 4439 Vens.
2171 4381 2329 4440 8-10.
2361 4400 2380 4434 t
2419 4380 2647 4436 Mortem
2682 4379 2833 4433 misit
2862 4378 3125 4433 Dominus
3168 4387 3329 4444 super
3384 4369 3479 4429 Ja-

1886 4476 2011 4544 cob,
2059 4485 2115 4530 et
2168 4475 2321 4529 venit
2376 4487 2543 4542 super
2587 4470 2799 4526 Israel:
2851 4479 2906 4525 et
2956 4476 3250 4539 cognoscet
3302 4465 3478 4520 omnis

1814 4609 1853 4663 Β
1885 4569 2119 4641 populus
2168 4568 2427 4637 Ephraim
2457 4605 2472 4630 ,
2537 4573 2592 4618 et
2645 4563 2737 4632 qui
2792 4562 2983 4616 sedent
3028 4560 3081 4613 iu
3128 4559 3378 4613 Samaria
3426 4557 3478 4609 itt

1887 4657 2217 4715 contumelia
2251 4665 2306 4712 et
2350 4656 2462 4711 alto
2495 4653 2681 4717 corde,
2732 4654 3017 4708 dicentes:
3066 4650 3291 4703 Lateres
3338 4648 3481 4702 ceci-

1888 4754 2121 4816 derunt;
2167 4752 2262 4806 sed
2308 4750 2515 4815 venite,
2548 4749 2794 4803 dolemus
2825 4745 3050 4815 lapides,
3106 4754 3160 4798 et
3207 4742 3480 4796 caadamus

1889 4847 2202 4919 sycaminos
2233 4855 2288 4900 et
2321 4844 2535 4907 cedros,
2567 4850 2622 4896 et
2647 4840 2984 4896 aedificemus
3014 4839 3171 4892 nobis
3203 4834 3419 4890 turrim.
3454 4852 3473 4885 ι

1888 4941 1944 4995 Id
1984 4950 2089 5006 est,
2131 4939 2167 4993 ii
2220 4937 2312 5007 qui
2368 4936 2671 4993 Samariam
2735 4932 3007 4995 incolunt,
3060 4929 3478 5001 lsraehnuncu-

1885 5035 2021 5105 pati,
2065 5043 2119 5086 et
2148 5032 2380 5102 populus
2414 5028 2671 5099 Ephraim
2705 5024 2909 5089 vocati,
2951 5023 3078 5092 quia
3126 5021 3348 5092 regibus
3379 5020 3477 5073 tri-

1885 5129 1986 5182 bus
2037 5125 2296 5195 Ephraitn
2341 5124 2544 5179 subditi
2587 5131 2777 5186 erant,
2821 5119 3111 5173 irridentes
3144 5126 3201 5169 et
3244 5111 3479 5180 vilipen-

1886 5220 2079 5273 dentes
2108 5216 2436 5279 Jerusalem,
2472 5216 2643 5284 ipsam
2680 5228 2748 5267 ex
2783 5210 3046 5266 lateribus
3089 5215 3359 5261 structam
3397 5201 3479 5256 di-

1883 5308 2114 5370 cebant,
2167 5321 2231 5359 ac
2274 5305 2481 5374 tegulas
2534 5303 2736 5357 habere
2780 5318 2845 5355 ea:
2882 5298 3192 5371 sycaminis‘,
3233 5296 3349 5350 sive
3392 5308 3480 5349 se-

1882 5396 2120 5451 cundum
2160 5396 2397 5465 reliquos
2432 5396 2779 5462 interpretes,
2817 5405 2879 5446 ea:
2915 5388 3244 5461 sycomoris,
3281 5385 3475 5439 factas.

1886 5486 2088 5542 Deinde
2117 5503 2275 5553 vero,
2310 5502 2375 5542 ac
2421 5488 2464 5542 si
2509 5488 2583 5541 illi
2632 5484 3069 5555 praestantiorem
3108 5479 3298 5534 urbem
3332 5489 3480 5532 stru-

1888 5580 2030 5634 cturi
2063 5589 2281 5645 essent,
2325 5594 2446 5635 eam
2480 5594 2547 5633 ex
2579 5578 2769 5632 incisis
2797 5575 3070 5645 lapidibus
3099 5581 3154 5627 et
3188 5586 3255 5625 ex
3298 5570 3479 5624 cedris

1888 5686 1950 5727 se
1995 5671 2363 5727 :edillcaturos
2414 5686 2537 5726 esse
2588 5669 3028 5741 pollicebantur:
3076 5676 3131 5720 et
3186 5660 3371 5730 templi
3422 5662 3476 5714 in

1886 5762 2188 5817 Jerusalem
2224 5763 2421 5817 stantis
2459 5763 2607 5828 loco,
2662 5764 2856 5814 turrim
2908 5759 3012 5814 sibi
3047 5756 3389 5812 excitaturus
3422 5753 3477 5805 in

1890 5852 2173 5922 Samaria;
2214 5854 2336 5911 ideo
2370 5852 2498 5925 quia
2531 5852 2606 5909 illi
2648 5854 2702 5908 in
2741 5860 2947 5908 tantam
2984 5846 3356 5916 arrogantiam
3388 5859 3479 5898 ve-
