4042 6388
590 419 695 475 155

1288 399 1560 459 EUSEBll
1596 394 2073 455 CAESARIENSlS
2110 391 2261 449 OPP.
2300 388 2482 444 PARS
2520 388 2607 445 Ill.
2645 415 2715 427 —
2752 378 3162 439 EXEGETICA.

3726 370 3828 427 156

590 534 710 585 nire
757 525 872 581 ausi
935 522 1185 585 fuerant,
1230 519 1482 585 deinceps
1530 514 1894 569 comminatur
1938 511 2016 565 eis
2064 510 2147 564 his

2276 502 2778 561 ιπαυθαδιάσασθαι,
2803 496 3013 551 ἀπειλεῖ
3052 494 3232 554 αὐτοῖς
3284 486 3407 561 ἑξῆς
3452 489 3480 540 6
3516 485 3673 553 λόγος
3722 487 3828 556 φά-

590 620 771 677 verbis
796 638 810 672 :

662 712 822 765 Vitas.
854 708 907 761 2.
954 725 971 757 ι
1007 705 1072 760 Et
1118 703 1324 771 franget
1363 700 1502 755 Deus
1551 714 1668 761 eos,
1727 697 1817 766 qui
1856 696 2145 765 insurgunt

588 816 749 871 super
794 806 1029 852 utentem
1073 793 1226 855 Sion,
1258 800 1314 845 et
1356 790 1607 844 inimicos
1650 786 1949 855 dissipabit.
2000 803 2020 837 ι
2052 784 2151 836 Sc-

589 893 825 949 cundum
870 887 1150 944 historiam
1184 882 1362 945 enim,
1393 882 1540 953 quia,
1581 881 1789 949 inquit,
1833 878 1867 931 ii
1920 876 2011 946 qui
2052 874 2150 931 Sa-

590 984 818 1038 mariam
875 976 1179 1034 incolebant
1227 974 1356 1028 talia
1394 972 1512 1027 ausi
1569 979 1715 1033 sunt,
1760 980 1812 1024 et
1849 968 2153 1037 petulanter

588 1076 826 1146 agebant
854 1078 1038 1126 contra
1078 1077 1315 1121 montem
1346 1063 1501 1130 Sion,
1542 1072 1598 1117 et
1635 1074 1824 1118 contra
1864 1060 2025 1114 Deum
2054 1057 2152 1110 ibi-

590 1178 715 1231 dem
753 1172 988 1233 cultum;
1036 1182 1130 1223 eos
1188 1180 1281 1230 se,
1330 1162 1486 1233 quasi
1532 1178 1602 1218 ex
1654 1176 1848 1233 magna
1888 1160 2155 1229 superbiae

590 1260 909 1319 celsitudine
965 1258 1346 1326 depressurum
1401 1262 1456 1307 et
1506 1252 1806 1306 fracturum
1852 1251 2155 1305 commina—

593 1366 701 1411 tur.
747 1352 784 1407 li
825 1350 1025 1421 quippe
1070 1348 1162 1418 qui
1203 1354 1393 1401 contra
1450 1353 1689 1399 montem
1739 1344 1870 1399 Sion
1923 1344 2157 1399 insurre-

590 1457 816 1512 xerunt,
860 1447 1026 1502 etiam
1079 1445 1133 1497 in
1195 1443 1368 1511 ipsum
1431 1440 1603 1494 Deum
1666 1439 1829 1508 impie
1884 1439 2156 1509 agebant:

591 1555 731 1609 quos
766 1554 826 1594 se
853 1537 1263 1593 humiliaturum
1306 1540 1363 1585 et
1401 1528 1805 1585 contracturum
1844 1543 1964 1584 esse
1994 1529 2159 1595 dicit;

594 1643 697 1685 nec
727 1629 874 1699 ipsos
917 1626 1093 1689 solos,
1139 1624 1234 1679 sed
1281 1620 1449 1677 etiam
1500 1619 1749 1675 inimicos
1785 1618 1902 1687 ejus
1931 1619 2163 1689 dissipa.

595 1730 775 1773 turum
811 1732 967 1774 esse:
998 1713 1311 1786 signiﬁcans
1336 1726 1431 1767 eos
1456 1725 1523 1766 ex
1558 1710 1843 1771 Damasco,
1875 1710 1963 1778 qui
1994 1710 2161 1764 Israe-

2252 613 2415 651 σκων·

2327 711 2344 742 ι
2376 689 2485 742 Kal.
2521 685 2670 758 ράξει
2695 685 2724 737 6
2756 683 2887 745 Θεὸς
2918 683 3043 743 τοὺς
3088 673 3557 744 ἐπανισταμένους
3615 670 3707 724 ἐπὶ
3763 670 3829 723 τὸ

2250 786 2374 855 δρος
2402 783 2559 843 Σιὼν,
2592 780 2687 831 xal.
2740 777 2865 838 τοὺς
2917 772 3143 842 ἐχθροὺς
3192 766 3547 821 διασκεδάσει.
3598 782 3617 815 ι
3666 761 3829 815 Κατά

2250 875 2379 944 γοῦν
2406 874 2503 943 τὴν
2532 870 2790 941 ἱστορίαν,
2816 865 3021 936 ἐπειδὴ,
3053 862 3237 932 φησὶν,
3273 861 3323 914 οἱ
3365 859 3464 928 τὴν
3516 856 3832 925 Σαμάρειαν

2252 966 2527 1026 οἰκοῦντες
2558 960 2779 1016 τοιαῦτα
2801 957 3188 1029 τετολμήκασι,
3216 952 3310 1009 καὶ
3362 947 3835 1020 κατεθρασύνοντο

2254 1059 2394 1112 κατὰ
2424 1055 2518 1109 τοῦ
2550 1054 2707 1125 ὅρους
2734 1050 2892 1115 Σιὼν,
2927 1048 3021 1102 καὶ
3050 1045 3195 1107 κατά
3241 1042 3337 1097 τοῦ
3384 1045 3441 1095 ὲν
3485 1040 3635 1109 αὑτῷ
3663 1056 3837 1108 τιμω-

2258 1147 2419 1217 μένου
2447 1142 2604 1206 Θεοῦ,
2637 1141 2713 1205 ὡς
2753 1139 2863 1193 ἀπὸ
2898 1137 3131 1209 μεγάλου
3191 1133 3357 1204 ὕψους
3409 1131 3510 1201 τῆς
3549 1131 3840 1199 ὑπερηφα-

2255 1240 2401 1302 νείας
2436 1236 2614 1291 αὐτῶν
2662 1230 3016 1287 ταπεινώσειν
3079 1226 3172 1283 καὶ
3219 1222 3580 1297 καταρράξειν
3637 1220 3839 1281 αὐτοὺς

2257 1331 2492 1385 ἀπειλεῖ.
2520 1328 2658 1390 Τοὺς
2690 1324 2799 1395 γὰρ
2825 1324 2918 1376 ἐπὶ
2952 1322 3011 1380 τὸ
3036 1320 3160 1391 δρος
3186 1315 3324 1373 Σιὼν
3371 1310 3840 1382 ἐπανισταμένους

2258 1425 2343 1476 ἐπ’
2377 1422 2539 1477 αὑτὸν
2570 1421 2661 1473 τὸν
2694 1418 2825 1471 Θεὸν
2857 1413 3075 1470 ἀσεϐεῖν
3128 1408 3437 1464 συνέϐαινεν
3458 1424 3469 1436 -
3504 1404 3593 1469 οὒς
3646 1419 3839 1457 ταπει-

2258 1514 2451 1569 νῶσειν
2474 1512 2565 1566 καὶ
2593 1509 2775 1581 ράξειν
2803 1505 2989 1578 φησὶν,
3015 1502 3077 1559 οὐ
3110 1500 3324 1572 μόνους,
3349 1494 3484 1550 ἀλλά
3510 1495 3605 1547 καὶ
3633 1491 3844 1551 πάντας

2259 1607 2383 1671 τοὺς
2411 1604 2637 1676 ἐχθροὺς
2665 1598 2831 1656 αὐτοῦ
2864 1593 3263 1656 διασκεδάσειν·
3300 1587 3581 1659 σημαίνων
3631 1585 3761 1676 τοὺς
3786 1584 3845 1676 ὲν

2261 1672 2538 1769 Δαμασιιῷ
2608 1686 3031 1763 συμμαχοῦντας
3099 1681 3177 1753 τῷ
3242 1678 3458 1753 Ἰσραὴλ
3493 1718 3508 1741 ,
3564 1675 3709 1730 κατά
3777 1672 3849 1769 τά

593 1817 661 1870 lis
695 1767 1090 1871 commilitones
1129 1816 1283 1865 erant
1307 1847 1324 1872 ,
1378 1816 1439 1861 ut
1475 1807 1623 1876 prius
1659 1805 1913 1860 traditum
1948 1813 2050 1859 est.
2086 1804 2165 1857 Ac

2276 1767 2575 1859 ἔμπροσθεν
2608 1779 2995 1850 ἀποδεδομένα.
3016 1776 3127 1830 Kal.
3157 1773 3365 1837 πάντας
3384 1773 3441 1826 δὲ
3470 1773 3596 1834 τοὺς
3628 1772 3695 1823 ὲκ
3738 1767 3849 1821 τῶν

597 1905 835 1968 reliquos
863 1917 1054 1959 omnes
1082 1902 1174 1970 qni
1210 1910 1396 1955 contra
1445 1904 1681 1951 montem
1722 1895 1853 1953 Sion
1891 1905 1946 1951 et
1978 1904 2165 1949 contra

2276 1877 2473 1931 λοιπῶν
2493 1869 2956 1940 ἐπανισταμένους
2986 1867 3067 1938 τῷ
3109 1865 3223 1937 ὄρει
3251 1862 3411 1925 Σιὼν,
3469 1862 3564 1917 καὶ
3727 1859 3854 1928 Θεῷ

595 1990 763 2045 Deum
807 1990 1005 2045 ibidem
1047 1989 1252 2042 cultum
1302 1985 1731 2047 insurrexerunt,
1789 1997 1848 2038 se
1877 1982 2167 2051 dissipatu-

599 2097 716 2135 rum
760 2094 882 2137 esse
927 2078 1247 2149 pollicetur:
1298 2091 1365 2131 ex
1403 2090 1632 2145 quorum
1683 2088 1911 2131 numero
1948 2072 2038 2127 alii
2103 2088 2169 2126 ex

597 2175 807 2229 oriente
850 2182 1027 2237 erant,
1055 2171 1145 2226 alii
1179 2184 1245 2226 ex
1271 2184 1465 2225 occasu
1496 2168 1647 2233 solis,
1676 2166 1839 2223 medii
1872 2176 2051 2221 autem
2078 2180 2169 2219 eo-

601 2280 718 2320 rum
752 2263 927 2321 Graci
972 2272 1150 2319 erant.
1204 2260 1268 2317 Hi
1316 2259 1517 2316 etenim
1571 2272 1761 2314 omnes
1810 2266 2167 2312 memoratum

600 2357 855 2412 lsraelem
889 2355 1048 2427 pleno
1075 2368 1171 2410 ore
1211 2355 1557 2417 devorantes,
1589 2360 1751 2421 atque
1778 2349 1831 2403 in
1862 2363 2015 2403 suum
2056 2348 2171 2403 ido-

602 2449 830 2508 lolatria
853 2461 1094 2504 errorem
1112 2445 1451 2516 deficientes,
1483 2461 1541 2502 se
1562 2446 1650 2512 iis,
1679 2444 1771 2514 qui
1801 2452 1987 2497 contra
2014 2458 2171 2496 mon-

604 2553 711 2596 tem
766 2539 898 2595 Sion
936 2538 1308 2610 insurgebant,
1360 2536 1714 2593 auxiliaturos
1741 2548 1807 2590 ac
1852 2533 2171 2589 commilito-

603 2647 701 2688 nes
729 2646 916 2686 eorum
946 2628 1159 2685 futuros
1184 2643 1308 2685 esse
1334 2627 1739 2703 promittebant.

676 2723 840 2780 Vsus.
873 2722 1057 2779 {6-15.
1098 2740 1118 2773 ι
1156 2719 1223 2775 Et
1250 2720 1469 2786 abstulit
1507 2718 1766 2775 Dominus
1790 2717 1857 2773 ab
1883 2716 2051 2781 Israel
2081 2732 2171 2771 ca-

607 2824 791 2883 putet
843 2813 1097 2878 caudam,
1147 2826 1398 2882 magnum
1445 2820 1503 2868 et
1536 2825 1761 2881 parvum
1811 2810 1864 2864 in
1899 2822 2007 2863 una
2051 2810 2173 2873 die,

605 2920 763 2960 senes
787 2914 842 2961 et
872 2919 965 2959 eos
992 2903 1083 2975 qui
1120 2905 1327 2958 vultum
1371 2903 1730 2967 admirantur,
1777 2902 1879 2957 hoc
1903 2909 1989 2956 est
2035 2901 2179 2968 priu-

604 2997 845 3066 oipiurn;
878 3004 933 3052 et
985 2995 1305 3065 prophetam
1359 2996 1639 3048 docentem
1693 2992 1904 3061 iniqua,
1962 2991 2053 3047 hic
2098 3002 2176 3046 est

607 3087 800 3143 cauda.
845 3106 865 3139 ι
900 3088 1006 3141 Pro
1038 3087 1166 3151 illo,
1207 3104 1225 3138 ‹
1260 3085 1495 3140 Abstulit
1528 3085 1789 3140 Dominus
1824 3085 1892 3139 ab
1921 3081 2116 3149 Israel,
2156 3102 2174 3135 ι

2267 1967 2345 2038 τῷ
2377 1964 2613 2020 ἐνταῦθα
2643 1960 2941 2034 τιμωμένῳ
2966 1998 2981 2023 ,
3007 1955 3383 2012 διασκεδάσειν
3415 1950 3846 2021 ἐπαγγέλλεταιο

2269 2054 2343 2114 ὧν
2397 2059 2448 2112 οἱ
2509 2056 2609 2128 μὲν
2654 2050 2794 2125 ἦσαν
2846 2047 3155 2105 ἀνατολικοί
3182 2063 3347 2111 τινες,
3382 2047 3433 2103 οι
3465 2044 3522 2097 δὲ
3574 2042 3666 2111 ἀφ’
3699 2041 3858 2113 ἡλίου

2272 2150 2515 2223 δυσμῶν,
2551 2148 2709 2219 μέσοι
2734 2144 2791 2198 δὲ
2815 2141 3023 2196 τούτων
3061 2142 3113 2194 οί
3147 2139 3429 2210 Ἕλληνες.
3493 2136 3702 2197 Πάντες
3744 2133 3870 2203 γάρι

2268 2239 2435 2306 οὗτοι,
2451 2241 2543 2294 τὸν
2576 2234 2943 2310 προλεχθέντα
2968 2231 3188 2305 Ἰσραὴλ
3214 2232 3322 2302 ὅλῳ
3365 2228 3444 2299 τῷ
3468 2228 3698 2298 στόματι
3724 2243 3860 2279 κατ-

2273 2336 2548 2397 εσθίοντες
2581 2332 2678 2385 καὶ
2706 2326 3139 2389 καταϐάλλοντες
3165 2325 3259 2378 ἐπὶ
3290 2322 3389 2393 τὴν
3442 2320 3542 2391 τῆς
3570 2317 3861 2373 εἰδωλολα-

2270 2428 2459 2500 τρείας
2486 2424 2695 2481 ἑαυτῶν
2721 2424 2952 2493 πλάνην,
2985 2420 3200 2491 βοηθεῖν
3229 2416 3326 2470 καὶ
3354 2416 3663 2487 συμμαχεῖν
3684 2414 3862 2483 ἐπηγ-

2270 2518 2521 2587 γέλλοντο
2602 2517 2715 2578 τοῖς
2790 2508 3244 2581 ἑπανισταμένοις
3308 2506 3453 2561 κατά
3525 2502 3622 2559 τοῦ
3696 2502 3866 2574 δρους

2271 2609 2429 2665 Σιών.

2351 2720 2369 2752 ι
2408 2700 2518 2755 Καὶ
2567 2697 2756 2769 ἀφεῖλε
2786 2693 2993 2767 Κύριος
3034 2692 3142 2746 ἀπὸ
3187 2687 3405 2761 Ἰσραὴλ
3458 2687 3701 2758 κεφαλὴν
3762 2685 3871 2746 καὶ

2276 2794 2463 2865 οὐρὰν,
2510 2791 2683 2861 μέγαν
2706 2789 2800 2842 καὶ
2837 2786 3030 2857 μικρὸν
3065 2789 3123 2837 ὲν
3150 2784 3249 2854 μιᾷ
3280 2783 3487 2854 ἡμέρᾳ,
3546 2777 3867 2851 πρεσϐύτην

2277 2886 2525 2947 καὶτοὺς
2578 2882 2647 2935 τὰ
2694 2879 2963 2952 πρόσωπα
3005 2874 3404 2946 θαυμάζοντας,
3450 2871 3590 2944 αὕτη
3626 2871 3863 2943 ήάρχήο

2279 2976 2372 3029 καὶ
2416 2972 2700 3045 προφήτην
2748 2969 3063 3036 διδάσκοντα
3115 2966 3325 3036 ἄνομα,
3360 2957 3517 3027 οὗτος
3563 2965 3599 3035 ή
3640 2962 3799 3034 οὐρά.
3838 2981 3861 3014 ι

2294 3067 2437 3122 ’Δντὶ
2487 3063 2669 3135 μέντοι
2714 3059 2832 3128 τοῦ,
2872 3078 2892 3111 ι
2914 3058 3125 3128 Ἀφετλε
3158 3056 3362 3129 Κύριος
3403 3054 3513 3110 ἀπὺ
3557 3052 3808 3125 Ἰσραὴλ,
3839 3072 3862 3105 ι

608 3180 825 3250 Aquila,
863 3197 884 3232 ι
926 3178 992 3233 Ει
1021 3145 1210 3247 perdet
1248 3178 1539 3243 Dominus;
1578 3194 1597 3228 ι
1636 3174 1993 3246 Symmachus
2024 3145 2174 3231 vero.

2280 3162 2308 3212 6
2336 3158 2434 3228 μὲν
2478 3155 2731 3218 Ἀκύλας,
2768 3174 2786 3205 ι
2807 3154 2903 3208 καὶ
2927 3150 3235 3224 ὀλοθρεύσει
3260 3149 3497 3220 Κύριος
3524 3168 3543 3200 ι
3577 3150 3607 3202 6
3635 3147 3693 3200 δὲ
3724 3145 3869 3219 Σύμ-

616 3289 636 3321 ί
678 3269 743 3323 Ει
776 3268 1049 3338 disperdet
1090 3268 1384 3331 Dominus;
1431 3284 1450 3317 ι
1488 3265 1825 3331 Theodotio,
1870 3283 1888 3316 ι
1929 3265 1993 3319 Ει
2028 3263 2179 3317 aufe-

613 3372 733 3427 ret,
786 3377 806 3413 ι
867 3360 922 3414 in
966 3357 1147 3413 futuro
1198 3358 1484 3422 dixerunt;
1540 3356 1695 3427 quasi
1742 3356 1883 3411 Deus
1929 3356 2043 3410 hanc
2092 3355 2176 3408 fa-

610 3462 796 3504 cturus
834 3449 936 3503 sit:
985 3462 1106 3516 quae
1143 3456 1268 3500 ante
1314 3457 1567 3501 eventum
1614 3444 1898 3515 praedicit,
1936 3454 1995 3497 ut
2028 3444 2180 3497 audi-

616 3552 760 3595 tores
788 3540 854 3594 ad
892 3539 1269 3609 paenitentiam
1303 3546 1579 3607 provocet,
1623 3552 1691 3593 ne
1736 3552 1858 3606 qua:
1886 3536 2180 3592 commina-

615 3642 702 3687 tur
742 3632 871 3701 ipsis
902 3631 1174 3686 eveniant.
1202 3630 1323 3687 Una
1369 3645 1530 3699 porro
1560 3629 1647 3685 die
1685 3644 1743 3684 se
1786 3630 2039 3699 praedicta
2067 3642 2181 3681 om-

616 3721 727 3786 nia,
766 3735 885 3790 quae
915 3720 1131 3789 quidem
1180 3718 1468 3789 perspicua
1526 3729 1693 3784 sunt,
1742 3718 2014 3773 facturum
2065 3733 2185 3771 esse

615 3810 767 3875 dicit,
815 3810 867 3863 id
920 3818 1024 3873 est,
1056 3824 1163 3863 uno
1199 3810 1503 3877 eodemque
1540 3818 1801 3878 tempore.
1843 3807 1979 3862 Cum
2006 3817 2182 3861 autem

616 3901 745 3955 dicit
786 3909 945 3970 caput
991 3910 1046 3955 et
1084 3899 1311 3955 caudam
1335 3939 1352 3966 ,
1399 3900 1619 3970 brutum
1651 3898 1857 3953 animal
1887 3898 2182 3969 signiﬁcat;

617 3992 669 4046 id
699 3969 896 4062 quippe
933 4006 1039 4047 non
1080 3991 1362 4046 hominum
1392 3969 1672 4060 proprium
1719 4000 1824 4057 est,
1873 3991 2015 4097 qqod
2058 4006 2187 4045 cau-

620 4083 743 4136 dam
800 4082 1053 4147 habeant,
1104 4084 1197 4139 sed
1249 4083 1531 4139 hrutorum
1579 4081 1892 4136 animalium
1920 4080 1945 4134 :'
1987 4080 2187 4151 quibus

621 4172 875 4243 populum
924 4173 1155 4228 similem
1207 4189 1327 4229 esse
1372 4174 1543 4227 dicit:
1603 4174 1688 4228 vel
1746 4182 1911 4244 caput
1956 4181 2011 4227 et
2056 4187 2187 4227 cau-

622 4266 774 4327 dam,
812 4263 1191 4318 rationabilem
1233 4274 1288 4317 et
1344 4262 1807 4329 irrationabilem;
1856 4262 2185 4333 principem,

621 4355 894 4410 subditum
942 4363 997 4409 et
1032 4354 1277 4410 ultimum
1317 4363 1512 4408 vocat:
1555 4354 1700 4425 quod
1748 4354 1910 4409 etiam
1966 4354 2048 4409 sic
2091 4353 2189 4409 de-

623 4446 856 4499 claravit
892 4446 1098 4511 dicens,
1141 4462 1163 4497 ι
1199 4460 1455 4515 magnum
1502 4454 1557 4500 et
1596 4460 1841 4515 parvum.
1878 4464 1897 4497 ι
1935 4444 2040 4500 Pro
2072 4446 2187 4509 illo,

2283 3268 2476 3322 μαχος,
2532 3267 2549 3298 ι
2592 3248 2703 3302 Kal.
2761 3243 3130 3317 ὲξολοθρεύσει
3179 3240 3415 3313 Κύριος·
3456 3260 3478 3294 ο
3532 3240 3562 3292 6
3591 3237 3867 3292 δὲΘεοδο-

2279 3344 2427 3405 τίων,
2453 3360 2471 3393 r
2496 3341 2606 3393 Kal
2630 3338 2842 3413 ἀφελεῖ,
2871 3356 2890 3389 ι
2928 3333 3264 3408 μελλητικῶς
3279 3335 3595 3404 είρήκασινιο
3624 3330 3704 3394 ὡς
3738 3329 3869 3401 μέλ-

2277 3433 2462 3496 λοντος
2498 3430 2673 3485 ταῦτα
2722 3431 2969 3500 ποιήσειν
3001 3426 3094 3481 τοῦ
3138 3425 3274 3479 Θεοῦ
3297 3442 3311 3455 ο
3346 3424 3383 3479 ἃ
3434 3425 3563 3496 πρὶν
3610 3421 3866 3492 γενέσθαι

2280 3524 2555 3596 προλέγει,
2583 3522 2931 3590 ἐπιστρέφων
2961 3523 3040 3583 είς
3074 3519 3361 3591 μετάνοιαν
3391 3519 3518 3581 τοὺς
3570 3516 3867 3588 ἀκροωμέο

2279 3636 2422 3683 νους,
2447 3617 2521 3681 ὡς
2550 3616 2617 3673 ἂν
2663 3616 2737 3691 μὴ
2765 3614 2991 3668 παθοιεν
3013 3614 3081 3667 τά
3107 3611 3475 3683 ἀπειλούμενα
3555 3610 3644 3663 Ἐν
3678 3609 3869 3681 ἡμέρα

2280 3711 2338 3763 δὲ
2371 3710 2470 3780 μιᾷ
2502 3724 2633 3780 φησι
2682 3708 2859 3763 πάντα
2918 3706 3169 3775 ποιήσειν
3208 3703 3280 3758 τὰ
3314 3701 3684 3776 προλεχθέντα
3713 3701 3870 3772 σαφῆ

2281 3798 2616 3867 τυγχάνοντα
2636 3814 2649 3829 ·
2679 3796 2955 3851 τουτέστιν
2982 3794 3068 3863 ὑφ’
3100 3794 3195 3848 ἕνα
3221 3796 3314 3847 καὶ
3342 3794 3433 3848 τὸν
3452 3790 3615 3847 αὑτὸν
3650 3792 3867 3861 καιρόν.

2282 3891 2539 3960 Κεφαλήν
2567 3890 2623 3943 δὲ
2650 3890 2742 3942 καὶ
2782 3890 2948 3960 οὐρὰν
2980 3887 3150 3942 εἰπὼν
3169 3926 3182 3951 ,
3213 3886 3431 3958 ᾐνίξατο
3464 3885 3602 3951 ζῶον
3629 3886 3826 3955 ἄλογον
3851 3900 3864 3915 ·

2283 3985 2344 4035 οὑ
2375 3983 2482 4051 γάρ
2507 3980 2808 4053 ἀνθρώπων
2840 3981 2989 4043 ἴδιον,
3018 3979 3157 4034 ἀλλὰ
3183 3979 3337 4045 ζώων
3365 3978 3573 4047 ἀλόγων
3604 3978 3664 4031 τὸ
3695 3978 3873 4048 οὐρὰν

2283 4074 2425 4144 ἔχειν
2451 4091 2464 4104 ο
2493 4069 2576 4137 οἷς
2622 4073 2712 4158 τὸν
2762 4073 2890 4127 λαὸν
2938 4073 3331 4141 ἀφωμοίωσεν·
3388 4071 3421 4141 ἢ
3479 4068 3720 4141 κεφαλὴν
3770 4070 3873 4127 καὶ

2284 4168 2471 4237 οὐρὰν,
2494 4167 2585 4220 τὸν
2614 4166 2827 4235 λογικὸν
2866 4166 2959 4218 καὶ
2982 4165 3042 4219 τὸ
3068 4164 3284 4233 ἄλογον,
3312 4164 3347 4235 ἢ
3382 4163 3474 4218 τὸν
3498 4164 3733 4234 ἄρχοντα
3770 4162 3868 4215 καὶ

2283 4259 2375 4312 τὸν
2420 4259 2739 4330 ἀρχόμενον,
2771 4258 2865 4311 καὶ
2897 4256 3158 4325 ἐσχατονο
3184 4254 3213 4308 δ
3272 4254 3337 4327 δὴ
3396 4256 3489 4309 καὶ
3538 4254 3871 4325 διεσάφησεν

2286 4350 2473 4413 είπὼν,
2514 4368 2532 4399 ι
2572 4350 2744 4420 μέγαν
2793 4350 2887 4401 καὶ
2925 4349 3139 4419 μικρόν.
3174 4366 3193 4398 ι
3258 4346 3390 4401 Αντὶ
3421 4346 3478 4399 δὲ
3505 4344 3624 4409 τοῦ,
3688 4363 3708 4396 ι
3733 4346 3865 4410 τοὺς

2284 4443 2352 4497 τά
2370 4441 2634 4516 πρόσωπα
2669 4440 3068 4511 θαυμάζοντας,
3105 4458 3123 4492 ι
3166 4441 3195 4492 6
3227 4438 3544 4509 Σύμμαχος,
3582 4456 3601 4489 ι
3634 4436 3730 4490 καί
3774 4438 3864 4491 al-

626 4556 647 4589 r
691 4537 782 4606 qui
821 4537 1001 4592 vultus
1056 4537 1421 4602 admirantur,
1463 4556 1482 4587 ι
1518 4536 1897 4608 Symmachus,
1946 4554 1963 4587 ι
2006 4544 2060 4589 et
2097 4551 2174 4591 ve-

2284 4534 2522 4605 ὂέσιμον,
2550 4553 2568 4585 ι
2599 4533 2927 4604 ἡρμήνευσε,
2955 4532 3064 4585 Kal.
3092 4526 3244 4593 οὗτος
3269 4526 3363 4583 οὖν
3392 4531 3421 4582 6
3459 4529 3738 4599 αίδέσιμος
3768 4530 3865 4583 καὶ

629 4628 957 4693 nerabilem,
1004 4646 1024 4684 ι
1064 4628 1458 4699 interpretatus
1495 4639 1597 4682 est.
1654 4627 1752 4681 Hic
1791 4642 1918 4697 ergo
1966 4642 2189 4681 venera-

628 4718 753 4772 bilis
783 4727 834 4773 et
862 4732 1050 4784 senex,
1082 4730 1243 4787 caput
1279 4733 1402 4775 esse
1442 4726 1650 4787 potest;
1684 4719 1854 4771 cauda
1908 4731 2038 4771 vero
2067 4732 2190 4786 pro-

2282 4628 2311 4679 6
2334 4624 2642 4696 πρεσδύτης
2669 4624 2892 4677 δύναται
2920 4620 3057 4676 εἶναι
3096 4625 3129 4694 ή
3174 4622 3416 4690 κεφαλή·
3467 4623 3500 4692 ὴ
3556 4621 3613 4675 δὲ
3650 4621 3789 4693 οὐρὰ
3832 4621 3862 4673 6

2283 4712 2546 4773 διδάσκων
2574 4717 2750 4787 ἄνομα
2780 4717 3086 4786 προφήτης,
3127 4714 3291 4767 οἱονεὶ
3323 4713 3517 4781 ἀλόγου
3541 4711 3679 4777 ζὼου
3702 4713 3867 4784 ἐσχα-

618 4808 785 4878 pheta
821 4808 914 4879 qui
966 4808 1152 4879 iniqua
1200 4807 1379 4874 docet,
1424 4809 1517 4878 qui
1550 4807 1704 4877 quasi
1760 4807 1904 4862 bruti
1943 4807 2174 4861 animali:

2286 4824 2376 4861 τον
2408 4806 2565 4879 μέλος
2594 4806 2874 4878 ὑπάρχων.
2910 4804 3392 4875 Ἀφαιρεθήσεσθαι
3413 4806 3591 4859 τοίνυν
3619 4805 3865 4870 τούτους,

628 4904 872 4957 ultimum
910 4905 1213 4961 membrum
1264 4912 1363 4959 est.
1403 4901 1511 4957 Hos
1555 4904 1721 4970 igitur
1758 4904 1827 4958 de
1880 4904 2057 4959 medio
2103 4904 2197 4957 tol-

2285 4900 2380 4953 καὶ
2412 4898 2957 4970 ὲξολοθρευθήσεσθαι
2984 4899 3074 4969 ὑφ’
3110 4898 3204 4951 ἕνα
3238 4897 3427 4969 καιρὸν
3459 4900 3487 4951 6
3510 4897 3667 4965 λόγος
3701 4898 3865 4951 ἀπει-

628 4992 844 5056 lendus,
901 5002 1065 5062 atque
1132 5006 1239 5046 uno
1306 4998 1548 5057 tempore
1591 4992 2034 5047 exterminandos
2074 5005 2195 5049 esse
2289 4990 2386 5044 λεί.

629 5083 1023 5139 interminatur.

701 5172 864 5229 Vsus.
890 5174 975 5229 18.
1013 5193 1031 5226 ι
1072 5174 1139 5229 Ει
1167 5178 1524 5232 succendetur
1549 5175 1701 5245 quasi
1725 5175 1863 5244 ignis
1887 5174 2145 5244 iniquitas
2174 5193 2187 5228 :

629 5275 682 5319 ct
710 5268 863 5335 quasi
912 5282 1134 5337 gramen
1182 5268 1385 5322 siccum
1442 5268 1790 5322 devorabitur
1831 5267 1899 5322 ab
1951 5267 2092 5335 igne.
2128 5264 2193 5319 Et

630 5356 983 5411 succendetur
1001 5358 1051 5410 in
1074 5357 1423 5414 densitatibus
1446 5358 1635 5423 saltus,
1650 5366 1702 5412 et
1718 5357 1994 5411 devorabit
2010 5355 2190 5410 omnia

634 5462 752 5514 qnze
784 5448 987 5502 circum
1011 5447 1173 5503 colles
1199 5458 1345 5504 sunt.
1388 5468 1408 5503 ι
1447 5451 1517 5505 Se
1560 5458 1617 5503 ut
1650 5451 1847 5505 bonum
1882 5449 2188 5503 animarum

637 5539 944 5607 agricolam,
969 5541 1083 5596 haec
1109 5540 1251 5595 factu
1262 5558 1376 5595 rum
1395 5559 1515 5598 esse
1532 5542 1888 5597 comminatur
1909 5542 2188 5605 Dominus;

641 5647 697 5683 ιιι
722 5631 974 5696 iniquitas
1005 5648 1192 5689 eorum
1234 5634 1474 5688 deleatur
1511 5634 1683 5687 instar
1710 5634 1889 5688 herba:
1927 5631 2193 5688 silvestris

638 5723 701 5774 ab
728 5722 847 5787 igne
872 5721 1181 5792 absumpm.

716 5811 877 5869 Vsus.
918 5812 1101 5871 ιιι-ιιι.
1143 5833 1160 5867 ι
1188 5814 1409 5884 Propter
1434 5816 1665 5870 furorem
1693 5816 1783 5871 ira:
1812 5815 2016 5872 Domini
2048 5832 2195 5871 com-

2372 5193 2390 5225 ι
2432 5174 2539 5226 Ka‘t
2560 5172 2895 5242 καυθήσεται
2924 5170 2998 5234 ὡς
3028 5170 3139 5240 πῦρ
3163 5172 3195 5240 ή
3218 5169 3439 5239 ἀνομία,
3471 5170 3563 5222 καὶ
3585 5169 3659 5231 ὡς
3689 5169 3864 5239 ἄγρω-

2297 5282 2412 5328 στις
2450 5264 2591 5337 ξηρά
2629 5263 2966 5334 βρωθήσεται
3005 5263 3111 5316 ὑπὸ
3148 5263 3339 5333 πυρός.
3376 5263 3486 5315 Kal.
3528 5262 3862 5331 καυθήσεται

2295 5360 2353 5411 ὲν
2383 5362 2493 5422 τοῖς
2522 5358 2711 5419 δάσεσι
2735 5355 2829 5418 τοῦ
2858 5356 3086 5428 δρυμοῦ,
3125 5358 3219 5408 καὶ
3266 5353 3749 5423 συγκαταφάγεται
3797 5355 3865 5409 τὰ

2297 5451 2477 5520 κύκλῳ
2506 5449 2613 5503 τῶν
2652 5448 2852 5517 βουνῶν
2882 5449 3077 5507 πάντα.
3120 5467 3137 5498 ι
3170 5449 3423 5518 Ποιήσειν
3456 5446 3513 5499 δὲ
3560 5445 3753 5510 ταῦτα,
3790 5448 3863 5510 ὡς

2295 5543 2497 5611 ἀγαθὸς
2523 5540 2708 5611 ψυχῶν
2746 5541 3007 5610 γεωργὸς,
3042 5542 3070 5591 6
3102 5540 3305 5610 Κύριος
3337 5537 3579 5591 ἀπειλεῖ·
3622 5539 3708 5591 ἵνα
3739 5542 3770 5608 ἡ
3809 5541 3864 5592 ὲν

2297 5637 2477 5698 αὐτοῖς
2525 5634 2722 5703 ἀνομία
2767 5633 3036 5703 ἀφανισθῇ
3084 5632 3237 5704 δίκην
3287 5630 3585 5703 ὑλομανοῦς
3637 5632 3862 5701 βοτάνης,

2300 5725 2401 5777 ὑπὸ
2436 5723 2603 5794 πυρὸς
2638 5721 3088 5791 άναλισκομένης.

2376 5830 2393 5863 ι
2436 5811 2530 5864 Διὰ
2561 5811 2728 5882 θυμὸν
2760 5810 2925 5880 ὀργῆς
2956 5812 3155 5881 Κυρίου
3189 5810 3554 5879 συγκέκαυται
3576 5810 3609 5878 ἡ
3646 5808 3718 5878 γῆ
3748 5807 3863 5877 ὅλη,
