4042 6386
188 422 290 475 157

179 540 273 590 καὶ
324 536 481 588 ἐσται
526 537 555 589 ό
604 534 731 595 λαὸς
772 532 847 595 ὡς
896 530 1378 599 κατακεκαυμένος
1428 529 1533 581 ὑπὸ
1576 525 1769 598 πυρός.

106 646 109 647 ⁷
181 628 509 701 Ἄνθρωπος
542 628 633 680 τὸν
665 625 891 692 ἀδελφὸν
925 622 1088 677 αὑτοῦ
1123 624 1221 675 οὐκ
1249 622 1479 691 ἐλεήσει’
1514 620 1650 672 ἀλλά
1677 620 1769 670 ἐκ-

179 722 358 773 κλννεῖ
387 721 468 783 είς
496 718 566 771 τά
596 717 763 780 δεξιὰ,
794 717 876 768 ὅτι
911 715 1155 767 πεινάσει
1182 715 1275 766 καὶ
1306 713 1538 780 φάγεται
1572 713 1635 762 ἐκ
1664 709 1772 761 τῶν

176 812 511 883 ἀριστερῶν,
566 811 661 862 καὶ
711 811 773 861 ού
824 808 897 879 μὴ
944 806 1230 877 ἐμπλησθῇ
1266 804 1554 875 ἄνθρωπος
1601 802 1773 854 ἔσθων

173 904 276 965 τὰς
314 904 524 973 σάρκας
556 900 650 953 τοῦ
696 900 978 970 βραχίονος
1012 897 1199 950 αὑτοῦ.
1236 898 1475 964 Φάγεται
1508 895 1617 967 γάρ
1650 896 1773 948 Μα-

174 989 390 1058 νασσῆς
423 988 517 1041 τοῦ
565 988 825 1059 Ἐφραίμ,
854 988 948 1039 καὶ
983 986 1221 1057 Ἐφραῒμ
1250 987 1341 1038 τοῦ
1370 986 1661 1055 Μανασσῆ,
1692 988 1773 1039 ὅτι

174 1080 301 1149 ἅμα
331 1079 756 1149 πολιορκήσουσι
784 1078 875 1131 τὸν
910 1077 1133 1130 Ἰούδαν.
1184 1079 1307 1129 Ἐπὶ
1347 1077 1558 1139 τούτοις
1609 1080 1776 1131 πᾶσιν

173 1174 279 1225 οὐκ
317 1172 646 1242 ἀπεστράφη
691 1174 719 1224 ό
764 1171 955 1242 θυμὸς,
991 1170 1103 1224 ἀλλ’
1140 1169 1220 1222 ἔτι
1269 1172 1301 1239 ή
1344 1170 1463 1241 χεὶρ
1504 1168 1704 1241 ὑψηλή.
1753 1188 1771 1220 ›

184 1265 282 1326 Ὠς
319 1263 692 1332 ἐπαναστῆναι
732 1261 959 1330 ἀδελφὸν
1005 1259 1249 1331 ἀδελφῷ,
1285 1262 1379 1313 καὶ
1426 1259 1633 1330 μηδένα
1680 1260 1776 1312 τοῦ

176 1356 357 1417 πέλας
389 1354 685 1422 φείσασθαι
712 1371 725 1383 ·
761 1354 969 1416 πάντας
1001 1352 1056 1405 δὲ
1087 1352 1337 1423 ἀλλήλοις
1371 1352 1680 1423 χρήσασθαι
1703 1353 1779 1416 ὡς

174 1448 505 1517 πολεμίοις’
551 1447 740 1510 ὡςέίς
779 1444 1034 1498 τοσοῦτον
1079 1445 1295 1498 ἐλάσειν
1333 1445 1780 1515 ἀναφλεγομένην

176 1543 372 1603 αὐτοῖς
417 1540 516 1611 τὴν
556 1538 695 1609 πρὸς
727 1538 979 1607 ἀλλήλοις
1013 1538 1222 1603 στάσιν,
1256 1539 1351 1592 καὶ
1382 1539 1475 1591 τὸν
1512 1538 1780 1610 ἐμφύλιον

175 1632 447 1702 πόλεμον,
475 1631 552 1694 ῶς
580 1631 673 1684 καὶ
704 1631 803 1693 τάς
824 1629 917 1682 δύο
943 1630 1136 1698 φυλάς,
1159 1630 1259 1700 τὴν
1283 1628 1379 1683 τοῦ
1417 1631 1657 1702 Ἑφραῖμ
1686 1630 1782 1685 καὶ

174 1722 279 1792 τὴν
303 1720 398 1775 τοῦ
424 1720 718 1791 Μανασσῆ,
746 1719 806 1785 ἐξ
839 1720 955 1784 ἐνὸς
987 1720 1192 1791 πατρὸς
1216 1722 1513 1793 γενομένας
1536 1723 1630 1775 τοῦ
1672 1724 1783 1777 Ἰω-

179 1817 317 1885 σὴφ,
362 1815 470 1867 ὑπὸ
505 1812 605 1883 τὴν
646 1812 818 1883 αὐτὴν
866 1814 1025 1878 ὄντας
1062 1813 1361 1884 βασιλείαν,
1412 1816 1541 1885 μίαν
1579 1815 1636 1869 δὲ
1687 1816 1783 1869 καὶ

177 1908 281 1976 τὴν
311 1906 485 1977 αὐτὴν
534 1905 690 1958 πόλιν
727 1905 1009 1969 οἰκοῦντας
1032 1906 1367 1977 Σαμάρειαν,
1394 1906 1653 1978 ἀλλήλαις
1688 1908 1784 1959 ἐπ-

179 1996 511 2069 αναστῆναι,
541 1998 636 2050 καὶ
661 1998 787 2059 τοὺς
821 1996 1063 2065 ἀλλήλων
1092 1997 1381 2069 βραχίονας
1412 2001 1778 2067 καταφαγεῖν·

184 2092 391 2163 μηκέτι
444 2091 542 2161 μὲν
597 2088 955 2159 σχολάζοντας
993 2089 1072 2159 τῷ
1116 2090 1255 2143 κατά
1323 2090 1487 2144 Ἰούδα
1540 2091 1780 2161 πολέμῳ,

186 2183 327 2252 μηδὲ
359 2184 430 2253 τῇ
460 2180 750 2252 πολιορκίᾳ
780 2180 880 2251 τῆς
918 2181 1295 2261 Ἰερουσαλὴμ,
1331 2180 1453 2233 καθ’
1488 2181 1696 2234 ἑαυτῶν
1726 2182 1784 2233 δὲ

181 2275 567 2345 ἀκονήσαντας
584 2273 653 2326 τά
676 2272 883 2327 ἑαυτῶν
900 2272 1051 2344 ξίφη,
1074 2274 1300 2336 ἑαυτοὺς
1320 2273 1782 2345 διαχειρίσασθαι,

185 2366 283 2421 καὶ
313 2366 377 2431 ἐξ
405 2364 713 2437 ἀνθρώπων
738 2366 1017 2432 ἀφανίσαι.

740 2459 1139 2512 ΚΕΦΑΛΑΙΟΝ
1180 2461 1235 2514 l'.

264 2573 282 2604 ι
327 2551 469 2606 Οὐαὶ
507 2553 624 2613 τοῖς
675 2550 948 2621 γράφουσι
990 2550 1273 2621 πονηρίαψ
1324 2550 1630 2621 γράφοντες
1677 2550 1786 2623 γὰρ

187 2645 464 2715 πονηρίαν
526 2642 851 2713 γράφουσιν⁸
902 2642 1245 2706 ἐκκλίνοντες
1290 2644 1471 2714 κρίσιν
1530 2643 1782 2713 πτωχῶν,

190 2733 537 2807 ἁρπάζοντες
570 2733 747 2802 κρῖμα
770 2732 1018 2802 πενήτων
1038 2730 1135 2784 τοῦ
1164 2730 1297 2786 λαοῦ
1329 2749 1452 2802 μου·
1479 2731 1619 2786 ὥστε
1646 2729 1786 2786 εἶναι

190 2825 382 2887 αὐτοῖς
416 2825 593 2894 χήραν
621 2822 701 2885 είς
730 2820 1059 2893 διαρπαγὴν,
1096 2824 1191 2877 καὶ
1216 2824 1453 2895 ὀρφανὸν
1485 2826 1565 2887 είς
1594 2842 1787 2895 προνο-

195 2919 325 2990 μήν.
370 2934 391 2967 ι
440 2913 550 2968 Τοῦ
598 2914 931 2984 καλουμένου
962 2910 1057 2968 οῦν
1112 2916 1349 2989 Ἰσραὴλ,
1383 2918 1528 2986 λέγω
1574 2919 1639 2990 δὴ
1692 2920 1787 2972 τοῦ

194 3008 328 3063 λαοῦ
350 3008 466 3062 τῶν
510 3006 777 3061 Ἰουδαίων
810 3008 869 3060 ἐν
904 3007 1191 3079 Σαμαρείᾳ
1218 3007 1660 3080 βασιλευομένου,
1696 3014 1789 3065 καὶ

189 3100 368 3154 ταῦτα
393 3098 534 3171 πρὸς
558 3101 672 3161 τοῖς
695 3098 984 3169 προτέροις
1014 3101 1042 3151 ὁ
1063 3098 1256 3171 παρὼν
1278 3100 1435 3169 λόγος
1468 3106 1787 3174 κατηγορεῖ,

194 3196 425 3253 φάσκων
464 3190 661 3252 αὐτοὺς
692 3188 831 3260 πρὸς
864 3186 981 3260 ἔριν
1012 3190 1106 3243 καὶ
1152 3190 1489 3258 φιλονεικίαν
1530 3191 1639 3243 τῶν
1690 3192 1788 3256 τὰς

192 3284 419 3355 ἀληθεῖς
462 3282 559 3335 τοῦ
604 3282 740 3335 Θεοῦ
788 3280 1126 3352 προφητείας
1172 3282 1644 3352 παραγραφόντων
1692 3281 1791 3345 τάς

195 3372 706 3445 ψευδοπροφητείας
728 3371 1061 3426 συντάττειν.
1086 3366 1270 3426 Ἦσαν
1297 3372 1449 3441 γοῦν,
1482 3369 1623 3444 ἦσαν
1657 3374 1792 3445 ψευ-

196 3468 540 3539 δοπροφῆται
587 3466 849 3531 πλεῖστοι,
897 3466 1011 3519 ὅσοι
1059 3467 1118 3519 ἐν
1170 3464 1250 3536 τῷ
1312 3467 1531 3538 Ἰσραὴλ
1574 3468 1793 3522 ἐναντία

198 3561 588 3631 φθεγγόμενα,
619 3559 713 3613 καὶ
737 3559 956 3613 ἐναντία
986 3558 1290 3629 γράφοντες
1317 3563 1428 3621 τοῖς
1453 3560 1677 3631 ἀληθέσι
1696 3559 1793 3615 τοῦ

198 3651 334 3706 Θεοῦ
356 3652 689 3723 προφήταις.
720 3651 785 3703 Οἱ
805 3649 861 3703 δὲ
878 3650 1032 3703 αὐτοὶ
1051 3651 1145 3703 καὶ
1166 3650 1490 3722 συγγραφὰς
1515 3651 1796 3709 ἐποιοῦντο

202 3745 575 3817 παρανόμους,
616 3744 712 3798 καὶ
755 3743 937 3814 πάσης
982 3744 1249 3814 πονηρίας
1286 3745 1518 3814 μεστάς·
1558 3746 1796 3819 πένητας

200 3837 454 3909 οἰκτροὺς
479 3835 961 3899 κατεδυνάστευον,
987 3836 1294 3906 βιαζόμενοί
1323 3854 1380 3889 τε
1411 3838 1796 3895 ἐπλεονέκτουν

200 3928 605 4000 ἀπεριστάτους
647 3928 917 3999 ὀρφανοὺς
947 3928 1041 3979 καὶ
1086 3928 1283 3997 χήρας.
1330 3928 1619 3992 Τοιούτους
1658 3928 1700 3981 δ’
1731 3929 1796 3983 ἂν

200 4020 379 4084 εἴποις
404 4021 502 4074 καὶ
533 4019 661 4081 τοὺς
689 4018 776 4072 διὰ
819 4018 1111 4090 μοχθηρῶν
1146 4019 1599 4090 συγγραμμάτων
1631 4020 1798 4073 είσέτι

202 4114 296 4167 καὶ
321 4112 423 4167 νῦν
447 4110 873 4182 διαστρέφοντας
901 4110 1010 4163 τῶν
1037 4110 1443 4183 ἀκεραιοτέρων
1464 4111 1563 4174 τὰς
1596 4112 1795 4182 ψυχάς.

279 4224 299 4258 ι
345 4204 460 4258 Καὶ
485 4204 538 4256 τί
570 4204 888 4274 ποιήσουσιν
912 4205 971 4257 ἐν
1011 4205 1077 4274 τῇ
1111 4204 1297 4274 ἡμέρᾳ.
1325 4204 1423 4275 τῆς
1456 4206 1796 4276 ἐπιοκοπῆς;

204 4300 241 4369 ή
267 4297 380 4369 γὰρ
412 4296 593 4366 θλίψις
622 4297 752 4367 ὑμῖν
779 4296 1064 4368 πόρρωθεν
1089 4295 1228 4367 ἥξει.
1262 4297 1372 4351 Καὶ
1398 4299 1534 4368 πρὸς
1557 4298 1674 4352 τίνα
1708 4315 1802 4351 κα-

202 4389 545 4460 ταφεύξεσθε
562 4388 657 4441 τοῦ
684 4388 1049 4460 βοηθηθῆναι;
1079 4390 1175 4443 καὶ
1200 4387 1302 4443 ποῦ
1326 4389 1680 4459 καταλείψετε
1702 4389 1800 4462 τὴν

202 4483 363 4549 δόξαν
382 4482 559 4553 ὑμῶν,
582 4481 676 4535 τοῦ
701 4482 777 4552 μὴ
792 4484 1056 4553 ἐμπεσεῖν
1082 4485 1163 4546 είς
1188 4484 1525 4555 ἀπαγωγήν;
1560 4503 1578 4535 ι
1621 4484 1801 4542 Ἀπει-

1163 406 1669 467 COMMENTARIA
1710 403 1775 459 lN
1817 400 2076 457 ISAIAM.
2121 426 2188 438 -—
2226 390 2378 448 CAP.
2422 385 2489 441 X.

1802 529 1849 584 Α
1879 522 2035 571 busta
2073 524 2158 567 est
2187 509 2441 565 universa
2479 511 2645 561 terra,
2665 503 2719 549 et
2748 492 2856 547 erit
2897 487 3126 558 populus
3154 483 3309 553 quasi
3343 496 3467 536 suc-

3361 368 3465 424 158

1876 622 2071 663 census
2094 607 2161 657 ab
2191 604 2334 671 igne.
2371 597 2541 650 llmno
2567 588 2755 643 fratris
2782 585 2864 638 sui
2909 596 3017 635 non
3071 574 3419 631 miserebitur
3452 588 3467 625 2

1875 701 1971 756 sed
2007 694 2303 751 declinabit
2332 690 2399 743 ad
2430 687 2735 743 dexteram,
2773 676 2898 746 quia
2934 673 3158 733 esuriet,
3195 679 3249 721 et
3281 680 3465 721 come-

1876 791 2017 843 deta
2058 782 2317 845 sinistris,
2352 788 2538 832 etnon
2577 768 2917 826 saturabitur
2964 764 3126 817 homo
3172 757 3465 812 comedens

1876 894 2071 937 carnes
2147 870 2354 929 brachii
2433 866 2536 919 sui.
2610 857 2909 915 Devorabit
2966 855 3113 906 enim
3187 847 3466 901 Manasses

1878 969 2156 1042 prraim,
2193 976 2250 1020 et
2278 959 2537 1032 Ephraim
2590 954 2903 1011 Manassen,
2944 944 3073 1015 quia
3108 938 3268 995 simul
3321 935 3468 989 obsi-

1878 1030 2079 1119 debunt
2104 1030 2335 1113 ludam.
2366 1055 2425 1107 In
2457 1050 2542 1104 liis
2572 1044 2826 1102 omnibus
2859 1056 2967 1093 non
3002 1048 3197 1090 aversa
3235 1041 3318 1085 est
3347 1030 3426 1083 ira
3449 1066 3469 1092 ,

1879 1158 1971 1211 sed
2005 1154 2182 1207 adhuc
2219 1160 2414 1202 manus
2444 1141 2685 1198 excelsa.
2732 1155 2751 1189 ι
2787 1135 2866 1189 lta
2907 1141 2967 1186 ut
2998 1130 3245 1197 insurgat
3298 1124 3469 1176 frater

1881 1248 1934 1302 in
1960 1247 2205 1305 fratrem,
2242 1254 2309 1293 ac
2345 1248 2505 1291 nemo
2538 1230 2788 1301 proximo
2819 1240 2919 1282 suo
2967 1230 3160 1291 parcat
3194 1235 3206 1271 :
3243 1228 3469 1270 omnes-

1880 1354 1989 1410 que
2017 1346 2202 1391 mutuo
2235 1337 2402 1401 agant
2424 1336 2483 1381 ut
2518 1324 2757 1385 inimici,
2785 1321 2859 1374 ita
2888 1326 2947 1370 ut
2973 1322 3161 1371 coorta
3191 1319 3245 1365 et
3273 1308 3475 1361 ardens

1884 1404 2028 1484 inter
2080 1434 2341 1492 utrosque
2399 1417 2621 1480 seditio,
2663 1424 2718 1466 et
2751 1409 2913 1466 civile
2974 1404 3175 1461 bellum
3204 1415 3269 1454 eo
3300 1410 3474 1466 usque

1881 1520 2081 1586 veniat,
2110 1526 2169 1570 ut
2191 1516 2309 1569 duae
2338 1511 2441 1565 illze
2482 1507 2654 1562 tribus
2679 1501 2936 1573 Ephraim
2967 1508 3023 1551 et
3054 1492 3363 1553 Manasses,
3404 1500 3473 1541 ex

1884 1627 1992 1669 uno
2019 1582 2172 1681 patre
2193 1605 2395 1675 Ioseph
2417 1612 2578 1663 ortae,
2609 1612 2676 1651 ac
2723 1593 2825 1650 sub
2850 1590 3041 1647 eodem
3070 1597 3237 1654 regno
3268 1582 3474 1681 degen-

1886 1717 1987 1767 tes,
2016 1668 2180 1771 atque
2211 1713 2376 1753 unam
2404 1692 2769 1759 eamdemque
2799 1684 2989 1739 urbem
3046 1675 3351 1732 incolentes
3373 1668 3476 1724 Sa-

1888 1794 2141 1856 mariam,
2166 1800 2357 1845 contra
2394 1801 2454 1841 se
2489 1792 2676 1838 mutuo
2714 1779 3023 1846 insurgant,
3052 1785 3117 1826 ac
3146 1764 3372 1823 brachia
3393 1762 3477 1817 in-

1886 1888 2058 1941 vicem
2087 1884 2370 1945 devorent,
2405 1876 2545 1932 bello
2572 1883 2764 1930 contra
2793 1868 2991 1924 ludam
3048 1860 3354 1924 inferendo,
3412 1868 3481 1909 ae

1884 1978 2152 2034 obsidioni
2181 1970 2593 2039 Hierosolyma,
2613 1980 2718 2019 non
2746 1962 2885 2018 ultra
2904 1965 3187 2018 vacantes,
3216 1950 3313 2007 sed
3339 1963 3479 2004 con-

1887 2084 1971 2127 tra
2002 2086 2061 2126 se
2092 2080 2281 2123 mutuo
2302 2065 2512 2136 gladios
2538 2069 2821 2123 acuentes,
2846 2064 2906 2111 ut
2924 2069 2986 2110 se
3009 2050 3323 2107 vulneribus
3346 2060 3482 2101 con-

1885 2164 2073 2219 ficiant
2094 2176 2157 2215 ac
2176 2158 2412 2214 deleant.

2505 2446 2739 2505 CAPUT
2776 2444 2850 2503 Χ.

1962 2562 2126 2617 Vens.
2167 2557 2288 2613 1-2.
2347 2574 2368 2608 ι
2408 2555 2502 2612 Vae
2556 2549 2927 2609 scribentibus
2976 2542 3293 2600 malitiam:
3352 2552 3482 2594 nam

1888 2655 2213 2716 scribentes,
2248 2648 2513 2704 malitiam
2534 2644 2783 2700 scribunt
2809 2659 2823 2694 :
2855 2638 3191 2695 declinantes
3217 2634 3484 2711 judicium

1891 2759 2213 2815 pauperum,
2251 2740 2527 2811 rapientes
2554 2735 2819 2805 judicium
2858 2732 3081 2800 inopum
3116 2725 3301 2797 populi
3326 2722 3434 2779 mei
3463 2741 3482 2789 ς

1890 2838 1964 2891 ita
1997 2846 2057 2889 ut
2085 2834 2155 2890 sit
2192 2833 2298 2888 illis
2338 2831 2503 2885 vidua
2530 2830 2585 2884 in
2629 2827 2895 2897 rapinam,
2921 2831 2978 2876 et
2998 2819 3281 2888 orphanus
3311 2818 3365 2871 in
3395 2816 3482 2871 di—

1892 2928 2219 2996 reptionem.
2255 2943 2274 2977 ι
2312 2923 2467 2977 Illum
2499 2920 2761 2976 lsraelem
2795 2916 3030 2979 dictum,
3075 2910 3332 2965 videlicet
3384 2904 3484 2964 Ju-

1893 3020 2107 3075 daicum
2135 3015 2392 3088 populum
2440 3027 2608 3084 regno
2651 3006 2924 3065 Samaria:
2961 3004 3261 3067 subditum,
3292 3003 3361 3057 de
3399 3000 3490 3056 bis

1893 3114 2044 3175 item,
2085 3119 2282 3181 praeter
2312 3121 2376 3161 ea
2405 3119 2526 3175 quae
2553 3101 2805 3173 superius
2858 3106 3159 3155 memorata
3183 3102 3332 3158 sunt,
3387 3106 3485 3148 ac-

1894 3212 2048 3259 cusat
2079 3201 2389 3269 Scriptura,
2420 3196 2630 3259 dicens,
2658 3208 2753 3248 eos
2776 3194 2845 3248 ob
2862 3189 3263 3246 contentionem
3281 3196 3338 3241 et
3365 3184 3486 3239 dis-

1894 3288 2257 3363 ceptationem
2308 3303 2521 3353 eorum,
2550 3286 2643 3356 qui
2674 3298 2833 3340 veras
2862 3282 2957 3338 Dei
2984 3279 3298 3352 prophetias
3331 3275 3488 3331 adul-

1898 3385 2169 3449 terabant,
2209 3380 2347 3435 falsa
2381 3376 2643 3433 vaticinia
2673 3372 3041 3431 comminisci.
3081 3370 3249 3423 Erant
3276 3370 3483 3437 itaque,

1896 3486 2055 3533 erant
2101 3472 2596 3545 pseudoprOpbeta:
2643 3467 2820 3534 multi,
2872 3468 2924 3520 in
2959 3463 3160 3520 lsraele
3208 3460 3486 3516 contraria

1896 3569 2180 3639 loquentes
2212 3574 2266 3621 et
2288 3564 2565 3619 contraria
2619 3561 2926 3615 scribentes
2976 3558 3065 3621 iis,
3100 3571 3219 3624 qua:
3248 3553 3359 3608 veri
3391 3550 3486 3606 Dei

1897 3660 2174 3730 propheta:
2213 3656 2520 3710 tradebant.
2549 3652 2717 3706 iidem
2750 3662 2882 3703 vero
2914 3648 3015 3730 ipsi
3041 3646 3243 3715 scripta
3277 3641 3489 3697 nefaria

1898 3728 2153 3815 edebant,
2182 3757 2236 3804 et
2260 3746 2413 3803 omni
2458 3744 2816 3815 improbitate
2856 3728 3063 3797 referta
3100 3755 3114 3792 :
3152 3739 3203 3789 in
3254 3736 3493 3789 miseros

1898 3856 2167 3913 pauperes
2202 3839 2538 3894 dominatum
2574 3836 2931 3899 exercebant,
2983 3847 3048 3887 ac
3097 3829 3367 3886 violenter
3392 3843 3489 3882 su-

1901 3933 2177 4001 perbeque
2207 3932 2443 3999 agebant
2470 3928 2522 3981 in
2552 3928 2830 3997 orplianos
2858 3934 2913 3978 et
2944 3922 3137 3977 viduas
3187 3918 3491 3989 patrocinio

1900 4035 2173 4083 carentes.
2212 4022 2371 4078 Tales
2394 4024 2522 4077 item
2554 4023 2765 4078 dixeris
2787 4036 2903 4086 eos,
2945 4018 3036 4088 qui
3070 4018 3235 4073 hodie
3270 4030 3494 4087 perver-

1900 4120 1976 4174 sis
2006 4116 2227 4187 scriptis
2258 4114 2651 4185 simpliciorum
2683 4112 2897 4166 animas
2929 4120 3201 4165 evertunt.

1973 4208 2136 4262 Vens.
2172 4206 2292 4259 5-4.
2334 4222 2354 4257 ι
2394 4204 2459 4259 Et
2479 4206 2607 4274 quid
2634 4204 2838 4258 facient
2870 4203 2923 4256 iu
2979 4202 3067 4255 die
3109 4196 3490 4254 visitationis?

1900 4317 2027 4357 nam
2053 4301 2326 4355 tribulatio
2366 4299 2519 4353 vobis
2550 4313 2581 4352 e
2606 4298 2900 4367 longinquo
2930 4295 3130 4350 veniet.
3158 4293 3223 4347 Et
3245 4292 3311 4346 ad
3338 4292 3493 4363 cujus

1902 4394 2162 4448 auxilium
2214 4390 2580 4461 confugietis?
2614 4388 2672 4443 Et
2733 4388 2823 4442 ubi
2886 4386 3208 4455 relinquetis
3257 4382 3487 4455 gloriam

1901 4500 2160 4551 vestram,
2196 4500 2263 4540 ne
2284 4486 2495 4539 cadatis
2526 4486 2576 4538 in
2602 4478 3022 4537 abductionmnl
3054 4498 3071 4531 ι
3111 4477 3493 4533 Cnmminatur

206 4574 289 4628 λεῖ
312 4574 494 4629 τοίνυν
520 4574 749 4637 ἐκείνοις
774 4575 800 4626 ό
824 4574 1164 4645 προφητικὸς
1186 4575 1343 4644 λόγος
1369 4576 1612 4645 φάσκων·
1642 4599 1660 4629 ι
1687 4578 1788 4631 Καὶ

1903 4596 2033 4651 ergo
2069 4580 2138 4633 iis
2166 4578 2516 4649 prepheticus
2562 4590 2743 4630 sermo
2794 4574 3025 4627 dicens:
3067 4589 3084 4621 ι
3127 4569 3193 4622 Ει
3221 4567 3351 4637 quid
3407 4565 3489 4620 fa-

204 4668 256 4721 τί
287 4668 609 4737 ποιήσουσιν
640 4666 698 4719 ἐν
726 4669 792 4737 τῇ
826 4666 1010 4738 ἡμέρᾳ
1024 4666 1123 4736 τῆς
1142 4667 1502 4737 ἐπισκοπῆς,ι
1524 4668 1647 4722 καθ’
1674 4670 1740 4740 ἢν
1770 4671 1803 4743 ἡ

209 4759 391 4829 θλίψις
420 4760 515 4813 καὶ
546 4760 578 4829 ή
611 4758 752 4812 κατὰ
779 4760 987 4813 τούτων
1017 4760 1155 4833 ὀργὴ
1182 4760 1465 4833 πόρρωθεν
1491 4760 1646 4832 ἥξεις
1680 4766 1803 4819 Μα-

211 4852 354 4923 κράν
382 4852 495 4924 γάρ
528 4846 694 4905 οὖσαν
729 4852 900 4923 αὐτήν
920 4869 1077 4922 φησι,
1106 4852 1196 4906 διὰ
1226 4852 1289 4904 τὸ
1319 4853 1717 4908 ἀπελαύνεσθαι
1746 4855 1805 4923 ἐξ

208 4943 346 5015 ἐμοῦ
364 4943 461 4996 τοῦ
480 4942 635 4996 Θεοῦ·
651 4944 826 5015 ὑμεῖς,
844 4938 890 4997 ὦ
920 4940 1086 5007 οῦτοι,
1104 4945 1238 5016 πρὸς
1256 4944 1349 5008 οῦς
1366 4947 1536 5000 ταῦτα
1569 4948 1804 5017 λέγεται,

210 5037 403 5107 ὥσπερ
440 5034 749 5107 βιαζόμενοι
791 5037 913 5090 καθ’
948 5037 1156 5091 ἑαυτῶν
1188 5039 1359 5109 αὐτὴν
1392 5040 1797 5094 ἐπεσπάσασθε·

208 5125 277 5201 ἧς
309 5126 667 5199 ἐπελθούσης,
697 5128 788 5181 ἐπὶ
815 5130 937 5183 τίνα
970 5130 1273 5199 καταφεύξε
1286 5130 1377 5185 σθε
1398 5132 1493 5185 τοῦ
1526 5132 1799 5204 βοηθηθῆ-

210 5239 330 5285 vat;
388 5239 409 5272 ι
453 5221 578 5273 Ἐπὶ
606 5223 742 5273 πᾶσι
785 5222 999 5286 τούτοις
1037 5224 1138 5277 οὐκ
1186 5224 1513 5295 ἀπεστράφη
1550 5227 1583 5296 ἡ
1628 5228 1796 5298 om-

212 5315 325 5368 ἀλλ’
357 5314 441 5366 ἔτι
474 5315 505 5383 ἡ
534 5312 655 5385 χεὶρ
688 5314 889 5385 ὑψηλή.
926 5335 944 5367 ι
989 5316 1387 5387 Ἐπιμενόντων
1414 5318 1523 5390 γάρ
1555 5321 1665 5383 τοῖς
1699 5321 1799 5372 αὐ-

212 5410 324 5469 τοῖς
362 5406 542 5475 ἀτοπή
553 5422 684 5475 μασι
711 5404 820 5458 τῶν
852 5406 941 5459 διὰ
971 5408 1063 5461 τοῦ
1096 5409 1254 5477 λόγου
1286 5411 1799 5481 κατηγορουμένων,

216 5493 511 5549 ἀκόλουθον
538 5490 606 5566 ἦν
634 5495 730 5548 καὶ
749 5496 849 5565 τὴν
871 5500 989 5551 κατ’
1015 5499 1196 5555 αὐτῶν
1222 5500 1538 5572 παράμονον
1555 5502 1802 5569 γίνεσθαι

219 5591 408 5664 ὀργήν.

297 5707 315 5737 ι
349 5688 486 5740 Οὐαὶ
529 5688 854 5759 Ἀσσυρίοις,
890 5691 923 5757 ἡ
962 5689 1152 5759 ῥάϐδος
1193 5688 1289 5741 τοῦ
1338 5687 1512 5759 θυμοῦ
1548 5707 1668 5760 μου’
1706 5690 1801 5743 καὶ

226 5779 356 5852 ὀργή
394 5784 545 5835 ἐστιν
571 5784 630 5833 ἐν
658 5785 772 5845 ταῖς
802 5784 988 5853 χερσὶν
1014 5782 1212 5837 αὐτῶν.
1246 5784 1357 5853 Τὴν
1388 5786 1557 5854 ὀργήν
1587 5802 1687 5855 μου
1723 5786 1801 5847 είς

228 5872 368 5935 ἒθνος
420 5875 623 5942 ἄνομον
669 5873 967 5938 ἀποστελῶ,
1015 5878 1100 5929 ναὶ
1146 5876 1221 5937 τῶ
1268 5873 1377 5945 λαῷ
1418 5876 1529 5945 ἕμῷ
1564 5875 1802 5939 συντάξα-

1902 4676 2048 4729 cient
2085 4672 2139 4726 in
2172 4672 2261 4726 die
2286 4670 2639 4736 visitationis,
2677 4689 2695 4722 ι
2725 4684 2831 4738 qua
2865 4666 3145 4720 tribulatio
3176 4674 3230 4716 et
3266 4664 3344 4716 ira
3374 4676 3493 4732 pro-

1904 4766 1988 4821 cul
2024 4766 2155 4835 ipsis
2178 4764 2396 4818 veniet?
2425 4763 2559 4817 Nam
2586 4776 2709 4816 cum
2739 4774 2803 4815 ea
2849 4757 3038 4828 procul
3069 4756 3321 4819 exsistat,
3366 4754 3491 4822 quia

1906 4861 2021 4925 ipsa
2056 4874 2086 4912 a
2117 4873 2202 4911 me
2231 4857 2343 4911 Deo
2372 4856 2651 4910 eliminata
2684 4862 2805 4919 est;
2834 4868 2931 4907 vos
2966 4866 3118 4917 sane,
3152 4848 3353 4921 quibus
3378 4848 3494 4900 hzec

1906 4952 2183 5017 dicuntur,
2213 4950 2368 5020 quasi
2406 4950 2457 5002 vi
2498 4957 2718 5002 utentes
2760 4954 2955 5001 contra
2987 4958 3084 4998 vos
3142 4944 3310 5010 ipsos,
3369 4954 3491 4991 eam

1906 5044 2247 5099 attraxistis:
2288 5058 2395 5112 qua
2430 5039 2873 5111 superveniente,
2919 5037 2988 5093 ad
3034 5035 3193 5106 cujus
3230 5032 3495 5088 auxilium

1907 5136 2279 5209 cunifugietis?
2314 5155 2332 5187 ι
2367 5135 2543 5205 Super
2594 5134 2679 5189 bis
2726 5131 2979 5186 omnibus
3015 5145 3121 5185 non
3159 5140 3356 5181 aversa
3410 5130 3497 5177 est

1909 5231 2027 5293 ira;
2057 5231 2150 5284 sed
2178 5230 2357 5284 adhuc
2384 5242 2573 5282 manus
2606 5225 2838 5282 excelsa.
2867 5244 2884 5277 ι
2906 5225 3040 5279 Nam
3072 5223 3138 5277 iis
3154 5221 3245 5290 qui
3270 5221 3322 5272 in
3354 5232 3495 5287 prac—

1908 5322 2047 5376 scnti
2079 5332 2430 5383 accusantur,
2462 5322 2649 5375 eadem
2677 5319 2729 5373 in
2761 5318 3103 5373 absurditate
3130 5310 3495 5385 permanenti-

1915 5414 2035 5480 bus,
2057 5428 2400 5483 consequens
2423 5422 2563 5475 erat,
2602 5421 2661 5465 ut
2693 5412 2771 5466 ira
2798 5425 3016 5482 quoque
3053 5416 3419 5479 permaneret.

1982 5687 2147 5742 Vens.
2174 5686 2290 5744 5-6.
2322 5707 2340 5740 ι
2377 5688 2469 5743 Vae
2494 5689 2760 5759 Assyriis,
2798 5686 2964 5756 virga:
3016 5684 3219 5739 furoris
3254 5682 3355 5736 mei
3392 5700 3405 5735 :
3438 5691 3493 5736 et

1914 5784 1995 5837 ira
2032 5793 2117 5836 est
2153 5784 2205 5836 in
2240 5782 2486 5839 manibus
2518 5796 2729 5837 eorum.
2766 5780 2904 5833 Iram
2962 5792 3137 5831 meam
3173 5776 3225 5829 in
3275 5784 3489 5844 gentem

1918 5873 2158 5943 iniquam
2187 5873 2417 5940 mittam,
2446 5882 2491 5929 et
2525 5873 2718 5941 populo
2758 5886 2875 5927 meo
2905 5869 3215 5937 praecipiam
3248 5876 3304 5921 nt
3329 5864 3490 5919 faciat
