  <div class='ocr_page' id='page_1' title='image "/cluster/home/n/w/nwhite01/storage/ocr_20150623/24/ien.35556001660497/091.png"; bbox 0 0 4042 6394; ppageno 0'>
   <div class='ocr_carea' id='block_1_1' title="bbox 585 412 684 471">
    <p class='ocr_par' dir='ltr' id='par_1_1' title="bbox 585 412 684 471">
     <span class='ocr_line' id='line_1_1' title="bbox 585 412 684 471; baseline -0.04 0"><span class='ocrx_word' id='word_1_1' title='bbox 585 412 684 471; x_wconf 75' lang='grc'><strong>159</strong></span> 
     </span>
    </p>
   </div>
   <div class='ocr_carea' id='block_1_2' title="bbox 1240 362 3120 463">
    <p class='ocr_par' dir='ltr' id='par_1_2' title="bbox 1240 362 3120 463">
     <span class='ocr_line' id='line_1_2' title="bbox 1240 362 3120 463; baseline -0.009 -2"><span class='ocrx_word' id='word_1_2' title='bbox 1240 402 1510 463; x_wconf 74' lang='lat' dir='ltr'><strong>ausas“</strong></span> <span class='ocrx_word' id='word_1_3' title='bbox 1547 400 2027 461; x_wconf 54' lang='lat' dir='ltr'><strong>casannsnsns</strong></span> <span class='ocrx_word' id='word_1_4' title='bbox 2062 400 2212 459; x_wconf 79' lang='lat' dir='ltr'><strong>opp.</strong></span> <span class='ocrx_word' id='word_1_5' title='bbox 2253 362 2435 457; x_wconf 72' lang='lat' dir='ltr'><strong>mtas</strong></span> <span class='ocrx_word' id='word_1_6' title='bbox 2470 399 2561 456; x_wconf 84' lang='lat' dir='ltr'><strong>lli.</strong></span> <span class='ocrx_word' id='word_1_7' title='bbox 2602 416 2672 442; x_wconf 51' lang='grc' dir='ltr'><strong>-ι</strong></span> <span class='ocrx_word' id='word_1_8' title='bbox 2709 389 3120 451; x_wconf 61' lang='lat' dir='ltr'><strong>“summa.</strong></span> 
     </span>
    </p>
   </div>
   <div class='ocr_carea' id='block_1_3' title="bbox 3724 376 3833 434">
    <p class='ocr_par' dir='ltr' id='par_1_3' title="bbox 3724 376 3833 434">
     <span class='ocr_line' id='line_1_3' title="bbox 3724 376 3833 434; baseline -0.009 0"><span class='ocrx_word' id='word_1_9' title='bbox 3724 376 3833 434; x_wconf 70' lang='grc'><strong>160</strong></span> 
     </span>
    </p>
   </div>
   <div class='ocr_carea' id='block_1_4' title="bbox 580 502 2151 604">
    <p class='ocr_par' dir='ltr' id='par_1_4' title="bbox 580 529 2145 604">
     <span class='ocr_line' id='line_1_4' title="bbox 580 529 2145 604; baseline -0.006 -14"><span class='ocrx_word' id='word_1_10' title='bbox 580 534 750 604; x_wconf 87' lang='lat' dir='ltr'><strong>spolia</strong></span> <span class='ocrx_word' id='word_1_11' title='bbox 783 542 838 587; x_wconf 77' lang='lat' dir='ltr'><strong>et</strong></span> <span class='ocrx_word' id='word_1_12' title='bbox 862 530 1353 600; x_wconf 75' lang='lat' dir='ltr'><strong>depopulationem,</strong></span> <span class='ocrx_word' id='word_1_13' title='bbox 1382 540 1436 583; x_wconf 91' lang='lat' dir='ltr'><strong>et</strong></span> <span class='ocrx_word' id='word_1_14' title='bbox 1464 530 1751 585; x_wconf 73' lang='lat' dir='ltr'><strong>conculcet</strong></span> <span class='ocrx_word' id='word_1_15' title='bbox 1790 529 2058 594; x_wconf 84' lang='lat' dir='ltr'><strong>civitates,</strong></span> <span class='ocrx_word' id='word_1_16' title='bbox 2086 535 2145 584; x_wconf 74' lang='lat' dir='ltr'><strong>st</strong></span> 
     </span>
    </p>
   </div>
   <div class='ocr_carea' id='block_1_5' title="bbox 2254 502 3832 604">
    <p class='ocr_par' dir='ltr' id='par_1_5' title="bbox 2254 502 3832 604">
     <span class='ocr_line' id='line_1_5' title="bbox 2254 502 3832 604; baseline -0.018 -24"><span class='ocrx_word' id='word_1_17' title='bbox 2254 527 2472 597; x_wconf 82' lang='grc' dir='ltr'>ποιῆσαι</span> <span class='ocrx_word' id='word_1_18' title='bbox 2515 523 2688 579; x_wconf 81' lang='grc' dir='ltr'>σκῦλα</span> <span class='ocrx_word' id='word_1_19' title='bbox 2729 521 2822 574; x_wconf 73' lang='grc' dir='ltr'>καὶ</span> <span class='ocrx_word' id='word_1_20' title='bbox 2860 514 3158 589; x_wconf 76' lang='grc' dir='ltr'>προνομὴν,</span> <span class='ocrx_word' id='word_1_21' title='bbox 3208 509 3301 564; x_wconf 72' lang='grc' dir='ltr'>καὶ</span> <span class='ocrx_word' id='word_1_22' title='bbox 3340 504 3682 604; x_wconf 80' lang='grc' dir='ltr'>καταπατεῖν</span> <span class='ocrx_word' id='word_1_23' title='bbox 3727 502 3832 604; x_wconf 60' lang='grc' dir='ltr'><strong>τας</strong></span> 
     </span>
    </p>
   </div>
   <div class='ocr_carea' id='block_1_6' title="bbox 579 617 2147 694">
    <p class='ocr_par' dir='ltr' id='par_1_6' title="bbox 579 617 2147 694">
     <span class='ocr_line' id='line_1_6' title="bbox 579 617 2147 694; baseline -0.005 -16"><span class='ocrx_word' id='word_1_24' title='bbox 579 634 851 694; x_wconf 81' lang='lat' dir='ltr'><strong>ponateas</strong></span> <span class='ocrx_word' id='word_1_25' title='bbox 878 622 930 676; x_wconf 90' lang='lat' dir='ltr'><strong>in</strong></span> <span class='ocrx_word' id='word_1_26' title='bbox 957 625 1252 690; x_wconf 81' lang='lat' dir='ltr'><strong>pulverem.</strong></span> <span class='ocrx_word' id='word_1_27' title='bbox 1285 639 1303 671; x_wconf 76' lang='grc' dir='ltr'><strong>ι</strong></span> <span class='ocrx_word' id='word_1_28' title='bbox 1336 621 1411 672; x_wconf 79' lang='lat' dir='ltr'><strong>Ad</strong></span> <span class='ocrx_word' id='word_1_29' title='bbox 1439 620 1551 673; x_wconf 61' lang='lat' dir='ltr'><strong>hinc</strong></span> <span class='ocrx_word' id='word_1_30' title='bbox 1577 634 1745 688; x_wconf 85' lang='lat' dir='ltr'><strong>usque</strong></span> <span class='ocrx_word' id='word_1_31' title='bbox 1778 617 2147 687; x_wconf 72' lang='lat' dir='ltr'><strong>perseveravit</strong></span> 
     </span>
    </p>
   </div>
   <div class='ocr_carea' id='block_1_7' title="bbox 580 700 2146 782">
    <p class='ocr_par' dir='ltr' id='par_1_7' title="bbox 580 700 2146 782">
     <span class='ocr_line' id='line_1_7' title="bbox 580 700 2146 782; baseline -0.003 -15"><span class='ocrx_word' id='word_1_32' title='bbox 580 713 855 767; x_wconf 77' lang='lat' dir='ltr'><strong>accusatio</strong></span> <span class='ocrx_word' id='word_1_33' title='bbox 877 700 1097 782; x_wconf 78' lang='lat' dir='ltr'><strong>populi;</strong></span> <span class='ocrx_word' id='word_1_34' title='bbox 1134 720 1464 781; x_wconf 88' lang='lat' dir='ltr'><strong>postquam,</strong></span> <span class='ocrx_word' id='word_1_35' title='bbox 1510 719 1906 778; x_wconf 83' lang='lat' dir='ltr'><strong>consequenter</strong></span> <span class='ocrx_word' id='word_1_36' title='bbox 1938 709 2005 763; x_wconf 86' lang='lat' dir='ltr'><strong>ad</strong></span> <span class='ocrx_word' id='word_1_37' title='bbox 2045 708 2146 762; x_wconf 89' lang='lat' dir='ltr'><strong>mi-</strong></span> 
     </span>
    </p>
   </div>
   <div class='ocr_carea' id='block_1_8' title="bbox 579 801 2143 873">
    <p class='ocr_par' dir='ltr' id='par_1_8' title="bbox 579 801 2143 873">
     <span class='ocr_line' id='line_1_8' title="bbox 579 801 2143 873; baseline -0.002 -17"><span class='ocrx_word' id='word_1_38' title='bbox 579 818 676 856; x_wconf 84' lang='lat' dir='ltr'><strong>nas</strong></span> <span class='ocrx_word' id='word_1_39' title='bbox 709 819 739 856; x_wconf 89' lang='lat' dir='ltr'><strong>a</strong></span> <span class='ocrx_word' id='word_1_40' title='bbox 771 805 1055 873; x_wconf 87' lang='lat' dir='ltr'><strong>prophetia</strong></span> <span class='ocrx_word' id='word_1_41' title='bbox 1090 803 1415 867; x_wconf 83' lang='lat' dir='ltr'><strong>enuntialas,</strong></span> <span class='ocrx_word' id='word_1_42' title='bbox 1452 816 1556 855; x_wconf 90' lang='lat' dir='ltr'><strong>non</strong></span> <span class='ocrx_word' id='word_1_43' title='bbox 1589 802 1683 854; x_wconf 90' lang='lat' dir='ltr'><strong>diu</strong></span> <span class='ocrx_word' id='word_1_44' title='bbox 1710 801 1914 872; x_wconf 77' lang='lat' dir='ltr'><strong>Assyrii</strong></span> <span class='ocrx_word' id='word_1_45' title='bbox 1942 801 2143 855; x_wconf 88' lang='lat' dir='ltr'><strong>irrum-</strong></span> 
     </span>
    </p>
   </div>
   <div class='ocr_carea' id='block_1_9' title="bbox 579 892 2147 962">
    <p class='ocr_par' dir='ltr' id='par_1_9' title="bbox 579 892 2147 962">
     <span class='ocr_line' id='line_1_9' title="bbox 579 892 2147 962; baseline -0.003 -15"><span class='ocrx_word' id='word_1_46' title='bbox 579 903 769 962; x_wconf 81' lang='lat' dir='ltr'><strong>pentes</strong></span> <span class='ocrx_word' id='word_1_47' title='bbox 802 893 1099 950; x_wconf 82' lang='lat' dir='ltr'><strong>Samariam</strong></span> <span class='ocrx_word' id='word_1_48' title='bbox 1124 893 1391 955; x_wconf 85' lang='lat' dir='ltr'><strong>obsident,</strong></span> <span class='ocrx_word' id='word_1_49' title='bbox 1417 902 1469 947; x_wconf 93' lang='lat' dir='ltr'><strong>et</strong></span> <span class='ocrx_word' id='word_1_50' title='bbox 1500 901 1667 947; x_wconf 91' lang='lat' dir='ltr'><strong>totam</strong></span> <span class='ocrx_word' id='word_1_51' title='bbox 1704 893 1938 961; x_wconf 88' lang='lat' dir='ltr'><strong>ipsorum</strong></span> <span class='ocrx_word' id='word_1_52' title='bbox 1970 892 2147 960; x_wconf 85' lang='lat' dir='ltr'><strong>regio-</strong></span> 
     </span>
    </p>
   </div>
   <div class='ocr_carea' id='block_1_10' title="bbox 582 983 2148 1053">
    <p class='ocr_par' dir='ltr' id='par_1_10' title="bbox 582 983 2148 1053">
     <span class='ocr_line' id='line_1_10' title="bbox 582 983 2148 1053; baseline 0 -16"><span class='ocrx_word' id='word_1_53' title='bbox 582 999 704 1038; x_wconf 88' lang='lat' dir='ltr'><strong>nem</strong></span> <span class='ocrx_word' id='word_1_54' title='bbox 733 985 1147 1053; x_wconf 79' lang='lat' dir='ltr'><strong>depopulantur,</strong></span> <span class='ocrx_word' id='word_1_55' title='bbox 1184 999 1487 1053; x_wconf 85' lang='lat' dir='ltr'><strong>novemque</strong></span> <span class='ocrx_word' id='word_1_56' title='bbox 1508 984 1745 1038; x_wconf 78' lang='lat' dir='ltr'><strong>Judaica:</strong></span> <span class='ocrx_word' id='word_1_57' title='bbox 1768 983 1945 1053; x_wconf 87' lang='lat' dir='ltr'><strong>gentis</strong></span> <span class='ocrx_word' id='word_1_58' title='bbox 1973 983 2148 1037; x_wconf 88' lang='lat' dir='ltr'><strong>tribus</strong></span> 
     </span>
    </p>
   </div>
   <div class='ocr_carea' id='block_1_11' title="bbox 584 1073 2148 1146">
    <p class='ocr_par' dir='ltr' id='par_1_11' title="bbox 584 1073 2148 1146">
     <span class='ocr_line' id='line_1_11' title="bbox 584 1073 2148 1146; baseline -0.003 -17"><span class='ocrx_word' id='word_1_59' title='bbox 584 1076 638 1129; x_wconf 92' lang='lat' dir='ltr'><strong>in</strong></span> <span class='ocrx_word' id='word_1_60' title='bbox 671 1076 1011 1146; x_wconf 74' lang='lat' dir='ltr'><strong>Assyriorum</strong></span> <span class='ocrx_word' id='word_1_61' title='bbox 1031 1083 1230 1127; x_wconf 87' lang='lat' dir='ltr'><strong>terram</strong></span> <span class='ocrx_word' id='word_1_62' title='bbox 1256 1076 1494 1143; x_wconf 83' lang='lat' dir='ltr'><strong>captivas</strong></span> <span class='ocrx_word' id='word_1_63' title='bbox 1516 1075 1810 1130; x_wconf 88' lang='lat' dir='ltr'><strong>abducunt.</strong></span> <span class='ocrx_word' id='word_1_64' title='bbox 1838 1073 1967 1129; x_wconf 85' lang='lat' dir='ltr'><strong>Post</strong></span> <span class='ocrx_word' id='word_1_65' title='bbox 1989 1088 2148 1127; x_wconf 80' lang='lat' dir='ltr'><strong>enar—</strong></span> 
     </span>
    </p>
   </div>
   <div class='ocr_carea' id='block_1_12' title="bbox 585 1166 2147 1237">
    <p class='ocr_par' dir='ltr' id='par_1_12' title="bbox 585 1166 2147 1237">
     <span class='ocr_line' id='line_1_12' title="bbox 585 1166 2147 1237; baseline -0.001 -15"><span class='ocrx_word' id='word_1_66' title='bbox 585 1178 753 1222; x_wconf 89' lang='lat' dir='ltr'><strong>ratam</strong></span> <span class='ocrx_word' id='word_1_67' title='bbox 784 1184 909 1237; x_wconf 83' lang='lat' dir='ltr'><strong>ergo</strong></span> <span class='ocrx_word' id='word_1_68' title='bbox 934 1167 1115 1236; x_wconf 89' lang='lat' dir='ltr'><strong>populi</strong></span> <span class='ocrx_word' id='word_1_69' title='bbox 1147 1168 1310 1220; x_wconf 87' lang='lat' dir='ltr'><strong>Israel</strong></span> <span class='ocrx_word' id='word_1_70' title='bbox 1348 1168 1475 1222; x_wconf 89' lang='lat' dir='ltr'><strong>dicti</strong></span> <span class='ocrx_word' id='word_1_71' title='bbox 1518 1167 1907 1235; x_wconf 80' lang='lat' dir='ltr'><strong>captivitatem,</strong></span> <span class='ocrx_word' id='word_1_72' title='bbox 1953 1166 2018 1219; x_wconf 86' lang='lat' dir='ltr'><strong>ad</strong></span> <span class='ocrx_word' id='word_1_73' title='bbox 2052 1180 2147 1220; x_wconf 88' lang='lat' dir='ltr'><strong>eos</strong></span> 
     </span>
    </p>
   </div>
   <div class='ocr_carea' id='block_1_13' title="bbox 583 1256 2146 1327">
    <p class='ocr_par' dir='ltr' id='par_1_13' title="bbox 583 1256 2146 1327">
     <span class='ocr_line' id='line_1_13' title="bbox 583 1256 2146 1327; baseline -0.001 -14"><span class='ocrx_word' id='word_1_74' title='bbox 583 1260 675 1327; x_wconf 88' lang='lat' dir='ltr'><strong>qui</strong></span> <span class='ocrx_word' id='word_1_75' title='bbox 699 1260 751 1313; x_wconf 92' lang='lat' dir='ltr'><strong>in</strong></span> <span class='ocrx_word' id='word_1_76' title='bbox 774 1257 1137 1327; x_wconf 83' lang='lat' dir='ltr'><strong>captivitatem</strong></span> <span class='ocrx_word' id='word_1_77' title='bbox 1153 1258 1485 1312; x_wconf 82' lang='lat' dir='ltr'><strong>abduxerant</strong></span> <span class='ocrx_word' id='word_1_78' title='bbox 1507 1271 1683 1312; x_wconf 81' lang='lat' dir='ltr'><strong>sermo</strong></span> <span class='ocrx_word' id='word_1_79' title='bbox 1708 1256 2055 1312; x_wconf 78' lang='lat' dir='ltr'><strong>transfertur.</strong></span> <span class='ocrx_word' id='word_1_80' title='bbox 2082 1257 2146 1312; x_wconf 76' lang='lat' dir='ltr'><strong>lii</strong></span> 
     </span>
    </p>
   </div>
   <div class='ocr_carea' id='block_1_14' title="bbox 584 1348 2148 1421">
    <p class='ocr_par' dir='ltr' id='par_1_14' title="bbox 584 1348 2148 1421">
     <span class='ocr_line' id='line_1_14' title="bbox 584 1348 2148 1421; baseline 0 -17"><span class='ocrx_word' id='word_1_81' title='bbox 584 1364 753 1419; x_wconf 86' lang='lat' dir='ltr'><strong>porro.</strong></span> <span class='ocrx_word' id='word_1_82' title='bbox 770 1360 929 1403; x_wconf 90' lang='lat' dir='ltr'><strong>erant</strong></span> <span class='ocrx_word' id='word_1_83' title='bbox 955 1351 1183 1421; x_wconf 86' lang='lat' dir='ltr'><strong>Assyrii,</strong></span> <span class='ocrx_word' id='word_1_84' title='bbox 1225 1348 1420 1418; x_wconf 83' lang='lat' dir='ltr'><strong>quibus</strong></span> <span class='ocrx_word' id='word_1_85' title='bbox 1452 1349 1568 1403; x_wconf 65' lang='lat' dir='ltr'><strong>haec</strong></span> <span class='ocrx_word' id='word_1_86' title='bbox 1604 1350 1889 1419; x_wconf 72' lang='lat' dir='ltr'><strong>praesentia</strong></span> <span class='ocrx_word' id='word_1_87' title='bbox 1917 1350 2148 1404; x_wconf 84' lang='lat' dir='ltr'><strong>commi-</strong></span> 
     </span>
    </p>
   </div>
   <div class='ocr_carea' id='block_1_15' title="bbox 582 1440 2151 1510">
    <p class='ocr_par' dir='ltr' id='par_1_15' title="bbox 582 1440 2151 1510">
     <span class='ocr_line' id='line_1_15' title="bbox 582 1440 2151 1510; baseline 0.001 -17"><span class='ocrx_word' id='word_1_88' title='bbox 582 1449 762 1495; x_wconf 77' lang='lat' dir='ltr'><strong>natur.</strong></span> <span class='ocrx_word' id='word_1_89' title='bbox 788 1441 938 1507; x_wconf 85' lang='lat' dir='ltr'><strong>Quod</strong></span> <span class='ocrx_word' id='word_1_90' title='bbox 970 1453 1169 1502; x_wconf 89' lang='lat' dir='ltr'><strong>autem,</strong></span> <span class='ocrx_word' id='word_1_91' title='bbox 1204 1454 1326 1493; x_wconf 93' lang='lat' dir='ltr'><strong>curn</strong></span> <span class='ocrx_word' id='word_1_92' title='bbox 1366 1440 1481 1494; x_wconf 75' lang='lat' dir='ltr'><strong>haec</strong></span> <span class='ocrx_word' id='word_1_93' title='bbox 1537 1441 1872 1504; x_wconf 84' lang='lat' dir='ltr'><strong>dicerentur,</strong></span> <span class='ocrx_word' id='word_1_94' title='bbox 1902 1442 2015 1510; x_wconf 87' lang='lat' dir='ltr'><strong>jam</strong></span> <span class='ocrx_word' id='word_1_95' title='bbox 2059 1456 2151 1510; x_wconf 90' lang='lat' dir='ltr'><strong>po-</strong></span> 
     </span>
    </p>
   </div>
   <div class='ocr_carea' id='block_1_16' title="bbox 580 1531 2149 1604">
    <p class='ocr_par' dir='ltr' id='par_1_16' title="bbox 580 1531 2149 1604">
     <span class='ocr_line' id='line_1_16' title="bbox 580 1531 2149 1604; baseline 0.003 -21"><span class='ocrx_word' id='word_1_96' title='bbox 580 1532 738 1602; x_wconf 82' lang='lat' dir='ltr'><strong>pulus</strong></span> <span class='ocrx_word' id='word_1_97' title='bbox 767 1532 833 1587; x_wconf 87' lang='lat' dir='ltr'><strong>ab</strong></span> <span class='ocrx_word' id='word_1_98' title='bbox 855 1533 1095 1604; x_wconf 85' lang='lat' dir='ltr'><strong>Assyriis</strong></span> <span class='ocrx_word' id='word_1_99' title='bbox 1117 1532 1407 1586; x_wconf 87' lang='lat' dir='ltr'><strong>translatus</strong></span> <span class='ocrx_word' id='word_1_100' title='bbox 1422 1541 1476 1586; x_wconf 93' lang='lat' dir='ltr'><strong>et</strong></span> <span class='ocrx_word' id='word_1_101' title='bbox 1503 1531 1751 1586; x_wconf 87' lang='lat' dir='ltr'><strong>Samaria</strong></span> <span class='ocrx_word' id='word_1_102' title='bbox 1777 1533 1997 1587; x_wconf 89' lang='lat' dir='ltr'><strong>obsessa</strong></span> <span class='ocrx_word' id='word_1_103' title='bbox 2019 1532 2149 1587; x_wconf 84' lang='lat' dir='ltr'><strong>fuis-</strong></span> 
     </span>
    </p>
   </div>
   <div class='ocr_carea' id='block_1_17' title="bbox 583 1621 2145 1694">
    <p class='ocr_par' dir='ltr' id='par_1_17' title="bbox 583 1621 2145 1694">
     <span class='ocr_line' id='line_1_17' title="bbox 583 1621 2145 1694; baseline -0.001 -18"><span class='ocrx_word' id='word_1_104' title='bbox 583 1632 687 1685; x_wconf 87' lang='lat' dir='ltr'><strong>set,</strong></span> <span class='ocrx_word' id='word_1_105' title='bbox 734 1622 860 1677; x_wconf 86' lang='lat' dir='ltr'><strong>hinc</strong></span> <span class='ocrx_word' id='word_1_106' title='bbox 900 1622 1083 1694; x_wconf 81' lang='lat' dir='ltr'><strong>palam</strong></span> <span class='ocrx_word' id='word_1_107' title='bbox 1124 1629 1227 1686; x_wconf 86' lang='lat' dir='ltr'><strong>est,</strong></span> <span class='ocrx_word' id='word_1_108' title='bbox 1277 1621 1419 1691; x_wconf 83' lang='lat' dir='ltr'><strong>quod</strong></span> <span class='ocrx_word' id='word_1_109' title='bbox 1448 1622 1645 1677; x_wconf 88' lang='lat' dir='ltr'><strong>ibidem</strong></span> <span class='ocrx_word' id='word_1_110' title='bbox 1678 1637 1743 1677; x_wconf 82' lang='lat' dir='ltr'><strong>ex</strong></span> <span class='ocrx_word' id='word_1_111' title='bbox 1798 1624 2145 1693; x_wconf 81' lang='lat' dir='ltr'><strong>Assyriorum</strong></span> 
     </span>
    </p>
   </div>
   <div class='ocr_carea' id='block_1_18' title="bbox 582 1712 2149 1784">
    <p class='ocr_par' dir='ltr' id='par_1_18' title="bbox 582 1712 2149 1784">
     <span class='ocr_line' id='line_1_18' title="bbox 582 1712 2149 1784; baseline 0 -17"><span class='ocrx_word' id='word_1_112' title='bbox 582 1716 726 1784; x_wconf 84' lang='lat' dir='ltr'><strong>regis</strong></span> <span class='ocrx_word' id='word_1_113' title='bbox 755 1729 986 1783; x_wconf 82' lang='lat' dir='ltr'><strong>persona</strong></span> <span class='ocrx_word' id='word_1_114' title='bbox 1033 1714 1260 1779; x_wconf 85' lang='lat' dir='ltr'><strong>dicatur,</strong></span> <span class='ocrx_word' id='word_1_115' title='bbox 1309 1731 1328 1765; x_wconf 82' lang='grc' dir='ltr'><strong>ι</strong></span> <span class='ocrx_word' id='word_1_116' title='bbox 1357 1712 1486 1783; x_wconf 86' lang='lat' dir='ltr'><strong>Cepi</strong></span> <span class='ocrx_word' id='word_1_117' title='bbox 1526 1713 1810 1777; x_wconf 84' lang='lat' dir='ltr'><strong>Arabiam,</strong></span> <span class='ocrx_word' id='word_1_118' title='bbox 1851 1724 1906 1767; x_wconf 90' lang='lat' dir='ltr'><strong>et</strong></span> <span class='ocrx_word' id='word_1_119' title='bbox 1955 1714 2149 1767; x_wconf 90' lang='lat' dir='ltr'><strong>Dama-</strong></span> 
     </span>
    </p>
   </div>
   <div class='ocr_carea' id='block_1_19' title="bbox 591 1803 2149 1873">
    <p class='ocr_par' dir='ltr' id='par_1_19' title="bbox 591 1803 2149 1873">
     <span class='ocr_line' id='line_1_19' title="bbox 591 1803 2149 1873; baseline 0 -15"><span class='ocrx_word' id='word_1_120' title='bbox 591 1818 746 1859; x_wconf 83' lang='lat' dir='ltr'><strong>scum</strong></span> <span class='ocrx_word' id='word_1_121' title='bbox 796 1813 848 1859; x_wconf 91' lang='lat' dir='ltr'><strong>et</strong></span> <span class='ocrx_word' id='word_1_122' title='bbox 902 1803 1726 1873; x_wconf 86' lang='lat' dir='ltr'><strong>Samariam:quemadmodum</strong></span> <span class='ocrx_word' id='word_1_123' title='bbox 1782 1804 1922 1871; x_wconf 88' lang='lat' dir='ltr'><strong>illas,</strong></span> <span class='ocrx_word' id='word_1_124' title='bbox 1971 1806 2051 1860; x_wconf 89' lang='lat' dir='ltr'><strong>sic</strong></span> <span class='ocrx_word' id='word_1_125' title='bbox 2094 1814 2149 1860; x_wconf 92' lang='lat' dir='ltr'><strong>et</strong></span> 
     </span>
    </p>
   </div>
   <div class='ocr_carea' id='block_1_20' title="bbox 2248 594 3835 683">
    <p class='ocr_par' dir='ltr' id='par_1_20' title="bbox 2248 594 3835 683">
     <span class='ocr_line' id='line_1_20' title="bbox 2248 594 3835 683; baseline -0.019 -9"><span class='ocrx_word' id='word_1_126' title='bbox 2248 594 2455 683; x_wconf 82' lang='grc' dir='ltr'>πόλεις,</span> <span class='ocrx_word' id='word_1_127' title='bbox 2484 618 2578 670; x_wconf 61' lang='grc' dir='ltr'><strong>καὶ⁸</strong></span> <span class='ocrx_word' id='word_1_128' title='bbox 2606 615 2777 669; x_wconf 77' lang='grc' dir='ltr'>θεῖναι</span> <span class='ocrx_word' id='word_1_129' title='bbox 2810 610 2980 671; x_wconf 77' lang='grc' dir='ltr'>αὑτὰς</span> <span class='ocrx_word' id='word_1_130' title='bbox 3012 608 3090 669; x_wconf 84' lang='grc' dir='ltr'>εἰς</span> <span class='ocrx_word' id='word_1_131' title='bbox 3124 601 3415 671; x_wconf 87' lang='grc' dir='ltr'>κονιορτόν.</span> <span class='ocrx_word' id='word_1_132' title='bbox 3449 618 3469 649; x_wconf 71' lang='grc' dir='ltr'>ι</span> <span class='ocrx_word' id='word_1_133' title='bbox 3506 596 3685 666; x_wconf 82' lang='grc' dir='ltr'><strong>Μέχρι</strong></span> <span class='ocrx_word' id='word_1_134' title='bbox 3719 594 3835 665; x_wconf 85' lang='grc' dir='ltr'>γὰρ</span> 
     </span>
    </p>
   </div>
   <div class='ocr_carea' id='block_1_21' title="bbox 2247 686 3832 779">
    <p class='ocr_par' dir='ltr' id='par_1_21' title="bbox 2247 686 3832 779">
     <span class='ocr_line' id='line_1_21' title="bbox 2247 686 3832 779; baseline -0.016 -18"><span class='ocrx_word' id='word_1_135' title='bbox 2247 707 2355 762; x_wconf 72' lang='grc' dir='ltr'>τῶν</span> <span class='ocrx_word' id='word_1_136' title='bbox 2384 706 2797 779; x_wconf 81' lang='grc' dir='ltr'><strong>προειρημένων</strong></span> <span class='ocrx_word' id='word_1_137' title='bbox 2824 701 2953 769; x_wconf 74' lang='grc' dir='ltr'>ἔστη</span> <span class='ocrx_word' id='word_1_138' title='bbox 2974 697 3041 751; x_wconf 77' lang='grc' dir='ltr'><strong>τά</strong></span> <span class='ocrx_word' id='word_1_139' title='bbox 3070 696 3169 765; x_wconf 88' lang='grc' dir='ltr'>τῆς</span> <span class='ocrx_word' id='word_1_140' title='bbox 3189 693 3281 746; x_wconf 83' lang='grc' dir='ltr'><strong>τοῦ</strong></span> <span class='ocrx_word' id='word_1_141' title='bbox 3305 688 3433 743; x_wconf 81' lang='grc' dir='ltr'>λαοῦ</span> <span class='ocrx_word' id='word_1_142' title='bbox 3455 686 3793 779; x_wconf 77' lang='grc' dir='ltr'>κατηγορίας</span> <span class='ocrx_word' id='word_1_143' title='bbox 3811 723 3832 752; x_wconf 86' lang='grc'><strong>,</strong></span> 
     </span>
    </p>
   </div>
   <div class='ocr_carea' id='block_1_22' title="bbox 2251 775 3832 869">
    <p class='ocr_par' dir='ltr' id='par_1_22' title="bbox 2251 775 3832 869">
     <span class='ocr_line' id='line_1_22' title="bbox 2251 775 3832 869; baseline -0.015 -19"><span class='ocrx_word' id='word_1_144' title='bbox 2251 796 2369 867; x_wconf 85' lang='grc' dir='ltr'>μεθ’</span> <span class='ocrx_word' id='word_1_145' title='bbox 2409 775 2475 869; x_wconf 59' lang='grc' dir='ltr'><strong>ἦν</strong></span> <span class='ocrx_word' id='word_1_146' title='bbox 2506 775 2816 856; x_wconf 79' lang='grc' dir='ltr'>ἀκολούθως</span> <span class='ocrx_word' id='word_1_147' title='bbox 2837 793 2953 853; x_wconf 84' lang='grc' dir='ltr'>’τοῖς</span> <span class='ocrx_word' id='word_1_148' title='bbox 2985 786 3074 841; x_wconf 81' lang='grc' dir='ltr'>διὰ</span> <span class='ocrx_word' id='word_1_149' title='bbox 3099 786 3199 856; x_wconf 82' lang='grc' dir='ltr'>τῆς</span> <span class='ocrx_word' id='word_1_150' title='bbox 3232 779 3567 854; x_wconf 79' lang='grc' dir='ltr'><strong>προφητείας</strong></span> <span class='ocrx_word' id='word_1_151' title='bbox 3596 775 3832 849; x_wconf 66' lang='grc' dir='ltr'>ἠπειλη-</span> 
     </span>
    </p>
   </div>
   <div class='ocr_carea' id='block_1_23' title="bbox 2252 868 3835 961">
    <p class='ocr_par' dir='ltr' id='par_1_23' title="bbox 2252 868 3835 961">
     <span class='ocr_line' id='line_1_23' title="bbox 2252 868 3835 961; baseline -0.014 -18"><span class='ocrx_word' id='word_1_152' title='bbox 2252 868 2452 961; x_wconf 86' lang='grc' dir='ltr'>μένοις,</span> <span class='ocrx_word' id='word_1_153' title='bbox 2488 890 2588 943; x_wconf 79' lang='grc' dir='ltr'><strong>οὐκ</strong></span> <span class='ocrx_word' id='word_1_154' title='bbox 2616 889 2695 952; x_wconf 81' lang='grc' dir='ltr'><strong>εἰς</strong></span> <span class='ocrx_word' id='word_1_155' title='bbox 2724 883 2941 958; x_wconf 80' lang='grc' dir='ltr'>μακρὰν</span> <span class='ocrx_word' id='word_1_156' title='bbox 2969 877 3251 951; x_wconf 78' lang='grc' dir='ltr'>πόρρωθεν</span> <span class='ocrx_word' id='word_1_157' title='bbox 3271 874 3589 934; x_wconf 74' lang='grc' dir='ltr'><strong>ἐπιστάντες</strong></span> <span class='ocrx_word' id='word_1_158' title='bbox 3635 868 3835 961; x_wconf 60' lang='grc' dir='ltr'>Ἀσσυ-</span> 
     </span>
    </p>
   </div>
   <div class='ocr_carea' id='block_1_24' title="bbox 2253 959 3835 1050">
    <p class='ocr_par' dir='ltr' id='par_1_24' title="bbox 2253 959 3835 1050">
     <span class='ocr_line' id='line_1_24' title="bbox 2253 959 3835 1050; baseline 0 -19"><span class='ocrx_word' id='word_1_159' title='bbox 2253 959 2377 1050; x_wconf 86' lang='grc' dir='ltr'>ριοι,</span> <span class='ocrx_word' id='word_1_160' title='bbox 2414 978 2762 1049; x_wconf 80' lang='grc' dir='ltr'><strong>πολιορκοῦσι</strong></span> <span class='ocrx_word' id='word_1_161' title='bbox 2787 975 2887 1046; x_wconf 80' lang='grc' dir='ltr'>τὴν</span> <span class='ocrx_word' id='word_1_162' title='bbox 2913 970 3245 1043; x_wconf 64' lang='grc' dir='ltr'>Σαμάρειαν,</span> <span class='ocrx_word' id='word_1_163' title='bbox 3272 967 3369 1021; x_wconf 59' lang='grc' dir='ltr'><strong>καὶ</strong></span> <span class='ocrx_word' id='word_1_164' title='bbox 3398 967 3577 1017; x_wconf 71' lang='grc' dir='ltr'><strong>πᾶσαν</strong></span> <span class='ocrx_word' id='word_1_165' title='bbox 3604 961 3705 1031; x_wconf 70' lang='grc' dir='ltr'><strong>τὴν</strong></span> <span class='ocrx_word' id='word_1_166' title='bbox 3729 959 3835 1030; x_wconf 67' lang='grc' dir='ltr'>χώ·</span> 
     </span>
    </p>
   </div>
   <div class='ocr_carea' id='block_1_25' title="bbox 2253 1053 3832 1142">
    <p class='ocr_par' dir='ltr' id='par_1_25' title="bbox 2253 1053 3832 1142">
     <span class='ocr_line' id='line_1_25' title="bbox 2253 1053 3832 1142; baseline -0.011 -19"><span class='ocrx_word' id='word_1_167' title='bbox 2253 1087 2361 1142; x_wconf 89' lang='grc' dir='ltr'>ραν</span> <span class='ocrx_word' id='word_1_168' title='bbox 2394 1068 2573 1122; x_wconf 83' lang='grc' dir='ltr'>αὐτῶν</span> <span class='ocrx_word' id='word_1_169' title='bbox 2603 1066 2843 1142; x_wconf 74' lang='grc' dir='ltr'>δῃοῦσιν,</span> <span class='ocrx_word' id='word_1_170' title='bbox 2884 1064 3010 1125; x_wconf 81' lang='grc' dir='ltr'>ὅλας</span> <span class='ocrx_word' id='word_1_171' title='bbox 3043 1078 3102 1114; x_wconf 85' lang='grc' dir='ltr'><strong>τε</strong></span> <span class='ocrx_word' id='word_1_172' title='bbox 3146 1058 3302 1113; x_wconf 76' lang='grc' dir='ltr'>ὲννέα</span> <span class='ocrx_word' id='word_1_173' title='bbox 3347 1056 3519 1127; x_wconf 78' lang='grc' dir='ltr'>φυλὰς</span> <span class='ocrx_word' id='word_1_174' title='bbox 3552 1053 3647 1107; x_wconf 81' lang='grc' dir='ltr'>τοῦ</span> <span class='ocrx_word' id='word_1_175' title='bbox 3693 1055 3832 1107; x_wconf 86' lang='grc' dir='ltr'>Ἰου-</span> 
     </span>
    </p>
   </div>
   <div class='ocr_carea' id='block_1_26' title="bbox 2247 1144 3835 1228">
    <p class='ocr_par' dir='ltr' id='par_1_26' title="bbox 2247 1144 3835 1228">
     <span class='ocr_line' id='line_1_26' title="bbox 2247 1144 3835 1228; baseline -0.011 -16"><span class='ocrx_word' id='word_1_176' title='bbox 2247 1160 2411 1213; x_wconf 80' lang='grc' dir='ltr'>δαίων</span> <span class='ocrx_word' id='word_1_177' title='bbox 2456 1158 2640 1221; x_wconf 74' lang='grc' dir='ltr'>ἐθνους</span> <span class='ocrx_word' id='word_1_178' title='bbox 2690 1153 3065 1228; x_wconf 71' lang='grc' dir='ltr'><strong>αἰχμαλώτους</strong></span> <span class='ocrx_word' id='word_1_179' title='bbox 3113 1151 3192 1213; x_wconf 90' lang='grc' dir='ltr'><strong>είς</strong></span> <span class='ocrx_word' id='word_1_180' title='bbox 3229 1148 3331 1219; x_wconf 81' lang='grc' dir='ltr'><strong>τὴν</strong></span> <span class='ocrx_word' id='word_1_181' title='bbox 3386 1144 3685 1216; x_wconf 73' lang='grc' dir='ltr'>Ἀσσυρίων</span> <span class='ocrx_word' id='word_1_182' title='bbox 3723 1145 3835 1196; x_wconf 82' lang='grc' dir='ltr'>άπ-</span> 
     </span>
    </p>
   </div>
   <div class='ocr_carea' id='block_1_27' title="bbox 2250 1234 3835 1320">
    <p class='ocr_par' dir='ltr' id='par_1_27' title="bbox 2250 1234 3835 1320">
     <span class='ocr_line' id='line_1_27' title="bbox 2250 1234 3835 1320; baseline -0.011 -15"><span class='ocrx_word' id='word_1_183' title='bbox 2250 1252 2460 1320; x_wconf 86' lang='grc' dir='ltr'>άγουσι.</span> <span class='ocrx_word' id='word_1_184' title='bbox 2487 1248 2639 1304; x_wconf 86' lang='grc' dir='ltr'>Μετὰ</span> <span class='ocrx_word' id='word_1_185' title='bbox 2661 1240 2753 1302; x_wconf 78' lang='grc' dir='ltr'>οὖν</span> <span class='ocrx_word' id='word_1_186' title='bbox 2778 1248 2877 1318; x_wconf 82' lang='grc' dir='ltr'><strong>τὴν</strong></span> <span class='ocrx_word' id='word_1_187' title='bbox 2895 1244 2989 1298; x_wconf 81' lang='grc' dir='ltr'><strong>τοῦ</strong></span> <span class='ocrx_word' id='word_1_188' title='bbox 3005 1241 3135 1295; x_wconf 77' lang='grc' dir='ltr'>λαοῦ</span> <span class='ocrx_word' id='word_1_189' title='bbox 3154 1238 3248 1295; x_wconf 79' lang='grc' dir='ltr'><strong>τοῦ</strong></span> <span class='ocrx_word' id='word_1_190' title='bbox 3265 1238 3430 1294; x_wconf 83' lang='grc' dir='ltr'>καλου</span> <span class='ocrx_word' id='word_1_191' title='bbox 3439 1238 3598 1309; x_wconf 81' lang='grc' dir='ltr'>μένου</span> <span class='ocrx_word' id='word_1_192' title='bbox 3615 1234 3835 1308; x_wconf 64' lang='grc' dir='ltr'>νισραὴλ</span> 
     </span>
    </p>
   </div>
   <div class='ocr_carea' id='block_1_28' title="bbox 2249 1326 3837 1413">
    <p class='ocr_par' dir='ltr' id='par_1_28' title="bbox 2249 1326 3837 1413">
     <span class='ocr_line' id='line_1_28' title="bbox 2249 1326 3837 1413; baseline -0.011 -17"><span class='ocrx_word' id='word_1_193' title='bbox 2249 1341 2623 1413; x_wconf 73' lang='grc' dir='ltr'><strong>αἰχμαλωσίαν</strong></span> <span class='ocrx_word' id='word_1_194' title='bbox 2669 1340 2698 1391; x_wconf 86' lang='grc' dir='ltr'><strong>ό</strong></span> <span class='ocrx_word' id='word_1_195' title='bbox 2728 1338 2885 1407; x_wconf 86' lang='grc' dir='ltr'>λόγος</span> <span class='ocrx_word' id='word_1_196' title='bbox 2919 1332 3229 1407; x_wconf 87' lang='grc' dir='ltr'>μεταϐαίνει</span> <span class='ocrx_word' id='word_1_197' title='bbox 3271 1331 3365 1383; x_wconf 69' lang='grc' dir='ltr'><strong>ἐπὶ</strong></span> <span class='ocrx_word' id='word_1_198' title='bbox 3396 1330 3521 1393; x_wconf 75' lang='grc' dir='ltr'>τοὺς</span> <span class='ocrx_word' id='word_1_199' title='bbox 3550 1326 3837 1398; x_wconf 78' lang='grc' dir='ltr'>αἰχμαλω-</span> 
     </span>
    </p>
   </div>
   <div class='ocr_carea' id='block_1_29' title="bbox 2248 1417 3837 1497">
    <p class='ocr_par' dir='ltr' id='par_1_29' title="bbox 2248 1417 3837 1497">
     <span class='ocr_line' id='line_1_29' title="bbox 2248 1417 3837 1497; baseline -0.011 -10"><span class='ocrx_word' id='word_1_200' title='bbox 2248 1436 2565 1497; x_wconf 87' lang='grc' dir='ltr'>τεύσαντας.</span> <span class='ocrx_word' id='word_1_201' title='bbox 2595 1429 2777 1485; x_wconf 66' lang='grc' dir='ltr'>*Ησαν</span> <span class='ocrx_word' id='word_1_202' title='bbox 2799 1430 2855 1484; x_wconf 84' lang='grc' dir='ltr'>δὲ</span> <span class='ocrx_word' id='word_1_203' title='bbox 2879 1424 3023 1483; x_wconf 72' lang='grc' dir='ltr'>οὗτοι</span> <span class='ocrx_word' id='word_1_204' title='bbox 3069 1426 3363 1495; x_wconf 76' lang='grc' dir='ltr'><strong>Ἀσσύριοι,</strong></span> <span class='ocrx_word' id='word_1_205' title='bbox 3404 1417 3486 1486; x_wconf 74' lang='grc' dir='ltr'>οἷς</span> <span class='ocrx_word' id='word_1_206' title='bbox 3506 1420 3575 1474; x_wconf 81' lang='grc' dir='ltr'>τὰ</span> <span class='ocrx_word' id='word_1_207' title='bbox 3604 1417 3837 1491; x_wconf 87' lang='grc' dir='ltr'>προκεί-</span> 
     </span>
    </p>
   </div>
   <div class='ocr_carea' id='block_1_30' title="bbox 2254 1508 3830 1596">
    <p class='ocr_par' dir='ltr' id='par_1_30' title="bbox 2254 1508 3830 1596">
     <span class='ocr_line' id='line_1_30' title="bbox 2254 1508 3830 1596; baseline -0.011 -17"><span class='ocrx_word' id='word_1_208' title='bbox 2254 1542 2389 1596; x_wconf 88' lang='grc' dir='ltr'>μενα</span> <span class='ocrx_word' id='word_1_209' title='bbox 2419 1524 2650 1582; x_wconf 84' lang='grc' dir='ltr'>ἀπειλεῖ.</span> <span class='ocrx_word' id='word_1_210' title='bbox 2682 1524 2804 1576; x_wconf 85' lang='grc' dir='ltr'>Ὅτι</span> <span class='ocrx_word' id='word_1_211' title='bbox 2833 1522 2890 1574; x_wconf 80' lang='grc' dir='ltr'>δὲ</span> <span class='ocrx_word' id='word_1_212' title='bbox 2917 1520 3132 1590; x_wconf 82' lang='grc' dir='ltr'>ἀπῆκτο</span> <span class='ocrx_word' id='word_1_213' title='bbox 3155 1516 3260 1570; x_wconf 81' lang='grc' dir='ltr'><strong>ὑπὸ</strong></span> <span class='ocrx_word' id='word_1_214' title='bbox 3300 1514 3601 1585; x_wconf 80' lang='grc' dir='ltr'><strong>Ἀσσυρίων</strong></span> <span class='ocrx_word' id='word_1_215' title='bbox 3631 1513 3659 1564; x_wconf 86' lang='grc' dir='ltr'><strong>ό</strong></span> <span class='ocrx_word' id='word_1_216' title='bbox 3678 1508 3830 1573; x_wconf 79' lang='grc' dir='ltr'>λαὸς,</span> 
     </span>
    </p>
   </div>
   <div class='ocr_carea' id='block_1_31' title="bbox 2250 1603 3836 1689">
    <p class='ocr_par' dir='ltr' id='par_1_31' title="bbox 2250 1603 3836 1689">
     <span class='ocr_line' id='line_1_31' title="bbox 2250 1603 3836 1689; baseline -0.013 -17"><span class='ocrx_word' id='word_1_217' title='bbox 2250 1619 2344 1671; x_wconf 78' lang='grc' dir='ltr'>καὶ</span> <span class='ocrx_word' id='word_1_218' title='bbox 2375 1616 2777 1689; x_wconf 83' lang='grc' dir='ltr'>πεπολίορκητο</span> <span class='ocrx_word' id='word_1_219' title='bbox 2809 1616 2842 1684; x_wconf 89' lang='grc' dir='ltr'><strong>ή</strong></span> <span class='ocrx_word' id='word_1_220' title='bbox 2888 1612 3191 1683; x_wconf 81' lang='grc' dir='ltr'>Σαμάρεια,</span> <span class='ocrx_word' id='word_1_221' title='bbox 3223 1609 3315 1661; x_wconf 83' lang='grc' dir='ltr'>ὅτε</span> <span class='ocrx_word' id='word_1_222' title='bbox 3342 1605 3412 1659; x_wconf 82' lang='grc' dir='ltr'>τὰ</span> <span class='ocrx_word' id='word_1_223' title='bbox 3457 1603 3595 1666; x_wconf 77' lang='grc' dir='ltr'>μετὰ</span> <span class='ocrx_word' id='word_1_224' title='bbox 3641 1604 3836 1673; x_wconf 84' lang='grc' dir='ltr'>χεῖρας</span> 
     </span>
    </p>
   </div>
   <div class='ocr_carea' id='block_1_32' title="bbox 2250 1695 3849 1780">
    <p class='ocr_par' dir='ltr' id='par_1_32' title="bbox 2250 1695 3849 1780">
     <span class='ocr_line' id='line_1_32' title="bbox 2250 1695 3849 1780; baseline -0.013 -16"><span class='ocrx_word' id='word_1_225' title='bbox 2250 1710 2487 1778; x_wconf 85' lang='grc' dir='ltr'>ὲλέγετο,</span> <span class='ocrx_word' id='word_1_226' title='bbox 2515 1710 2671 1780; x_wconf 86' lang='grc' dir='ltr'>δῆλον</span> <span class='ocrx_word' id='word_1_227' title='bbox 2710 1706 2965 1777; x_wconf 77' lang='grc' dir='ltr'><strong>τυγχάνει</strong></span> <span class='ocrx_word' id='word_1_228' title='bbox 3010 1707 3074 1757; x_wconf 83' lang='grc' dir='ltr'>ὲκ</span> <span class='ocrx_word' id='word_1_229' title='bbox 3115 1700 3210 1755; x_wconf 75' lang='grc' dir='ltr'>τοῦ</span> <span class='ocrx_word' id='word_1_230' title='bbox 3254 1698 3509 1767; x_wconf 86' lang='grc' dir='ltr'>λέγεσθαι</span> <span class='ocrx_word' id='word_1_231' title='bbox 3540 1699 3598 1749; x_wconf 73' lang='grc' dir='ltr'>ἐν</span> <span class='ocrx_word' id='word_1_232' title='bbox 3646 1695 3849 1757; x_wconf 79' lang='grc' dir='ltr'>αὐτοῖς</span> 
     </span>
    </p>
   </div>
   <div class='ocr_carea' id='block_1_33' title="bbox 2249 1784 3838 1873">
    <p class='ocr_par' dir='ltr' id='par_1_33' title="bbox 2249 1784 3838 1873">
     <span class='ocr_line' id='line_1_33' title="bbox 2249 1784 3838 1873; baseline -0.011 -20"><span class='ocrx_word' id='word_1_233' title='bbox 2249 1802 2315 1855; x_wconf 79' lang='grc' dir='ltr'>ὲκ</span> <span class='ocrx_word' id='word_1_234' title='bbox 2349 1799 2641 1873; x_wconf 82' lang='grc' dir='ltr'>προσώπου</span> <span class='ocrx_word' id='word_1_235' title='bbox 2679 1799 2771 1851; x_wconf 80' lang='grc' dir='ltr'>τοῦ</span> <span class='ocrx_word' id='word_1_236' title='bbox 2802 1796 2910 1851; x_wconf 84' lang='grc' dir='ltr'>τῶν</span> <span class='ocrx_word' id='word_1_237' title='bbox 2954 1793 3251 1864; x_wconf 83' lang='grc' dir='ltr'><strong>Ἀσσυρίων</strong></span> <span class='ocrx_word' id='word_1_238' title='bbox 3282 1788 3575 1860; x_wconf 79' lang='grc' dir='ltr'>βασιλέως-</span> <span class='ocrx_word' id='word_1_239' title='bbox 3610 1804 3629 1838; x_wconf 77' lang='grc' dir='ltr'><strong>ι</strong></span> <span class='ocrx_word' id='word_1_240' title='bbox 3666 1784 3838 1838; x_wconf 84' lang='grc' dir='ltr'>Ἐλα-</span> 
     </span>
    </p>
   </div>
   <div class='ocr_carea' id='block_1_34' title="bbox 581 1878 2151 1965">
    <p class='ocr_par' dir='ltr' id='par_1_34' title="bbox 581 1895 2151 1965">
     <span class='ocr_line' id='line_1_34' title="bbox 581 1895 2151 1965; baseline 0.001 -17"><span class='ocrx_word' id='word_1_241' title='bbox 581 1908 771 1949; x_wconf 89' lang='lat' dir='ltr'><strong>omnes</strong></span> <span class='ocrx_word' id='word_1_242' title='bbox 820 1895 1151 1965; x_wconf 88' lang='lat' dir='ltr'><strong>principatus</strong></span> <span class='ocrx_word' id='word_1_243' title='bbox 1198 1896 1439 1964; x_wconf 90' lang='lat' dir='ltr'><strong>capiam;</strong></span> <span class='ocrx_word' id='word_1_244' title='bbox 1482 1912 1502 1947; x_wconf 75' lang='grc' dir='ltr'><strong>ι</strong></span> <span class='ocrx_word' id='word_1_245' title='bbox 1528 1910 1596 1951; x_wconf 86' lang='lat' dir='ltr'><strong>ac</strong></span> <span class='ocrx_word' id='word_1_246' title='bbox 1632 1910 1863 1961; x_wconf 83' lang='lat' dir='ltr'><strong>rursum,</strong></span> <span class='ocrx_word' id='word_1_247' title='bbox 1892 1914 1913 1947; x_wconf 77' lang='grc' dir='ltr'><strong>ι</strong></span> <span class='ocrx_word' id='word_1_248' title='bbox 1952 1895 2151 1962; x_wconf 90' lang='lat' dir='ltr'><strong>Quem-</strong></span> 
     </span>
    </p>
   </div>
   <div class='ocr_carea' id='block_1_35' title="bbox 2254 1878 3840 1965">
    <p class='ocr_par' dir='ltr' id='par_1_35' title="bbox 2254 1878 3840 1965">
     <span class='ocr_line' id='line_1_35' title="bbox 2254 1878 3840 1965; baseline -0.01 -18"><span class='ocrx_word' id='word_1_249' title='bbox 2254 1893 2345 1947; x_wconf 87' lang='grc' dir='ltr'>ϐον</span> <span class='ocrx_word' id='word_1_250' title='bbox 2384 1892 2644 1965; x_wconf 82' lang='grc' dir='ltr'>Ἀραϐίαν</span> <span class='ocrx_word' id='word_1_251' title='bbox 2673 1892 2766 1948; x_wconf 76' lang='grc' dir='ltr'>καὶ</span> <span class='ocrx_word' id='word_1_252' title='bbox 2803 1886 3090 1961; x_wconf 80' lang='grc' dir='ltr'>Δαμασκὸν</span> <span class='ocrx_word' id='word_1_253' title='bbox 3120 1885 3213 1938; x_wconf 72' lang='grc' dir='ltr'>καὶ</span> <span class='ocrx_word' id='word_1_254' title='bbox 3238 1884 3547 1955; x_wconf 82' lang='grc' dir='ltr'>Σαμάρειαν</span> <span class='ocrx_word' id='word_1_255' title='bbox 3572 1898 3585 1911; x_wconf 90' lang='grc'><strong>·</strong></span> <span class='ocrx_word' id='word_1_256' title='bbox 3616 1880 3674 1933; x_wconf 81' lang='grc' dir='ltr'><strong>ὃν</strong></span> <span class='ocrx_word' id='word_1_257' title='bbox 3705 1878 3840 1950; x_wconf 83' lang='grc' dir='ltr'>τρό-</span> 
     </span>
    </p>
   </div>
   <div class='ocr_carea' id='block_1_36' title="bbox 581 1982 2148 2046">
    <p class='ocr_par' dir='ltr' id='par_1_36' title="bbox 581 1982 2148 2046">
     <span class='ocr_line' id='line_1_36' title="bbox 581 1982 2148 2046; baseline 0.004 -10"><span class='ocrx_word' id='word_1_258' title='bbox 581 1983 870 2041; x_wconf 84' lang='lat' dir='ltr'><strong>admodum</strong></span> <span class='ocrx_word' id='word_1_259' title='bbox 934 1982 1037 2039; x_wconf 90' lang='lat' dir='ltr'><strong>feci</strong></span> <span class='ocrx_word' id='word_1_260' title='bbox 1097 1983 1376 2046; x_wconf 64' lang='lat' dir='ltr'><strong>Samaria.</strong></span> <span class='ocrx_word' id='word_1_261' title='bbox 1420 1994 1477 2039; x_wconf 89' lang='lat' dir='ltr'><strong>et</strong></span> <span class='ocrx_word' id='word_1_262' title='bbox 1522 1984 1774 2041; x_wconf 87' lang='lat' dir='ltr'><strong>omnibus</strong></span> <span class='ocrx_word' id='word_1_263' title='bbox 1822 1988 2148 2042; x_wconf 83' lang='lat' dir='ltr'><strong>manufactis</strong></span> 
     </span>
    </p>
   </div>
   <div class='ocr_carea' id='block_1_37' title="bbox 581 2066 2149 2147">
    <p class='ocr_par' dir='ltr' id='par_1_37' title="bbox 581 2066 2149 2147">
     <span class='ocr_line' id='line_1_37' title="bbox 581 2066 2149 2147; baseline 0.003 -19"><span class='ocrx_word' id='word_1_264' title='bbox 581 2066 724 2143; x_wconf 80' lang='lat' dir='ltr'><strong>ejus,</strong></span> <span class='ocrx_word' id='word_1_265' title='bbox 751 2075 828 2130; x_wconf 86' lang='lat' dir='ltr'><strong>sic</strong></span> <span class='ocrx_word' id='word_1_266' title='bbox 852 2075 1043 2130; x_wconf 80' lang='lat' dir='ltr'><strong>faciam</strong></span> <span class='ocrx_word' id='word_1_267' title='bbox 1076 2075 1447 2147; x_wconf 71' lang='lat' dir='ltr'><strong>Jerosolymte.</strong></span> <span class='ocrx_word' id='word_1_268' title='bbox 1492 2096 1510 2128; x_wconf 75' lang='grc' dir='ltr'>ι</span> <span class='ocrx_word' id='word_1_269' title='bbox 1544 2076 1920 2133; x_wconf 79' lang='lat' dir='ltr'><strong>Docetautem</strong></span> <span class='ocrx_word' id='word_1_270' title='bbox 1977 2079 2149 2133; x_wconf 85' lang='lat' dir='ltr'><strong>histo-</strong></span> 
     </span>
    </p>
   </div>
   <div class='ocr_carea' id='block_1_38' title="bbox 584 2165 2145 2238">
    <p class='ocr_par' dir='ltr' id='par_1_38' title="bbox 584 2165 2145 2238">
     <span class='ocr_line' id='line_1_38' title="bbox 584 2165 2145 2238; baseline 0.004 -21"><span class='ocrx_word' id='word_1_271' title='bbox 584 2166 665 2219; x_wconf 82' lang='lat' dir='ltr'><strong>ria</strong></span> <span class='ocrx_word' id='word_1_272' title='bbox 698 2165 750 2219; x_wconf 90' lang='lat' dir='ltr'><strong>in</strong></span> <span class='ocrx_word' id='word_1_273' title='bbox 782 2166 970 2221; x_wconf 89' lang='lat' dir='ltr'><strong>diebus</strong></span> <span class='ocrx_word' id='word_1_274' title='bbox 998 2167 1177 2221; x_wconf 81' lang='lat' dir='ltr'><strong>Achaz</strong></span> <span class='ocrx_word' id='word_1_275' title='bbox 1209 2168 1521 2223; x_wconf 88' lang='lat' dir='ltr'><strong>ascendisse</strong></span> <span class='ocrx_word' id='word_1_276' title='bbox 1573 2182 1759 2238; x_wconf 87' lang='lat' dir='ltr'><strong>regem</strong></span> <span class='ocrx_word' id='word_1_277' title='bbox 1801 2168 2145 2238; x_wconf 80' lang='lat' dir='ltr'><strong>Assyriorum</strong></span> 
     </span>
    </p>
   </div>
   <div class='ocr_carea' id='block_1_39' title="bbox 582 2257 2150 2330">
    <p class='ocr_par' dir='ltr' id='par_1_39' title="bbox 582 2257 2150 2330">
     <span class='ocr_line' id='line_1_39' title="bbox 582 2257 2150 2330; baseline 0.002 -19"><span class='ocrx_word' id='word_1_278' title='bbox 582 2257 909 2320; x_wconf 87' lang='lat' dir='ltr'><strong>Samariam,</strong></span> <span class='ocrx_word' id='word_1_279' title='bbox 937 2269 990 2312; x_wconf 91' lang='lat' dir='ltr'><strong>et</strong></span> <span class='ocrx_word' id='word_1_280' title='bbox 1017 2258 1293 2313; x_wconf 85' lang='lat' dir='ltr'><strong>obsedisse</strong></span> <span class='ocrx_word' id='word_1_281' title='bbox 1326 2258 1469 2313; x_wconf 89' lang='lat' dir='ltr'><strong>illam</strong></span> <span class='ocrx_word' id='word_1_282' title='bbox 1493 2278 1506 2314; x_wconf 90' lang='lat'><strong>:</strong></span> <span class='ocrx_word' id='word_1_283' title='bbox 1535 2274 1598 2314; x_wconf 86' lang='lat' dir='ltr'><strong>ac</strong></span> <span class='ocrx_word' id='word_1_284' title='bbox 1624 2270 1754 2313; x_wconf 87' lang='lat' dir='ltr'><strong>tunc</strong></span> <span class='ocrx_word' id='word_1_285' title='bbox 1783 2261 2000 2327; x_wconf 88' lang='lat' dir='ltr'><strong>quidem</strong></span> <span class='ocrx_word' id='word_1_286' title='bbox 2024 2276 2150 2330; x_wconf 86' lang='lat' dir='ltr'><strong>par-</strong></span> 
     </span>
    </p>
   </div>
   <div class='ocr_carea' id='block_1_40' title="bbox 578 2342 2148 2419">
    <p class='ocr_par' dir='ltr' id='par_1_40' title="bbox 578 2342 2148 2419">
     <span class='ocr_line' id='line_1_40' title="bbox 578 2342 2148 2419; baseline 0.003 -17"><span class='ocrx_word' id='word_1_287' title='bbox 578 2354 689 2402; x_wconf 78' lang='lat' dir='ltr'><strong>tem</strong></span> <span class='ocrx_word' id='word_1_288' title='bbox 727 2348 906 2418; x_wconf 91' lang='lat' dir='ltr'><strong>populi</strong></span> <span class='ocrx_word' id='word_1_289' title='bbox 933 2342 1198 2419; x_wconf 81' lang='lat' dir='ltr'><strong>captivam</strong></span> <span class='ocrx_word' id='word_1_290' title='bbox 1230 2350 1488 2405; x_wconf 82' lang='lat' dir='ltr'><strong>duxisse:</strong></span> <span class='ocrx_word' id='word_1_291' title='bbox 1537 2352 1637 2407; x_wconf 89' lang='lat' dir='ltr'><strong>sub</strong></span> <span class='ocrx_word' id='word_1_292' title='bbox 1682 2351 1913 2406; x_wconf 85' lang='lat' dir='ltr'><strong>Ezechia</strong></span> <span class='ocrx_word' id='word_1_293' title='bbox 1967 2361 2148 2407; x_wconf 79' lang='lat' dir='ltr'><strong>autem</strong></span> 
     </span>
    </p>
   </div>
   <div class='ocr_carea' id='block_1_41' title="bbox 578 2438 2150 2513">
    <p class='ocr_par' dir='ltr' id='par_1_41' title="bbox 578 2438 2150 2513">
     <span class='ocr_line' id='line_1_41' title="bbox 578 2438 2150 2513; baseline 0.001 -17"><span class='ocrx_word' id='word_1_294' title='bbox 578 2438 781 2496; x_wconf 80' lang='lat' dir='ltr'><strong>Acbazi</strong></span> <span class='ocrx_word' id='word_1_295' title='bbox 804 2455 1123 2497; x_wconf 87' lang='lat' dir='ltr'><strong>successore</strong></span> <span class='ocrx_word' id='word_1_296' title='bbox 1156 2441 1469 2496; x_wconf 90' lang='lat' dir='ltr'><strong>universum</strong></span> <span class='ocrx_word' id='word_1_297' title='bbox 1503 2440 1761 2513; x_wconf 92' lang='lat' dir='ltr'><strong>populum</strong></span> <span class='ocrx_word' id='word_1_298' title='bbox 1804 2442 2150 2497; x_wconf 87' lang='lat' dir='ltr'><strong>transtulisse</strong></span> 
     </span>
    </p>
   </div>
   <div class='ocr_carea' id='block_1_42' title="bbox 580 2529 937 2606">
    <p class='ocr_par' dir='ltr' id='par_1_42' title="bbox 580 2529 937 2606">
     <span class='ocr_line' id='line_1_42' title="bbox 580 2529 937 2606; baseline 0.006 -21"><span class='ocrx_word' id='word_1_299' title='bbox 580 2529 635 2590; x_wconf 79' lang='lat' dir='ltr'><strong>in</strong></span> <span class='ocrx_word' id='word_1_300' title='bbox 665 2530 937 2606; x_wconf 81' lang='lat' dir='ltr'><strong>Assyrios.</strong></span> 
     </span>
    </p>
   </div>
   <div class='ocr_carea' id='block_1_43' title="bbox 648 2801 2149 2874">
    <p class='ocr_par' dir='ltr' id='par_1_43' title="bbox 648 2801 2149 2874">
     <span class='ocr_line' id='line_1_43' title="bbox 648 2801 2149 2874; baseline -0.001 -13"><span class='ocrx_word' id='word_1_301' title='bbox 648 2801 818 2861; x_wconf 65' lang='lat' dir='ltr'><strong>Vitas.</strong></span> <span class='ocrx_word' id='word_1_302' title='bbox 861 2804 977 2860; x_wconf 74' lang='lat'><strong>7-9.</strong></span> <span class='ocrx_word' id='word_1_303' title='bbox 1013 2821 1033 2855; x_wconf 78' lang='grc' dir='ltr'><strong>ι</strong></span> <span class='ocrx_word' id='word_1_304' title='bbox 1065 2802 1183 2873; x_wconf 88' lang='lat' dir='ltr'><strong>ipse</strong></span> <span class='ocrx_word' id='word_1_305' title='bbox 1208 2811 1388 2859; x_wconf 90' lang='lat' dir='ltr'><strong>autem</strong></span> <span class='ocrx_word' id='word_1_306' title='bbox 1432 2816 1538 2857; x_wconf 93' lang='lat' dir='ltr'><strong>non</strong></span> <span class='ocrx_word' id='word_1_307' title='bbox 1589 2802 1669 2857; x_wconf 89' lang='lat' dir='ltr'><strong>sic</strong></span> <span class='ocrx_word' id='word_1_308' title='bbox 1697 2805 1983 2874; x_wconf 77' lang='lat' dir='ltr'><strong>cogitavit,</strong></span> <span class='ocrx_word' id='word_1_309' title='bbox 2013 2813 2067 2860; x_wconf 91' lang='lat' dir='ltr'><strong>et</strong></span> <span class='ocrx_word' id='word_1_310' title='bbox 2094 2805 2149 2859; x_wconf 92' lang='lat' dir='ltr'><strong>in</strong></span> 
     </span>
    </p>
   </div>
   <div class='ocr_carea' id='block_1_44' title="bbox 580 2894 2151 2964">
    <p class='ocr_par' dir='ltr' id='par_1_44' title="bbox 580 2894 2151 2964">
     <span class='ocr_line' id='line_1_44' title="bbox 580 2894 2151 2964; baseline -0.001 -11"><span class='ocrx_word' id='word_1_311' title='bbox 580 2899 758 2953; x_wconf 82' lang='lat' dir='ltr'><strong>anima</strong></span> <span class='ocrx_word' id='word_1_312' title='bbox 787 2912 891 2951; x_wconf 91' lang='lat' dir='ltr'><strong>non</strong></span> <span class='ocrx_word' id='word_1_313' title='bbox 927 2896 1007 2950; x_wconf 91' lang='lat' dir='ltr'><strong>sic</strong></span> <span class='ocrx_word' id='word_1_314' title='bbox 1031 2894 1325 2950; x_wconf 86' lang='lat' dir='ltr'><strong>arbitratus</strong></span> <span class='ocrx_word' id='word_1_315' title='bbox 1355 2903 1438 2948; x_wconf 88' lang='lat' dir='ltr'><strong>est</strong></span> <span class='ocrx_word' id='word_1_316' title='bbox 1461 2910 1476 2959; x_wconf 88' lang='lat'><strong>;</strong></span> <span class='ocrx_word' id='word_1_317' title='bbox 1500 2894 1593 2948; x_wconf 88' lang='lat' dir='ltr'><strong>sed</strong></span> <span class='ocrx_word' id='word_1_318' title='bbox 1622 2905 1828 2950; x_wconf 89' lang='lat' dir='ltr'><strong>avertet</strong></span> <span class='ocrx_word' id='word_1_319' title='bbox 1850 2910 2004 2952; x_wconf 82' lang='lat' dir='ltr'><strong>mens</strong></span> <span class='ocrx_word' id='word_1_320' title='bbox 2033 2895 2151 2964; x_wconf 83' lang='lat' dir='ltr'><strong>ejus</strong></span> 
     </span>
    </p>
   </div>
   <div class='ocr_carea' id='block_1_45' title="bbox 586 2986 2149 3059">
    <p class='ocr_par' dir='ltr' id='par_1_45' title="bbox 586 2986 2149 3059">
     <span class='ocr_line' id='line_1_45' title="bbox 586 2986 2149 3059; baseline -0.001 -16"><span class='ocrx_word' id='word_1_321' title='bbox 586 2989 652 3045; x_wconf 88' lang='lat' dir='ltr'><strong>ad</strong></span> <span class='ocrx_word' id='word_1_322' title='bbox 686 2997 873 3059; x_wconf 90' lang='lat' dir='ltr'><strong>gentes</strong></span> <span class='ocrx_word' id='word_1_323' title='bbox 905 2986 1349 3042; x_wconf 81' lang='lat' dir='ltr'><strong>exterminandas</strong></span> <span class='ocrx_word' id='word_1_324' title='bbox 1403 3001 1506 3039; x_wconf 90' lang='lat' dir='ltr'><strong>non</strong></span> <span class='ocrx_word' id='word_1_325' title='bbox 1558 3002 1783 3056; x_wconf 87' lang='lat' dir='ltr'><strong>paucas.</strong></span> <span class='ocrx_word' id='word_1_326' title='bbox 1812 2988 1875 3042; x_wconf 89' lang='lat' dir='ltr'><strong>Et</strong></span> <span class='ocrx_word' id='word_1_327' title='bbox 1906 2989 1948 3043; x_wconf 91' lang='lat' dir='ltr'><strong>si</strong></span> <span class='ocrx_word' id='word_1_328' title='bbox 1992 2989 2149 3043; x_wconf 81' lang='lat' dir='ltr'><strong>dixe-</strong></span> 
     </span>
    </p>
   </div>
   <div class='ocr_carea' id='block_1_46' title="bbox 579 3078 2149 3153">
    <p class='ocr_par' dir='ltr' id='par_1_46' title="bbox 579 3078 2149 3153">
     <span class='ocr_line' id='line_1_46' title="bbox 579 3078 2149 3153; baseline -0.001 -17"><span class='ocrx_word' id='word_1_329' title='bbox 579 3081 693 3136; x_wconf 87' lang='lat' dir='ltr'><strong>rint</strong></span> <span class='ocrx_word' id='word_1_330' title='bbox 725 3080 797 3144; x_wconf 91' lang='lat' dir='ltr'><strong>ei,</strong></span> <span class='ocrx_word' id='word_1_331' title='bbox 834 3078 913 3134; x_wconf 89' lang='lat' dir='ltr'><strong>Tu</strong></span> <span class='ocrx_word' id='word_1_332' title='bbox 956 3081 1105 3135; x_wconf 88' lang='lat' dir='ltr'><strong>solus</strong></span> <span class='ocrx_word' id='word_1_333' title='bbox 1137 3095 1195 3134; x_wconf 87' lang='lat' dir='ltr'><strong>es</strong></span> <span class='ocrx_word' id='word_1_334' title='bbox 1226 3082 1480 3153; x_wconf 82' lang='lat' dir='ltr'><strong>princeps</strong></span> <span class='ocrx_word' id='word_1_335' title='bbox 1518 3102 1531 3137; x_wconf 87' lang='lat'><strong>:</strong></span> <span class='ocrx_word' id='word_1_336' title='bbox 1562 3079 1931 3153; x_wconf 88' lang='lat' dir='ltr'><strong>respondebit,</strong></span> <span class='ocrx_word' id='word_1_337' title='bbox 1958 3082 2149 3136; x_wconf 86' lang='lat' dir='ltr'><strong>Annon</strong></span> 
     </span>
    </p>
   </div>
   <div class='ocr_carea' id='block_1_47' title="bbox 578 3174 2152 3247">
    <p class='ocr_par' dir='ltr' id='par_1_47' title="bbox 578 3174 2152 3247">
     <span class='ocr_line' id='line_1_47' title="bbox 578 3174 2152 3247; baseline 0 -16"><span class='ocrx_word' id='word_1_338' title='bbox 578 3176 693 3245; x_wconf 86' lang='lat' dir='ltr'><strong>cepi</strong></span> <span class='ocrx_word' id='word_1_339' title='bbox 719 3174 995 3246; x_wconf 74' lang='lat' dir='ltr'><strong>regionem</strong></span> <span class='ocrx_word' id='word_1_340' title='bbox 1030 3189 1190 3245; x_wconf 83' lang='lat' dir='ltr'><strong>supra</strong></span> <span class='ocrx_word' id='word_1_341' title='bbox 1214 3174 1540 3247; x_wconf 87' lang='lat' dir='ltr'><strong>Babylonem</strong></span> <span class='ocrx_word' id='word_1_342' title='bbox 1572 3186 1627 3231; x_wconf 92' lang='lat' dir='ltr'><strong>et</strong></span> <span class='ocrx_word' id='word_1_343' title='bbox 1647 3176 1966 3243; x_wconf 84' lang='lat' dir='ltr'><strong>Chalanem,</strong></span> <span class='ocrx_word' id='word_1_344' title='bbox 2000 3175 2152 3245; x_wconf 88' lang='lat' dir='ltr'><strong>cujus</strong></span> 
     </span>
    </p>
   </div>
   <div class='ocr_carea' id='block_1_48' title="bbox 582 3244 2223 3337">
    <p class='ocr_par' dir='ltr' id='par_1_48' title="bbox 582 3244 2223 3337">
     <span class='ocr_line' id='line_1_48' title="bbox 582 3244 2223 3337; baseline -0.001 -14"><span class='ocrx_word' id='word_1_345' title='bbox 582 3268 746 3323; x_wconf 82' lang='lat' dir='ltr'><strong>turris</strong></span> <span class='ocrx_word' id='word_1_346' title='bbox 774 3244 1033 3321; x_wconf 67' lang='lat' dir='ltr'><strong>aedificata</strong></span> <span class='ocrx_word' id='word_1_347' title='bbox 1056 3274 1140 3320; x_wconf 88' lang='lat' dir='ltr'><strong>est</strong></span> <span class='ocrx_word' id='word_1_348' title='bbox 1166 3285 1179 3322; x_wconf 90' lang='lat'><strong>:</strong></span> <span class='ocrx_word' id='word_1_349' title='bbox 1205 3277 1258 3320; x_wconf 93' lang='lat' dir='ltr'><strong>et</strong></span> <span class='ocrx_word' id='word_1_350' title='bbox 1279 3244 1395 3337; x_wconf 82' lang='lat' dir='ltr'><strong>cepi</strong></span> <span class='ocrx_word' id='word_1_351' title='bbox 1419 3268 1699 3333; x_wconf 88' lang='lat' dir='ltr'><strong>Arabiam,</strong></span> <span class='ocrx_word' id='word_1_352' title='bbox 1730 3278 1785 3322; x_wconf 93' lang='lat' dir='ltr'><strong>et</strong></span> <span class='ocrx_word' id='word_1_353' title='bbox 1807 3244 2150 3335; x_wconf 81' lang='lat' dir='ltr'><strong>Damascum,</strong></span> <span class='ocrx_word' id='word_1_354' title='bbox 2181 3244 2223 3301; x_wconf 64' lang='grc' dir='ltr'><strong>ς·</strong></span> 
     </span>
    </p>
   </div>
   <div class='ocr_carea' id='block_1_49' title="bbox 579 3356 2153 3431">
    <p class='ocr_par' dir='ltr' id='par_1_49' title="bbox 579 3356 2153 3431">
     <span class='ocr_line' id='line_1_49' title="bbox 579 3356 2153 3431; baseline 0.003 -18"><span class='ocrx_word' id='word_1_355' title='bbox 579 3366 635 3413; x_wconf 85' lang='lat' dir='ltr'><strong>et</strong></span> <span class='ocrx_word' id='word_1_356' title='bbox 662 3356 1039 3412; x_wconf 64' lang='lat' dir='ltr'><strong>Samariam?»</strong></span> <span class='ocrx_word' id='word_1_357' title='bbox 1072 3356 1205 3411; x_wconf 90' lang='lat' dir='ltr'><strong>Cum</strong></span> <span class='ocrx_word' id='word_1_358' title='bbox 1238 3373 1436 3427; x_wconf 90' lang='lat' dir='ltr'><strong>meam,</strong></span> <span class='ocrx_word' id='word_1_359' title='bbox 1480 3361 1676 3431; x_wconf 93' lang='lat' dir='ltr'><strong>inquit,</strong></span> <span class='ocrx_word' id='word_1_360' title='bbox 1710 3370 2031 3430; x_wconf 89' lang='lat' dir='ltr'><strong>potestatem</strong></span> <span class='ocrx_word' id='word_1_361' title='bbox 2060 3376 2153 3417; x_wconf 80' lang='lat' dir='ltr'><strong>ac-</strong></span> 
     </span>
    </p>
   </div>
   <div class='ocr_carea' id='block_1_50' title="bbox 581 3446 2153 3517">
    <p class='ocr_par' dir='ltr' id='par_1_50' title="bbox 581 3446 2153 3517">
     <span class='ocr_line' id='line_1_50' title="bbox 581 3446 2153 3517; baseline 0.003 -15"><span class='ocrx_word' id='word_1_362' title='bbox 581 3448 802 3517; x_wconf 89' lang='lat' dir='ltr'><strong>ceperit,</strong></span> <span class='ocrx_word' id='word_1_363' title='bbox 833 3461 937 3501; x_wconf 92' lang='lat' dir='ltr'><strong>non</strong></span> <span class='ocrx_word' id='word_1_364' title='bbox 962 3448 1041 3501; x_wconf 90' lang='lat' dir='ltr'><strong>sic</strong></span> <span class='ocrx_word' id='word_1_365' title='bbox 1068 3446 1154 3503; x_wconf 89' lang='lat' dir='ltr'><strong>ille</strong></span> <span class='ocrx_word' id='word_1_366' title='bbox 1181 3449 1477 3503; x_wconf 88' lang='lat' dir='ltr'><strong>arbitratus</strong></span> <span class='ocrx_word' id='word_1_367' title='bbox 1500 3460 1613 3515; x_wconf 88' lang='lat' dir='ltr'><strong>est,</strong></span> <span class='ocrx_word' id='word_1_368' title='bbox 1645 3451 1739 3505; x_wconf 89' lang='lat' dir='ltr'><strong>sed</strong></span> <span class='ocrx_word' id='word_1_369' title='bbox 1775 3451 1950 3505; x_wconf 89' lang='lat' dir='ltr'><strong>elatus</strong></span> <span class='ocrx_word' id='word_1_370' title='bbox 1972 3460 2153 3507; x_wconf 81' lang='lat' dir='ltr'><strong>metite</strong></span> 
     </span>
    </p>
   </div>
   <div class='ocr_carea' id='block_1_51' title="bbox 580 3540 2153 3611">
    <p class='ocr_par' dir='ltr' id='par_1_51' title="bbox 580 3540 2153 3611">
     <span class='ocr_line' id='line_1_51' title="bbox 580 3540 2153 3611; baseline 0.002 -17"><span class='ocrx_word' id='word_1_371' title='bbox 580 3541 702 3604; x_wconf 87' lang='lat' dir='ltr'><strong>fuit,</strong></span> <span class='ocrx_word' id='word_1_372' title='bbox 736 3554 800 3594; x_wconf 91' lang='lat' dir='ltr'><strong>ac</strong></span> <span class='ocrx_word' id='word_1_373' title='bbox 832 3540 874 3593; x_wconf 87' lang='lat' dir='ltr'><strong>si</strong></span> <span class='ocrx_word' id='word_1_374' title='bbox 912 3540 1165 3608; x_wconf 89' lang='lat' dir='ltr'><strong>populum</strong></span> <span class='ocrx_word' id='word_1_375' title='bbox 1200 3556 1377 3595; x_wconf 91' lang='lat' dir='ltr'><strong>meum</strong></span> <span class='ocrx_word' id='word_1_376' title='bbox 1406 3544 1621 3611; x_wconf 88' lang='lat' dir='ltr'><strong>propria</strong></span> <span class='ocrx_word' id='word_1_377' title='bbox 1663 3544 1862 3597; x_wconf 90' lang='lat' dir='ltr'><strong>virtute</strong></span> <span class='ocrx_word' id='word_1_378' title='bbox 1890 3543 2153 3598; x_wconf 88' lang='lat' dir='ltr'><strong>debellas-</strong></span> 
     </span>
    </p>
   </div>
   <div class='ocr_carea' id='block_1_52' title="bbox 581 3630 2154 3704">
    <p class='ocr_par' dir='ltr' id='par_1_52' title="bbox 581 3630 2154 3704">
     <span class='ocr_line' id='line_1_52' title="bbox 581 3630 2154 3704; baseline 0.002 -17"><span class='ocrx_word' id='word_1_379' title='bbox 581 3642 683 3689; x_wconf 85' lang='lat' dir='ltr'><strong>set.</strong></span> <span class='ocrx_word' id='word_1_380' title='bbox 713 3631 823 3686; x_wconf 84' lang='lat' dir='ltr'><strong>Nec</strong></span> <span class='ocrx_word' id='word_1_381' title='bbox 850 3630 941 3685; x_wconf 91' lang='lat' dir='ltr'><strong>illo</strong></span> <span class='ocrx_word' id='word_1_382' title='bbox 966 3639 1259 3685; x_wconf 90' lang='lat' dir='ltr'><strong>contentus</strong></span> <span class='ocrx_word' id='word_1_383' title='bbox 1306 3633 1539 3698; x_wconf 80' lang='lat' dir='ltr'><strong>excidio,</strong></span> <span class='ocrx_word' id='word_1_384' title='bbox 1577 3635 1819 3689; x_wconf 87' lang='lat' dir='ltr'><strong>infinitas</strong></span> <span class='ocrx_word' id='word_1_385' title='bbox 1858 3635 1994 3690; x_wconf 90' lang='lat' dir='ltr'><strong>alias</strong></span> <span class='ocrx_word' id='word_1_386' title='bbox 2022 3650 2154 3704; x_wconf 78' lang='lat' dir='ltr'><strong>gen-</strong></span> 
     </span>
    </p>
   </div>
   <div class='ocr_carea' id='block_1_53' title="bbox 582 3724 2154 3796">
    <p class='ocr_par' dir='ltr' id='par_1_53' title="bbox 582 3724 2154 3796">
     <span class='ocr_line' id='line_1_53' title="bbox 582 3724 2154 3796; baseline 0.002 -17"><span class='ocrx_word' id='word_1_387' title='bbox 582 3733 664 3779; x_wconf 84' lang='lat' dir='ltr'><strong>tes</strong></span> <span class='ocrx_word' id='word_1_388' title='bbox 689 3739 747 3779; x_wconf 87' lang='lat' dir='ltr'><strong>se</strong></span> <span class='ocrx_word' id='word_1_389' title='bbox 799 3724 1109 3778; x_wconf 90' lang='lat' dir='ltr'><strong>invasurum</strong></span> <span class='ocrx_word' id='word_1_390' title='bbox 1149 3725 1427 3779; x_wconf 85' lang='lat' dir='ltr'><strong>minatur:</strong></span> <span class='ocrx_word' id='word_1_391' title='bbox 1463 3728 1591 3795; x_wconf 87' lang='lat' dir='ltr'><strong>quia</strong></span> <span class='ocrx_word' id='word_1_392' title='bbox 1636 3727 1780 3781; x_wconf 85' lang='lat' dir='ltr'><strong>illam</strong></span> <span class='ocrx_word' id='word_1_393' title='bbox 1810 3728 2154 3796; x_wconf 53' lang='lat' dir='ltr'><strong>praestantio—</strong></span> 
     </span>
    </p>
   </div>
   <div class='ocr_carea' id='block_1_54' title="bbox 582 3812 2155 3883">
    <p class='ocr_par' dir='ltr' id='par_1_54' title="bbox 582 3812 2155 3883">
     <span class='ocr_line' id='line_1_54' title="bbox 582 3812 2155 3883; baseline 0.003 -15"><span class='ocrx_word' id='word_1_394' title='bbox 582 3828 698 3868; x_wconf 89' lang='lat' dir='ltr'><strong>rem</strong></span> <span class='ocrx_word' id='word_1_395' title='bbox 716 3824 788 3868; x_wconf 82' lang='lat' dir='ltr'><strong>&#39;ac</strong></span> <span class='ocrx_word' id='word_1_396' title='bbox 824 3814 923 3867; x_wconf 89' lang='lat' dir='ltr'><strong>sub</strong></span> <span class='ocrx_word' id='word_1_397' title='bbox 953 3812 1045 3867; x_wconf 91' lang='lat' dir='ltr'><strong>Dei</strong></span> <span class='ocrx_word' id='word_1_398' title='bbox 1082 3814 1245 3868; x_wconf 88' lang='lat' dir='ltr'><strong>tutela</strong></span> <span class='ocrx_word' id='word_1_399' title='bbox 1269 3815 1500 3881; x_wconf 87' lang='lat' dir='ltr'><strong>positam</strong></span> <span class='ocrx_word' id='word_1_400' title='bbox 1538 3816 1927 3874; x_wconf 86' lang='lat' dir='ltr'><strong>debellaverat.</strong></span> <span class='ocrx_word' id='word_1_401' title='bbox 1953 3816 2155 3883; x_wconf 87' lang='lat' dir='ltr'><strong>Quam-</strong></span> 
     </span>
    </p>
   </div>
   <div class='ocr_carea' id='block_1_55' title="bbox 579 3902 2155 3975">
    <p class='ocr_par' dir='ltr' id='par_1_55' title="bbox 579 3902 2155 3975">
     <span class='ocr_line' id='line_1_55' title="bbox 579 3902 2155 3975; baseline 0.003 -16"><span class='ocrx_word' id='word_1_402' title='bbox 579 3906 767 3959; x_wconf 90' lang='lat' dir='ltr'><strong>obrem</strong></span> <span class='ocrx_word' id='word_1_403' title='bbox 792 3904 858 3958; x_wconf 93' lang='lat' dir='ltr'><strong>iis</strong></span> <span class='ocrx_word' id='word_1_404' title='bbox 888 3905 977 3974; x_wconf 88' lang='lat' dir='ltr'><strong>qui</strong></span> <span class='ocrx_word' id='word_1_405' title='bbox 1009 3902 1240 3972; x_wconf 87' lang='lat' dir='ltr'><strong>subjecti</strong></span> <span class='ocrx_word' id='word_1_406' title='bbox 1268 3904 1520 3972; x_wconf 88' lang='lat' dir='ltr'><strong>fuerant,</strong></span> <span class='ocrx_word' id='word_1_407' title='bbox 1556 3908 1881 3965; x_wconf 84' lang='lat' dir='ltr'><strong>mirantibus</strong></span> <span class='ocrx_word' id='word_1_408' title='bbox 1908 3924 2055 3975; x_wconf 92' lang='lat' dir='ltr'><strong>eum,</strong></span> <span class='ocrx_word' id='word_1_409' title='bbox 2089 3924 2155 3965; x_wconf 91' lang='lat' dir='ltr'><strong>ac</strong></span> 
     </span>
    </p>
   </div>
   <div class='ocr_carea' id='block_1_56' title="bbox 580 3994 2155 4069">
    <p class='ocr_par' dir='ltr' id='par_1_56' title="bbox 580 3994 2155 4069">
     <span class='ocr_line' id='line_1_56' title="bbox 580 3994 2155 4069; baseline 0.004 -20"><span class='ocrx_word' id='word_1_410' title='bbox 580 3994 907 4061; x_wconf 86' lang='lat' dir='ltr'><strong>dicentibus,</strong></span> <span class='ocrx_word' id='word_1_411' title='bbox 941 4016 959 4047; x_wconf 86' lang='grc'><strong><em>‹</em></strong></span> <span class='ocrx_word' id='word_1_412' title='bbox 993 3994 1072 4050; x_wconf 84' lang='lat' dir='ltr'><strong>&#39;l‘u</strong></span> <span class='ocrx_word' id='word_1_413' title='bbox 1099 3996 1249 4051; x_wconf 85' lang='lat' dir='ltr'><strong>solus</strong></span> <span class='ocrx_word' id='word_1_414' title='bbox 1283 4012 1341 4053; x_wconf 89' lang='lat' dir='ltr'><strong>es</strong></span> <span class='ocrx_word' id='word_1_415' title='bbox 1372 3999 1648 4067; x_wconf 79' lang='lat' dir='ltr'><strong>princeps,</strong></span> <span class='ocrx_word' id='word_1_416' title='bbox 1681 4018 1700 4050; x_wconf 72' lang='grc' dir='ltr'><strong>ι</strong></span> <span class='ocrx_word' id='word_1_417' title='bbox 1738 4001 2033 4069; x_wconf 82' lang='lat' dir='ltr'><strong>respondet</strong></span> <span class='ocrx_word' id='word_1_418' title='bbox 2065 4000 2155 4055; x_wconf 89' lang='lat' dir='ltr'><strong>ille</strong></span> 
     </span>
    </p>
   </div>
   <div class='ocr_carea' id='block_1_57' title="bbox 580 4087 2153 4162">
    <p class='ocr_par' dir='ltr' id='par_1_57' title="bbox 580 4087 2153 4162">
     <span class='ocr_line' id='line_1_57' title="bbox 580 4087 2153 4162; baseline 0.004 -21"><span class='ocrx_word' id='word_1_419' title='bbox 580 4088 668 4141; x_wconf 84' lang='lat' dir='ltr'><strong>bis</strong></span> <span class='ocrx_word' id='word_1_420' title='bbox 695 4087 920 4143; x_wconf 84' lang='lat' dir='ltr'><strong>verbis:</strong></span> <span class='ocrx_word' id='word_1_421' title='bbox 955 4088 1036 4142; x_wconf 82' lang='lat' dir='ltr'><strong>Me</strong></span> <span class='ocrx_word' id='word_1_422' title='bbox 1087 4089 1385 4160; x_wconf 82' lang='lat' dir='ltr'><strong>principem</strong></span> <span class='ocrx_word' id='word_1_423' title='bbox 1436 4093 1672 4146; x_wconf 90' lang='lat' dir='ltr'><strong>nondum</strong></span> <span class='ocrx_word' id='word_1_424' title='bbox 1706 4094 1913 4147; x_wconf 85' lang='lat' dir='ltr'><strong>vocetis</strong></span> <span class='ocrx_word' id='word_1_425' title='bbox 1976 4107 2153 4162; x_wconf 89' lang='lat' dir='ltr'><strong>neque</strong></span> 
     </span>
    </p>
   </div>
   <div class='ocr_carea' id='block_1_58' title="bbox 583 4180 2154 4255">
    <p class='ocr_par' dir='ltr' id='par_1_58' title="bbox 583 4180 2154 4255">
     <span class='ocr_line' id='line_1_58' title="bbox 583 4180 2154 4255; baseline 0.004 -22"><span class='ocrx_word' id='word_1_426' title='bbox 583 4180 886 4243; x_wconf 88' lang='lat' dir='ltr'><strong>dominum,</strong></span> <span class='ocrx_word' id='word_1_427' title='bbox 918 4180 1359 4249; x_wconf 83' lang='lat' dir='ltr'><strong>quandoquidem</strong></span> <span class='ocrx_word' id='word_1_428' title='bbox 1394 4197 1585 4237; x_wconf 90' lang='lat' dir='ltr'><strong>omnes</strong></span> <span class='ocrx_word' id='word_1_429' title='bbox 1622 4182 1858 4253; x_wconf 90' lang='lat' dir='ltr'><strong>undique</strong></span> <span class='ocrx_word' id='word_1_430' title='bbox 1905 4184 2154 4255; x_wconf 83' lang='lat' dir='ltr'><strong>regiones</strong></span> 
     </span>
    </p>
   </div>
   <div class='ocr_carea' id='block_1_59' title="bbox 583 4273 1307 4343">
    <p class='ocr_par' dir='ltr' id='par_1_59' title="bbox 583 4273 1307 4343">
     <span class='ocr_line' id='line_1_59' title="bbox 583 4273 1307 4343; baseline -0.003 -14"><span class='ocrx_word' id='word_1_431' title='bbox 583 4273 818 4329; x_wconf 86' lang='lat' dir='ltr'><strong>nondum</strong></span> <span class='ocrx_word' id='word_1_432' title='bbox 844 4274 959 4343; x_wconf 89' lang='lat' dir='ltr'><strong>cepi</strong></span> <span class='ocrx_word' id='word_1_433' title='bbox 990 4290 1003 4325; x_wconf 89' lang='lat'><strong>:</strong></span> <span class='ocrx_word' id='word_1_434' title='bbox 1030 4283 1307 4339; x_wconf 70' lang='lat' dir='ltr'><strong>caeterum,</strong></span> 
     </span>
    </p>
   </div>
   <div class='ocr_carea' id='block_1_60' title="bbox 660 4364 2157 4437">
    <p class='ocr_par' dir='ltr' id='par_1_60' title="bbox 660 4364 2157 4437">
     <span class='ocr_line' id='line_1_60' title="bbox 660 4364 2157 4437; baseline 0.003 -18"><span class='ocrx_word' id='word_1_435' title='bbox 660 4364 821 4419; x_wconf 73' lang='lat' dir='ltr'><strong>Vitas.</strong></span> <span class='ocrx_word' id='word_1_436' title='bbox 866 4364 957 4421; x_wconf 86' lang='lat' dir='ltr'><strong>l0.</strong></span> <span class='ocrx_word' id='word_1_437' title='bbox 1002 4383 1020 4416; x_wconf 76' lang='grc' dir='ltr'>ι</span> <span class='ocrx_word' id='word_1_438' title='bbox 1076 4364 1541 4430; x_wconf 87' lang='lat' dir='ltr'><strong>Quemadmodum</strong></span> <span class='ocrx_word' id='word_1_439' title='bbox 1593 4366 1695 4422; x_wconf 90' lang='lat' dir='ltr'><strong>bas</strong></span> <span class='ocrx_word' id='word_1_440' title='bbox 1744 4368 1903 4437; x_wconf 91' lang='lat' dir='ltr'><strong>cepi,</strong></span> <span class='ocrx_word' id='word_1_441' title='bbox 1964 4369 2045 4424; x_wconf 90' lang='lat' dir='ltr'><strong>sic</strong></span> <span class='ocrx_word' id='word_1_442' title='bbox 2099 4377 2157 4425; x_wconf 93' lang='lat' dir='ltr'><strong>et</strong></span> 
     </span>
    </p>
   </div>
   <div class='ocr_carea' id='block_1_61' title="bbox 584 4456 2151 4529">
    <p class='ocr_par' dir='ltr' id='par_1_61' title="bbox 584 4456 2151 4529">
     <span class='ocr_line' id='line_1_61' title="bbox 584 4456 2151 4529; baseline 0.003 -18"><span class='ocrx_word' id='word_1_443' title='bbox 584 4470 774 4511; x_wconf 91' lang='lat' dir='ltr'><strong>omnes</strong></span> <span class='ocrx_word' id='word_1_444' title='bbox 818 4456 1155 4525; x_wconf 88' lang='lat' dir='ltr'><strong>principatus</strong></span> <span class='ocrx_word' id='word_1_445' title='bbox 1209 4456 1441 4525; x_wconf 88' lang='lat' dir='ltr'><strong>capiam.</strong></span> <span class='ocrx_word' id='word_1_446' title='bbox 1500 4456 1737 4524; x_wconf 85' lang='lat' dir='ltr'><strong>Ululate,</strong></span> <span class='ocrx_word' id='word_1_447' title='bbox 1769 4459 2039 4529; x_wconf 89' lang='lat' dir='ltr'><strong>sculptilia</strong></span> <span class='ocrx_word' id='word_1_448' title='bbox 2098 4461 2151 4515; x_wconf 91' lang='lat' dir='ltr'><strong>in</strong></span> 
     </span>
    </p>
   </div>
   <div class='ocr_carea' id='block_1_62' title="bbox 583 4546 2146 4621">
    <p class='ocr_par' dir='ltr' id='par_1_62' title="bbox 583 4546 2146 4621">
     <span class='ocr_line' id='line_1_62' title="bbox 583 4546 2146 4621; baseline 0.003 -19"><span class='ocrx_word' id='word_1_449' title='bbox 583 4546 879 4603; x_wconf 84' lang='lat' dir='ltr'><strong>Jerusalem</strong></span> <span class='ocrx_word' id='word_1_450' title='bbox 911 4556 964 4601; x_wconf 91' lang='lat' dir='ltr'><strong>et</strong></span> <span class='ocrx_word' id='word_1_451' title='bbox 998 4546 1274 4602; x_wconf 88' lang='lat' dir='ltr'><strong>Samaria.</strong></span> <span class='ocrx_word' id='word_1_452' title='bbox 1315 4567 1332 4599; x_wconf 71' lang='grc' dir='ltr'>ι</span> <span class='ocrx_word' id='word_1_453' title='bbox 1361 4549 1443 4603; x_wconf 85' lang='lat' dir='ltr'><strong>Ad</strong></span> <span class='ocrx_word' id='word_1_454' title='bbox 1468 4548 1613 4619; x_wconf 90' lang='lat' dir='ltr'><strong>ipsos</strong></span> <span class='ocrx_word' id='word_1_455' title='bbox 1636 4550 1892 4621; x_wconf 88' lang='lat' dir='ltr'><strong>Assyrios</strong></span> <span class='ocrx_word' id='word_1_456' title='bbox 1930 4565 2146 4607; x_wconf 88' lang='lat' dir='ltr'><strong>eorum-</strong></span> 
     </span>
    </p>
   </div>
   <div class='ocr_carea' id='block_1_63' title="bbox 585 4637 2146 4711">
    <p class='ocr_par' dir='ltr' id='par_1_63' title="bbox 585 4637 2146 4711">
     <span class='ocr_line' id='line_1_63' title="bbox 585 4637 2146 4711; baseline 0.003 -20"><span class='ocrx_word' id='word_1_457' title='bbox 585 4654 690 4708; x_wconf 87' lang='lat' dir='ltr'><strong>que</strong></span> <span class='ocrx_word' id='word_1_458' title='bbox 716 4638 1029 4707; x_wconf 88' lang='lat' dir='ltr'><strong>principem.</strong></span> <span class='ocrx_word' id='word_1_459' title='bbox 1060 4637 1151 4707; x_wconf 93' lang='lat' dir='ltr'><strong>qui</strong></span> <span class='ocrx_word' id='word_1_460' title='bbox 1188 4638 1303 4693; x_wconf 66' lang='lat' dir='ltr'><strong>haec</strong></span> <span class='ocrx_word' id='word_1_461' title='bbox 1336 4651 1443 4693; x_wconf 87' lang='lat' dir='ltr'><strong>tam</strong></span> <span class='ocrx_word' id='word_1_462' title='bbox 1469 4650 1788 4709; x_wconf 88' lang='lat' dir='ltr'><strong>arroganter</strong></span> <span class='ocrx_word' id='word_1_463' title='bbox 1813 4642 2146 4711; x_wconf 86' lang='lat' dir='ltr'><strong>proferebat,</strong></span> 
     </span>
    </p>
   </div>
   <div class='ocr_carea' id='block_1_64' title="bbox 587 4726 2151 4800">
    <p class='ocr_par' dir='ltr' id='par_1_64' title="bbox 587 4726 2151 4800">
     <span class='ocr_line' id='line_1_64' title="bbox 587 4726 2151 4800; baseline 0.002 -16"><span class='ocrx_word' id='word_1_464' title='bbox 587 4742 889 4785; x_wconf 89' lang='lat' dir='ltr'><strong>sermonem</strong></span> <span class='ocrx_word' id='word_1_465' title='bbox 943 4728 1142 4796; x_wconf 85' lang='lat' dir='ltr'><strong>dirigit.</strong></span> <span class='ocrx_word' id='word_1_466' title='bbox 1169 4726 1263 4781; x_wconf 70' lang='lat' dir='ltr'><strong>Va:</strong></span> <span class='ocrx_word' id='word_1_467' title='bbox 1312 4730 1573 4800; x_wconf 76' lang='lat' dir='ltr'><strong>Assyriis,</strong></span> <span class='ocrx_word' id='word_1_468' title='bbox 1618 4731 1718 4796; x_wconf 90' lang='lat' dir='ltr'><strong>ait,</strong></span> <span class='ocrx_word' id='word_1_469' title='bbox 1747 4733 1873 4800; x_wconf 89' lang='lat' dir='ltr'><strong>quia</strong></span> <span class='ocrx_word' id='word_1_470' title='bbox 1922 4748 2027 4786; x_wconf 91' lang='lat' dir='ltr'><strong>non</strong></span> <span class='ocrx_word' id='word_1_471' title='bbox 2068 4735 2151 4787; x_wconf 81' lang='lat' dir='ltr'><strong>in-</strong></span> 
     </span>
    </p>
   </div>
   <div class='ocr_carea' id='block_1_65' title="bbox 586 4817 2145 4882">
    <p class='ocr_par' dir='ltr' id='par_1_65' title="bbox 586 4817 2145 4882">
     <span class='ocr_line' id='line_1_65' title="bbox 586 4817 2145 4882; baseline 0.003 -9"><span class='ocrx_word' id='word_1_472' title='bbox 586 4818 908 4874; x_wconf 79' lang='lat' dir='ltr'><strong>tellexerunt</strong></span> <span class='ocrx_word' id='word_1_473' title='bbox 930 4817 1063 4871; x_wconf 88' lang='lat' dir='ltr'><strong>iram</strong></span> <span class='ocrx_word' id='word_1_474' title='bbox 1096 4833 1290 4882; x_wconf 83' lang='lat' dir='ltr'><strong>meam,</strong></span> <span class='ocrx_word' id='word_1_475' title='bbox 1319 4828 1507 4874; x_wconf 87' lang='lat' dir='ltr'><strong>contra</strong></span> <span class='ocrx_word' id='word_1_476' title='bbox 1544 4821 1881 4877; x_wconf 87' lang='lat' dir='ltr'><strong>facinorosos</strong></span> <span class='ocrx_word' id='word_1_477' title='bbox 1910 4822 2029 4878; x_wconf 91' lang='lat' dir='ltr'><strong>illos</strong></span> <span class='ocrx_word' id='word_1_478' title='bbox 2050 4838 2145 4878; x_wconf 74' lang='lat' dir='ltr'><strong>ex—</strong></span> 
     </span>
    </p>
   </div>
   <div class='ocr_carea' id='block_1_66' title="bbox 586 4908 2149 4982">
    <p class='ocr_par' dir='ltr' id='par_1_66' title="bbox 586 4908 2149 4982">
     <span class='ocr_line' id='line_1_66' title="bbox 586 4908 2149 4982; baseline 0.002 -17"><span class='ocrx_word' id='word_1_479' title='bbox 586 4912 830 4974; x_wconf 89' lang='lat' dir='ltr'><strong>citatam,</strong></span> <span class='ocrx_word' id='word_1_480' title='bbox 867 4909 1027 4963; x_wconf 86' lang='lat' dir='ltr'><strong>talem</strong></span> <span class='ocrx_word' id='word_1_481' title='bbox 1062 4908 1195 4977; x_wconf 91' lang='lat' dir='ltr'><strong>ipsis</strong></span> <span class='ocrx_word' id='word_1_482' title='bbox 1239 4908 1532 4965; x_wconf 79' lang='lat' dir='ltr'><strong>inferendze</strong></span> <span class='ocrx_word' id='word_1_483' title='bbox 1556 4912 1779 4967; x_wconf 85' lang='lat' dir='ltr'><strong>ultionis</strong></span> <span class='ocrx_word' id='word_1_484' title='bbox 1825 4922 2149 4982; x_wconf 87' lang='lat' dir='ltr'><strong>potestatem</strong></span> 
     </span>
    </p>
   </div>
   <div class='ocr_carea' id='block_1_67' title="bbox 586 5000 2151 5077">
    <p class='ocr_par' dir='ltr' id='par_1_67' title="bbox 586 5000 2151 5077">
     <span class='ocr_line' id='line_1_67' title="bbox 586 5000 2151 5077; baseline 0.002 -20"><span class='ocrx_word' id='word_1_485' title='bbox 586 5002 848 5059; x_wconf 85' lang='lat' dir='ltr'><strong>indidisse</strong></span> <span class='ocrx_word' id='word_1_486' title='bbox 877 5019 889 5055; x_wconf 93' lang='lat'>:</span> <span class='ocrx_word' id='word_1_487' title='bbox 928 5003 1021 5055; x_wconf 88' lang='lat' dir='ltr'><strong>sed</strong></span> <span class='ocrx_word' id='word_1_488' title='bbox 1054 5000 1420 5070; x_wconf 88' lang='lat' dir='ltr'><strong>opinabantur</strong></span> <span class='ocrx_word' id='word_1_489' title='bbox 1449 5017 1506 5057; x_wconf 89' lang='lat' dir='ltr'><strong>se</strong></span> <span class='ocrx_word' id='word_1_490' title='bbox 1560 5014 1747 5076; x_wconf 84' lang='lat' dir='ltr'><strong>suapte</strong></span> <span class='ocrx_word' id='word_1_491' title='bbox 1791 5005 1991 5061; x_wconf 79' lang='lat' dir='ltr'><strong>virtute</strong></span> <span class='ocrx_word' id='word_1_492' title='bbox 2015 5021 2151 5077; x_wconf 82' lang='lat' dir='ltr'><strong>gen-</strong></span> 
     </span>
    </p>
   </div>
   <div class='ocr_carea' id='block_1_68' title="bbox 587 5091 1006 5147">
    <p class='ocr_par' dir='ltr' id='par_1_68' title="bbox 587 5091 1006 5147">
     <span class='ocr_line' id='line_1_68' title="bbox 587 5091 1006 5147; baseline 0 -2"><span class='ocrx_word' id='word_1_493' title='bbox 587 5101 667 5147; x_wconf 89' lang='lat' dir='ltr'><strong>tes</strong></span> <span class='ocrx_word' id='word_1_494' title='bbox 694 5091 1006 5146; x_wconf 88' lang='lat' dir='ltr'><strong>debellasse.</strong></span> 
     </span>
    </p>
   </div>
   <div class='ocr_carea' id='block_1_69' title="bbox 658 5182 2153 5251">
    <p class='ocr_par' dir='ltr' id='par_1_69' title="bbox 658 5182 2153 5251">
     <span class='ocr_line' id='line_1_69' title="bbox 658 5182 2153 5251; baseline 0.003 -13"><span class='ocrx_word' id='word_1_495' title='bbox 658 5183 821 5239; x_wconf 73' lang='lat' dir='ltr'><strong>Vsus.</strong></span> <span class='ocrx_word' id='word_1_496' title='bbox 850 5184 934 5239; x_wconf 79' lang='lat' dir='ltr'><strong>ll.</strong></span> <span class='ocrx_word' id='word_1_497' title='bbox 965 5201 984 5235; x_wconf 78' lang='grc' dir='ltr'>ι</span> <span class='ocrx_word' id='word_1_498' title='bbox 1014 5182 1481 5251; x_wconf 78' lang='lat' dir='ltr'><strong>Quemadmodum</strong></span> <span class='ocrx_word' id='word_1_499' title='bbox 1505 5186 1649 5239; x_wconf 90' lang='lat' dir='ltr'><strong>enim</strong></span> <span class='ocrx_word' id='word_1_500' title='bbox 1689 5185 1789 5241; x_wconf 80' lang='lat' dir='ltr'><strong>feci</strong></span> <span class='ocrx_word' id='word_1_501' title='bbox 1819 5185 2081 5243; x_wconf 72' lang='lat' dir='ltr'><strong>Snmariaa</strong></span> <span class='ocrx_word' id='word_1_502' title='bbox 2099 5197 2153 5244; x_wconf 93' lang='lat' dir='ltr'><strong>et</strong></span> 
     </span>
    </p>
   </div>
   <div class='ocr_carea' id='block_1_70' title="bbox 588 5278 2152 5353">
    <p class='ocr_par' dir='ltr' id='par_1_70' title="bbox 588 5278 2152 5353">
     <span class='ocr_line' id='line_1_70' title="bbox 588 5278 2152 5353; baseline 0.004 -20"><span class='ocrx_word' id='word_1_503' title='bbox 588 5278 916 5333; x_wconf 87' lang='lat' dir='ltr'><strong>manufactis</strong></span> <span class='ocrx_word' id='word_1_504' title='bbox 937 5278 1086 5347; x_wconf 88' lang='lat' dir='ltr'><strong>ejus:</strong></span> <span class='ocrx_word' id='word_1_505' title='bbox 1122 5278 1200 5333; x_wconf 84' lang='lat' dir='ltr'><strong>sic</strong></span> <span class='ocrx_word' id='word_1_506' title='bbox 1251 5278 1444 5333; x_wconf 85' lang='lat' dir='ltr'><strong>faciam</strong></span> <span class='ocrx_word' id='word_1_507' title='bbox 1472 5280 1857 5353; x_wconf 70' lang='lat' dir='ltr'><strong>Hierosolyma:</strong></span> <span class='ocrx_word' id='word_1_508' title='bbox 1884 5294 1939 5339; x_wconf 90' lang='lat' dir='ltr'><strong>et</strong></span> <span class='ocrx_word' id='word_1_509' title='bbox 1996 5284 2152 5339; x_wconf 90' lang='lat' dir='ltr'><strong>idolis</strong></span> 
     </span>
    </p>
   </div>
   <div class='ocr_carea' id='block_1_71' title="bbox 587 5370 2153 5445">
    <p class='ocr_par' dir='ltr' id='par_1_71' title="bbox 587 5370 2153 5445">
     <span class='ocr_line' id='line_1_71' title="bbox 587 5370 2153 5445; baseline 0.003 -20"><span class='ocrx_word' id='word_1_510' title='bbox 587 5371 724 5439; x_wconf 79' lang='lat' dir='ltr'><strong>ejus.</strong></span> <span class='ocrx_word' id='word_1_511' title='bbox 751 5390 769 5423; x_wconf 73' lang='grc' dir='ltr'>ι</span> <span class='ocrx_word' id='word_1_512' title='bbox 794 5370 1220 5440; x_wconf 82' lang='lat' dir='ltr'><strong>Hierosolymam</strong></span> <span class='ocrx_word' id='word_1_513' title='bbox 1257 5372 1441 5439; x_wconf 85' lang='lat' dir='ltr'><strong>itaque</strong></span> <span class='ocrx_word' id='word_1_514' title='bbox 1471 5372 1727 5427; x_wconf 75' lang='lat' dir='ltr'><strong>Samaria:</strong></span> <span class='ocrx_word' id='word_1_515' title='bbox 1756 5376 1901 5442; x_wconf 86' lang='lat' dir='ltr'><strong>paria</strong></span> <span class='ocrx_word' id='word_1_516' title='bbox 1927 5390 2153 5445; x_wconf 86' lang='lat' dir='ltr'><strong>perpes-</strong></span> 
     </span>
    </p>
   </div>
   <div class='ocr_carea' id='block_1_72' title="bbox 588 5460 2153 5533">
    <p class='ocr_par' dir='ltr' id='par_1_72' title="bbox 588 5460 2153 5533">
     <span class='ocr_line' id='line_1_72' title="bbox 588 5460 2153 5533; baseline 0.003 -16"><span class='ocrx_word' id='word_1_517' title='bbox 588 5479 769 5517; x_wconf 88' lang='lat' dir='ltr'><strong>suram</strong></span> <span class='ocrx_word' id='word_1_518' title='bbox 796 5462 1193 5517; x_wconf 88' lang='lat' dir='ltr'><strong>interminatur.</strong></span> <span class='ocrx_word' id='word_1_519' title='bbox 1226 5460 1351 5517; x_wconf 65' lang='lat' dir='ltr'><strong>Haec</strong></span> <span class='ocrx_word' id='word_1_520' title='bbox 1383 5477 1548 5531; x_wconf 89' lang='lat' dir='ltr'><strong>porro</strong></span> <span class='ocrx_word' id='word_1_521' title='bbox 1573 5466 1843 5533; x_wconf 67' lang='lat' dir='ltr'><strong>praedicit,</strong></span> <span class='ocrx_word' id='word_1_522' title='bbox 1872 5468 2153 5522; x_wconf 88' lang='lat' dir='ltr'><strong>auditores</strong></span> 
     </span>
    </p>
   </div>
   <div class='ocr_carea' id='block_1_73' title="bbox 590 5554 2153 5628">
    <p class='ocr_par' dir='ltr' id='par_1_73' title="bbox 590 5554 2153 5628">
     <span class='ocr_line' id='line_1_73' title="bbox 590 5554 2153 5628; baseline 0.004 -21"><span class='ocrx_word' id='word_1_523' title='bbox 590 5556 659 5608; x_wconf 87' lang='lat' dir='ltr'><strong>ad</strong></span> <span class='ocrx_word' id='word_1_524' title='bbox 682 5555 1091 5609; x_wconf 87' lang='lat' dir='ltr'><strong>conversionem</strong></span> <span class='ocrx_word' id='word_1_525' title='bbox 1126 5562 1180 5609; x_wconf 90' lang='lat' dir='ltr'><strong>et</strong></span> <span class='ocrx_word' id='word_1_526' title='bbox 1213 5554 1591 5624; x_wconf 66' lang='lat' dir='ltr'><strong>paenitentiam</strong></span> <span class='ocrx_word' id='word_1_527' title='bbox 1634 5571 1957 5625; x_wconf 86' lang='lat' dir='ltr'><strong>provocans,</strong></span> <span class='ocrx_word' id='word_1_528' title='bbox 1989 5568 2153 5628; x_wconf 84' lang='lat' dir='ltr'><strong>atque</strong></span> 
     </span>
    </p>
   </div>
   <div class='ocr_carea' id='block_1_74' title="bbox 590 5643 2151 5713">
    <p class='ocr_par' dir='ltr' id='par_1_74' title="bbox 590 5643 2151 5713">
     <span class='ocr_line' id='line_1_74' title="bbox 590 5643 2151 5713; baseline 0.004 -15"><span class='ocrx_word' id='word_1_529' title='bbox 590 5643 819 5713; x_wconf 78' lang='lat' dir='ltr'><strong>exempli</strong></span> <span class='ocrx_word' id='word_1_530' title='bbox 848 5644 1137 5698; x_wconf 88' lang='lat' dir='ltr'><strong>formidine</strong></span> <span class='ocrx_word' id='word_1_531' title='bbox 1163 5645 1227 5699; x_wconf 90' lang='lat' dir='ltr'><strong>ad</strong></span> <span class='ocrx_word' id='word_1_532' title='bbox 1257 5643 1688 5713; x_wconf 84' lang='lat' dir='ltr'><strong>resipiscentiam</strong></span> <span class='ocrx_word' id='word_1_533' title='bbox 1728 5648 1980 5703; x_wconf 89' lang='lat' dir='ltr'><strong>invitans.</strong></span> <span class='ocrx_word' id='word_1_534' title='bbox 2035 5649 2151 5705; x_wconf 87' lang='lat' dir='ltr'><strong>Non</strong></span> 
     </span>
    </p>
   </div>
   <div class='ocr_carea' id='block_1_75' title="bbox 592 5734 2153 5811">
    <p class='ocr_par' dir='ltr' id='par_1_75' title="bbox 592 5734 2153 5811">
     <span class='ocr_line' id='line_1_75' title="bbox 592 5734 2153 5811; baseline 0.005 -24"><span class='ocrx_word' id='word_1_535' title='bbox 592 5734 734 5787; x_wconf 90' lang='lat' dir='ltr'><strong>enim</strong></span> <span class='ocrx_word' id='word_1_536' title='bbox 757 5734 1033 5804; x_wconf 81' lang='lat' dir='ltr'><strong>Assyrius,</strong></span> <span class='ocrx_word' id='word_1_537' title='bbox 1065 5736 1259 5804; x_wconf 90' lang='lat' dir='ltr'><strong>inquit,</strong></span> <span class='ocrx_word' id='word_1_538' title='bbox 1282 5735 1397 5790; x_wconf 58' lang='lat' dir='ltr'><strong>haec</strong></span> <span class='ocrx_word' id='word_1_539' title='bbox 1422 5746 1608 5791; x_wconf 86' lang='lat' dir='ltr'><strong>contra</strong></span> <span class='ocrx_word' id='word_1_540' title='bbox 1643 5736 1943 5794; x_wconf 85' lang='lat' dir='ltr'><strong>Samariam</strong></span> <span class='ocrx_word' id='word_1_541' title='bbox 1969 5754 2153 5811; x_wconf 79' lang='lat' dir='ltr'><strong>patra-</strong></span> 
     </span>
    </p>
   </div>
   <div class='ocr_carea' id='block_1_76' title="bbox 593 5826 2150 5907">
    <p class='ocr_par' dir='ltr' id='par_1_76' title="bbox 593 5826 2150 5907">
     <span class='ocr_line' id='line_1_76' title="bbox 593 5826 2150 5907; baseline 0.006 -26"><span class='ocrx_word' id='word_1_542' title='bbox 593 5826 707 5895; x_wconf 85' lang='lat' dir='ltr'><strong>vit;</strong></span> <span class='ocrx_word' id='word_1_543' title='bbox 737 5827 829 5882; x_wconf 88' lang='lat' dir='ltr'><strong>sed</strong></span> <span class='ocrx_word' id='word_1_544' title='bbox 856 5842 956 5899; x_wconf 83' lang='lat' dir='ltr'><strong>ego</strong></span> <span class='ocrx_word' id='word_1_545' title='bbox 1000 5828 1161 5896; x_wconf 89' lang='lat' dir='ltr'><strong>Deus,</strong></span> <span class='ocrx_word' id='word_1_546' title='bbox 1196 5830 1360 5903; x_wconf 87' lang='lat' dir='ltr'><strong>idque</strong></span> <span class='ocrx_word' id='word_1_547' title='bbox 1385 5830 1453 5885; x_wconf 89' lang='lat' dir='ltr'><strong>ob</strong></span> <span class='ocrx_word' id='word_1_548' title='bbox 1490 5830 1785 5888; x_wconf 88' lang='lat' dir='ltr'><strong>incolarum</strong></span> <span class='ocrx_word' id='word_1_549' title='bbox 1815 5834 1931 5907; x_wconf 87' lang='lat' dir='ltr'><strong>ejus</strong></span> <span class='ocrx_word' id='word_1_550' title='bbox 1960 5835 2150 5907; x_wconf 83' lang='lat' dir='ltr'><strong>impie-</strong></span> 
     </span>
    </p>
   </div>
   <div class='ocr_carea' id='block_1_77' title="bbox 2254 1974 3834 2049">
    <p class='ocr_par' dir='ltr' id='par_1_77' title="bbox 2254 1974 3834 2049">
     <span class='ocr_line' id='line_1_77' title="bbox 2254 1974 3834 2049; baseline -0.011 -9"><span class='ocrx_word' id='word_1_551' title='bbox 2254 2004 2353 2039; x_wconf 86' lang='grc' dir='ltr'>πον</span> <span class='ocrx_word' id='word_1_552' title='bbox 2379 1984 2582 2049; x_wconf 85' lang='grc' dir='ltr'>ταύτας</span> <span class='ocrx_word' id='word_1_553' title='bbox 2615 1984 2827 2048; x_wconf 75' lang='grc' dir='ltr'>ελαϐον,</span> <span class='ocrx_word' id='word_1_554' title='bbox 2845 1982 2939 2036; x_wconf 79' lang='grc' dir='ltr'>καὶ</span> <span class='ocrx_word' id='word_1_555' title='bbox 2973 1982 3150 2044; x_wconf 84' lang='grc' dir='ltr'>πάσας</span> <span class='ocrx_word' id='word_1_556' title='bbox 3180 1979 3278 2043; x_wconf 74' lang='grc' dir='ltr'>τὰς</span> <span class='ocrx_word' id='word_1_557' title='bbox 3305 1976 3479 2048; x_wconf 84' lang='grc' dir='ltr'>ἀρχὰς</span> <span class='ocrx_word' id='word_1_558' title='bbox 3510 1974 3834 2044; x_wconf 66' lang='grc' dir='ltr'>λήψομαιοέι</span> 
     </span>
    </p>
   </div>
   <div class='ocr_carea' id='block_1_78' title="bbox 2254 2066 3841 2144">
    <p class='ocr_par' dir='ltr' id='par_1_78' title="bbox 2254 2066 3841 2144">
     <span class='ocr_line' id='line_1_78' title="bbox 2254 2066 3841 2144; baseline -0.009 -12"><span class='ocrx_word' id='word_1_559' title='bbox 2254 2079 2348 2132; x_wconf 73' lang='grc' dir='ltr'>καὶ</span> <span class='ocrx_word' id='word_1_560' title='bbox 2382 2076 2561 2131; x_wconf 79' lang='grc' dir='ltr'>πάλιν·</span> <span class='ocrx_word' id='word_1_561' title='bbox 2595 2094 2614 2126; x_wconf 87' lang='grc'><em>‹</em></span> <span class='ocrx_word' id='word_1_562' title='bbox 2646 2076 2742 2127; x_wconf 91' lang='grc' dir='ltr'>Ὃν</span> <span class='ocrx_word' id='word_1_563' title='bbox 2769 2074 2969 2144; x_wconf 86' lang='grc' dir='ltr'>τρόπον</span> <span class='ocrx_word' id='word_1_564' title='bbox 3002 2074 3236 2143; x_wconf 79' lang='grc' dir='ltr'>ἐποίησα</span> <span class='ocrx_word' id='word_1_565' title='bbox 3268 2067 3552 2139; x_wconf 71' lang='grc' dir='ltr'>Σαμαρείᾳ</span> <span class='ocrx_word' id='word_1_566' title='bbox 3581 2066 3674 2119; x_wconf 74' lang='grc' dir='ltr'>καὶ</span> <span class='ocrx_word' id='word_1_567' title='bbox 3699 2066 3841 2119; x_wconf 78' lang='grc' dir='ltr'>πᾶσι</span> 
     </span>
    </p>
   </div>
   <div class='ocr_carea' id='block_1_79' title="bbox 2252 2158 3835 2240">
    <p class='ocr_par' dir='ltr' id='par_1_79' title="bbox 2252 2158 3835 2240">
     <span class='ocr_line' id='line_1_79' title="bbox 2252 2158 3835 2240; baseline -0.009 -17"><span class='ocrx_word' id='word_1_568' title='bbox 2252 2172 2364 2233; x_wconf 86' lang='grc' dir='ltr'>τοῖς</span> <span class='ocrx_word' id='word_1_569' title='bbox 2384 2170 2784 2240; x_wconf 82' lang='grc' dir='ltr'>χειροποιήτοις</span> <span class='ocrx_word' id='word_1_570' title='bbox 2802 2167 2993 2236; x_wconf 83' lang='grc' dir='ltr'>αὐτῆς,</span> <span class='ocrx_word' id='word_1_571' title='bbox 3012 2163 3382 2232; x_wconf 80' lang='grc' dir='ltr'>οὓτωποιήσω</span> <span class='ocrx_word' id='word_1_572' title='bbox 3406 2158 3788 2230; x_wconf 81' lang='grc' dir='ltr'>Ἰερουσαλήμ.</span> <span class='ocrx_word' id='word_1_573' title='bbox 3812 2174 3835 2208; x_wconf 78' lang='lat' dir='ltr'><strong>s</strong></span> 
     </span>
    </p>
   </div>
   <div class='ocr_carea' id='block_1_80' title="bbox 2253 2246 3843 2331">
    <p class='ocr_par' dir='ltr' id='par_1_80' title="bbox 2253 2246 3843 2331">
     <span class='ocr_line' id='line_1_80' title="bbox 2253 2246 3843 2331; baseline -0.009 -18"><span class='ocrx_word' id='word_1_574' title='bbox 2253 2260 2363 2313; x_wconf 77' lang='lat' dir='ltr'><strong>Kal.</strong></span> <span class='ocrx_word' id='word_1_575' title='bbox 2386 2262 2419 2330; x_wconf 88' lang='grc' dir='ltr'><strong>ή</strong></span> <span class='ocrx_word' id='word_1_576' title='bbox 2456 2257 2665 2331; x_wconf 80' lang='grc' dir='ltr'>ἱστορία</span> <span class='ocrx_word' id='word_1_577' title='bbox 2689 2257 2746 2311; x_wconf 86' lang='grc' dir='ltr'>δὲ</span> <span class='ocrx_word' id='word_1_578' title='bbox 2772 2256 3036 2317; x_wconf 78' lang='grc' dir='ltr'>διδάσκει,</span> <span class='ocrx_word' id='word_1_579' title='bbox 3062 2255 3143 2307; x_wconf 86' lang='grc' dir='ltr'>ὄτι</span> <span class='ocrx_word' id='word_1_580' title='bbox 3171 2255 3227 2305; x_wconf 82' lang='grc' dir='ltr'><strong>ὲν</strong></span> <span class='ocrx_word' id='word_1_581' title='bbox 3248 2255 3369 2315; x_wconf 84' lang='grc' dir='ltr'>ταῖς</span> <span class='ocrx_word' id='word_1_582' title='bbox 3396 2251 3633 2320; x_wconf 79' lang='grc' dir='ltr'>ἡμέραις</span> <span class='ocrx_word' id='word_1_583' title='bbox 3668 2246 3843 2318; x_wconf 75' lang='grc' dir='ltr'><strong>Ἀχὰζ</strong></span> 
     </span>
    </p>
   </div>
   <div class='ocr_carea' id='block_1_81' title="bbox 2253 2342 3843 2422">
    <p class='ocr_par' dir='ltr' id='par_1_81' title="bbox 2253 2342 3843 2422">
     <span class='ocr_line' id='line_1_81' title="bbox 2253 2342 3843 2422; baseline -0.008 -16"><span class='ocrx_word' id='word_1_584' title='bbox 2253 2352 2420 2422; x_wconf 83' lang='grc' dir='ltr'>ἀνέϐη</span> <span class='ocrx_word' id='word_1_585' title='bbox 2443 2354 2471 2405; x_wconf 90' lang='grc' dir='ltr'><strong>ό</strong></span> <span class='ocrx_word' id='word_1_586' title='bbox 2506 2351 2755 2421; x_wconf 84' lang='grc' dir='ltr'>βασιλεὺς</span> <span class='ocrx_word' id='word_1_587' title='bbox 2795 2348 3093 2419; x_wconf 82' lang='grc' dir='ltr'>Ἀσσυρίων</span> <span class='ocrx_word' id='word_1_588' title='bbox 3117 2348 3196 2409; x_wconf 88' lang='grc' dir='ltr'>είς</span> <span class='ocrx_word' id='word_1_589' title='bbox 3229 2344 3561 2415; x_wconf 85' lang='grc' dir='ltr'>Σαμάρειαν,</span> <span class='ocrx_word' id='word_1_590' title='bbox 3592 2342 3686 2395; x_wconf 73' lang='grc' dir='ltr'>καὶ</span> <span class='ocrx_word' id='word_1_591' title='bbox 3709 2343 3843 2394; x_wconf 81' lang='grc' dir='ltr'>ἐπο-</span> 
     </span>
    </p>
   </div>
   <div class='ocr_carea' id='block_1_82' title="bbox 2253 2431 3841 2515">
    <p class='ocr_par' dir='ltr' id='par_1_82' title="bbox 2253 2431 3841 2515">
     <span class='ocr_line' id='line_1_82' title="bbox 2253 2431 3841 2515; baseline -0.008 -18"><span class='ocrx_word' id='word_1_592' title='bbox 2253 2443 2537 2515; x_wconf 88' lang='grc' dir='ltr'>λιόρκησεν</span> <span class='ocrx_word' id='word_1_593' title='bbox 2570 2442 2739 2513; x_wconf 81' lang='grc' dir='ltr'>αὑτήν</span> <span class='ocrx_word' id='word_1_594' title='bbox 2764 2458 2776 2470; x_wconf 90' lang='grc'><strong>·</strong></span> <span class='ocrx_word' id='word_1_595' title='bbox 2821 2441 2913 2493; x_wconf 76' lang='grc' dir='ltr'><strong>καὶ</strong></span> <span class='ocrx_word' id='word_1_596' title='bbox 2953 2440 3095 2502; x_wconf 86' lang='grc' dir='ltr'>τέως</span> <span class='ocrx_word' id='word_1_597' title='bbox 3127 2437 3225 2507; x_wconf 81' lang='grc' dir='ltr'>μὲν</span> <span class='ocrx_word' id='word_1_598' title='bbox 3263 2437 3384 2490; x_wconf 90' lang='grc' dir='ltr'>τότε</span> <span class='ocrx_word' id='word_1_599' title='bbox 3435 2435 3600 2507; x_wconf 91' lang='grc' dir='ltr'>μέρος</span> <span class='ocrx_word' id='word_1_600' title='bbox 3636 2451 3690 2487; x_wconf 89' lang='grc' dir='ltr'>τι</span> <span class='ocrx_word' id='word_1_601' title='bbox 3740 2431 3841 2486; x_wconf 76' lang='grc' dir='ltr'><strong>τοῦ</strong></span> 
     </span>
    </p>
   </div>
   <div class='ocr_carea' id='block_1_83' title="bbox 2252 2526 3843 2607">
    <p class='ocr_par' dir='ltr' id='par_1_83' title="bbox 2252 2526 3843 2607">
     <span class='ocr_line' id='line_1_83' title="bbox 2252 2526 3843 2607; baseline -0.007 -17"><span class='ocrx_word' id='word_1_602' title='bbox 2252 2536 2382 2590; x_wconf 79' lang='grc' dir='ltr'>λαοῦ</span> <span class='ocrx_word' id='word_1_603' title='bbox 2407 2534 2860 2607; x_wconf 75' lang='grc' dir='ltr'>ᾐχμαλώτευσεν·</span> <span class='ocrx_word' id='word_1_604' title='bbox 2897 2533 2989 2585; x_wconf 69' lang='grc' dir='ltr'><strong>ἐπὶ</strong></span> <span class='ocrx_word' id='word_1_605' title='bbox 3023 2531 3080 2584; x_wconf 83' lang='grc' dir='ltr'>δὲ</span> <span class='ocrx_word' id='word_1_606' title='bbox 3130 2528 3373 2593; x_wconf 77' lang='grc' dir='ltr'>Ἐζεκίου</span> <span class='ocrx_word' id='word_1_607' title='bbox 3415 2527 3509 2583; x_wconf 82' lang='grc' dir='ltr'><strong>τοῦ</strong></span> <span class='ocrx_word' id='word_1_608' title='bbox 3534 2528 3623 2582; x_wconf 83' lang='grc' dir='ltr'><strong>τὸν</strong></span> <span class='ocrx_word' id='word_1_609' title='bbox 3668 2526 3843 2596; x_wconf 75' lang='grc' dir='ltr'><strong>Ἀχὰζ</strong></span> 
     </span>
    </p>
   </div>
   <div class='ocr_carea' id='block_1_84' title="bbox 2252 2620 3841 2699">
    <p class='ocr_par' dir='ltr' id='par_1_84' title="bbox 2252 2620 3841 2699">
     <span class='ocr_line' id='line_1_84' title="bbox 2252 2620 3841 2699; baseline -0.007 -17"><span class='ocrx_word' id='word_1_610' title='bbox 2252 2628 2665 2699; x_wconf 86' lang='grc' dir='ltr'>διαδεδεγμένου</span> <span class='ocrx_word' id='word_1_611' title='bbox 2698 2626 2877 2680; x_wconf 90' lang='grc' dir='ltr'>πάντα</span> <span class='ocrx_word' id='word_1_612' title='bbox 2918 2625 3009 2678; x_wconf 80' lang='grc' dir='ltr'>τὸν</span> <span class='ocrx_word' id='word_1_613' title='bbox 3034 2622 3159 2676; x_wconf 81' lang='grc' dir='ltr'>λαὸν</span> <span class='ocrx_word' id='word_1_614' title='bbox 3186 2620 3465 2691; x_wconf 80' lang='grc' dir='ltr'><strong>ἀπῴκισεν</strong></span> <span class='ocrx_word' id='word_1_615' title='bbox 3513 2622 3591 2684; x_wconf 85' lang='grc' dir='ltr'><strong>εἰς</strong></span> <span class='ocrx_word' id='word_1_616' title='bbox 3640 2620 3841 2672; x_wconf 81' lang='grc' dir='ltr'>Ἀσσυ-</span> 
     </span>
    </p>
   </div>
   <div class='ocr_carea' id='block_1_85' title="bbox 2257 2719 2424 2789">
    <p class='ocr_par' dir='ltr' id='par_1_85' title="bbox 2257 2719 2424 2789">
     <span class='ocr_line' id='line_1_85' title="bbox 2257 2719 2424 2789; baseline 0 -18"><span class='ocrx_word' id='word_1_617' title='bbox 2257 2719 2424 2789; x_wconf 87' lang='grc' dir='ltr'>ρίους.</span> 
     </span>
    </p>
   </div>
   <div class='ocr_carea' id='block_1_86' title="bbox 2331 2801 3842 2879">
    <p class='ocr_par' dir='ltr' id='par_1_86' title="bbox 2331 2801 3842 2879">
     <span class='ocr_line' id='line_1_86' title="bbox 2331 2801 3842 2879; baseline -0.006 -17"><span class='ocrx_word' id='word_1_618' title='bbox 2331 2829 2350 2862; x_wconf 75' lang='grc' dir='ltr'><strong>ι</strong></span> <span class='ocrx_word' id='word_1_619' title='bbox 2384 2809 2551 2872; x_wconf 77' lang='grc' dir='ltr'>Αὐτὸς</span> <span class='ocrx_word' id='word_1_620' title='bbox 2576 2809 2633 2861; x_wconf 80' lang='grc' dir='ltr'>δὲ</span> <span class='ocrx_word' id='word_1_621' title='bbox 2660 2808 2757 2879; x_wconf 80' lang='grc' dir='ltr'><strong>οὺχ</strong></span> <span class='ocrx_word' id='word_1_622' title='bbox 2787 2808 2958 2870; x_wconf 72' lang='grc' dir='ltr'>οὕτως</span> <span class='ocrx_word' id='word_1_623' title='bbox 2987 2803 3317 2876; x_wconf 76' lang='grc' dir='ltr'>ἐνεθυμήθη,</span> <span class='ocrx_word' id='word_1_624' title='bbox 3346 2805 3440 2858; x_wconf 78' lang='grc' dir='ltr'>καὶ</span> <span class='ocrx_word' id='word_1_625' title='bbox 3471 2806 3537 2876; x_wconf 74' lang='grc' dir='ltr'>τῇ</span> <span class='ocrx_word' id='word_1_626' title='bbox 3571 2802 3715 2873; x_wconf 79' lang='grc' dir='ltr'>ψυχῇ</span> <span class='ocrx_word' id='word_1_627' title='bbox 3740 2801 3842 2870; x_wconf 81' lang='grc' dir='ltr'><strong>οὐχ</strong></span> 
     </span>
    </p>
   </div>
   <div class='ocr_carea' id='block_1_87' title="bbox 2256 2896 3844 2968">
    <p class='ocr_par' dir='ltr' id='par_1_87' title="bbox 2256 2896 3844 2968">
     <span class='ocr_line' id='line_1_87' title="bbox 2256 2896 3844 2968; baseline -0.006 -12"><span class='ocrx_word' id='word_1_628' title='bbox 2256 2903 2427 2966; x_wconf 76' lang='grc' dir='ltr'>οὕτως</span> <span class='ocrx_word' id='word_1_629' title='bbox 2454 2902 2781 2968; x_wconf 83' lang='grc' dir='ltr'>λελόγισται,</span> <span class='ocrx_word' id='word_1_630' title='bbox 2813 2900 2947 2954; x_wconf 83' lang='grc' dir='ltr'>ἀλλὰ</span> <span class='ocrx_word' id='word_1_631' title='bbox 2988 2898 3286 2963; x_wconf 81' lang='grc' dir='ltr'>ἀπαλλάξει</span> <span class='ocrx_word' id='word_1_632' title='bbox 3318 2901 3346 2951; x_wconf 92' lang='grc' dir='ltr'><strong>ό</strong></span> <span class='ocrx_word' id='word_1_633' title='bbox 3386 2897 3511 2961; x_wconf 82' lang='grc' dir='ltr'>νοῦς</span> <span class='ocrx_word' id='word_1_634' title='bbox 3549 2896 3714 2949; x_wconf 75' lang='grc' dir='ltr'>αὑτοῦ</span> <span class='ocrx_word' id='word_1_635' title='bbox 3744 2896 3844 2947; x_wconf 76' lang='grc' dir='ltr'>καὶ</span> 
     </span>
    </p>
   </div>
   <div class='ocr_carea' id='block_1_88' title="bbox 2255 2987 3843 3063">
    <p class='ocr_par' dir='ltr' id='par_1_88' title="bbox 2255 2987 3843 3063">
     <span class='ocr_line' id='line_1_88' title="bbox 2255 2987 3843 3063; baseline -0.004 -17"><span class='ocrx_word' id='word_1_636' title='bbox 2255 2993 2351 3049; x_wconf 85' lang='grc' dir='ltr'><strong>τοῦ</strong></span> <span class='ocrx_word' id='word_1_637' title='bbox 2384 2993 2510 3063; x_wconf 74' lang='grc' dir='ltr'>ἔθνη</span> <span class='ocrx_word' id='word_1_638' title='bbox 2553 2991 2933 3061; x_wconf 82' lang='grc' dir='ltr'>ὲξολοθρεῦσαι</span> <span class='ocrx_word' id='word_1_639' title='bbox 2962 2992 3062 3044; x_wconf 85' lang='grc' dir='ltr'>οὐκ</span> <span class='ocrx_word' id='word_1_640' title='bbox 3090 2992 3265 3057; x_wconf 82' lang='grc' dir='ltr'>ὀλίγα.</span> <span class='ocrx_word' id='word_1_641' title='bbox 3313 2990 3425 3043; x_wconf 74' lang='grc' dir='ltr'><strong>Καὶ</strong></span> <span class='ocrx_word' id='word_1_642' title='bbox 3469 2988 3563 3043; x_wconf 74' lang='grc' dir='ltr'><strong>ἐὰν</strong></span> <span class='ocrx_word' id='word_1_643' title='bbox 3610 2987 3843 3041; x_wconf 87' lang='grc' dir='ltr'>είπωσιν</span> 
     </span>
    </p>
   </div>
   <div class='ocr_carea' id='block_1_89' title="bbox 2258 3077 3845 3155">
    <p class='ocr_par' dir='ltr' id='par_1_89' title="bbox 2258 3077 3845 3155">
     <span class='ocr_line' id='line_1_89' title="bbox 2258 3077 3845 3155; baseline -0.006 -17"><span class='ocrx_word' id='word_1_644' title='bbox 2258 3084 2408 3155; x_wconf 81' lang='grc' dir='ltr'>αὐτῷ</span> <span class='ocrx_word' id='word_1_645' title='bbox 2426 3102 2439 3113; x_wconf 90' lang='grc'>·</span> <span class='ocrx_word' id='word_1_646' title='bbox 2475 3084 2547 3137; x_wconf 85' lang='grc' dir='ltr'>Σὺ</span> <span class='ocrx_word' id='word_1_647' title='bbox 2577 3084 2736 3153; x_wconf 88' lang='grc' dir='ltr'>μόνος</span> <span class='ocrx_word' id='word_1_648' title='bbox 2764 3077 2816 3134; x_wconf 83' lang='grc' dir='ltr'>εῐ</span> <span class='ocrx_word' id='word_1_649' title='bbox 2836 3081 3016 3153; x_wconf 77' lang='grc' dir='ltr'>ἄρχων</span> <span class='ocrx_word' id='word_1_650' title='bbox 3037 3098 3049 3108; x_wconf 93' lang='grc'>·</span> <span class='ocrx_word' id='word_1_651' title='bbox 3084 3081 3178 3134; x_wconf 79' lang='grc' dir='ltr'>καὶ</span> <span class='ocrx_word' id='word_1_652' title='bbox 3199 3083 3342 3152; x_wconf 85' lang='grc' dir='ltr'>ὲρεῖ·</span> <span class='ocrx_word' id='word_1_653' title='bbox 3378 3081 3493 3133; x_wconf 76' lang='grc' dir='ltr'><strong>Οὐκ</strong></span> <span class='ocrx_word' id='word_1_654' title='bbox 3520 3077 3709 3133; x_wconf 70' lang='grc' dir='ltr'>ἔλαϐον</span> <span class='ocrx_word' id='word_1_655' title='bbox 3737 3078 3845 3151; x_wconf 80' lang='grc' dir='ltr'><strong>τήν</strong></span> 
     </span>
    </p>
   </div>
   <div class='ocr_carea' id='block_1_90' title="bbox 2257 3156 3847 3249">
    <p class='ocr_par' dir='ltr' id='par_1_90' title="bbox 2257 3156 3847 3249">
     <span class='ocr_line' id='line_1_90' title="bbox 2257 3156 3847 3249; baseline -0.004 -19"><span class='ocrx_word' id='word_1_656' title='bbox 2257 3176 2442 3249; x_wconf 85' lang='grc' dir='ltr'>χώραν</span> <span class='ocrx_word' id='word_1_657' title='bbox 2462 3177 2564 3248; x_wconf 80' lang='grc' dir='ltr'><strong>τὴν</strong></span> <span class='ocrx_word' id='word_1_658' title='bbox 2590 3176 2775 3230; x_wconf 71' lang='grc' dir='ltr'>ἐπάνω</span> <span class='ocrx_word' id='word_1_659' title='bbox 2806 3172 3125 3237; x_wconf 82' lang='grc' dir='ltr'>Βαϐυλῶνος</span> <span class='ocrx_word' id='word_1_660' title='bbox 3148 3174 3238 3227; x_wconf 77' lang='grc' dir='ltr'>καὶ</span> <span class='ocrx_word' id='word_1_661' title='bbox 3268 3172 3542 3243; x_wconf 83' lang='grc' dir='ltr'>Χαλάνης,</span> <span class='ocrx_word' id='word_1_662' title='bbox 3564 3167 3625 3225; x_wconf 78' lang='grc' dir='ltr'>οὗ</span> <span class='ocrx_word' id='word_1_663' title='bbox 3651 3156 3680 3225; x_wconf 80' lang='grc' dir='ltr'><strong>ό</strong></span> <span class='ocrx_word' id='word_1_664' title='bbox 3706 3171 3847 3242; x_wconf 86' lang='grc' dir='ltr'>πύρ-</span> 
     </span>
    </p>
   </div>
   <div class='ocr_carea' id='block_1_91' title="bbox 2258 3261 3844 3337">
    <p class='ocr_par' dir='ltr' id='par_1_91' title="bbox 2258 3261 3844 3337">
     <span class='ocr_line' id='line_1_91' title="bbox 2258 3261 3844 3337; baseline -0.003 -18"><span class='ocrx_word' id='word_1_665' title='bbox 2258 3283 2354 3336; x_wconf 90' lang='grc' dir='ltr'><strong>γος</strong></span> <span class='ocrx_word' id='word_1_666' title='bbox 2387 3265 2735 3337; x_wconf 82' lang='grc' dir='ltr'>ᾠκοδομήθη,</span> <span class='ocrx_word' id='word_1_667' title='bbox 2764 3265 2859 3318; x_wconf 76' lang='grc' dir='ltr'>καὶ</span> <span class='ocrx_word' id='word_1_668' title='bbox 2889 3261 3079 3317; x_wconf 75' lang='grc' dir='ltr'>ἔλαϐον</span> <span class='ocrx_word' id='word_1_669' title='bbox 3124 3263 3404 3335; x_wconf 82' lang='grc' dir='ltr'>Ἀραϐίαν,</span> <span class='ocrx_word' id='word_1_670' title='bbox 3430 3264 3525 3317; x_wconf 72' lang='grc' dir='ltr'><strong>καὶ</strong></span> <span class='ocrx_word' id='word_1_671' title='bbox 3549 3261 3844 3333; x_wconf 72' lang='grc' dir='ltr'>Δαμασκὸν</span> 
     </span>
    </p>
   </div>
   <div class='ocr_carea' id='block_1_92' title="bbox 2258 3354 3851 3430">
    <p class='ocr_par' dir='ltr' id='par_1_92' title="bbox 2258 3354 3851 3430">
     <span class='ocr_line' id='line_1_92' title="bbox 2258 3354 3851 3430; baseline -0.001 -18"><span class='ocrx_word' id='word_1_672' title='bbox 2258 3360 2353 3413; x_wconf 75' lang='grc' dir='ltr'>καὶ</span> <span class='ocrx_word' id='word_1_673' title='bbox 2396 3359 2751 3430; x_wconf 85' lang='grc' dir='ltr'>Σαμάρειαν;</span> <span class='ocrx_word' id='word_1_674' title='bbox 2803 3376 2821 3409; x_wconf 73' lang='grc' dir='ltr'>ι</span> <span class='ocrx_word' id='word_1_675' title='bbox 2870 3357 2980 3427; x_wconf 85' lang='grc' dir='ltr'><strong>Τὴν</strong></span> <span class='ocrx_word' id='word_1_676' title='bbox 3024 3358 3164 3427; x_wconf 75' lang='grc' dir='ltr'>ἐμὴν</span> <span class='ocrx_word' id='word_1_677' title='bbox 3205 3356 3403 3419; x_wconf 87' lang='grc' dir='ltr'>τοίνυν,</span> <span class='ocrx_word' id='word_1_678' title='bbox 3454 3358 3607 3426; x_wconf 79' lang='grc' dir='ltr'>φησὶ,</span> <span class='ocrx_word' id='word_1_679' title='bbox 3659 3354 3851 3411; x_wconf 80' lang='grc' dir='ltr'>λαϐὼν</span> 
     </span>
    </p>
   </div>
   <div class='ocr_carea' id='block_1_93' title="bbox 2256 3444 3846 3519">
    <p class='ocr_par' dir='ltr' id='par_1_93' title="bbox 2256 3444 3846 3519">
     <span class='ocr_line' id='line_1_93' title="bbox 2256 3444 3846 3519; baseline -0.002 -18"><span class='ocrx_word' id='word_1_680' title='bbox 2256 3448 2522 3513; x_wconf 72' lang='grc' dir='ltr'>ἐξουσίαν,</span> <span class='ocrx_word' id='word_1_681' title='bbox 2561 3448 2661 3519; x_wconf 84' lang='grc' dir='ltr'>οὐχ</span> <span class='ocrx_word' id='word_1_682' title='bbox 2690 3448 2863 3511; x_wconf 74' lang='grc' dir='ltr'>οὕτως</span> <span class='ocrx_word' id='word_1_683' title='bbox 2907 3446 3235 3517; x_wconf 88' lang='grc' dir='ltr'>ενεθυμήθη,</span> <span class='ocrx_word' id='word_1_684' title='bbox 3278 3445 3394 3500; x_wconf 74' lang='grc' dir='ltr'>ἀλλ’</span> <span class='ocrx_word' id='word_1_685' title='bbox 3439 3445 3724 3517; x_wconf 84' lang='grc' dir='ltr'>ὑπερήρθη</span> <span class='ocrx_word' id='word_1_686' title='bbox 3759 3444 3846 3517; x_wconf 81' lang='grc' dir='ltr'><strong>τῷ</strong></span> 
     </span>
    </p>
   </div>
   <div class='ocr_carea' id='block_1_94' title="bbox 2256 3536 3847 3613">
    <p class='ocr_par' dir='ltr' id='par_1_94' title="bbox 2256 3536 3847 3613">
     <span class='ocr_line' id='line_1_94' title="bbox 2256 3536 3847 3613; baseline -0.003 -19"><span class='ocrx_word' id='word_1_687' title='bbox 2256 3540 2523 3613; x_wconf 82' lang='grc' dir='ltr'>λογισμῷ,</span> <span class='ocrx_word' id='word_1_688' title='bbox 2556 3540 2631 3605; x_wconf 86' lang='grc' dir='ltr'>ὼς</span> <span class='ocrx_word' id='word_1_689' title='bbox 2658 3540 2837 3609; x_wconf 75' lang='grc' dir='ltr'>οἰκείᾳ</span> <span class='ocrx_word' id='word_1_690' title='bbox 2862 3539 3093 3609; x_wconf 89' lang='grc' dir='ltr'>δυνάμει</span> <span class='ocrx_word' id='word_1_691' title='bbox 3128 3536 3222 3591; x_wconf 80' lang='grc' dir='ltr'><strong>τοῦ</strong></span> <span class='ocrx_word' id='word_1_692' title='bbox 3252 3538 3387 3608; x_wconf 73' lang='grc' dir='ltr'><strong>ἐμοῦ</strong></span> <span class='ocrx_word' id='word_1_693' title='bbox 3418 3538 3847 3609; x_wconf 86' lang='grc' dir='ltr'>περιγενόμενος</span> 
     </span>
    </p>
   </div>
   <div class='ocr_carea' id='block_1_95' title="bbox 2254 3628 3845 3704">
    <p class='ocr_par' dir='ltr' id='par_1_95' title="bbox 2254 3628 3845 3704">
     <span class='ocr_line' id='line_1_95' title="bbox 2254 3628 3845 3704; baseline -0.008 -17"><span class='ocrx_word' id='word_1_694' title='bbox 2254 3631 2408 3690; x_wconf 78' lang='grc' dir='ltr'>λαοῦ.</span> <span class='ocrx_word' id='word_1_695' title='bbox 2443 3631 2597 3696; x_wconf 83' lang='grc' dir='ltr'>Εἶτα,</span> <span class='ocrx_word' id='word_1_696' title='bbox 2635 3632 2710 3704; x_wconf 80' lang='grc' dir='ltr'>μὴ</span> <span class='ocrx_word' id='word_1_697' title='bbox 2752 3630 3041 3702; x_wconf 77' lang='grc' dir='ltr'>ἀρκεσθεὶς</span> <span class='ocrx_word' id='word_1_698' title='bbox 3077 3633 3143 3701; x_wconf 85' lang='grc' dir='ltr'>τῇ</span> <span class='ocrx_word' id='word_1_699' title='bbox 3175 3629 3381 3682; x_wconf 82' lang='grc' dir='ltr'>τούτων</span> <span class='ocrx_word' id='word_1_700' title='bbox 3408 3628 3710 3701; x_wconf 85' lang='grc' dir='ltr'>πολιορκίᾳ,</span> <span class='ocrx_word' id='word_1_701' title='bbox 3739 3647 3845 3699; x_wconf 86' lang='grc' dir='ltr'><strong>μυ-</strong></span> 
     </span>
    </p>
   </div>
   <div class='ocr_carea' id='block_1_96' title="bbox 2259 3719 3846 3796">
    <p class='ocr_par' dir='ltr' id='par_1_96' title="bbox 2259 3719 3846 3796">
     <span class='ocr_line' id='line_1_96' title="bbox 2259 3719 3846 3796; baseline -0.002 -19"><span class='ocrx_word' id='word_1_702' title='bbox 2259 3725 2351 3796; x_wconf 90' lang='grc' dir='ltr'>ρία</span> <span class='ocrx_word' id='word_1_703' title='bbox 2392 3722 2526 3777; x_wconf 76' lang='grc' dir='ltr'>ἄλλα</span> <span class='ocrx_word' id='word_1_704' title='bbox 2554 3722 2681 3795; x_wconf 73' lang='grc' dir='ltr'>ἔθνη</span> <span class='ocrx_word' id='word_1_705' title='bbox 2721 3719 3081 3792; x_wconf 84' lang='grc' dir='ltr'>μετέρχεσθαι</span> <span class='ocrx_word' id='word_1_706' title='bbox 3105 3720 3337 3784; x_wconf 80' lang='grc' dir='ltr'>ἀπειλεῖ,</span> <span class='ocrx_word' id='word_1_707' title='bbox 3369 3719 3445 3784; x_wconf 84' lang='grc' dir='ltr'><strong>ὡς</strong></span> <span class='ocrx_word' id='word_1_708' title='bbox 3470 3719 3562 3773; x_wconf 80' lang='grc' dir='ltr'><strong>τοῦ</strong></span> <span class='ocrx_word' id='word_1_709' title='bbox 3594 3722 3846 3791; x_wconf 86' lang='grc' dir='ltr'>κρείττο-</span> 
     </span>
    </p>
   </div>
   <div class='ocr_carea' id='block_1_97' title="bbox 2255 3811 3846 3885">
    <p class='ocr_par' dir='ltr' id='par_1_97' title="bbox 2255 3811 3846 3885">
     <span class='ocr_line' id='line_1_97' title="bbox 2255 3811 3846 3885; baseline -0.003 -14"><span class='ocrx_word' id='word_1_710' title='bbox 2255 3833 2347 3880; x_wconf 84' lang='grc' dir='ltr'><strong>τος</strong></span> <span class='ocrx_word' id='word_1_711' title='bbox 2378 3816 2470 3869; x_wconf 79' lang='grc' dir='ltr'>καὶ</span> <span class='ocrx_word' id='word_1_712' title='bbox 2494 3813 2613 3885; x_wconf 80' lang='grc' dir='ltr'><strong>Θεῷ</strong></span> <span class='ocrx_word' id='word_1_713' title='bbox 2638 3811 2996 3883; x_wconf 80' lang='grc' dir='ltr'>ἀνακειμένου</span> <span class='ocrx_word' id='word_1_714' title='bbox 3028 3812 3330 3882; x_wconf 89' lang='grc' dir='ltr'>κρατήσας.</span> <span class='ocrx_word' id='word_1_715' title='bbox 3358 3813 3450 3865; x_wconf 80' lang='grc' dir='ltr'>Διὸ</span> <span class='ocrx_word' id='word_1_716' title='bbox 3470 3812 3533 3884; x_wconf 84' lang='grc' dir='ltr'>δὴ</span> <span class='ocrx_word' id='word_1_717' title='bbox 3569 3812 3677 3867; x_wconf 84' lang='grc' dir='ltr'><strong>τῶν</strong></span> <span class='ocrx_word' id='word_1_718' title='bbox 3704 3814 3846 3868; x_wconf 77' lang='grc' dir='ltr'>ὑπο-</span> 
     </span>
    </p>
   </div>
   <div class='ocr_carea' id='block_1_98' title="bbox 2257 3903 3847 3980">
    <p class='ocr_par' dir='ltr' id='par_1_98' title="bbox 2257 3903 3847 3980">
     <span class='ocr_line' id='line_1_98' title="bbox 2257 3903 3847 3980; baseline 0.001 -20"><span class='ocrx_word' id='word_1_719' title='bbox 2257 3908 2478 3980; x_wconf 87' lang='grc' dir='ltr'>χειρίων</span> <span class='ocrx_word' id='word_1_720' title='bbox 2525 3905 2674 3976; x_wconf 85' lang='grc' dir='ltr'>αὑτῷ</span> <span class='ocrx_word' id='word_1_721' title='bbox 2718 3906 3025 3976; x_wconf 84' lang='grc' dir='ltr'>γενομένων</span> <span class='ocrx_word' id='word_1_722' title='bbox 3065 3903 3465 3975; x_wconf 79' lang='grc' dir='ltr'>θαυμαζόντων</span> <span class='ocrx_word' id='word_1_723' title='bbox 3512 3905 3697 3964; x_wconf 83' lang='grc' dir='ltr'>αὑτὸν.</span> <span class='ocrx_word' id='word_1_724' title='bbox 3745 3908 3847 3961; x_wconf 76' lang='grc' dir='ltr'>καὶ</span> 
     </span>
    </p>
   </div>
   <div class='ocr_carea' id='block_1_99' title="bbox 2256 3992 3846 4072">
    <p class='ocr_par' dir='ltr' id='par_1_99' title="bbox 2256 3992 3846 4072">
     <span class='ocr_line' id='line_1_99' title="bbox 2256 3992 3846 4072; baseline -0.001 -19"><span class='ocrx_word' id='word_1_725' title='bbox 2256 4000 2547 4069; x_wconf 84' lang='grc' dir='ltr'>λεγόντων,</span> <span class='ocrx_word' id='word_1_726' title='bbox 2575 4018 2593 4050; x_wconf 80' lang='grc' dir='ltr'><strong>ι</strong></span> <span class='ocrx_word' id='word_1_727' title='bbox 2628 3999 2701 4051; x_wconf 87' lang='grc' dir='ltr'>Σὺ</span> <span class='ocrx_word' id='word_1_728' title='bbox 2739 3997 2897 4068; x_wconf 88' lang='grc' dir='ltr'>μόνος</span> <span class='ocrx_word' id='word_1_729' title='bbox 2931 3992 2979 4049; x_wconf 81' lang='grc' dir='ltr'>εἶ</span> <span class='ocrx_word' id='word_1_730' title='bbox 3023 3996 3227 4068; x_wconf 78' lang='grc' dir='ltr'>ἄρχων,</span> <span class='ocrx_word' id='word_1_731' title='bbox 3265 4013 3283 4047; x_wconf 85' lang='grc'>›</span> <span class='ocrx_word' id='word_1_732' title='bbox 3319 3996 3672 4069; x_wconf 81' lang='grc' dir='ltr'>ἀποκρίνεται</span> <span class='ocrx_word' id='word_1_733' title='bbox 3702 3998 3846 4072; x_wconf 73' lang='grc' dir='ltr'>πρὸς</span> 
     </span>
    </p>
   </div>
   <div class='ocr_carea' id='block_1_100' title="bbox 2256 4086 3845 4162">
    <p class='ocr_par' dir='ltr' id='par_1_100' title="bbox 2256 4086 3845 4162">
     <span class='ocr_line' id='line_1_100' title="bbox 2256 4086 3845 4162; baseline -0.001 -15"><span class='ocrx_word' id='word_1_734' title='bbox 2256 4093 2456 4156; x_wconf 82' lang='grc' dir='ltr'>αὐτοὺς</span> <span class='ocrx_word' id='word_1_735' title='bbox 2504 4091 2599 4145; x_wconf 81' lang='grc' dir='ltr'>καὶ</span> <span class='ocrx_word' id='word_1_736' title='bbox 2642 4090 2819 4159; x_wconf 76' lang='grc' dir='ltr'>λέγει’</span> <span class='ocrx_word' id='word_1_737' title='bbox 2869 4090 3095 4160; x_wconf 85' lang='grc' dir='ltr'>Μήποτε</span> <span class='ocrx_word' id='word_1_738' title='bbox 3140 4086 3354 4142; x_wconf 88' lang='grc' dir='ltr'>καλεῖτε</span> <span class='ocrx_word' id='word_1_739' title='bbox 3398 4088 3653 4160; x_wconf 81' lang='grc' dir='ltr'>ἄρχοντα.</span> <span class='ocrx_word' id='word_1_740' title='bbox 3703 4092 3845 4162; x_wconf 80' lang='grc' dir='ltr'>μηδὲ</span> 
     </span>
    </p>
   </div>
   <div class='ocr_carea' id='block_1_101' title="bbox 2262 4180 3843 4256">
    <p class='ocr_par' dir='ltr' id='par_1_101' title="bbox 2262 4180 3843 4256">
     <span class='ocr_line' id='line_1_101' title="bbox 2262 4180 3843 4256; baseline 0.001 -19"><span class='ocrx_word' id='word_1_741' title='bbox 2262 4183 2468 4254; x_wconf 83' lang='grc' dir='ltr'>κύριον·</span> <span class='ocrx_word' id='word_1_742' title='bbox 2496 4183 2618 4235; x_wconf 76' lang='grc' dir='ltr'>ἐπεὶ</span> <span class='ocrx_word' id='word_1_743' title='bbox 2651 4181 2876 4252; x_wconf 87' lang='grc' dir='ltr'>μηδέπω</span> <span class='ocrx_word' id='word_1_744' title='bbox 2916 4181 3093 4244; x_wconf 87' lang='grc' dir='ltr'>πάσας</span> <span class='ocrx_word' id='word_1_745' title='bbox 3124 4180 3364 4251; x_wconf 82' lang='grc' dir='ltr'>είλήφειν</span> <span class='ocrx_word' id='word_1_746' title='bbox 3400 4182 3497 4245; x_wconf 85' lang='grc' dir='ltr'><strong>τὰς</strong></span> <span class='ocrx_word' id='word_1_747' title='bbox 3526 4184 3843 4256; x_wconf 72' lang='grc' dir='ltr'>ἁπανταχοῦ</span> 
     </span>
    </p>
   </div>
   <div class='ocr_carea' id='block_1_102' title="bbox 2257 4272 2669 4346">
    <p class='ocr_par' dir='ltr' id='par_1_102' title="bbox 2257 4272 2669 4346">
     <span class='ocr_line' id='line_1_102' title="bbox 2257 4272 2669 4346; baseline -0.002 -19"><span class='ocrx_word' id='word_1_748' title='bbox 2257 4274 2438 4346; x_wconf 85' lang='grc' dir='ltr'>χώρας</span> <span class='ocrx_word' id='word_1_749' title='bbox 2458 4291 2471 4305; x_wconf 85' lang='lat'><strong><em>°</em></strong></span> <span class='ocrx_word' id='word_1_750' title='bbox 2509 4272 2669 4345; x_wconf 83' lang='grc' dir='ltr'>πλὴν,</span> 
     </span>
    </p>
   </div>
   <div class='ocr_carea' id='block_1_103' title="bbox 2332 4362 3844 4437">
    <p class='ocr_par' dir='ltr' id='par_1_103' title="bbox 2332 4362 3844 4437">
     <span class='ocr_line' id='line_1_103' title="bbox 2332 4362 3844 4437; baseline 0.003 -20"><span class='ocrx_word' id='word_1_751' title='bbox 2332 4384 2351 4417; x_wconf 78' lang='grc' dir='ltr'><strong>ι</strong></span> <span class='ocrx_word' id='word_1_752' title='bbox 2386 4366 2480 4419; x_wconf 89' lang='grc' dir='ltr'><strong>Ὃν</strong></span> <span class='ocrx_word' id='word_1_753' title='bbox 2509 4366 2708 4437; x_wconf 87' lang='grc' dir='ltr'>τρόπον</span> <span class='ocrx_word' id='word_1_754' title='bbox 2734 4362 2938 4427; x_wconf 86' lang='grc' dir='ltr'>ταύτας</span> <span class='ocrx_word' id='word_1_755' title='bbox 2968 4363 3181 4428; x_wconf 77' lang='grc' dir='ltr'>ἔλαϐον,</span> <span class='ocrx_word' id='word_1_756' title='bbox 3210 4362 3353 4417; x_wconf 78' lang='grc' dir='ltr'>οὕτω</span> <span class='ocrx_word' id='word_1_757' title='bbox 3392 4367 3487 4419; x_wconf 76' lang='grc' dir='ltr'>καὶ</span> <span class='ocrx_word' id='word_1_758' title='bbox 3535 4366 3712 4430; x_wconf 81' lang='grc' dir='ltr'>πάσας</span> <span class='ocrx_word' id='word_1_759' title='bbox 3741 4368 3844 4432; x_wconf 75' lang='grc' dir='ltr'><strong>τὰς</strong></span> 
     </span>
    </p>
   </div>
   <div class='ocr_carea' id='block_1_104' title="bbox 2256 4454 3842 4531">
    <p class='ocr_par' dir='ltr' id='par_1_104' title="bbox 2256 4454 3842 4531">
     <span class='ocr_line' id='line_1_104' title="bbox 2256 4454 3842 4531; baseline 0.001 -19"><span class='ocrx_word' id='word_1_760' title='bbox 2256 4457 2429 4529; x_wconf 85' lang='grc' dir='ltr'>ἀρχὰς</span> <span class='ocrx_word' id='word_1_761' title='bbox 2460 4456 2723 4527; x_wconf 77' lang='grc' dir='ltr'>λήψομαι.</span> <span class='ocrx_word' id='word_1_762' title='bbox 2770 4454 3091 4520; x_wconf 81' lang='grc' dir='ltr'>Ὀλολύξατε</span> <span class='ocrx_word' id='word_1_763' title='bbox 3128 4456 3199 4509; x_wconf 86' lang='grc' dir='ltr'><strong>τὰ</strong></span> <span class='ocrx_word' id='word_1_764' title='bbox 3230 4458 3442 4527; x_wconf 86' lang='grc' dir='ltr'>γλυπτὰ</span> <span class='ocrx_word' id='word_1_765' title='bbox 3470 4460 3525 4511; x_wconf 82' lang='grc' dir='ltr'><strong>ὲν</strong></span> <span class='ocrx_word' id='word_1_766' title='bbox 3565 4460 3842 4531; x_wconf 84' lang='grc' dir='ltr'>Ἰερουσα-</span> 
     </span>
    </p>
   </div>
   <div class='ocr_carea' id='block_1_105' title="bbox 2259 4547 3845 4621">
    <p class='ocr_par' dir='ltr' id='par_1_105' title="bbox 2259 4547 3845 4621">
     <span class='ocr_line' id='line_1_105' title="bbox 2259 4547 3845 4621; baseline 0.002 -18"><span class='ocrx_word' id='word_1_767' title='bbox 2259 4550 2370 4621; x_wconf 85' lang='grc' dir='ltr'>λὴμ</span> <span class='ocrx_word' id='word_1_768' title='bbox 2396 4548 2491 4602; x_wconf 68' lang='grc' dir='ltr'>καὶ</span> <span class='ocrx_word' id='word_1_769' title='bbox 2515 4550 2571 4601; x_wconf 81' lang='grc' dir='ltr'>ὲν</span> <span class='ocrx_word' id='word_1_770' title='bbox 2602 4547 2907 4619; x_wconf 74' lang='grc' dir='ltr'>Σαμαρείᾳ.</span> <span class='ocrx_word' id='word_1_771' title='bbox 2947 4567 2964 4599; x_wconf 75' lang='grc' dir='ltr'>ι</span> <span class='ocrx_word' id='word_1_772' title='bbox 2995 4547 3139 4619; x_wconf 86' lang='grc' dir='ltr'>Πρὸς</span> <span class='ocrx_word' id='word_1_773' title='bbox 3163 4550 3361 4613; x_wconf 80' lang='grc' dir='ltr'>αὐτούς</span> <span class='ocrx_word' id='word_1_774' title='bbox 3394 4568 3453 4603; x_wconf 88' lang='grc' dir='ltr'><strong>τε</strong></span> <span class='ocrx_word' id='word_1_775' title='bbox 3486 4552 3611 4614; x_wconf 81' lang='grc' dir='ltr'>τοὺς</span> <span class='ocrx_word' id='word_1_776' title='bbox 3654 4552 3845 4606; x_wconf 79' lang='grc' dir='ltr'>Ἀσσυο</span> 
     </span>
    </p>
   </div>
   <div class='ocr_carea' id='block_1_106' title="bbox 2262 4640 3846 4714">
    <p class='ocr_par' dir='ltr' id='par_1_106' title="bbox 2262 4640 3846 4714">
     <span class='ocr_line' id='line_1_106' title="bbox 2262 4640 3846 4714; baseline 0.003 -21"><span class='ocrx_word' id='word_1_777' title='bbox 2262 4642 2403 4714; x_wconf 88' lang='grc' dir='ltr'>ρίους</span> <span class='ocrx_word' id='word_1_778' title='bbox 2433 4641 2525 4693; x_wconf 73' lang='grc' dir='ltr'>καὶ</span> <span class='ocrx_word' id='word_1_779' title='bbox 2549 4640 2636 4693; x_wconf 86' lang='grc' dir='ltr'>τὸν</span> <span class='ocrx_word' id='word_1_780' title='bbox 2663 4640 2898 4710; x_wconf 79' lang='grc' dir='ltr'>ἄρχοντα</span> <span class='ocrx_word' id='word_1_781' title='bbox 2924 4640 3123 4699; x_wconf 77' lang='grc' dir='ltr'>αὐτῶν.</span> <span class='ocrx_word' id='word_1_782' title='bbox 3151 4641 3374 4695; x_wconf 86' lang='grc' dir='ltr'>τοιαῦτα</span> <span class='ocrx_word' id='word_1_783' title='bbox 3414 4644 3846 4707; x_wconf 70' lang='grc' dir='ltr'>καταλαζονευοσ-</span> 
     </span>
    </p>
   </div>
   <div class='ocr_carea' id='block_1_107' title="bbox 2260 4713 3847 4808">
    <p class='ocr_par' dir='ltr' id='par_1_107' title="bbox 2260 4713 3847 4808">
     <span class='ocr_line' id='line_1_107' title="bbox 2260 4713 3847 4808; baseline 0.001 -23"><span class='ocrx_word' id='word_1_784' title='bbox 2260 4713 2453 4804; x_wconf 83' lang='grc' dir='ltr'>μένους</span> <span class='ocrx_word' id='word_1_785' title='bbox 2480 4713 2828 4786; x_wconf 65' lang='grc' dir='ltr'>ἀποτείνεται</span> <span class='ocrx_word' id='word_1_786' title='bbox 2864 4730 3067 4798; x_wconf 80' lang='grc' dir='ltr'>λέγων’</span> <span class='ocrx_word' id='word_1_787' title='bbox 3111 4731 3247 4785; x_wconf 77' lang='grc' dir='ltr'><strong>Οὐαὶ</strong></span> <span class='ocrx_word' id='word_1_788' title='bbox 3290 4732 3611 4803; x_wconf 83' lang='grc' dir='ltr'>Ἀσσυρίοις,</span> <span class='ocrx_word' id='word_1_789' title='bbox 3652 4736 3734 4786; x_wconf 83' lang='grc' dir='ltr'>ὅτι</span> <span class='ocrx_word' id='word_1_790' title='bbox 3766 4734 3847 4808; x_wconf 80' lang='grc' dir='ltr'>μὴ</span> 
     </span>
    </p>
   </div>
   <div class='ocr_carea' id='block_1_108' title="bbox 2258 4823 3847 4899">
    <p class='ocr_par' dir='ltr' id='par_1_108' title="bbox 2258 4823 3847 4899">
     <span class='ocr_line' id='line_1_108' title="bbox 2258 4823 3847 4899; baseline 0.002 -22"><span class='ocrx_word' id='word_1_791' title='bbox 2258 4826 2497 4897; x_wconf 80' lang='grc' dir='ltr'>συνῆκαν</span> <span class='ocrx_word' id='word_1_792' title='bbox 2535 4824 2611 4888; x_wconf 81' lang='grc' dir='ltr'>ὡς</span> <span class='ocrx_word' id='word_1_793' title='bbox 2650 4824 2759 4891; x_wconf 84' lang='grc' dir='ltr'>ἄρα</span> <span class='ocrx_word' id='word_1_794' title='bbox 2786 4826 2819 4893; x_wconf 86' lang='grc' dir='ltr'>ἡ</span> <span class='ocrx_word' id='word_1_795' title='bbox 2851 4823 2959 4893; x_wconf 80' lang='grc' dir='ltr'>ἐμή</span> <span class='ocrx_word' id='word_1_796' title='bbox 2988 4823 3124 4894; x_wconf 84' lang='grc' dir='ltr'>όργὴ</span> <span class='ocrx_word' id='word_1_797' title='bbox 3154 4826 3207 4895; x_wconf 83' lang='grc' dir='ltr'>·ή</span> <span class='ocrx_word' id='word_1_798' title='bbox 3252 4825 3391 4878; x_wconf 77' lang='grc' dir='ltr'>κατὰ</span> <span class='ocrx_word' id='word_1_799' title='bbox 3433 4826 3541 4879; x_wconf 85' lang='grc' dir='ltr'><strong>τῶν</strong></span> <span class='ocrx_word' id='word_1_800' title='bbox 3583 4826 3847 4899; x_wconf 80' lang='grc' dir='ltr'>πλημμε-</span> 
     </span>
    </p>
   </div>
   <div class='ocr_carea' id='block_1_109' title="bbox 2258 4914 3845 4990">
    <p class='ocr_par' dir='ltr' id='par_1_109' title="bbox 2258 4914 3845 4990">
     <span class='ocr_line' id='line_1_109' title="bbox 2258 4914 3845 4990; baseline 0.006 -23"><span class='ocrx_word' id='word_1_801' title='bbox 2258 4914 2491 4969; x_wconf 77' lang='grc' dir='ltr'>λούντων</span> <span class='ocrx_word' id='word_1_802' title='bbox 2520 4915 2619 4985; x_wconf 79' lang='grc' dir='ltr'><strong>τὴν</strong></span> <span class='ocrx_word' id='word_1_803' title='bbox 2648 4914 2895 4980; x_wconf 78' lang='grc' dir='ltr'>ἐξουσίαν</span> <span class='ocrx_word' id='word_1_804' title='bbox 2920 4914 3101 4977; x_wconf 76' lang='grc' dir='ltr'>αὐτοῖς</span> <span class='ocrx_word' id='word_1_805' title='bbox 3130 4915 3227 4985; x_wconf 82' lang='grc' dir='ltr'>τῆς</span> <span class='ocrx_word' id='word_1_806' title='bbox 3252 4916 3517 4989; x_wconf 71' lang='grc' dir='ltr'>τοσαύτης</span> <span class='ocrx_word' id='word_1_807' title='bbox 3553 4919 3723 4990; x_wconf 82' lang='grc' dir='ltr'>ὀργῆς</span> <span class='ocrx_word' id='word_1_808' title='bbox 3752 4921 3845 4976; x_wconf 68' lang='grc' dir='ltr'>δέε-</span> 
     </span>
    </p>
   </div>
   <div class='ocr_carea' id='block_1_110' title="bbox 2259 5005 3845 5080">
    <p class='ocr_par' dir='ltr' id='par_1_110' title="bbox 2259 5005 3845 5080">
     <span class='ocr_line' id='line_1_110' title="bbox 2259 5005 3845 5080; baseline 0.003 -19"><span class='ocrx_word' id='word_1_809' title='bbox 2259 5008 2459 5061; x_wconf 85' lang='grc' dir='ltr'>δωκεν’</span> <span class='ocrx_word' id='word_1_810' title='bbox 2497 5007 2633 5060; x_wconf 81' lang='grc' dir='ltr'>ἀλλὰ</span> <span class='ocrx_word' id='word_1_811' title='bbox 2675 5009 2741 5077; x_wconf 83' lang='grc' dir='ltr'>τῇ</span> <span class='ocrx_word' id='word_1_812' title='bbox 2774 5005 2981 5059; x_wconf 82' lang='grc' dir='ltr'>ἑαυτῶν</span> <span class='ocrx_word' id='word_1_813' title='bbox 3015 5005 3241 5077; x_wconf 85' lang='grc' dir='ltr'>δυνάμει</span> <span class='ocrx_word' id='word_1_814' title='bbox 3287 5011 3686 5080; x_wconf 83' lang='grc' dir='ltr'>κεκρατηκέναι</span> <span class='ocrx_word' id='word_1_815' title='bbox 3731 5013 3845 5065; x_wconf 82' lang='grc' dir='ltr'><strong>τῶν</strong></span> 
     </span>
    </p>
   </div>
   <div class='ocr_carea' id='block_1_111' title="bbox 2260 5096 2748 5151">
    <p class='ocr_par' dir='ltr' id='par_1_111' title="bbox 2260 5096 2748 5151">
     <span class='ocr_line' id='line_1_111' title="bbox 2260 5096 2748 5151; baseline 0 -2"><span class='ocrx_word' id='word_1_816' title='bbox 2260 5097 2430 5151; x_wconf 86' lang='grc' dir='ltr'><strong>ὲθνῶν</strong></span> <span class='ocrx_word' id='word_1_817' title='bbox 2459 5096 2748 5151; x_wconf 85' lang='grc' dir='ltr'>ὑπέλαϐον.</span> 
     </span>
    </p>
   </div>
   <div class='ocr_carea' id='block_1_112' title="bbox 2334 5186 3844 5265">
    <p class='ocr_par' dir='ltr' id='par_1_112' title="bbox 2334 5186 3844 5265">
     <span class='ocr_line' id='line_1_112' title="bbox 2334 5186 3844 5265; baseline 0.006 -25"><span class='ocrx_word' id='word_1_818' title='bbox 2334 5208 2351 5240; x_wconf 80' lang='grc' dir='ltr'><strong>ι</strong></span> <span class='ocrx_word' id='word_1_819' title='bbox 2395 5191 2489 5243; x_wconf 85' lang='lat' dir='ltr'><strong>&quot;Ov</strong></span> <span class='ocrx_word' id='word_1_820' title='bbox 2516 5191 2716 5259; x_wconf 84' lang='grc' dir='ltr'>τρόπον</span> <span class='ocrx_word' id='word_1_821' title='bbox 2743 5186 2851 5259; x_wconf 79' lang='grc' dir='ltr'><strong>γάρ</strong></span> <span class='ocrx_word' id='word_1_822' title='bbox 2880 5187 3112 5259; x_wconf 80' lang='grc' dir='ltr'>ἐποίησα</span> <span class='ocrx_word' id='word_1_823' title='bbox 3149 5189 3433 5263; x_wconf 84' lang='grc' dir='ltr'>Σαμαρείᾳ</span> <span class='ocrx_word' id='word_1_824' title='bbox 3470 5193 3698 5257; x_wconf 73' lang='grc' dir='ltr'>καὶτοῖς</span> <span class='ocrx_word' id='word_1_825' title='bbox 3727 5213 3844 5265; x_wconf 83' lang='grc' dir='ltr'>χει-</span> 
     </span>
    </p>
   </div>
   <div class='ocr_carea' id='block_1_113' title="bbox 2266 5279 3844 5358">
    <p class='ocr_par' dir='ltr' id='par_1_113' title="bbox 2266 5279 3844 5358">
     <span class='ocr_line' id='line_1_113' title="bbox 2266 5279 3844 5358; baseline 0.004 -24"><span class='ocrx_word' id='word_1_826' title='bbox 2266 5286 2568 5353; x_wconf 81' lang='grc' dir='ltr'>ροποιήτοις</span> <span class='ocrx_word' id='word_1_827' title='bbox 2592 5281 2781 5351; x_wconf 78' lang='grc' dir='ltr'>αὐτῆς,</span> <span class='ocrx_word' id='word_1_828' title='bbox 2817 5279 2958 5333; x_wconf 77' lang='grc' dir='ltr'>οὕτω</span> <span class='ocrx_word' id='word_1_829' title='bbox 2990 5283 3201 5352; x_wconf 82' lang='grc' dir='ltr'>ποιήσω</span> <span class='ocrx_word' id='word_1_830' title='bbox 3234 5282 3328 5335; x_wconf 79' lang='grc' dir='ltr'>καὶ</span> <span class='ocrx_word' id='word_1_831' title='bbox 3367 5283 3719 5358; x_wconf 83' lang='grc' dir='ltr'>Ἰερουσαλὴμ</span> <span class='ocrx_word' id='word_1_832' title='bbox 3748 5291 3844 5341; x_wconf 73' lang='grc' dir='ltr'>καὶ</span> 
     </span>
    </p>
   </div>
   <div class='ocr_carea' id='block_1_114' title="bbox 2261 5372 3842 5450">
    <p class='ocr_par' dir='ltr' id='par_1_114' title="bbox 2261 5372 3842 5450">
     <span class='ocr_line' id='line_1_114' title="bbox 2261 5372 3842 5450; baseline 0.003 -23"><span class='ocrx_word' id='word_1_833' title='bbox 2261 5376 2371 5437; x_wconf 81' lang='grc' dir='ltr'>τοῖς</span> <span class='ocrx_word' id='word_1_834' title='bbox 2396 5372 2635 5437; x_wconf 79' lang='grc' dir='ltr'>εἰδώλοις</span> <span class='ocrx_word' id='word_1_835' title='bbox 2667 5373 2854 5442; x_wconf 78' lang='grc' dir='ltr'>αὐτῆς.</span> <span class='ocrx_word' id='word_1_836' title='bbox 2903 5392 2921 5425; x_wconf 74' lang='grc' dir='ltr'>ι</span> <span class='ocrx_word' id='word_1_837' title='bbox 2967 5374 3009 5425; x_wconf 82' lang='grc' dir='ltr'><strong>Τ</strong></span> <span class='ocrx_word' id='word_1_838' title='bbox 3012 5373 3046 5426; x_wconf 76' lang='lat' dir='ltr'><strong>.‘z</strong></span> <span class='ocrx_word' id='word_1_839' title='bbox 3092 5375 3181 5426; x_wconf 82' lang='grc' dir='ltr'>ἶσα</span> <span class='ocrx_word' id='word_1_840' title='bbox 3212 5375 3391 5429; x_wconf 87' lang='grc' dir='ltr'>τοίνυν</span> <span class='ocrx_word' id='word_1_841' title='bbox 3438 5380 3502 5448; x_wconf 84' lang='grc' dir='ltr'>τῇ</span> <span class='ocrx_word' id='word_1_842' title='bbox 3554 5378 3842 5450; x_wconf 79' lang='grc' dir='ltr'>Σαμαρείᾳ</span> 
     </span>
    </p>
   </div>
   <div class='ocr_carea' id='block_1_115' title="bbox 2262 5464 3840 5541">
    <p class='ocr_par' dir='ltr' id='par_1_115' title="bbox 2262 5464 3840 5541">
     <span class='ocr_line' id='line_1_115' title="bbox 2262 5464 3840 5541; baseline 0.003 -22"><span class='ocrx_word' id='word_1_843' title='bbox 2262 5467 2352 5519; x_wconf 73' lang='grc' dir='ltr'><strong>καὶ</strong></span> <span class='ocrx_word' id='word_1_844' title='bbox 2396 5466 2493 5537; x_wconf 78' lang='grc' dir='ltr'><strong>τὴν</strong></span> <span class='ocrx_word' id='word_1_845' title='bbox 2531 5464 2886 5537; x_wconf 83' lang='grc' dir='ltr'>Ἰερουσαλὴμ</span> <span class='ocrx_word' id='word_1_846' title='bbox 2916 5464 3198 5519; x_wconf 79' lang='grc' dir='ltr'>πείσεσθαι</span> <span class='ocrx_word' id='word_1_847' title='bbox 3230 5468 3461 5521; x_wconf 84' lang='grc' dir='ltr'>ἀπειλεῖ.</span> <span class='ocrx_word' id='word_1_848' title='bbox 3495 5470 3753 5541; x_wconf 83' lang='grc' dir='ltr'>Προλέγει</span> <span class='ocrx_word' id='word_1_849' title='bbox 3781 5471 3840 5524; x_wconf 77' lang='grc' dir='ltr'>δὲ</span> 
     </span>
    </p>
   </div>
   <div class='ocr_carea' id='block_1_116' title="bbox 2258 5556 3839 5630">
    <p class='ocr_par' dir='ltr' id='par_1_116' title="bbox 2258 5556 3839 5630">
     <span class='ocr_line' id='line_1_116' title="bbox 2258 5556 3839 5630; baseline 0.001 -19"><span class='ocrx_word' id='word_1_850' title='bbox 2258 5556 2430 5611; x_wconf 81' lang='grc' dir='ltr'>ταῦτα</span> <span class='ocrx_word' id='word_1_851' title='bbox 2460 5556 2898 5629; x_wconf 76' lang='grc' dir='ltr'>προκαλούμενος</span> <span class='ocrx_word' id='word_1_852' title='bbox 2934 5558 3012 5621; x_wconf 79' lang='grc' dir='ltr'>εἰς</span> <span class='ocrx_word' id='word_1_853' title='bbox 3042 5558 3380 5630; x_wconf 78' lang='grc' dir='ltr'>ἐπιστροφὴν</span> <span class='ocrx_word' id='word_1_854' title='bbox 3414 5562 3508 5613; x_wconf 76' lang='grc' dir='ltr'>καὶ</span> <span class='ocrx_word' id='word_1_855' title='bbox 3548 5562 3839 5630; x_wconf 86' lang='grc' dir='ltr'>μετάνοιαν</span> 
     </span>
    </p>
   </div>
   <div class='ocr_carea' id='block_1_117' title="bbox 2253 5649 3838 5725">
    <p class='ocr_par' dir='ltr' id='par_1_117' title="bbox 2253 5649 3838 5725">
     <span class='ocr_line' id='line_1_117' title="bbox 2253 5649 3838 5725; baseline 0.002 -22"><span class='ocrx_word' id='word_1_856' title='bbox 2253 5653 2379 5714; x_wconf 67' lang='grc' dir='ltr'>τοὺς</span> <span class='ocrx_word' id='word_1_857' title='bbox 2412 5649 2730 5713; x_wconf 81' lang='grc' dir='ltr'>ἀκούοντας,</span> <span class='ocrx_word' id='word_1_858' title='bbox 2759 5650 2907 5720; x_wconf 80' lang='grc' dir='ltr'>φόϐῳ</span> <span class='ocrx_word' id='word_1_859' title='bbox 2931 5667 2988 5702; x_wconf 88' lang='grc' dir='ltr'>τε</span> <span class='ocrx_word' id='word_1_860' title='bbox 3030 5649 3123 5703; x_wconf 80' lang='grc' dir='ltr'><strong>τοῦ</strong></span> <span class='ocrx_word' id='word_1_861' title='bbox 3155 5652 3590 5722; x_wconf 77' lang='grc' dir='ltr'>παραδείγματος</span> <span class='ocrx_word' id='word_1_862' title='bbox 3619 5671 3838 5725; x_wconf 79' lang='grc' dir='ltr'>σωφρο-</span> 
     </span>
    </p>
   </div>
   <div class='ocr_carea' id='block_1_118' title="bbox 2257 5740 3841 5819">
    <p class='ocr_par' dir='ltr' id='par_1_118' title="bbox 2257 5740 3841 5819">
     <span class='ocr_line' id='line_1_118' title="bbox 2257 5740 3841 5819; baseline 0.004 -25"><span class='ocrx_word' id='word_1_863' title='bbox 2257 5740 2415 5805; x_wconf 72' lang='grc' dir='ltr'>νίζων</span> <span class='ocrx_word' id='word_1_864' title='bbox 2452 5742 2666 5805; x_wconf 78' lang='grc' dir='ltr'>αὐτούς.</span> <span class='ocrx_word' id='word_1_865' title='bbox 2698 5743 2771 5795; x_wconf 81' lang='grc' dir='ltr'><strong>Οὐ</strong></span> <span class='ocrx_word' id='word_1_866' title='bbox 2803 5742 2911 5812; x_wconf 83' lang='grc' dir='ltr'><strong>γὰρ</strong></span> <span class='ocrx_word' id='word_1_867' title='bbox 2951 5746 2979 5795; x_wconf 89' lang='grc' dir='ltr'>ὁ</span> <span class='ocrx_word' id='word_1_868' title='bbox 3034 5743 3335 5813; x_wconf 69' lang='grc' dir='ltr'>Ἀσσύριος,</span> <span class='ocrx_word' id='word_1_869' title='bbox 3383 5744 3565 5815; x_wconf 74' lang='grc' dir='ltr'>φησὶν,</span> <span class='ocrx_word' id='word_1_870' title='bbox 3611 5746 3841 5819; x_wconf 65' lang='grc' dir='ltr'>ἐποίησα</span> 
     </span>
    </p>
   </div>
   <div class='ocr_carea' id='block_1_119' title="bbox 2257 5834 3836 5907">
    <p class='ocr_par' dir='ltr' id='par_1_119' title="bbox 2257 5834 3836 5907">
     <span class='ocr_line' id='line_1_119' title="bbox 2257 5834 3836 5907; baseline 0.005 -18"><span class='ocrx_word' id='word_1_871' title='bbox 2257 5835 2326 5889; x_wconf 79' lang='grc' dir='ltr'>τὰ</span> <span class='ocrx_word' id='word_1_872' title='bbox 2354 5836 2493 5893; x_wconf 78' lang='grc' dir='ltr'>κατὰ</span> <span class='ocrx_word' id='word_1_873' title='bbox 2517 5837 2615 5907; x_wconf 80' lang='grc' dir='ltr'>τῆς</span> <span class='ocrx_word' id='word_1_874' title='bbox 2647 5836 2977 5907; x_wconf 81' lang='grc' dir='ltr'>Σαμαρείας,</span> <span class='ocrx_word' id='word_1_875' title='bbox 3004 5834 3115 5889; x_wconf 78' lang='grc' dir='ltr'>ἀλλ’</span> <span class='ocrx_word' id='word_1_876' title='bbox 3145 5836 3255 5906; x_wconf 72' lang='grc' dir='ltr'><strong>ἐγὼ</strong></span> <span class='ocrx_word' id='word_1_877' title='bbox 3277 5837 3304 5890; x_wconf 86' lang='grc' dir='ltr'><strong>ό</strong></span> <span class='ocrx_word' id='word_1_878' title='bbox 3329 5838 3459 5901; x_wconf 75' lang='grc' dir='ltr'>Θεὸς</span> <span class='ocrx_word' id='word_1_879' title='bbox 3484 5836 3567 5898; x_wconf 65' lang='grc' dir='ltr'>διᾷ</span> <span class='ocrx_word' id='word_1_880' title='bbox 3598 5841 3697 5903; x_wconf 83' lang='grc' dir='ltr'>τὰς</span> <span class='ocrx_word' id='word_1_881' title='bbox 3728 5841 3836 5896; x_wconf 69' lang='grc' dir='ltr'>τῶν</span> 
     </span>
    </p>
   </div>
  </div>
