4042 6388
215 422 312 479 Ml

1176 413 1679 472 COMMENTARIA
1724 415 1790 469 ΙΝ
1831 413 2084 470 ISAIAM.
2126 444 2197 456 —
2232 412 2387 470 CAP.
2426 414 2494 473 Χ.

3404 420 3509 475 162

207 538 516 610 οἰκητόρων
543 536 821 600 ἀσεδείας.
847 535 1060 590 Οὐκοῦν
1086 536 1229 590 κατὰ
1252 538 1346 589 τὸν
1368 536 1461 589 τοῦ
1483 537 1697 589 δικαίου
1726 536 1811 589 λό-

1922 543 2080 589 tates.
2109 533 2277 602 Igitur
2303 537 2601 590 secundum
2634 536 2911 604 aequitatis
2950 536 3118 604 leges,
3162 552 3261 607 par
3284 549 3369 593 est
3411 554 3510 596 eos

207 652 306 703 γον
341 637 439 688 καὶ
474 637 603 699 τοὺς
652 635 709 687 ἐν
740 637 806 705 τῇ
850 634 1205 706 Ἰερουσαλὴμ
1239 634 1386 698 εἰκὸς
1436 634 1810 705 παραδοθήσε-

209 726 336 779 σθαι
361 730 432 797 τῇ
462 726 550 797 ἴσῃ
580 725 892 796 πολιορκίᾳ,
925 724 1001 788 ὡς
1024 724 1093 778 τὰ
1130 723 1335 794 ἀδελφὰ
1362 722 1810 795 μεταχειριζομέ-

206 834 334 881 νους
360 820 479 881 τοῖς
507 802 583 871 τά
612 815 981 887 προλεχθέντα
1009 816 1321 870 πεπονθόσι.

284 928 305 959 ι
344 909 460 961 Καὶ
489 909 662 971 ἔσται,
698 908 827 961 ὅταν
862 908 1152 980 συντελέσῃ
1187 908 1392 981 Κύριος
1434 909 1611 963 πάντα
1639 908 1809 962 ποιῶν

205 1001 266 1054 ἐν
307 999 388 1069 τῷ
432 999 549 1069 ὄρει
579 997 717 1051 Σιὼν
748 999 840 1052 καὶ
883 998 1260 1071 Ἰερουσαλὴμ,
1301 999 1670 1069 ἐπισκέψομαι
1717 1000 1811 1052 ἐπὶ

203 1092 299 1143 τὸν
321 1090 452 1143 νοῦν
474 1090 566 1143 τὸν
596 1090 792 1160 μέγαν,
828 1092 922 1144 ἐπὶ
957 1092 1048 1144 τὸν
1072 1091 1307 1162 ἄρχοντα
1331 1091 1441 1144 τῶν
1483 1092 1808 1163 Ἀσσυρίων,

204 1185 305 1236 καὶ
336 1185 435 1235 ἐπὶ
476 1183 537 1236 τὸ
579 1182 711 1252 ὕψος
751 1184 852 1253 τῆς
892 1182 1050 1255 δόξης
1086 1184 1195 1236 τῶν
1230 1184 1529 1255 ὀφθαλμῶν
1557 1184 1745 1238 αὑτοῦ.
1786 1205 1804 1235 ›

216 1273 561 1337 ’Δκολούθως
583 1273 672 1326 διὰ
695 1273 805 1327 τῶν
830 1275 1208 1345 προκειμένων
1236 1274 1524 1339 διδάσκων,
1554 1277 1635 1328 ὅτι
1670 1276 1810 1340 τέως

206 1368 312 1439 μὲν
371 1365 650 1437 Ἀσσύριοι
680 1366 776 1418 καὶ
802 1368 831 1420 6
858 1367 1061 1420 τούτων
1097 1368 1303 1439 ἄρχων,
1355 1370 1405 1421 εί
1444 1351 1540 1421 καὶ
1581 1369 1811 1422 τοιαῦτα

201 1461 370 1510 ὁποῖα
415 1456 712 1527 δεδήλωται
774 1458 1272 1529 ἀπηυθαδιάσαντο,
1329 1460 1429 1530 τὴν
1494 1460 1810 1531 Σαμάρειαν

203 1550 529 1621 ὑποχείριον
586 1550 945 1620 πεποιημένοι
998 1553 1093 1604 καὶ
1136 1552 1236 1621 τὴν
1294 1552 1605 1622 Δαμασκὸν,
1663 1553 1813 1622 ὅμως

200 1641 391 1707 ἕξουσι
420 1640 482 1693 τὸ
512 1641 794 1711 ἐνδόσιμον
831 1642 927 1695 τοῦ
960 1642 1154 1713 χρόνου
1189 1642 1583 1716 μέχρι’καιροῦ
1624 1661 1773 1706 τινος
1794 1662 1807 1675 ·

206 1732 333 1802 μεθ’
366 1732 426 1785 ὃν
455 1731 663 1784 οὐκέτι
712 1734 1039 1804 συστήσεται
1078 1734 1256 1788 αὐτῶν
1295 1737 1328 1805 ή
1364 1735 1530 1807 ἀρχὴ,
1579 1734 1680 1805 τῆς
1712 1753 1815 1805 μα-

202 1826 351 1896 κρᾶς
380 1825 477 1878 καὶ
503 1825 829 1889 πολυτελοῦς
872 1826 1148 1897 βασιλείας
1181 1827 1263 1892 είς
1306 1828 1369 1880 τὸ
1401 1826 1665 1890 παντελὲς
1707 1844 1809 1879 κα-

200 1916 682 1987 ταλυθησομένης.

280 2024 301 2057 ι
349 2001 490 2059 Εἷπε
516 2005 648 2077 γὰρ,
680 2008 739 2060 ἐν
779 2008 846 2077 τῇ
878 2004 1023 2075 ίσχύῖ
1054 2006 1289 2077 ποιήσω,
1320 2007 1417 2059 καὶ
1462 2007 1519 2059 ἐν
1551 2010 1617 2078 τῇ
1652 2006 1814 2076 σοφίᾳ.

200 2096 307 2169 τῆς
337 2098 610 2161 συνέσεως
635 2098 820 2167 ἀφελῶ
840 2098 965 2169 ὅρια
992 2097 1185 2162 ἐθνῶν,
1209 2097 1304 2151 καὶ
1327 2098 1426 2168 τὴν
1456 2100 1609 2169 ἰσχὺν
1635 2098 1815 2151 αὐτῶν

202 2190 593 2262 προνομεύσω.
631 2210 650 2242 ι
705 2191 798 2263 Μὴ
844 2191 968 2254 δοὺς
1003 2190 1113 2261 γὰρ
1162 2190 1321 2256 δόξαν
1365 2188 1445 2260 τῷ
1491 2190 1631 2261 Θεῷ,
1677 2189 1814 2260 μηδὲ

201 2283 591 2354 λογισάμενος,
624 2286 707 2337 ὅτι
735 2285 763 2337 6
795 2282 903 2336 τῶν
933 2282 1069 2335 ὅλων
1114 2281 1246 2345 Θεὸς
1276 2282 1441 2346 αὐτὸς
1471 2277 1539 2353 ἦν
1581 2285 1610 2335 6
1635 2298 1815 2352 παρα-

200 2377 334 2440 δοὺς
356 2376 507 2447 αὐτῷ
538 2378 631 2429 καὶ
652 2377 743 2429 τὸν
780 2373 999 2447 Ἰσραὴλ
1029 2376 1123 2428 καὶ
1154 2374 1249 2428 τὸν
1286 2374 1514 2438 Ἰούδαν,
1545 2374 1640 2427 καὶ
1674 2374 1813 2426 πάν-

200 2488 305 2532 τας
338 2471 468 2532 τοὺς
510 2468 783 2540 τιμωρίας
829 2466 1033 2532 ἀξίους,
1076 2466 1219 2537 μέγα
1252 2465 1545 2537 ἐφρόνησε,
1596 2466 1812 2538 διανοη-

200 2559 327 2623 θεὶς
358 2560 458 2613 καὶ
502 2559 641 2631 πρὸς
688 2558 879 2611 ἑαυτὸν
932 2554 1125 2621 εἰπὼν,
1172 2558 1316 2612 κατὰ
1355 2557 1447 2611 τὸν
1491 2556 1809 2629 Σύμμαχον,

206 2650 229 2703 ἃ
280 2652 375 2703 Ἕν
407 2653 476 2721 τῇ
503 2651 732 2721 δυνάμει
762 2651 860 2721 τῆς
892 2651 1073 2721 χειρὺς
1100 2651 1356 2722 ἐποίησα,
1390 2669 1407 2701 ι
1444 2650 1633 2703 καὶτὰ
1660 2650 1808 2719 ἑξῆς.

283 2761 305 2794 ι
352 2744 465 2795 Καὶ
495 2743 662 2795 σείσω
690 2743 874 2805 πόλεις
900 2742 1353 2814 κατοικουμένας,
1386 2744 1481 2797 καὶ
1505 2743 1603 2814 τὴν
1631 2747 1816 2796 οἰκου-

204 2837 383 2908 μένην
416 2835 547 2906 ὅλην
576 2836 963 2906 καταλήψομαι
1004 2839 1072 2907 τῇ
1108 2836 1253 2910 χειρὶ
1294 2835 1370 2899 ὼς
1422 2836 1664 2901 νοσσιὰν,
1716 2838 1811 2889 καὶ

198 2928 281 2992 ὡς
310 2928 788 2998 καταλελειμμένα
819 2929 902 2982 ὼὰ
932 2929 1082 2998 ἀρῶο
1121 2928 1218 2981 καὶ
1260 2929 1359 2980 οὐκ
1399 2929 1545 2981 ἔστιν
1587 2928 1647 2992 ὃς
1691 2929 1809 2981 δια-

202 3019 471 3089 φεύξεταί
508 3036 598 3090 με,
632 3020 664 3089 ἢ
699 3020 930 3092 ἀντείπῃ
967 3037 1077 3090 μοι.
1109 3019 1200 3090 Μὴ
1230 3018 1623 3090 δοξασθήσεται
1654 3020 1810 3093 ἀξίνη

200 3115 338 3168 ἄνευ
368 3112 466 3165 τοῦ
513 3113 840 3177 κόπτοντος;
874 3112 906 3184 ἢ
943 3113 1295 3183 ὑψωθήσεται
1326 3112 1503 3183 πρίων
1549 3112 1678 3166 ἄνευ
1713 3111 1810 3165 τοῦ

194 3205 465 3269 ἷλκοντος
498 3205 681 3268 αὐτὸν,
717 3205 793 3267 ὠς
820 3204 884 3258 ἄν
916 3222 1001 3268 τις
1031 3205 1140 3277 ἄρῃ
1183 3203 1375 3275 ρἀδον
1408 3202 1441 3273 ἢ
1479 3203 1665 3269 ξύλον;
1700 3205 1814 3257 Καὶ

196 3299 308 3369 οὐχ
322 3298 521 3361 οὕτως,
543 3296 658 3350 ἀλλ’
680 3291 971 3350 ἀποστελεῖ
996 3296 1201 3365 Κύριος
1217 3294 1445 3349 Σαϐαὼθ
1468 3297 1549 3359 εἰς
1582 3294 1683 3365 τὴν
1712 3295 1811 3367 σὴν

198 3392 380 3464 τιμὴν
428 3390 677 3460 ἀτιμίαν,
708 3390 807 3442 καὶ
844 3391 924 3453 είς
958 3390 1058 3459 τὴν
1106 3388 1203 3459 σὴν
1250 3389 1406 3455 δόξαν
1441 3387 1554 3460 πῦρ
1584 3390 1814 3460 καιόμε-

201 3500 298 3537 νον
334 3482 695 3552 καυθήσεται.
741 3500 759 3532 ι
798 3480 943 3552 Πρὸς
974 3480 1165 3533 τοῦτον
1215 3479 1307 3533 τὸν
1349 3480 1701 3551 ὑπερήφανον
1728 3482 1818 3535 λο-

199 3571 433 3642 γισμὸν,
493 3570 603 3623 εἴτε
657 3588 744 3634 τις
812 3569 1166 3639 ἀντικειμένη
1213 3569 1440 3640 δύναμις
1496 3570 1813 3640 ἐτύγχανεν,

199 3662 401 3735 ὥσπερ
434 3666 463 3716 6
488 3663 672 3734 ἄρχων
704 3661 984 3732 βασιλείας
1013 3660 1262 3732 Περσῶν,
1301 3662 1393 3715 καὶ
1423 3664 1452 3715 6
1485 3661 1673 3734 ἄρχων
1715 3663 1815 3734 βα-

204 3753 421 3817 σιλείας
468 3754 690 3823 Μήδων,
743 3753 840 3805 καὶ
886 3754 916 3805 6
962 3753 1147 3823 ἄρχων
1181 3752 1460 3821 βασιλείας
1508 3754 1811 3825 Ἑλλήνων·

1834 3242 1885 3323 Ρ

1912 625 2006 695 qui
2041 624 2093 679 in
2120 622 2520 697 Hierosolymis
2550 628 2750 697 degunt
2777 629 2892 695 pari
2918 630 3188 683 obsidioni
3217 640 3271 685 et
3298 633 3511 686 excidio

1915 716 2075 781 tradi,
2105 718 2234 785 quia
2271 719 2370 788 ipsi
2409 719 2559 787 paria
2591 719 2680 786 iis,
2717 718 2808 788 qui
2844 718 2961 787 jam
3009 731 3311 776 memorata
3364 724 3511 793 passi

1912 818 2061 871 sunt,
2103 819 2515 877 perpetraruut.

1982 897 2152 954 Vens.
2183 900 2271 953 12.
2327 920 2345 952 ι
2378 900 2447 955 Et
2485 901 2627 965 erit,
2689 917 2814 956 cum
2872 904 3180 972 impleverit
3237 906 3507 962 Dominus

1911 992 2095 1047 omnia
2138 992 2317 1047 facere
2346 993 2399 1047 in
2452 1004 2637 1049 monte
2677 994 2807 1050 Sion
2841 1004 2896 1049 et
2933 997 2986 1050 in
3021 997 3347 1063 Jerusalem,
3377 998 3511 1053 visi-

1916 1087 2042 1140 tabo
2065 1096 2305 1143 mentem
2338 1102 2618 1158 magnam,
2666 1089 2970 1158 principem
3022 1092 3395 1162 Assyriorum,
3453 1102 3510 1148 et

1914 1177 2301 1234 celsitudinem
2354 1179 2545 1248 gloriae
2580 1180 2865 1235 oculorum
2920 1181 3061 1249 ejus.
3100 1203 3117 1234 ι
3158 1182 3254 1237 His
3307 1199 3509 1241 conse-

1913 1280 2146 1339 quenter
2168 1272 2348 1336 docet,
2367 1272 2621 1341 Assyrios
2648 1274 2864 1328 tandem
2887 1285 2942 1328 et
2964 1291 3151 1330 eorum
3178 1278 3509 1347 principem,

1912 1360 2012 1414 etsi
2044 1375 2165 1414 cum
2206 1360 2319 1425 tali,
2345 1362 2622 1432 qualijam
2668 1363 3005 1419 declaratum
3038 1376 3145 1430 est,
3195 1370 3509 1439 arrogantia

1912 1452 2144 1523 egerint,
2185 1451 2495 1509 Samariam
2529 1461 2583 1509 et
2631 1456 2958 1511 Damascum
3016 1460 3374 1530 subegerint,
3427 1473 3511 1515 ta-

1916 1559 2036 1599 men
2073 1547 2139 1598 ad
2172 1555 2385 1600 certum
2440 1561 2613 1614 usque
2656 1548 2950 1601 terminum
2985 1565 3205 1604 usuram
3243 1556 3509 1623 temporis

1916 1638 2236 1703 habituros;
2291 1653 2398 1707 quo
2429 1639 2639 1709 elapso,
2673 1642 2963 1710 imperium
2998 1660 3187 1698 eorum
3224 1661 3330 1701 non
3365 1647 3505 1701 ultra

1917 1729 2199 1793 consistet,
2235 1729 2492 1784 diuturno
2534 1731 2628 1785 illo
2672 1747 2737 1788 ac
2764 1732 2981 1789 ﬂorenti
3009 1735 3237 1804 imperio
3264 1735 3512 1794 funditus

1916 1831 2129 1873 everso.

1987 1998 2157 2056 Vens.
2199 2001 2288 2056 13.
2329 2022 2347 2054 ι
2389 2003 2535 2057 Dixit
2560 2005 2729 2072 enim,
2760 2007 2816 2063 ln
2852 2007 3179 2069 fortitudine
3205 2010 3511 2078 faciam,et

1917 2093 1970 2144 in
2008 2094 2278 2162 sapientia
2314 2096 2620 2164 prudentia!
2648 2113 2781 2153 mea:
2815 2099 3062 2155 auferam
3096 2107 3359 2159 terminos
3378 2121 3512 2177 gen-

1917 2184 2073 2248 tium,
2099 2194 2152 2238 et
2169 2184 2544 2242 fortitudinem
2565 2203 2759 2244 earum
2784 2192 3099 2249 devastabo.
3127 2214 3146 2247 ι
3176 2196 3284 2250 Deo
3309 2199 3512 2268 quippe

1916 2276 2141 2345 gloriam
2176 2293 2283 2333 non
2317 2278 2589 2347 tribuens,
2619 2297 2796 2352 neque
2840 2298 3027 2340 secum
3066 2296 3327 2358 reputans
3381 2292 3509 2345 uni-

1913 2387 2199 2428 versorum
2225 2372 2395 2428 Deum
2421 2389 2564 2441 esse,
2595 2379 2689 2448 qui
2721 2362 2820 2447 ipsi
2849 2390 2903 2435 et
2926 2381 3185 2438 Israelem
3215 2393 3271 2453 et
3291 2382 3512 2453 Judam,

1914 2473 1970 2517 et
1999 2478 2190 2518 omnes
2219 2463 2355 2518 alios
2401 2467 2671 2536 supplicio
2723 2470 2917 2540 dignos
2959 2474 3301 2543 tradiderat;
3340 2477 3511 2533 aliun-

1914 2554 2187 2622 sapiebat,
2207 2555 2482 2624 cogitans,
2511 2567 2568 2611 et
2599 2558 2666 2612 ad
2704 2561 2949 2629 seipsum
2974 2563 3183 2629 dicens,
3207 2568 3507 2622 secundum

1917 2642 2328 2711 Symmachum,
2372 2663 2391 2697 ι
2425 2643 2483 2698 In
2509 2648 2713 2704 virtute
2748 2664 2942 2706 manus
2970 2652 3096 2718 feci,
3138 2672 3158 2706 ι
3194 2664 3307 2711 etc.

1988 2734 2151 2790 Vens.
2183 2735 2372 2790 14-16.
2422 2756 2442 2789 ι
2480 2738 2545 2791 Ει
2595 2743 2956 2797 commovebo
2989 2745 3154 2801 urbes
3189 2746 3465 2804 habitatas
3495 2791 3512 2814 ,

1914 2837 1969 2881 et
1995 2828 2318 2882 universum
2345 2831 2532 2886 orbem
2558 2833 3021 2901 comprehendam
3054 2853 3218 2893 manu
3250 2842 3405 2910 quasi
3432 2844 3513 2897 ni-

1917 2916 2066 2979 dunt,
2091 2918 2319 2987 etquasi
2348 2934 2451 2974 ova
2480 2920 2742 2976 derelicta
2766 2923 3010 2979 auferam
3043 2941 3058 2978 :
3093 2938 3148 2981 et
3176 2943 3284 2984 non
3314 2938 3400 2985 est
3420 2934 3516 3001 qui

1917 3008 2142 3079 eﬂ‘ugiat
2170 3026 2280 3075 me,
2312 3020 2407 3066 aut
2430 3014 2775 3069 contradicat
2831 3017 2986 3072 mihi.
3022 3017 3279 3090 Nunquid
3312 3021 3517 3092 gloria—

1916 3102 2061 3156 bitur
2091 3105 2304 3158 securis
2344 3104 2466 3160 sine
2494 3105 2777 3163 cadente?
2820 3097 2915 3164 aut
2958 3111 3288 3167 exaltabitur
3336 3130 3515 3183 serra,

1918 3196 2035 3249 sine
2066 3195 2317 3250 trahente
2346 3195 2515 3263 illam,
2551 3207 2611 3251 ut
2663 3203 2785 3269 quis
2816 3200 3009 3256 efferat
3066 3206 3276 3273 virgam
3309 3217 3404 3260 aut
3445 3208 3514 3262 ii-

1918 3285 2131 3355 gnum?
2169 3287 2240 3340 At
2270 3302 2376 3341 non
2416 3288 2517 3355 sic,
2549 3289 2642 3345 sed
2674 3292 2855 3347 mittet
2893 3293 3156 3349 Dominus
3192 3294 3436 3353 SabaOth
3462 3301 3517 3354 in

1921 3380 2183 3435 honorent
2210 3388 2359 3433 tuam
2388 3381 2766 3451 ignuminiam,
2790 3385 2921 3439 etin
2946 3386 3176 3456 gloriam
3198 3398 3346 3443 tuum
3378 3391 3520 3461 ignis

1919 3471 2245 3541 comburens
2274 3472 2624 3527 accendetur.
2663 3492 2681 3525 ι
2714 3476 2793 3529 Ad
2829 3476 2969 3532 hanc
2996 3479 3285 3547 superbam
3305 3486 3520 3551 cogitn-

1918 3559 2158 3626 tionem;
2213 3562 2329 3615 sive
2381 3578 2443 3617 ea
2503 3562 2789 3631 cujusdam
2836 3567 3168 3623 adversaria:
3229 3576 3518 3639 potestatis

1920 3649 2107 3717 fuerit,
2127 3652 2306 3721 quaiis
2331 3660 2449 3707 erat
2481 3655 2734 3725 princeps
2759 3660 2910 3727 regni
2942 3658 3259 3725 Persarum,
3289 3672 3343 3715 et
3367 3667 3517 3733 prin-

1919 3758 2051 3811 ceps
2078 3744 2231 3814 regni
2264 3744 2571 3813 Medorum,
2601 3759 2656 3802 et
2685 3750 2939 3817 princeps
2964 3751 3117 3821 regni
3145 3751 3461 3808 Graecorum
3489 3772 3505 3810 :

200 3844 353 3899 οὕτω
374 3842 488 3913 γὰρ
512 3843 654 3895 είποι
685 3842 750 3895 ἄν
778 3859 865 3903 τις
892 3843 986 3894 καὶ
1011 3842 1253 3913 ἄρχοντα
1283 3842 1566 3913 βασιλείας
1612 3847 1810 3900 Ἀσσυ-

1922 3836 1998 3889 sic
2033 3837 2180 3889 enim
2239 3838 2515 3908 quispiam
2578 3842 2782 3895 dixerit
2848 3856 2971 3897 esse
3022 3845 3326 3913 principem
3363 3849 3515 3917 regni

202 3936 344 4007 ρίων
372 3933 657 4002 γεγονέναι
678 3932 802 3985 τινὰ
822 3933 912 3985 τὸν
939 3933 1398 4004 ἁλαζονευόμενον
1440 3936 1533 3987 καὶ
1554 3935 1653 3999 τὰς
1684 3955 1811 4009 προ-

1922 3924 2292 3996 Assyriorum,
2329 3938 2655 3997 arroganter
2683 3943 2958 4001 agentem,
3009 3943 3171 4003 atque
3218 3936 3317 3992 has
3346 3951 3511 3995 voces

204 4026 478 4096 κειμένας
502 4026 686 4094 φωνὰς
712 4024 1087 4095 φθεγξάμενον
1111 4040 1124 4053 ·
1170 4025 1284 4078 εἴτε
1310 4019 1403 4079 οῦν
1434 4026 1571 4098 πρὸς
1604 4027 1811 4095 τοῦτον,

1922 4019 2258 4073 emittentem
2290 4036 2305 4085 ;
2350 4021 2468 4075 sive
2502 4022 2567 4075 ad
2600 4022 2765 4089 hunc,
2794 4025 3039 4092 inquam,
3074 4028 3194 4081 sive
3230 4029 3296 4083 ad
3329 4045 3512 4102 regem

204 4120 323 4171 s'ts
341 4117 485 4189 πρὸς
506 4117 598 4169 τὸν
624 4116 985 4169 Βαϐυλωνίων
1006 4116 1233 4187 βασιλέα
1256 4118 1346 4170 τὸν
1372 4118 1811 4192 πολιορκήσαντα

1922 4108 2365 4181 Babyloniorum,
2406 4114 2499 4183 qui
2537 4114 2972 4187 Hierosolymam
3016 4120 3252 4185 obsedit,
3283 4131 3339 4176 et
3381 4135 3514 4178 tem-

203 4211 309 4282 τὴν
326 4210 812 4281 Ἰερουσαλὴμ.αώ
828 4210 918 4262 τὸν
934 4206 1060 4263 ναὸν
1079 4211 1462 4281 ἐμπρήσαντα,
1486 4212 1660 4266 πάντα
1675 4230 1734 4266 τε
1750 4214 1811 4266 τὰ

1922 4204 2069 4272 plum
2108 4204 2373 4271 incendit,
2404 4215 2459 4261 et
2488 4209 2672 4262 omnia
2705 4224 2861 4263 sacra
2892 4226 3017 4265 vasa
3050 4212 3167 4282 ejus
3199 4222 3253 4268 et
3288 4216 3517 4273 donaria

204 4304 363 4375 αὐτῷ
414 4301 586 4372 σκεύη
634 4302 756 4371 ἱερὰ
802 4305 897 4355 καὶ
942 4302 1270 4373 ἀναθήματα
1311 4302 1523 4366 ἑλόντα,
1572 4306 1667 4358 καὶ
1705 4308 1811 4369 τοῖς

1922 4296 2172 4362 absmlit,
2204 4314 2269 4353 ac
2312 4299 2365 4351 in
2424 4299 2536 4369 ipsa
2568 4300 2843 4371 Babylone
2878 4303 3032 4358 idolis
3074 4306 3187 4359 suis
3223 4322 3519 4364 consecra-

205 4395 379 4449 αοτοῡ
421 4392 661 4455 ειδὼλοις
691 4392 958 4446 ἀναθέντα
991 4396 1048 4446 ὲν
1091 4395 1229 4464 αὐτῇ
1283 4395 1585 4459 Βαθυλῶνι,
1626 4397 1820 4469 ὥσπερ
1924 4388 2037 4451 vit;
2077 4397 2267 4457 utpote
2299 4390 2389 4458 qui
2415 4392 2600 4461 gravia
2636 4402 2692 4446 et
2731 4393 2918 4447 insana
2952 4394 3201 4463 proferre
3233 4413 3398 4454 ausus
3421 4415 3515 4455 es-

204 4485 361 4539 δεινὰ
396 4485 493 4537 καὶ
528 4483 938 4553 ἀπονενοημένα
968 4483 1315 4556 τολμήσαντα
1346 4489 1543 4551 εἰπεῖν,
1578 4489 1811 4561 ἀποκρί-

1923 4486 2340 4552 set,respondet
2360 4484 2715 4553 pr0pheticus
2732 4500 2947 4540 sermo:
2976 4487 3201 4553 Deinde,
3228 4492 3519 4547 oomnium

214 4595 361 4630 δεται
394 4575 664 4644 φάσκωνό
687 4575 1025 4645 προφητικὸς
1046 4575 1225 4643 λόγος·
1248 4572 1516 4650 Εἶτα,(16)
1542 4573 1586 4632 ὦ
1613 4580 1811 4633 πάντωπ

1934 4574 2284 4641 stultissime,
2315 4592 2421 4631 non
2447 4576 2601 4631 vides
2619 4592 2725 4632 non
2741 4592 2903 4646 posse
2926 4580 3185 4647 securim,
3220 4582 3371 4639 nullo
3390 4599 3523 4654 ope-

202 4668 609 4738 ἀφρονέστατε,
638 4667 698 4719 ού
725 4668 979 4737 συνορᾷς,
1008 4667 1090 4719 ὅτι
1120 4666 1246 4720 οὔτε
1279 4669 1446 4736 πέλυξ
1469 4672 1662 4725 ἑαυτόν
1684 4690 1816 4726 ποτε

207 4762 494 4830 κινήσειεν
530 4760 623 4811 ἐπὶ
658 4758 835 4829 κοπὴν
876 4758 1054 4823 ξύλου,
1096 4760 1172 4831 μὴ
1214 4760 1404 4831 ἐτέρου
1439 4763 1814 4834 ἐνεργοῦντος,

209 4852 337 4905 οὔτε
370 4852 553 4921 πρίων
584 4851 747 4903 διέλοι
774 4851 840 4903 ἂν
865 4850 934 4904 τὰ
964 4852 1100 4922 πρὸς
1130 4851 1298 4905 αὑτοῦ
1339 4855 1667 4926 πριζὸμενα,
1709 4876 1815 4929 μη-

207 4944 363 5008 δενὸς
403 4945 675 5007 ἕλκοντος,
730 4944 851 4996 οὐδὲ
893 4944 1088 5014 ῥὰδδος
1137 4943 1356 5013 τύψειεν
1397 4948 1462 5001 ἄν
1506 4966 1645 5015 τινα,
1692 4950 1815 5003 οὐδὲ

211 5039 375 5105 ξύλον
403 5038 657 5109 πλήξειεν
687 5037 1008 5107 αὐτομάτως
1043 5038 1192 5091 κινού
1202 5057 1396 5109 μενον;
1426 5040 1546 5112 Χρὴ
1578 5041 1633 5093 δὲ
1663 5041 1813 5110 λογί-

214 5134 439 5196 σασθαι,
469 5134 553 5185 ὅτι
578 5132 701 5186 οὔτε
734 5152 817 5186 σοι
838 5135 1067 5206 διακόνῳ
1090 5135 1205 5189 δντι
1231 5136 1332 5206 τῆς
1357 5134 1451 5187 τοῦ
1477 5134 1612 5187 Θεοῦ
1644 5136 1815 5208 ὀργῆς

209 5225 454 5293 τοσαύτη
487 5225 669 5295 παρῆν
699 5224 949 5316 δύναμιςρ
983 5228 1057 5289 ὡς
1097 5227 1306 5299 μυρίων
1334 5224 1502 5279 ἐθνῶν
1536 5242 1817 5296 κατακρα-

210 5319 405 5389 τῆσαι,
443 5319 539 5370 καὶ
586 5318 776 5370 τούσδε
818 5319 916 5388 μὲν
964 5320 1206 5383 κόπτειν,
1258 5319 1477 5388 ἐτέρους
1502 5318 1559 5370 δὲ
1606 5319 1811 5381 παίειν,

214 5412 406 5473 πόλεις
432 5428 494 5463 τε
554 5410 680 5474 ὅλας
711 5408 1277 5483 ἐξανδραποδίζεσθαι,
1308 5410 1401 5463 καὶ
1436 5411 1603 5481 μυρία
1633 5409 1811 5481 πλήθη

215 5510 727 5576 καταστρωννυναι,
764 5504 965 5566 παντὸς
998 5504 1235 5572 πρίονος,
1271 5503 1366 5556 καὶ
1399 5501 1683 5565 πελέκυος,
1718 5502 1814 5554 καὶ

215 5598 421 5669 ῥάϐδου
452 5598 658 5668 χείρονι
682 5596 980 5667 γενομένῳ,
1008 5597 1056 5649 εί
1084 5594 1156 5667 μὴ
1182 5594 1313 5659 Θεὸς
1340 5590 1408 5667 ἦν
1431 5596 1459 5647 6
1483 5597 1545 5664 τῇ
1576 5596 1642 5664 σῇ
1666 5594 1810 5665 χειρὶ

295 5740 408 5810 (l6)
452 5737 553 5793 Hic
583 5736 799 5792 Eusebii
838 5738 1190 5863 intergretem
1229 5737 1343 5792 fere
1387 5739 1499 5809 agit
1550 5737 1812 5806 llierony-

295 5827 343 5863 IS
366 5828 385 5863 ι
427 5824 554 5863 nam
580 5810 663 5862 sic
695 5808 878 5863 habet.
912 5827 930 5859 ι
1049 5809 1368 5863 stultissime
1400 5808 1807 5862 mortaliuin....

223 5808 343 5865 mus
366 5828 385 5866 ι
427 5824 554 5864 nam
580 5810 663 5862 sic
695 5808 878 5872 habet,
912 5827 930 5859 ι
967 5808 1011 5863 Ο
1049 5809 1368 5863 stultissime
1400 5808 1807 5862 mortaliuin....

221 5885 499 5947 quomodo
533 5880 575 5933 si
603 5879 811 5933 securis
850 5879 1115 5947 glorietur
1150 5888 1340 5935 contra
1369 5894 1489 5933 eum
1526 5879 1618 5948 qui
1653 5893 1814 5934 Secu-

1920 4680 2095 4735 rante,
2125 4671 2192 4725 ad
2229 4672 2435 4743 lignum
2472 4674 2788 4727 caedendum
2818 4688 2877 4728 se
2905 4689 3161 4741 movere;
3193 4693 3370 4748 neque
3400 4694 3521 4734 ser-

1920 4780 2035 4819 ram
2071 4764 2213 4834 ligna
2270 4764 2452 4834 posita
2500 4779 2709 4827 secare,
2743 4766 2959 4821 nemine
3007 4769 3300 4837 trahente;
3340 4785 3519 4840 neque

1922 4855 2131 4925 virgam
2167 4856 2473 4923 quempiam
2505 4863 2814 4924 percutere,
2844 4870 3019 4925 neque
3051 4857 3261 4928 lignum
3317 4870 3514 4928 suopte

1924 4957 2069 5001 motu
2096 4947 2344 5016 quemvis
2379 4946 2628 5003 caedere?
2650 4946 3010 5019 Cogitandum
3026 4964 3156 5004 sane
3176 4959 3315 5014 erat,
3340 4966 3518 5020 neque

1924 5039 2043 5103 tibi,
2080 5040 2175 5093 irae
2203 5039 2295 5094 Dei
2330 5040 2600 5102 ministro,
2646 5040 2806 5094 talem
2843 5040 3086 5097 adfuisse
3141 5050 3467 5111 potestatem
3495 5086 3510 5109 ,

1925 5139 1984 5183 ut
2009 5129 2250 5183 inﬁnitas
2286 5139 2474 5201 gentes
2506 5132 2777 5193 domares,
2822 5146 2998 5200 neque
3040 5140 3099 5185 ut
3128 5131 3262 5187 alios
3292 5133 3513 5202 quidem

1923 5222 2184 5285 caaderes,
2210 5221 2345 5275 alios
2369 5232 2703 5291 percuteres,
2723 5221 2975 5277 civitates
2999 5222 3238 5293 integras
3268 5225 3515 5291 captiVas

1919 5318 2168 5381 duceres,
2204 5333 2268 5371 ac
2304 5318 2650 5371 innumeram
2705 5318 3111 5374 multitudinem
3154 5330 3465 5389 protereres
3495 5362 3513 5389 ,

1920 5412 2111 5481 quavis
2134 5412 2504 5476 serra,securi
2531 5418 2586 5463 et
2617 5410 2769 5481 virga
2803 5412 3087 5467 acerbior:
3120 5414 3223 5467 nisi
3250 5412 3396 5467 Deus
3429 5415 3514 5468 his

1922 5500 2202 5578 suppliciis
2230 5500 2423 5571 dignos
2453 5500 2547 5553 tibi
2582 5500 2920 5555 tradidisset.
2955 5500 3110 5555 Nunc
3163 5516 3329 5571 porro
3374 5502 3512 5557 nihil

1920 5607 2108 5646 enrnm
2153 5592 2423 5660 cogitans,
2459 5591 2597 5646 altos
2625 5590 2850 5660 spiritus
2882 5592 3104 5661 cepisti;
3136 5592 3209 5645 ita
3238 5602 3293 5644 ut
3322 5601 3373 5645 te
3404 5608 3514 5645 ma-

1923 5736 2027 5860 ;im
2059 5742 2229 5798 tenet,
2253 5744 2307 5788 et
2344 5747 2497 5789 serra
2534 5742 2720 5791 contra
2746 5734 2894 5790 illum
2934 5750 2963 5789 a
2992 5750 3100 5805 quo
3133 5736 3368 5791 trahitur
3400 5753 3415 5789 :
3455 5743 3514 5791 et

1961 5817 2125 5860 ιςιιιιι.
2158 5824 2176 5857 1
2209 5816 2315 5860 (τις.

1961 5817 2125 5870 Icant,
2158 5824 2176 5857 ο
2209 5816 2315 5861 etc.
