4042 6384
580 453 682 509 165

1215 438 1478 499 EUSEBll
1514 430 1992 493 CESARIENSIS
2028 427 2181 483 OPP.
2220 424 2399 480 PARS
2439 423 2525 477 Ill.
2566 450 2634 460 —
2673 413 3079 473 EXEGETICA.

577 586 734 641 gnam
766 568 909 621 illam
934 574 1167 628 mentem
1189 574 1315 615 esse
1342 568 1581 627 putares.
1615 551 1731 607 Non
1769 550 1911 641 enim
1946 561 2132 641 pacem

2242 540 2511 612 παραδοὺς
2539 539 2663 600 τοὺς
2694 536 2897 588 τούτων
2923 532 3125 596 ἀξίους.
3157 528 3293 582 Nuvl.
3314 526 3371 579 δὲ
3402 524 3607 579 τούτων
3640 523 3810 594 μηδὲν

2242 635 2247 641 .
2404 632 2415 641 .
2648 631 2659 641 .
2716 628 2741 638 η
2894 639 2957 641 γ-.
3000 621 3103 641 ,_\,_
3174 620 3244 641 Α.-
3286 616 3574 641 ,τμη-,εΑνη
3613 614 3810 641 Α-...λ..

575 637 723 716 illam
758 659 870 724 Dei,
906 670 1025 725 qua
1048 662 1281 707 mentem
1306 662 1519 702 omnem
1546 650 1833 711 exsuperat
1858 639 1929 694 ob
1952 637 2135 692 oculos

573 749 851 819 ponebas:
899 746 995 801 sed
1021 755 1073 798 te
1096 740 1334 795 omnium
1380 736 1671 789 maximum
1705 744 1826 785 esse
1866 738 2039 792 ratus,
2071 739 2135 779 ac

576 838 825 909 superbis
857 836 1030 892 oculis
1082 841 1271 886 contra
1308 829 1475 882 Deum
1520 825 1715 888 elatus,
1757 820 1993 892 gentium
2027 828 2136 873 ter-
2196 892 2201 897 .

576 931 754 985 minos
779 926 1104 985 confundere
1133 919 1403 989 cogitasti,
1446 931 1582 987 quos
1627 912 1868 969 definivit
1900 911 2041 965 Deus
2081 917 2136 963 et

577 1019 800 1089 pulchre
852 1011 1142 1075 ordinavit,
1181 1028 1200 1061 ι
1231 1009 1456 1076 Quando
1490 1008 1780 1076 separabat
1826 1002 2137 1058 Altissimus

573 1121 785 1180 gentes,
815 1115 870 1161 ut
894 1102 1279 1160 disseminabat
1304 1099 1442 1155 filios
1468 1099 1677 1164 Adam;
1712 1094 1995 1153 constituit
2025 1103 2135 1148 ter-

578 1199 753 1253 minos
809 1196 1048 1267 gentium
1107 1190 1398 1246 secundum
1457 1202 1741 1242 numerum
1820 1183 2133 1253 angelorum

577 1286 673 1343 Dei
705 1289 770 1343 “.
817 1305 836 1338 ι
884 1283 963 1338 Tu
1008 1297 1135 1337 vero
1176 1278 1435 1347 sapientia
1494 1288 1551 1331 et
1597 1276 1798 1332 erranti
1856 1273 2136 1345 prudentia

578 1390 669 1435 tua
702 1378 996 1433 arbitratus
1032 1389 1094 1429 es
1116 1385 1273 1443 posse
1307 1381 1360 1425 te
1388 1386 1417 1424 a
1454 1371 1565 1424 Deo
1593 1369 1761 1437 probe
1810 1366 2136 1421 constitutos

578 1470 837 1524 terminos
872 1465 975 1519 alio
1015 1462 1330 1522 transferre,
1356 1468 1518 1529 atque
1548 1467 1713 1512 totum
1738 1458 1923 1511 orbem
1946 1456 2134 1511 ditioni

579 1571 684 1615 tute
714 1559 979 1629 subigere.
1018 1554 1149 1608 Nam
1193 1551 1489 1615 aestimasti,
1520 1549 1792 1603 neminem
1838 1548 1901 1601 iis
1926 1546 2137 1616 prospi-

576 1666 703 1707 cere
727 1651 811 1705 vel
857 1643 1208 1719 patrocinari,
1268 1642 1548 1710 Deumque
1598 1639 1843 1693 homines
1882 1639 1974 1707 qui
2013 1647 2137 1692 sunt

574 1759 741 1813 super
770 1752 965 1796 terram
1000 1734 1129 1792 nihil
1163 1747 1353 1789 curare
1383 1749 1397 1786 :
1444 1732 1793 1799 quamobrem
1826 1739 2016 1799 gentes
2047 1743 2137 1782 or-

578 1838 662 1891 bis
693 1831 950 1894 universi,
983 1828 1133 1899 quasi
1162 1826 1335 1895 pullos
1376 1824 1640 1885 desertos,
1693 1833 1785 1876 aut
1812 1837 1913 1876 ova
1943 1820 2135 1875 dereli-

572 1935 686 1988 cta,
711 1935 763 1978 te
786 1896 1066 1991 capturum
1096 1918 1348 1986 upinatus
1384 1928 1463 1967 es.
1514 1914 1742 1982 Oportet
1770 1914 1936 1983 igitur
1983 1922 2133 1966 recta
2166 1896 2205 1949 Β

576 2012 901 2083 cogitatione
947 2018 1159 2078 putare,
1224 2015 1273 2059 te
1312 2017 1379 2058 ne
1423 2018 1515 2057 eos
1548 2004 1764 2072 quidem
1813 2017 1949 2073 quos
2009 2003 2135 2057 sub-

571 2104 752 2173 egisti,
784 2103 901 2156 sine
930 2108 1058 2155 nutu
1106 2097 1200 2150 Dei
1238 2095 1528 2171 domuisse.
1578 2093 1732 2150 Unde
1758 2108 1992 2163 namque
2039 2093 2134 2148 tibi

578 2196 698 2249 talis
726 2201 964 2263 potestas
1008 2188 1288 2250 adfuisset,
1328 2188 1433 2242 nisi
1471 2190 1610 2242 Deus
1662 2186 1715 2241 id
1754 2185 2133 2255 permisisset,

550 2302 749 2357 neque
771 2297 821 2340 te
849 2293 907 2339 ut
934 2285 1292 2339 instrumento
1344 2282 1410 2337 ad
1463 2279 1874 2350 castigationem
1917 2285 1973 2331 et
2009 2292 2138 2346 sup-

570 2377 793 2449 plicium
820 2389 1027 2440 eorum,
1061 2375 1152 2443 qui
1174 2373 1516 2442 correptione
1543 2379 1597 2425 et
1621 2367 1976 2425 conversione
2003 2382 2139 2439 opus

573 2465 865 2528 habebant,
884 2478 1012 2519 usus
1042 2463 1274 2519 fuisset?

646 2555 812 2612 Ysss.
846 2554 933 2621 l7,
980 2554 1064 2609 l8.
1099 2570 1118 2605 ι
1150 2553 1216 2606 Ει
1238 2553 1341 2607 erit
1368 2551 1547 2606 lumen
1571 2549 1736 2605 Israel
1771 2548 1825 2604 in
1852 2550 2053 2620 ignem,
2082 2557 2138 2604 et

576 2644 939 2703 sanctificabit
959 2643 1108 2698 illum
1128 2645 1181 2699 in
1202 2643 1325 2714 igne
1355 2651 1545 2700 urente
1568 2660 1584 2697 :
1604 2652 1657 2697 et
1683 2642 1961 2697 devorabit
1980 2642 2135 2711 quasi

577 2738 759 2792 fenum
791 2736 999 2790 silvam.
1027 2734 1083 2790 In
1118 2736 1208 2790 illa
1249 2736 1335 2791 die
1364 2736 1776 2801 exstinguentur
1810 2742 2041 2797 montes,
2083 2740 2138 2783 et

574 2826 745 2881 colles
781 2835 836 2879 et
869 2826 1040 2880 silvae.
1072 2843 1090 2875 ι
1128 2824 1249 2895 ipse
1281 2824 1371 2893 qui
1406 2824 1535 2881 olim
1557 2822 1812 2894 p0pulum
1838 2836 1994 2877 suum
2020 2820 2140 2875 illo-

576 2918 816 2974 minabnt
839 2919 976 2973 Deus
1000 2957 1016 2983 ,
1060 2927 1115 2972 et
1157 2916 1535 2971 sanctificabat
1560 2916 1709 2969 illum
1734 2955 1750 2981 ,
1781 2913 1879 2969 tibi
1908 2913 2140 2983 superbo

578 3010 717 3081 ignis
744 3008 971 3065 etl‘ectus
998 3016 1102 3065 est.
1153 3006 1259 3062 Pro
1295 3006 1389 3061 illo
1422 3014 1598 3060 autem
1626 3043 1644 3069 ,
1682 3023 1701 3057 ι
1738 3004 1805 3059 Ει
1832 3003 2140 3059 sanctifica-

576 3101 656 3155 bit
688 3098 833 3154 illum
864 3098 918 3152 in
946 3098 1069 3167 igne
1106 3103 1320 3158 urente,
1354 3112 1374 3148 ι
1415 3092 1773 3165 Symmachus
1798 3134 1815 3158 ,
1855 3112 1873 3145 ι
1904 3092 1971 3147 Ει
2016 3108 2141 3148 san-

578 3198 697 3245 ctus
731 3189 847 3260 ejus
874 3189 925 3242 in
960 3186 1251 3247 ﬂammam.
1293 3204 1313 3239 ι
1356 3184 1490 3241 Nam
1519 3186 1642 3250 tibi,
1672 3184 1871 3255 inquit,
1892 3184 2137 3254 Assyrio,

573 3279 671 3351 qui
694 3278 869 3350 impie
896 3287 951 3333 et
990 3277 1197 3338 tumide
1222 3272 1462 3347 cogitare
1492 3290 1659 3330 ausus
1683 3289 1763 3339 es,
1794 3282 2016 3330 sanctus
2062 3273 2142 3328 ls—

580 3372 715 3438 rael,
736 3382 790 3427 et
807 3370 899 3441 qui
930 3370 1057 3426 olim
1084 3368 1198 3438 ejus
1233 3369 1325 3423 lux
1354 3366 1476 3432 fuit,
1514 3364 1860 3423 inlammam
1889 3373 1945 3421 et
1966 3365 2144 3437 ignem

578 3462 790 3517 evadet.
808 3458 1047 3515 Collibus
1075 3471 1223 3525 vero,
1256 3457 1533 3512 montibus
1562 3464 1616 3511 et
1653 3454 1826 3518 silvis,
1854 3468 1885 3509 e
1917 3468 1979 3509 re
2002 3468 2147 3509 com~

578 3560 736 3621 parat
763 3550 907 3604 illam
936 3549 1280 3619 Assyriorum
1315 3544 1751 3612 multitudinem;
1774 3543 1941 3600 duces
1965 3552 2144 3599 autem

581 3658 787 3705 eorum,
812 3652 867 3696 et
892 3640 982 3710 qui
1020 3640 1143 3694 aliis
1170 3645 1457 3709 praeerant,
1488 3637 1642 3706 quasi
1658 3636 1824 3693 colles
1850 3646 1906 3693 et
1932 3646 2146 3691 montes

582 3732 733 3788 dicit.
773 3730 881 3786 Sed
931 3730 1007 3785 illi
1048 3730 1267 3800 quidem
1306 3730 1761 3800 exstinguentur;
1809 3728 1864 3783 id
1895 3736 1984 3783 est
2008 3766 2025 3792 ,
2068 3726 2147 3783 illi

580 3822 716 3879 olim
744 3836 938 3893 graves
964 3830 1021 3878 et
1047 3820 1331 3885 ardentes,
1361 3820 1447 3876 vel
1477 3820 1654 3884 inviti,
1686 3818 1866 3889 frigidi
1890 3820 2141 3875 evadent.

584 3912 729 3969 Mors
755 3912 954 3984 quippe
980 3910 1101 3967 illos
1130 3910 1415 3967 devorabit
1436 3950 1453 3976 ,
1485 3918 1694 3966 tantum
1719 3924 1825 3966 non
1853 3919 1911 3966 et
1935 3911 2148 3966 animas

584 4020 709 4062 cum
735 4004 1053 4075 corporibus
1076 4005 1393 4059 absumens.
1419 4002 1572 4071 Quod
1588 4011 1784 4059 ‘autem
1820 4003 2016 4059 anima
2035 4018 2145 4059 non

588 4111 695 4152 una
739 4112 864 4152 cum
895 4094 1211 4165 corporibus
1242 4093 1519 4164 tollantur,
1554 4097 1750 4165 cuique
1799 4094 2145 4151 manifestum

585 4197 671 4245 est
704 4205 718 4243 :
746 4188 889 4258 quod
927 4188 1118 4241 anima:
1150 4186 1460 4243 firmitatem
1494 4186 1819 4243 subindicat.
1868 4185 2002 4242 Cum
2051 4185 2175 4241 δεμ.

588 4294 710 4333 vam
747 4279 914 4341 dicit,
966 4277 1358 4355 multitudinem
1403 4292 1523 4348 quae
1565 4292 1688 4333 cum
1732 4292 1860 4347 rege
1890 4275 2143 4347 Assyrio-

587 4383 707 4424 rum
742 4376 859 4423 erat
881 4367 1101 4422 denotat
1138 4385 1152 4422 :
1184 4367 1489 4437 Garmelum
1516 4382 1683 4432 vero,
1707 4377 1766 4423 ut
1787 4368 1864 4421 ait
1898 4367 2149 4437 Symma-

587 4460 721 4515 chus
742 4500 759 4527 ,
803 4458 917 4527 ejus
950 4459 1164 4514 divitias
1200 4467 1515 4528 nuncupat,
1562 4473 1769 4514 necnon
1797 4457 2097 4527 voluptates
2126 4472 2142 4512 :

588 4566 708 4621 quas
737 4549 1061 4606 absumenda
1101 4547 1234 4605 dicit
1265 4550 1335 4604 ab
1366 4548 1557 4605 ultrice
1592 4548 1835 4619 praedicti
1865 4547 2005 4618 ignis
2030 4547 2145 4603 vio-
2177 4580 2221 4634 ι)

590 4640 770 4696 lentia.

664 4820 826 4877 Vsus.
866 4822 951 4877 l9.
990 4840 1010 4874 ι
1044 4820 1109 4877 Et
1132 4822 1411 4878 devorabit
1440 4823 1508 4878 ab
1534 4823 1712 4877 anima
1739 4836 1910 4891 usque
1940 4822 2007 4877 ad
2033 4837 2149 4877 car-

589 4930 685 4970 nes
717 4933 730 4969 :
769 4925 824 4968 et
849 4914 953 4968 erit
984 4914 1072 4982 qui
1099 4912 1267 4985 fugiet
1287 4915 1440 4983 quasi
1475 4913 1683 4984 fugiens
1710 4913 1973 4968 aﬂamma
1996 4929 2149 4969 uren-

588 5014 659 5058 te.
701 5003 769 5058 Et
799 5005 889 5073 qui
918 4992 1289 5073 relinquentur
1326 5018 1392 5058 ex
1426 5004 1554 5071 ipsis
1581 5019 1836 5059 numerus
1867 5013 2027 5058 erunt
2049 5044 2064 5068 ,
2095 5014 2151 5059 et

594 5110 727 5163 puer
748 5094 945 5150 scribet
975 5109 1087 5149 eos.
1131 5112 1149 5146 ›
1190 5093 1322 5149 Cum
1358 5095 1503 5158 haec,
1533 5094 1724 5163 inquit,
1760 5094 1984 5166 Assyrio
2014 5109 2146 5149 con-

593 5186 836 5255 tigerint,
871 5184 959 5239 ille
978 5184 1104 5254 fuga
1129 5199 1187 5239 se
1208 5184 1487 5255 proripiet,
1516 5193 1673 5251 atque
1698 5199 1885 5239 omnes
1914 5184 2003 5254 qui
2027 5200 2146 5239 cum

594 5277 685 5329 illo
713 5284 872 5329 erunt
897 5315 913 5339 ,
958 5276 1186 5343 idipsum
1228 5284 1409 5344 agent.
1458 5274 1612 5342 Quod
1658 5274 1702 5328 si
1742 5273 1958 5344 quidam
1993 5274 2147 5343 pauci

594 5364 989 5433 relinquantur,
1040 5375 1117 5418 tot
1144 5374 1345 5431 erunt,
1392 5373 1452 5419 ut
1484 5364 1655 5433 possit
1695 5365 1867 5433 quivis
1893 5365 2149 5436 puerulus

596 5456 806 5509 illorum
844 5469 1121 5510 numerum
1155 5456 1373 5526 assequi
1401 5495 1416 5520 ,
1460 5470 1525 5510 ac
1554 5454 1756 5524 scripto
1789 5457 2109 5527 consignare
2131 5496 2147 5521 ,

598 5546 800 5615 reliqua
846 5545 1185 5611 multitudine
1226 5546 1295 5602 de
1331 5547 1509 5602 medio
1554 5545 1783 5601 sublata.
1819 5544 1943 5602 Haec
1970 5556 2027 5601 et
2064 5561 2152 5602 se-

596 5634 827 5689 cundum
867 5634 1098 5689 litteram
1137 5646 1193 5691 et
1218 5636 1509 5692 secundum
1542 5643 1778 5694 mentem
1808 5636 1949 5693 dicta
1980 5645 2148 5703 sunt;

668 5812 714 5843 “
746 5813 898 5868 Deut.
939 5828 1108 5879 χχιιι,
1152 5813 1205 5869 8.

2232 632 2608 701 λογισάμενος,
2644 628 2853 697 ἐπῆρας
2880 621 3127 685 σεαυτὸν,
3170 620 3245 682 ὡς
3285 616 3574 671 ὑπολαϐεῖν
3610 614 3813 667 σαυτὸν

2232 722 2370 779 εἶναι
2402 724 2494 777 τὸν
2540 722 2714 792 μέγαν
2745 716 2890 771 νοῦν.
2941 715 3017 768 Οὑ
3050 714 3159 784 γὰρ
3192 711 3314 765 ἑθου
3357 709 3461 781 πρὸ
3507 705 3813 776 ὀφθαλμῶν

2233 820 2331 889 τὴν
2361 818 2584 889 εἰρήνην
2614 813 2708 867 τοῦ
2736 809 2871 864 Θεοῦ
2902 808 2999 878 τὴν
3028 806 3400 877 ὑπερέχουσαν
3434 802 3614 854 πάντα
3644 799 3773 889 νοῦν
3792 816 3809 830 -

2236 888 2327 963 καὶ
2366 888 2583 961 πάντων
2629 904 2882 975 μέγιστον
2935 897 3164 968 νομίσας
3210 890 3351 948 εἷναι
3386 891 3597 956 ἑαυτὸν,
3631 888 3813 959 ὑπερ-

2236 994 2531 1070 ηφάνοιςδέ
2558 991 2853 1061 ὀφθαλμοῖς
2886 984 3250 1056 κατεπαρθεὶς
3279 982 3374 1037 τοῦ
3408 979 3565 1043 Θεοῦ,
3598 980 3815 1051 διενοή-

2236 1087 2334 1157 θης
2376 1086 2443 1139 τά
2474 1086 2599 1155 ὅρια
2633 1081 2741 1134 τῶν
2773 1080 2941 1133 ἐθνῶν
2976 1078 3241 1147 συγχέειν,
3284 1077 3320 1129 ἃ.
3356 1078 3385 1128 6
3415 1074 3545 1136 Θεὸς
3588 1071 3816 1143 διώρισε

2235 1180 2330 1233 καὶ
2353 1175 2563 1242 διέταξε
2595 1174 2792 1237 καλῶς,
2816 1174 2973 1226 «Ὅτε
2994 1168 3295 1241 διεμέριζεν
3310 1170 3436 1239 ἔθνη
3465 1170 3493 1221 6
3526 1166 3815 1235 Ὕψιστος,

2234 1271 2309 1334 ὼς
2336 1271 2638 1338 διέσπειρεν
2667 1266 2815 1327 υίοὺς
2852 1264 3039 1333 ’Δδάμ·
3072 1263 3299 1332 ἔστησεν
3318 1262 3441 1331 ὅρια
3471 1259 3637 1313 ἐθνῶν
3668 1256 3816 1310 κατὰ

2236 1361 2467 1433 ἀριθμὸν
2497 1358 2740 1427 ἀγγέλων
2769 1355 2923 1409 Θεοῦ.
2948 1375 2966 1405 ι
2996 1356 3068 1408 Σὺ
3092 1354 3147 1405 δὲ
3176 1356 3242 1422 τῇ
3277 1351 3502 1405 σεαυτοῦ
3532 1348 3693 1419 σοφίᾳ
3716 1349 3816 1400 καὶ

2234 1458 2300 1524 τῇ
2328 1450 2714 1521 πεπλανημένη
2750 1448 2960 1501 συνέσει
2993 1445 3175 1517 ᾠήθης
3206 1443 3466 1497 δύνασθαι
3499 1442 3813 1514 μεταθεῖναι

2239 1546 2337 1613 μὲν
2388 1544 2511 1605 τοὺς
2546 1541 2650 1593 ὑπὸ
2698 1539 2793 1591 τοῦ
2840 1538 2974 1591 Θεοῦ
3024 1534 3083 1590 εὑ
3129 1534 3578 1604 διατεταγμένους
3625 1534 3809 1603 ὄρους,

2237 1635 2542 1705 ὑποχείριον
2588 1632 2647 1686 δέ
2714 1629 2894 1700 σαυτῷ
2941 1628 3039 1700 τήν
3086 1626 3408 1697 οἰκουμένην
3456 1622 3811 1694 ποιήσασθαι.

2236 1726 2453 1795 Μηδένα
2501 1724 2609 1796 γὰρ
2660 1725 2862 1794 ἐφορᾷν
2916 1721 3048 1792 μηδὲ
3100 1717 3607 1789 ἀντιλαμϐάνεσθαι,
3673 1715 3815 1786 μηδὲ

2237 1814 2355 1885 Θεῷ
2384 1814 2597 1884 μέλλειν
2628 1812 2735 1865 τῶν
2784 1813 2876 1863 ἐπὶ
2916 1812 3017 1881 γῆς
3057 1808 3357 1880 ἀνθρώπων
3406 1808 3687 1877 ἐνόμισας·
3729 1804 3815 1858 διὸ

2233 1906 2421 1976 ὥσπερ
2472 1903 2701 1957 νεοττῶν
2753 1904 2993 1973 ἐρήμων,
3042 1901 3233 1972 ήὼῶν
3276 1898 3811 1969 καταλελειμμένων,

2234 1994 2501 2059 ὑπέλαϐες
2535 1996 2826 2067 κρατήσειν
2857 1994 2964 2046 τῶν
2990 1993 3083 2045 ἐπὶ
3113 1993 3214 2062 τῆς
3253 1992 3579 2062 οἰκουμένης
3611 1990 3807 2043 ἐθνῶν.

2233 2090 2324 2142 Δεῖ
2345 2083 2437 2141 οῦν
2469 2087 2615 2159 ὀρθῷ
2638 2085 2881 2156 λογισμῷ
2912 2083 3277 2154 διανοηθῆναι,
3299 2084 3384 2136 ὅτι
3408 2083 3500 2135 καὶ
3523 2081 3704 2136 αὐτῶν
3733 2074 3815 2134 ὧν

2234 2177 2564 2248 ἐκράτησας,
2613 2177 2713 2228 οὑκ
2769 2176 2896 2229 ἄνευ
2959 2173 3095 2227 Θεοῦ
3146 2172 3413 2245 νεύματος
3468 2173 3811 2243 πριεγένου.

2235 2270 2404 2324 Πόθεν
2434 2270 2541 2340 γάρ
2576 2284 2657 2321 σοι
2691 2266 2874 2339 παρῆν
2898 2266 3124 2336 τοιαύτη
3157 2265 3395 2331 ἐξουσία,
3433 2267 3507 2337 μὴ
3544 2265 3639 2319 τοῦ
3670 2264 3811 2318 Θεοῦ

2237 2358 2741 2429 συγκεχωρηκότος,
2771 2356 2867 2410 καὶ
2896 2356 3085 2428 ῶσπερ
3115 2356 3328 2428 ὀργάνῳ
3355 2356 3703 2430 χρησαμένου
3730 2371 3818 2407 σοι

2234 2448 2328 2502 ἐπὶ
2351 2446 2617 2518 τιμωρίαν
2646 2445 2742 2500 καὶ
2761 2446 2980 2500 κόλασιν
3006 2446 3114 2500 τῶν
3140 2447 3470 2518 ἐπιστροφῆς
3509 2445 3817 2517 δεομένων;

2315 2559 2335 2592 ι
2367 2540 2479 2594 Kal.
2504 2538 2656 2593 ἔσται
2679 2537 2741 2592 τὸ
2764 2536 2881 2607 φῶς
2906 2537 2999 2591 τοῦ
3036 2538 3250 2610 Ἰσραήλ
3276 2541 3356 2603 είς
3384 2538 3515 2611 πῦρ,
3536 2540 3631 2592 καὶ
3656 2540 3817 2607 ἁγιά-

2238 2649 2320 2686 σει
2344 2632 2506 2686 αὑτὸν
2544 2633 2602 2684 ἐν
2634 2631 2769 2701 πυρὶ
2802 2631 3073 2701 καιομένῳ
3092 2646 3107 2660 ·
3136 2632 3230 2685 xal.
3272 2632 3644 2700 κσταφάγεται
3679 2631 3819 2684 ὡσεὶ

2237 2727 2431 2797 χόρτον
2464 2723 2562 2796 τὴν
2597 2722 2750 2794 ὓλην.
2781 2724 2861 2795 Τῇ
2900 2723 3083 2794 ήμέρᾳ
3112 2722 3294 2795 ἐκείνῃ
3344 2722 3817 2794 άποσϐεσθήσεται

2235 2814 2306 2868 τὰ
2330 2815 2431 2886 ὅρη
2457 2816 2553 2868 καὶ
2572 2815 2621 2867 οί
2646 2813 2844 2885 βουνοί,
2877 2814 2971 2867 καὶ
2999 2815 3050 2865 oi
3073 2812 3289 2884 δρυμοί.
3319 2831 3337 2864 ι
3374 2814 3543 2877 Αὐτὸς
3578 2815 3610 2867 ὁ
3646 2813 3818 2868 πάλαι

2239 2905 2490 2974 φωτίζων
2514 2904 2606 2958 τὸν
2630 2905 2826 2959 ἐαυτοῦ
2858 2904 2984 2959 λαὸν
3012 2905 3161 2970 Θεὸς,
3197 2906 3292 2959 καὶ
3331 2908 3574 2975 ἁγιάζων
3608 2907 3777 2960 αὑτὸν
3799 2948 3816 2972 ,

2241 2997 2325 3050 σοι
2367 2996 2447 3067 τῷ
2487 2996 2820 3068 ὑπερηφάνῳ
2858 2998 3139 3068 γινόμενος
3186 2997 3319 3069 πῦρ.
3390 2999 3534 3051 Ἀντὶ
3579 2999 3637 3053 δὲ
3681 2999 3815 3064 τοῦ,

2247 3103 2267 3137 ι
2301 3086 2411 3139 Καὶ
2440 3083 2660 3154 ἁγιάσει
2689 3086 2853 3139 αὑτὸν
2886 3087 2944 3139 ἐν
2976 3087 3110 3157 πυρὶ
3156 3086 3449 3159 καιομένῳ,
3481 3106 3500 3140 υ
3530 3090 3559 3141 ὀ
3589 3088 3819 3160 Σύμμα-

2245 3193 2373 3246 χος,
2424 3195 2445 3228 ι
2485 3177 2597 3231 Kal
2638 3178 2668 3230 6
2707 3176 2863 3246 ἅγιος
2905 3177 3067 3232 αὑτοῦ
3120 3180 3197 3241 εἰς
3248 3178 3440 3247 φλόγα.
3487 3198 3506 3231 ι
3538 3179 3631 3233 Σοὶ
3674 3178 3819 3252 γὰρ.

2247 3268 2402 3339 φησι,
2434 3268 2512 3341 τῷ
2557 3269 2844 3341 Ἀσσυρίῳ,
2873 3267 3043 3340 ἀσεϐῆ
3073 3271 3167 3323 καὶ
3191 3271 3473 3343 ὑπέρογκα
3496 3270 3819 3339 λογίσασθαι

2244 3360 2619 3433 τετολμηκότι,
2641 3362 2671 3413 6
2690 3361 2845 3430 ἅγιος
2879 3359 3112 3434 Ἰσραὴλ,
3142 3363 3236 3416 καὶ
3261 3363 3290 3415 6
3322 3362 3489 3416 πάλαι
3512 3362 3625 3432 φῶς
3648 3362 3819 3421 αὐτοῦ

2248 3450 2504 3519 γεγονὼς,
2539 3453 2619 3516 είς
2649 3451 2823 3522 φλόγα
2866 3453 2959 3507 καὶ
2991 3454 3070 3517 είς
3112 3452 3222 3526 πῦρ
3249 3456 3551 3526 γενήσεται.
3595 3455 3821 3520 Βουνοῖς

2244 3544 2302 3597 δὲ
2333 3544 2427 3599 καὶ
2457 3544 2605 3615 ὄρεσι
2631 3546 2724 3599 καὶ
2747 3546 2970 3617 δρυμοῖς
2997 3545 3317 3619 παρεικάζει
3337 3546 3535 3611 καλῶς,
3566 3547 3736 3618 αὑτήν
3754 3564 3818 3600 τε

2247 3633 2354 3687 τῶν
2396 3634 2697 3706 Ἀσσυρίων
2734 3635 2966 3705 πληθὺν,
3000 3635 3096 3689 καὶ
3125 3637 3250 3699 τοὺς
3275 3636 3605 3708 ἡγουμένους
3644 3636 3819 3707 αὐτῆς

2247 3725 2341 3777 καὶ
2367 3724 2474 3778 τῶν
2505 3724 2678 3780 ἄλλων
2698 3725 3083 3797 ὑπερέχοντας,
3107 3725 3356 3799 καθάπερ
3386 3727 3661 3799 βουνοὺςή
3689 3727 3819 3799 ὅρη.

2260 3814 2400 3867 Ἀλλ’
2424 3810 2569 3871 οῦτοι
2593 3816 2692 3887 μὲν
2719 3817 3239 3889 άποσϐεσθήσονται,
3262 3821 3555 3885 τουτέστιν,
3576 3820 3627 3873 oi
3647 3819 3820 3873 πάλαι

2240 3898 2412 3961 δεινοὶ
2440 3908 2534 3963 καὶ
2569 3908 2780 3980 θερμοὶ,
2826 3910 2920 3963 καὶ
2950 3910 3048 3983 οὐχ
3075 3909 3291 3974 ἑκόντες
3316 3910 3818 3983 καταψυγήσονται.

2248 3999 2638 4068 Καταφάγεται
2673 4000 2783 4073 γὰρ
2814 4002 3010 4065 αὑτοὺς
3040 4002 3071 4055 6
3106 4001 3363 4066 θάνατος,
3407 4001 3687 4073 μονονουχὶ
3720 4005 3824 4057 καὶ

2246 4089 2424 4161 ψυχὰς
2455 4091 2707 4146 δαπανῶν
2739 4093 2835 4147 καὶ
2861 4094 3040 4165 σῶμα.
3074 4095 3195 4149 Ὀτι
3231 4093 3329 4165 μὲν
3353 4093 3465 4165 γὰρ
3516 4094 3578 4147 οὑ
3623 4111 3823 4147 συναν-

2247 4180 2479 4252 ῄρηνται
2506 4184 2617 4246 τοῖς
2641 4182 2886 4254 σώμασιν
2903 4185 3164 4256 αίψυχαὶ,
3191 4186 3351 4240 παντί
3377 4204 3455 4259 τῳ
3484 4187 3653 4256 σαφές
3675 4188 3819 4242 ἐστι·

2251 4273 2581 4343 ὑπεμφαίνει
2608 4274 2666 4328 δέ
2690 4275 2861 4347 δήπου
2887 4276 2951 4329 τὸ
2971 4277 3071 4348 τῆς
3093 4277 3273 4347 ψυχῆς
3298 4278 3568 4341 εὑσθενές.
3602 4280 3823 4350 Δρυμὸν

2246 4364 2305 4418 δέ
2347 4364 2539 4434 λέγων,
2587 4368 2656 4421 τὰ
2698 4367 2875 4441 πλήθη
2907 4370 2974 4424 τά
3022 4371 3118 4423 σὺν
3148 4370 3228 4441 τῷ
3276 4370 3483 4441 βασιλεῖ
3519 4371 3824 4446 ’Δσσυρίων

2246 4454 2421 4527 δηλοῖ·
2458 4457 2752 4530 Κάρμηλον
2777 4460 2855 4527 δέ,
2885 4461 2961 4523 ὡς
2983 4462 3012 4514 ὀ
3040 4460 3334 4533 Σύμμαχός
3354 4478 3507 4533 φησι,
3533 4464 3624 4518 τὸν
3653 4465 3822 4521 πλοῦ-

2247 4560 2338 4597 τον
2377 4545 2543 4600 αὑτοῦ
2583 4548 2676 4602 καὶ
2708 4549 2808 4620 τὴν
2857 4550 3085 4621 τρυφήν,
3128 4551 3272 4623 ἅπερ
3313 4553 3488 4607 πάντα
3531 4554 3823 4622 ἀναλωθή-

2252 4637 2437 4690 σεσθαί
2485 4657 2648 4711 φησιν
2698 4642 2804 4695 ὑπὸ
2861 4644 2960 4715 τῆς
3003 4641 3330 4714 κολαπικῆς
3375 4645 3659 4717 δυνάμεως
3718 4650 3819 4704 τοῦ

2251 4731 2633 4802 προλεχθέντος
2652 4735 2839 4805 πυρός.

2326 4842 2343 4871 ι
2378 4824 2485 4877 Καὶ
2526 4825 2899 4894 καταφάγεται
2935 4825 3044 4878 ἀπὸ
3086 4824 3263 4905 ψυχῆς
3290 4824 3395 4891 ἕως
3438 4826 3678 4899 σαρκῶν,
3724 4833 3821 4885 καὶ

2248 4914 2397 4966 ἔσται
2423 4917 2451 4967 ὀ
2476 4916 2710 4985 φεύγων,
2747 4916 2821 4980 ὡς
2842 4920 2870 4969 ὁ
2893 4917 3106 4987 φεύγων
3131 4920 3239 4974 ἀπὸ
3282 4920 3475 4989 φλογὸς
3501 4921 3818 4992 καιομένης.

2250 5006 2358 5058 Kal.
2406 5008 2453 5058 οἱ
2502 5008 2953 5078 καταλειφθέντες
2977 5011 3073 5064 ἀπ’
3102 5012 3281 5065 αὑτῶν
3306 5012 3535 5085 ἀριθμὸς
3580 5013 3820 5078 ἔσονται,

2252 5097 2343 5149 καὶ
2371 5097 2575 5151 παιδίον
2598 5099 2796 5169 γράψει
2830 5100 3045 5166 αὐτούς.
3078 5122 3097 5154 ι
3140 5103 3410 5168 Ἐπειδὰν,
3452 5106 3604 5176 φησὶ,
3644 5104 3819 5159 ταῦτα

2252 5186 2329 5256 τῷ
2367 5187 2633 5261 ’Δσσυρίῳ
2663 5189 2864 5259 συμϐῇ,
2894 5191 3121 5263 δρασμῷ
3162 5194 3504 5265 χρησάμενος
3541 5196 3819 5264 φεύξεται,

2253 5277 2384 5330 οἵτε
2427 5278 2524 5331 σὺν
2566 5279 2715 5351 αὑτῷ
2761 5282 2959 5346 πάντες
2989 5283 3147 5337 τοῦτο
3173 5287 3488 5358 πράξουσιν.
3531 5288 3593 5342 El
3625 5288 3682 5341 δέ
3716 5308 3819 5344 που

2254 5365 2476 5436 βραχεῖς
2502 5386 2645 5433 τινες
2668 5371 3094 5443 καταλειφθεῖεν,
3134 5376 3375 5435 τοσοῦτοι
3406 5376 3638 5442 ἔσονται,
3676 5381 3819 5435 ὥστε

2254 5455 2509 5513 δύνασθαι
2537 5462 2629 5513 καὶ
2656 5461 2719 5514 τὸ
2739 5463 2899 5534 τυχὸν
2930 5466 3134 5521 παιδίον
3160 5468 3251 5520 τὸν
3267 5467 3498 5539 ἀριθμὸν
3518 5471 3700 5525 αὐτῶν
3727 5491 3819 5528 πει

2257 5548 2516 5617 ριλαϐεῖν,
2553 5553 2647 5606 καὶ
2668 5559 2852 5629 γραφῇ
2886 5558 3239 5630 παραδοῦναι,
3262 5559 3356 5614 τοῦ
3375 5559 3561 5617 λοιποῦ
3583 5563 3822 5636 πλήθους

2256 5641 2612 5709 ἀπολωλότος.
2644 5645 2828 5701 Ταῦτα
2856 5651 2950 5705 καὶ
2974 5652 3109 5723 πρὸς
3142 5650 3284 5719 λέξιν
3308 5652 3524 5725 εἴρηται
3562 5656 3659 5712 καὶ
3687 5658 3825 5730 πρὸς
