4042 6392
178 433 279 486 165

1122 420 1623 479 COMMENTARIA
1665 418 1730 472 IN
1768 416 2024 473 ISAIAM.
2065 447 2129 459 —-
2162 414 2314 471 CAP.
2356 416 2423 470 Χ.

3344 416 3451 485 ιδβ

172 551 445 605 διάνοιαψ
490 546 628 620 πρὸς
676 542 775 613 μὲν
807 544 973 607 λεςιν,
1016 541 1367 613 ἀνηνεγμὲνα
1395 537 1487 591 ἐπὶ
1524 538 1616 590 τὸν
1645 536 1761 589 Να-

1877 536 2163 590 secundum
2196 534 2433 589 litteram
2471 531 2717 602 quidem,
2765 532 2811 585 si
2851 532 2920 585 ad
2950 530 3450 589 Nabuchodonoso-

173 640 561 711 σουχοδονόσορ
584 676 599 699 ,
650 637 743 688 τὸν
792 635 1153 705 ἐμπρήσαντα
1198 630 1290 685 τὸν
1346 630 1474 682 ναὸν
1519 629 1613 683 καὶ
1664 628 1761 698 τὴν

171 734 328 789 πόλιν
352 751 369 764 ·
410 731 546 802 πρὸς
562 730 618 781 δὲ
646 728 908 793 διάνοιαν,
940 725 1034 779 ἐπὶ
1060 726 1159 795 τὴν
1188 722 1575 792 ἀντικειμένην
1601 720 1763 773 δύνα-

173 844 289 897 μιν,
324 819 397 896 ἧς
438 822 507 876 τὰ
545 819 847 891 λελεγμένα
903 820 961 871 ὲν
1002 819 1068 887 τῇ
1113 814 1422 887 προφητείᾳ
1460 812 1760 881 παθούσης,

170 913 459 988 καθῃρέθη
507 912 703 965 αὐτίκα
736 911 770 981 ἡ
802 908 913 962 τῶν
955 907 1215 961 ὲναντίων
1252 903 1555 975 Ἀσσυρίων
1599 902 1763 955 δυνα-

173 1021 419 1149 “fiat
451 1093 603 1146 ἔσται
634 1094 692 1145 ὲν
720 1092 787 1160 τῇ
820 1088 1007 1159 ἡμέρᾳ
1062 1086 1280 1161 ἐκείνῃ,
1310 1084 1495 1139 οὐκέτι
1534 1098 1766 1155 προστε-

170 1190 403 1259 θήσεται
432 1185 493 1238 τὸ
547 1181 911 1248 καταλειφθὲν
976 1178 1213 1251 Ἰσραὴλ,
1258 1177 1354 1231 καὶ
1402 1178 1453 1229 oi
1500 1175 1767 1237 σωθέντες

167 1278 264 1331 τοῦ
309 1274 509 1329 Ἰακὼό
540 1273 721 1326 οὐκέτι
748 1272 823 1341 μὴ
852 1268 1170 1331 πεποιθότες
1201 1262 1334 1322 ὦσιν
1372 1268 1465 1319 ἐστι)⁵
1490 1267 1615 1329 τοὺς
1646 1264 1765 1318 ἀδι-

168 1372 454 1442 κήσαντας
503 1365 723 1428 αὐτοὺς,
769 1362 904 1417 ἀλλὰ
938 1362 1151 1413 ἔσονται
1180 1359 1503 1422 πεποιθότες
1544 1358 1637 1411 ἐπὶ
1674 1355 1767 1410 τὸν

168 1460 307 1513 Θεὸν
330 1459 423 1510 τὸν
458 1456 611 1523 ἃγιον
637 1452 731 1506 τοῦ
765 1450 978 1522 Ἰσραὴλ
1004 1452 1070 1521 τῇ
1098 1450 1345 1520 ἀληθείᾳ.
1380 1448 1488 1501 Καὶ
1525 1446 1673 1499 ἔσται
1705 1445 1767 1497 τὸ

168 1547 539 1617 καταλειφθὲν
578 1544 673 1597 τοῦ
722 1541 917 1596 Ἰακὼῦ
951 1543 1041 1595 ἐπὶ
1076 1541 1208 1594 Θεὸν
1261 1541 1535 1611 ἰσχύοντα.
1575 1558 1592 1589 ›
1630 1540 1767 1608 Φησὶ

165 1632 245 1712 τῷ
281 1638 491 1709 καιρῷ,
524 1638 646 1690 καθ’
678 1634 739 1687 ὃν
769 1634 949 1688 πάντα
984 1632 1055 1684 τὰ
1090 1630 1456 1703 προλεχθέντα
1491 1631 1633 1683 κατὰ
1670 1630 1765 1684 τοῦ

162 1730 511 1802 δηλωθέντος
526 1727 787 1798 ἄρχοντος
808 1724 917 1778 τῶν
950 1724 1249 1793 ’Δσσυρίων
1281 1722 1347 1774 δι’
1374 1721 1552 1793 ἔργων
1588 1722 1768 1793 χωρή-

168 1840 343 1885 σειεν,
394 1822 445 1873 oi
484 1816 924 1889 περιλειφθέντες
955 1812 1049 1868 τοῦ
1082 1812 1764 1884 αίχμαλωτισθέντοςῖλαοῦ

1863 642 1978 681 rem
2025 624 2353 690 referantur,
2382 624 2477 693 qui
2512 622 2774 691 templum
2821 621 3065 677 incendit
3114 633 3169 677 et
3216 624 3445 689 urbem;

1867 716 2163 772 secundum
2204 725 2439 771 mentem
2486 729 2639 779 vero,
2671 716 2717 768 si
2746 714 2812 768 ad
2839 722 3166 783 potestatem
3191 716 3449 771 adversa-

1866 808 2024 872 riam,
2058 821 2181 875 quae
2214 821 2335 859 cum
2367 820 2453 867 ea,
2484 820 2606 876 qua
2638 806 2691 859 in
2727 804 3010 875 prophetia
3043 804 3453 876 feruntur.per-

1867 912 2025 965 pessa
2075 904 2246 959 esset,
2301 895 2740 951 adversariorum
2790 894 3145 966 Assyriorum
3202 898 3449 965 potentia

1866 988 2155 1045 confestim
2180 988 2393 1043 sublata
2424 996 2531 1042 est.

1937 1079 2102 1134 Vens.
2126 1077 2219 1141 20,
2244 1078 2335 1131 2|.
2367 1095 2385 1127 ι
2418 1076 2483 1130 Et
2515 1075 2622 1131 erit
2653 1075 2707 1130 in
2742 1076 2830 1131 die
2858 1073 2969 1141 illa,
3004 1090 3111 1129 non
3140 1075 3280 1131 ultra
3313 1076 3455 1145 adji-

1865 1170 2041 1225 cietur
2071 1170 2343 1223 residuum
2371 1166 2555 1231 Israel,
2583 1176 2643 1221 et
2673 1166 2763 1235 qui
2798 1166 2935 1221 salvi
2956 1166 3155 1222 fuerint
3181 1183 3249 1222 ex
3281 1165 3453 1224 Iacob

1868 1278 1975 1317 non
2007 1262 2149 1317 ultra
2203 1262 2459 1316 fiduciam
2486 1262 2765 1317 habebunt
2795 1261 2845 1315 in
2877 1260 3001 1316 illos
3039 1261 3132 1329 qui
3166 1275 3226 1315 se
3253 1262 3453 1331 injuria

1870 1353 2199 1419 affecerunt;
2247 1356 2341 1409 sed
2393 1355 2642 1408 fiduciam
2683 1354 2960 1408 habebunt
3010 1353 3065 1407 in
3115 1353 3228 1409 Deo
3258 1364 3454 1411 sancto

1868 1447 2034 1503 Israel
2064 1448 2116 1501 in
2147 1448 2402 1505 veritate.
2445 1448 2510 1500 Et
2540 1448 2644 1501 erit
2680 1447 2956 1502 residuum
2986 1445 3153 1502 Jacob
3186 1448 3239 1503 in
3281 1448 3451 1504 Deum

1869 1538 2085 1594 fortem.
2148 1557 2167 1591 ι
2229 1539 2347 1606 Quo
2397 1550 2661 1609 tempore,
2706 1539 2921 1608 inquit,
2966 1540 3226 1609 praedicta
3270 1542 3452 1596 omnia

1868 1640 2057 1686 contra
2108 1640 2466 1685 memoratum
2514 1632 2817 1701 principem
2857 1634 3206 1703 Assyriorum
3234 1672 3250 1698 ,
3291 1648 3457 1703 Opere

1869 1720 2323 1791 complebuntnr;
2373 1722 2465 1790 qui
2516 1737 2581 1775 ex
2611 1719 2921 1777 Iudaeorum
2968 1722 3167 1793 popqu
3200 1725 3253 1778 in
3284 1725 3456 1793 capti-

1870 1814 2091 1869 vitatem
2127 1814 2363 1868 abducto
2412 1814 2614 1868 residui
2652 1822 2835 1879 erunt,
2865 1814 2934 1868 ab
2979 1815 3198 1869 inimica
3236 1816 3459 1883 regione

162 1912 279 1967 τῶν
316 1912 613 1973 Ἰουδαίων,
646 1910 749 1980 τῆς
782 1907 1047 1977 πολεμίας
1090 1906 1275 1977 χώρας
1305 1904 1578 1977 ἐλεύθεροι
1609 1906 1763 1973 γενό-

1877 1906 2025 1961 liheri
2058 1908 2371 1969 evadentes,
2418 1916 2473 1961 et
2502 1908 2555 1962 in
2594 1910 2865 1977 propriam
2903 1913 3130 1973 reversi,
3175 1924 3282 1963 non
3314 1910 3457 1961 ultra

168 2022 352 2077 μενοι,
378 2005 479 2058 καὶ
508 2004 588 2065 είς
606 2002 707 2073 τὴν
729 2000 935 2055 οἰκείαν
959 1998 1363 2061 ἐπανελθόντες,
1380 1997 1564 2049 οὐκέτι
1593 2014 1767 2068 προσ-

169 2098 394 2163 έξουσιν
441 2090 523 2160 οἷς
562 2094 731 2148 πάλαι
756 2096 1043 2165 προσεῖχον
1085 2092 1305 2162 δαίμοσι
1348 2094 1627 2163 πονηροῖς,
1655 2094 1767 2155 τοῖς

167 2189 271 2253 τὰς
292 2187 480 2260 ψυχὰς
505 2187 683 2241 αὐτῶν
704 2167 1007 2258 ἠδικηκόσι,
1026 2185 1121 2238 καὶ
1143 2185 1359 2238 πάντων
1381 2184 1563 2247 αὐτοῖς
1580 2183 1765 2237 κακῶν

166 2283 375 2346 αἰτίοις
412 2280 728 2350 γενομένοις
748 2296 761 2309 ·
791 2279 927 2332 ἀλλὰ
954 2278 1033 2349 τῷ
1059 2276 1178 2348 Θεῷ
1217 2276 1401 2330 λοιπὸν
1440 2276 1765 2345 προσέξουσι

172 2373 349 2442 μόνῳ,
386 2371 486 2425 ἅτε
532 2370 782 2441 λυτρωτῇ
831 2369 925 2420 καί
971 2366 1186 2437 Σωτῆρι
1238 2363 1418 2418 αὐτῶν
1470 2362 1764 2432 γενομένῳ.

186 2460 531 2533 Ἐπληροῦτο
553 2460 610 2513 δὲ
632 2460 727 2513 καὶ
749 2458 921 2511 ταῦτα
946 2456 1083 2527 πρὸς
1121 2454 1268 2523 λέξιν
1297 2454 1440 2509 κατὰ
1471 2452 1653 2524 Κῦρον
1676 2453 1769 2505 τὸν

172 2554 408 2626 Περσῶν
444 2551 686 2622 βασιλέα,
716 2550 776 2614 ὃς
809 2551 1015 2613 πάντας
1052 2548 1223 2617 ἀνῆκε
1244 2548 1368 2609 τοὺς
1392 2547 1449 2598 ὲν
1474 2548 1540 2617 τῇ
1566 2547 1769 2616 αίχμα-

370 2650 377 2655 ’
398 2644 688 2707 Ἰουδαίους
709 2660 722 2673 ·
764 2642 885 2696 καθ’
909 2643 969 2695 ὃν
1019 2640 1209 2711 καιρὸν
1243 2641 1292 2692 οἱ
1324 2638 1454 2709 περὶ
1481 2638 1573 2690 τὸν
1608 2640 1771 2708 Ζορο-

170 2736 365 2800 Βάὁελ,
416 2736 512 2789 καὶ
557 2730 763 2805 Ἰησοῦν
787 2733 879 2787 τὸν
922 2732 1016 2787 τοῦ
1057 2732 1308 2785 Ἰωσεδὲκ
1354 2731 1447 2783 τὸν
1485 2731 1637 2802 ίερέα
1679 2731 1771 2785 τὸν

177 2827 380 2897 μέγαν,
408 2826 464 2879 οἵ
490 2842 552 2878 τε
584 2826 702 2895 ἅμα
727 2824 805 2897 τῷ
831 2823 1057 2895 Ἔσδρᾳ,
1086 2824 1179 2876 καὶ
1204 2821 1437 2893 Νεεμίᾳ,
1458 2822 1557 2892 τῆς
1595 2821 1768 2874 Βαϐυ-

172 2918 347 2981 λῶνος
388 2911 801 2981 ἐπανελθόντες,
830 2916 922 2969 τὸν
954 2915 1079 2968 ναὸν
1110 2915 1360 2985 ἧγειραν,
1384 2913 1478 2965 καὶ
1493 2912 1590 2984 τὴν
1616 2914 1771 2967 πόλιν

172 3009 350 3078 αὐτὴν
375 3006 751 3061 ἀνεκτίσαντο.

249 3118 271 3151 ι
311 3100 425 3152 Καὶ
451 3098 548 3151 ἐὰν
587 3097 812 3167 γένηται
832 3098 861 3150 6
892 3096 1019 3159 λαὸς
1064 3096 1432 3168 Ἰσραὴλὼςή
1468 3096 1652 3166 ἄμμος
1672 3094 1771 3165 τῆς

173 3188 478 3259 θαλάσσης,
528 3186 590 3240 τὸ
618 3187 969 3258 κατάλημμα
1018 3185 1200 3239 αὐτῶν
1228 3186 1555 3257 σωθήσεται.
1604 3204 1623 3237 ι
1659 3186 1771 3256 Τὴν

176 3283 457 3355 ἄχρηστον
492 3280 701 3351 πληθὺν
737 3280 767 3331 6
795 3278 950 3348 λόγος
976 3278 1231 3349 σημαίνει
1276 3277 1373 3331 τοῦ
1417 3278 1626 3341 ἔθνους,
1664 3278 1774 3330 τῶν
1801 3275 1843 3332 C

178 3374 322 3444 μετὰ
369 3372 471 3443 τὴν
513 3370 773 3424 ἐπάνοδον
805 3369 905 3442 τὴν
942 3369 1051 3422 ἀπὸ
1079 3368 1401 3431 Βαϐυλῶνος
1434 3367 1772 3439 οίκησάντων

172 3464 276 3536 τὴν
309 3464 497 3536 χώραν
530 3462 690 3533 μέχρι
712 3461 823 3515 τῶν
862 3458 1184 3531 Ῥωμαῖκῶν
1217 3458 1452 3530 χρόνων·
1486 3452 1631 3511 οὗτοι
1665 3456 1774 3527 γὰρ

173 3554 317 3628 ἦσαν
344 3556 419 3620 ὡς
444 3558 478 3627 ἡ
500 3554 684 3626 ἄμμος
711 3552 812 3625 τῆς
834 3552 1130 3624 θαλάσσης,
1152 3550 1211 3618 ἐξ
1241 3544 1317 3604 ὧν
1342 3550 1517 3621 μόνων
1540 3546 1770 3617 διεσώθη

176 3648 238 3701 τὸ
271 3647 659 3718 κατάλειμμα·
692 3647 743 3699 oi
784 3645 844 3711 ἐξ
880 3643 1059 3698 αὐτῶν
1087 3645 1167 3706 είς
1208 3642 1303 3696 τὸν
1334 3641 1571 3713 Χριστὸν
1610 3656 1776 3693 πεπι-

178 3739 471 3801 στευκότες
500 3736 743 3809 μαθηταὶ
770 3736 936 3789 αὐτοῦ
963 3737 1058 3790 καὶ
1085 3734 1397 3800 ἀπόστολοι,
1428 3732 1524 3787 καὶ
1554 3733 1777 3800 εὐαγγε-

178 3832 326 3885 σταί.
342 3831 591 3901 Ψάμμος
608 3829 719 3901 γὰρ
734 3828 1011 3899 θαλάσσης
1029 3827 1092 3880 τὸ
1115 3827 1213 3898 μὲν
1232 3824 1434 3898 πλῆθος
1456 3824 1773 3897 ἀναρίθμη-

175 3940 272 3975 τον
292 3922 407 3992 ιχει
433 3938 447 3951 ·
475 3920 650 3983 ἄλλως
674 3919 731 3973 δὲ
747 3920 1018 3991 ἄχρηστος
1051 3919 1285 3990 ὑπάρχει
1312 3917 1448 3987 πρὸς
1474 3917 1771 3987 γεωργίαν.

190 4016 449 4071 Ἐπειδὰν
491 4010 586 4068 οὖν
612 4016 640 4067 6
672 4012 820 4076 λαὸς,
848 4012 1033 4083 φησιν,
1072 4010 1290 4081 Ἰσραὴλ
1338 4011 1414 4073 είς
1445 4007 1650 4079 πλῆθος
1680 4008 1775 4062 ἀν-

176 4107 488 4179 αρίθμητον
510 4104 669 4176 χυθῇ,
692 4105 965 4175 ἄχρηστον
980 4102 1038 4155 δὲ
1057 4101 1285 4173 γένηται
1305 4102 1362 4153 ὲν
1388 4102 1456 4171 τῇ
1475 4099 1619 4153 κατὰ
1641 4098 1774 4152 Θεὸν

179 4198 557 4271 καρποφορίᾳ,
592 4194 892 4266 τηνικαῦτα
929 4196 991 4247 τὸ
1036 4194 1136 4265 μὲν
1184 4193 1388 4263 πλῆθος
1439 4191 1622 4246 αὐτῶν
1667 4192 1774 4244 ἀπ-

179 4290 387 4345 ολεῖται
408 4306 423 4318 ο
489 4288 647 4359 μόνον
706 4286 771 4358 δὴ
824 4285 885 4339 τὸ
937 4285 1292 4356 κατάλειμμα
1352 4282 1535 4337 αὐτῶν
1597 4281 1773 4352 σωθή-

180 4397 359 4434 σεται.

261 4494 281 4527 r
331 4476 457 4528 Ὅτι
486 4473 645 4541 λόγον
675 4471 1115 4543 συντετμημένον
1136 4472 1341 4545 Κύριος
1368 4472 1584 4545 ποιήσει
1612 4472 1671 4525 ὲν
1702 4473 1770 4542 τῇ

179 4567 482 4640 οἰκουμένῃ
504 4566 623 4639 ὅλῃ.
664 4586 682 4617 ι
712 4566 905 4636 Σαφῶς
928 4566 1036 4638 ἄρα
1061 4565 1124 4619 τὸ
1149 4565 1482 4635 Εὐαγγέλιον
1513 4564 1615 4635 τῆς
1635 4565 1771 4617 Και-

180 4656 282 4725 νῆς
309 4656 535 4727 ᾐνίξατο
556 4654 924 4727 Διαθήκης,ὲν
947 4654 1041 4725 ὅλῃ
1062 4657 1129 4725 τῇ
1157 4654 1450 4725 οἰκουμένῃ
1477 4652 1769 4724 κηρυχθέν.

181 4745 637 4816 Συντετμημένος
671 4746 782 4817 γὰρ
803 4741 872 4817 ἦν
894 4747 923 4798 6
952 4746 1109 4814 λόγος
1134 4745 1163 4796 6
1194 4742 1565 4812 εὐαγγελικὸς,
1593 4742 1672 4813 τῷ
1696 4744 1770 4814 μὴ

181 4837 462 4907 περιέχειν
498 4837 674 4890 πάντα
698 4837 764 4890 τὰ
795 4836 947 4908 παρὰ
965 4835 1043 4907 τῷ
1072 4836 1281 4906 Μωῦσῇ
1311 4832 1767 4905 παραγγέλματα.

182 4926 307 4979 Τῶν
330 4928 386 4980 δὲ
413 4927 791 4999 προκειμένων
825 4926 1005 4999 ῥητῶν
1039 4926 1312 4996 μέμνηται
1343 4926 1437 4978 καὶ
1463 4927 1492 4978 6
1525 4926 1773 4977 Ἀπόστο-

180 5017 296 5082 λος,
331 5018 525 5071 τοῦτον
558 5019 732 5087 λέγων
762 5018 852 5072 τὸν
872 5019 1075 5090 τρόπον
1096 5035 1109 5047 ⁶
1136 5038 1153 5068 r
1192 5018 1250 5069 Ὀ
1286 5018 1510 5079 Ἡσαΐας
1538 5016 1595 5069 δὲ
1619 5015 1768 5084 λέγει

182 5111 326 5181 ὑπὲρ
364 5109 461 5163 τοῦ
510 5110 754 5181 Ἰσραήλο
811 5110 937 5164 Ἐὰν
1044 5109 1071 5161 6
1099 5109 1335 5180 ἀριθμὸς
1370 5109 1477 5162 τῶν
1505 5106 1637 5160 uith
1673 5107 1769 5161 τοῦ

194 5202 413 5274 Ἰσραὴλ
452 5200 528 5265 ὡς
567 5204 600 5273 ἠ
647 5203 829 5273 ἄμμος
864 5202 965 5272 τῆς
1010 5202 1307 5271 θαλάσσης,
1351 5200 1413 5253 τὸ
1456 5199 1770 5270 ὑπόλειμμα

184 5294 516 5364 σωθήσεται.
578 5292 753 5361 Λόγον
820 5292 928 5363 γὰρ
993 5291 1261 5346 συντελῶν
1313 5292 1407 5345 καὶ
1473 5291 1768 5361 συντέμνον

180 5388 403 5456 ποιήσει
442 5384 648 5456 Κύριος
678 5386 770 5437 ἐπὶ
795 5386 893 5456 τῆς
923 5387 1044 5457 γῆς.
1082 5405 1099 5437 ι

264 5497 281 5528 ι
327 5479 427 5532 Διὰ
461 5477 621 5531 τοῦτο
652 5478 777 5530 τάδε
811 5478 957 5546 λέγει
987 5478 1189 5549 Κύριος
1234 5475 1463 5531 Σαΰαώθ
1484 5493 1496 5503 ·
1534 5476 1628 5547 Μὴ
1668 5493 1765 5544 φο-

184 5572 304 5634 ϐοῦ,
335 5573 364 5624 ὁ
396 5570 527 5635 λαός
556 5588 678 5641 μου,
714 5572 763 5623 oi.
799 5570 1179 5635 κατοικοῦντες
1217 5572 1275 5625 ὲν
1307 5568 1467 5635 Σιὼν,
1494 5568 1604 5622 ἀπὸ
1643 5569 1762 5621 Ἀσς

188 5666 407 5736 συρίων,
428 5665 507 5715 ὅτι
535 5666 593 5716 ὲν
620 5663 799 5733 ῥάϐδῳ
844 5663 1072 5730 πατάξει
1092 5679 1174 5720 σε’
1204 5662 1415 5735 πληγὴν
1440 5662 1552 5734 γὰρ
1580 5662 1769 5731 ἐπάγω

261 5874 301 5904 ⁸³
339 5877 490 5930 Rom.
529 5888 583 5929 ix
634 5873 726 5928 ‘27.

1870 2000 2153 2053 attendent
2205 1999 2271 2054 iis
2299 2038 2313 2063 ,
2357 1999 2556 2067 quibus
2599 2010 2761 2054 antea
2808 2000 3051 2055 animum
3102 2001 3459 2065 adhibebant,

1870 2091 2211 2147 dmmonibus
2238 2092 2514 2160 malignis,
2546 2094 2639 2164 qui
2685 2095 2898 2150 animas
2934 2110 3065 2151 suas
3097 2094 3373 2163 Imserant,
3404 2106 3460 2151 et

1869 2184 2112 2238 omnium
2152 2184 2257 2238 sibi
2284 2184 2551 2239 malorum
2575 2200 2739 2241 causa
2771 2186 3022 2255 fuerant;
3054 2188 3149 2242 sed
3194 2187 3308 2242 Deo
3342 2197 3459 2241 tan-

1872 2277 1991 2331 dem
2026 2274 2128 2331 soli
2167 2276 2609 2346 applicabuntur,
2641 2287 2828 2346 utpote
2872 2277 2969 2347 qui
3011 2278 3324 2348 redemptor
3357 2279 3460 2335 sibi

1870 2375 1923 2419 et
1961 2364 2222 2420 Servator
2263 2364 2491 2429 effectus
2536 2366 2630 2420 sit.
2664 2365 2789 2421 Haec
2817 2381 2949 2420 vero
2976 2366 3157 2437 reipsa
3190 2365 3459 2436 completa

1871 2467 1993 2513 sunt
2041 2458 2169 2529 Cyri
2230 2457 2520 2513 Persarum
2573 2459 2717 2529 regis
2770 2468 3038 2528 tempore,
3100 2458 3193 2528 qui
3245 2456 3462 2513 Iudaeos

1871 2565 2061 2606 omnes
2090 2550 2143 2605 in
2170 2550 2490 2619 captivitate
2518 2561 2744 2621 agentes
2773 2550 3007 2618 remisit,
3056 2566 3182 2607 cum
3224 2548 3462 2605 Zoroba-

1874 2643 1980 2708 bel,
2012 2642 2172 2699 Iesus
2218 2644 2361 2698 filius
2397 2642 2628 2697 Josedec
2666 2640 2940 2697 Sacerdos
2976 2655 3229 2713 magnus,
3264 2652 3319 2695 et
3367 2640 3463 2710 qui

1872 2751 1994 2791 cum
2020 2735 2189 2791 Esdra
2219 2745 2275 2791 et
2296 2734 2558 2789 Neliemia
2588 2740 2769 2799 erant,
2803 2747 2873 2788 ex
2902 2731 3180 2803 Babylone
3216 2732 3462 2797 reversi,

1874 2828 2133 2897 templum
2166 2828 2474 2884 excitarunt
2496 2864 2513 2892 ,
2560 2826 2863 2897 urbemque
2896 2826 3071 2896 ipsam
3113 2834 3466 2880 restaurave.

1878 2930 2025 2976 τυηι.

1946 3103 2113 3161 Vens.
2142 3102 2235 3159 22.
2274 3121 2294 3157 ι
2327 3102 2395 3157 Ει
2423 3102 2470 3159 si
2507 3101 2676 3157 fuerit
2702 3099 2938 3171 populus
2967 3097 3137 3156 Israel
3167 3098 3311 3155 sicut
3338 3113 3468 3153 are—

1877 3213 1943 3251 na
1976 3195 2165 3263 maris,
2197 3194 2476 3251 residuum
2505 3191 2625 3262 ejus
2655 3191 2980 3248 salvabitur.
3014 3208 3034 3244 ι
3082 3189 3462 3247 Prbmlscuam

1876 3302 1931 3344 et
1956 3288 2203 3345 inutilem
2236 3286 2414 3357 gentis
2443 3284 2845 3339 multitudinem
2871 3323 2889 3349 ,
2924 3296 3047 3352 quae
3076 3289 3199 3351 post
3229 3280 3464 3338 reditura

1877 3397 1941 3436 ex
1971 3378 2249 3450 Babylone
2281 3391 2458 3447 usque
2486 3375 2553 3431 ad
2590 3374 2836 3429 Romana
2888 3381 3131 3445 tempora
3182 3373 3465 3444 regionem

1879 3472 2147 3537 incoluit,
2208 3470 2415 3527 indicat
2468 3468 2830 3541 propheticus
2875 3480 3062 3523 sermo
3106 3483 3121 3521 :
3166 3466 3220 3522 hi
3268 3466 3470 3537 quippe

1874 3567 2033 3615 erant
2053 3558 2201 3613 sicut
2232 3571 2400 3611 arena
2431 3558 2600 3613 maris
2624 3596 2638 3621 ,
2669 3569 2903 3625 quorum
2939 3556 3220 3611 residuum
3253 3567 3464 3611 tantum

1875 3648 2103 3704 salutem
2164 3656 2517 3703 consecutum
2568 3657 2675 3701 est.
2726 3645 2793 3699 Hi
2829 3660 2993 3715 porro
3042 3661 3113 3701 ex
3157 3645 3266 3701 illis
3308 3657 3469 3701 erant

1874 3740 1968 3810 qui
2002 3725 2054 3793 in
2085 3738 2367 3794 Christum
2397 3737 2777 3805 crediderunt,
2840 3736 3096 3807 discipuli
3142 3737 3281 3807 ejus,
3334 3751 3464 3807 apo-

1877 3830 2003 3887 stoli
2046 3839 2102 3886 et
2134 3828 2509 3899 evangelista.
2545 3828 2682 3883 Nam
2714 3843 2883 3884 arena
2915 3828 3086 3885 maris
3113 3830 3469 3887 multitudine

1874 3917 2095 3987 quidem
2135 3917 2573 3981 innumerabilis,
2606 3931 2792 3970 verum
2851 3918 3063 3973 inutilis
3096 3927 3183 3974 est
3213 3920 3283 3974 ad
3317 3922 3465 3991 agri-

1875 4008 2167 4065 culturam.
2195 4007 2329 4064 Cum
2371 4023 2505 4079 ergo
2532 4008 2763 4079 populus
2798 4008 2987 4073 Israel,
3021 4010 3219 4081 inquit,
3244 4012 3299 4067 in
3328 4014 3468 4069 mul-

1878 4100 2164 4157 titudinem
2210 4102 2559 4156 innumeram
2591 4098 2820 4156 diﬂ‘usus
2863 4102 3050 4163 fuerit,
3086 4103 3162 4157 ita
3193 4114 3371 4160 tamen
3409 4114 3469 4160 ut

1875 4192 2080 4248 inutilis
2116 4194 2189 4248 sit
2218 4193 2286 4247 ad
2314 4192 2550 4248 fructum
2594 4195 2894 4249 secundum
2930 4194 3099 4248 Deum
3130 4194 3460 4262 ferendum;

1876 4296 2002 4342 tunc
2029 4285 2319 4341 multitudo
2343 4286 2562 4355 quidem
2588 4300 2779 4339 eorum
2812 4285 3038 4356 peribit,
3090 4299 3157 4342 ac
3190 4286 3321 4342 sola:
3348 4286 3466 4357 ejus

1876 4376 2117 4445 reliquiae
2142 4375 2371 4430 salutem
2406 4386 2837 4445 consequentur.

1943 4467 2109 4524 Vens.
2163 4469 2252 4525 25.
2314 4487 2333 4521 ι
2391 4467 2528 4536 Quia
2580 4470 2811 4524 verbum
2863 4469 3244 4527 abhreviatum
3299 4472 3466 4529 faciet

1879 4562 2139 4616 Dominus
2170 4563 2221 4616 in
2254 4563 2507 4617 universa
2553 4573 2719 4616 terra.
2754 4581 2772 4613 ι
2803 4562 3157 4633 Evangelium
3193 4563 3325 4621 Novi
3358 4566 3463 4621 Te-

1879 4650 2133 4705 stamenti
2168 4650 2313 4705 clare
2359 4652 2673 4706 subindicat
2699 4692 2714 4717 ,
2749 4653 2892 4722 quod
2914 4655 2979 4709 .in
3025 4653 3279 4709 universa
3317 4665 3459 4710 terra

1880 4746 2231 4814 praedicatum
2270 4754 2373 4800 est.
2408 4746 2798 4801 Abbrevialum
2833 4748 3031 4817 quippe
3074 4755 3195 4804 erat
3237 4749 3459 4803 verbum

1879 4834 2251 4904 evangelicum
2280 4876 2295 4899 ,
2344 4835 2488 4903 quod
2544 4835 2736 4918 omnia
2785 4836 2990 4908 Moysis
3038 4849 3311 4907 praecepta
3352 4854 3459 4893 non

1876 4925 2356 4995 complecteretur.
2391 4924 2519 4981 Haec
2550 4926 2696 4981 dicta
2747 4936 3144 4983 commemorat
3189 4930 3462 4997 apostolus

1877 5019 1963 5091 bis
2005 5020 2186 5073 verbis
2216 5019 2283 5085 ⁶¹,
2321 5037 2341 5069 ι
2376 5018 2576 5075 Iesaias
2634 5030 2814 5074 autem
2860 5020 2992 5075 dicit
3045 5024 3112 5075 de
3157 5020 3321 5077 Israel
3358 5022 3463 5076 :Si

1874 5106 2040 5163 fuerit
2098 5123 2359 5163 numerus
2422 5109 2656 5163 filiorum
2720 5109 2889 5165 Israel
2948 5122 3206 5179 tanquam
3287 5126 3457 5166 arena

1877 5200 2084 5265 maris,
2135 5200 2379 5267 reliquite
2427 5198 2591 5255 salva:
2647 5199 2802 5258 ﬁent.
2851 5198 3091 5256 Verbum
3128 5201 3277 5256 enim
3323 5217 3458 5256 con-

1873 5306 2173 5359 summans,
2209 5301 2262 5346 et
2309 5294 2633 5347 abbrevians
2672 5292 2934 5349 Dominus
2964 5292 3130 5349 faciet
3162 5308 3325 5362 super
3356 5305 3462 5349 ter-

1874 5398 2011 5438 ram.
2051 5400 2069 5434 ι

1948 5473 2111 5530 Vens.
2145 5474 2239 5529 24.
2282 5473 2621 5545 «Propterea
2683 5474 2799 5531 hcec
2848 5475 2981 5530 dicit
3043 5475 3304 5531 Dominus
3348 5476 3453 5532 Sa-

1873 5565 2058 5632 baoth,
2089 5566 2210 5620 Noli
2248 5566 2464 5633 timere,
2496 5568 2690 5638 popule
2736 5583 2913 5636 meus,
2938 5568 3031 5637 qui
3088 5569 3348 5623 habitatis
3398 5570 3454 5625 in

1877 5660 2031 5727 Sion,
2074 5660 2143 5717 ab
2173 5660 2436 5729 Assyriis,
2464 5661 2591 5731 quia
2641 5662 2694 5717 in
2730 5662 2879 5733 virga
2908 5661 3179 5733 percutiet
3206 5669 3300 5717 te:
3327 5661 3449 5734 pla-
