4042 6434
620 448 729 507 ὲϐἴ

1285 439 1554 497 EUSEBll
1588 438 2062 497 CESARIENSIS
2100 437 2249 495 OPP.
2292 436 2469 492 PARS
2504 434 2593 490 Ill.
2633 464 2702 475 -—
2742 432 3159 490 EXEGETICA.

3765 434 3864 493 168

622 577 745 631 gam
775 562 919 614 enim
951 558 1202 612 inducam
1247 572 1407 626 super
1435 566 1508 619 te,
1536 567 1592 610 ut
1631 557 1817 611 videas
1845 555 1985 608 viam
2016 554 2178 625 Egy-

2288 553 2381 605 ἐπὶ
2416 551 2505 613 σὲ,
2541 548 2636 603 τοῦ
2676 550 2804 603 ἰδεῖν
2839 547 2956 602 ὁδὸν
2989 546 3288 615 Αἴγύπτου.
3333 564 3352 596 ι
3394 542 3661 616 Παραιδεῖ
3690 546 3868 601 τοίνυν

621 652 720 719 pti.
747 670 766 702 ι
805 648 1062 702 Hortatur
1117 650 1300 717 itaque
1348 661 1414 701 ne
1471 647 1656 700 timeat
1698 646 1956 716 Assyrios
2001 662 2015 698 :
2063 658 2187 699 nam

622 746 906 791 venturum
954 736 1168 806 quidem
1222 736 1298 790 ait
1336 748 1526 788 eorum
1562 743 1741 803 regem
1791 745 1847 787 et
1886 734 2187 787 Jerusalem

622 840 1055 896 oppugnaturum
1082 840 1221 889 esse,
1249 834 1305 878 ιιι
1335 824 1453 891 ejus
1485 824 1673 879 incolae
1712 824 1928 878 brevem
1975 823 2187 893 plagam

622 919 991 986 experiantur,
1023 931 1118 970 ceu
1156 915 1301 984 virga
1346 915 1620 981 percussi;
1669 924 1722 966 at
1764 913 1911 967 illum
1960 928 2017 967 re
2054 910 2189 966 infe-

622 1021 708 1063 cta
739 1008 1028 1079 fugientem
1057 1020 1399 1060 reversurum
1427 1019 1569 1059 esse.
1608 1004 1738 1070 Qute
1768 1019 1898 1059 sane
1923 1002 2187 1073 completa

624 1111 769 1163 sunt,
802 1098 1027 1153 Ezechia
1060 1096 1170 1151 lilio
1218 1097 1399 1149 Acliaz
1444 1096 1494 1148 in
1539 1094 1832 1149 Jerusalem
1880 1102 2177 1164 regnante:

624 1195 713 1260 qui
743 1198 829 1246 vir
862 1192 960 1245 fuit
990 1206 1094 1244 non
1133 1190 1274 1256 patri
1311 1188 1538 1252 similis,
1571 1193 1665 1241 sed
1692 1188 1869 1253 justus
1911 1195 1966 1240 et.
2007 1188 2186 1241 omni-

624 1285 780 1337 mede
806 1283 1110 1352 religiosus.
1144 1282 1254 1335 Etsi
1292 1281 1473 1351 igitur,
1506 1293 1589 1331 me
1621 1279 1671 1332 id
1703 1278 2068 1347 permittente,
2091 1293 2186 1332 rex

612 1389 811 1430 eorum
842 1376 893 1428 in
935 1385 985 1428 te
1035 1375 1334 1441 irrumpat,
1402 1378 1638 1423 attamen
1686 1370 1752 1423 ad
1793 1370 2187 1438 correptiouem

622 1474 832 1518 tantum
865 1466 1017 1533 virga
1048 1466 1312 1533 percutiet
1347 1471 1418 1525 te,
1467 1475 1571 1515 non
1620 1475 1743 1513 cum
1789 1459 1981 1531 gladiis
2010 1472 2065 1513 et
2094 1460 2188 1512 ha-

622 1553 721 1606 stis
750 1552 948 1607 bellico
979 1567 1127 1606 more
1159 1551 1334 1604 victor
1388 1550 1561 1602 irruet
1612 1547 1664 1600 iu
1721 1557 1791 1601 te.
1845 1547 1971 1602 Hmc
2025 1560 2188 1617 porro

620 1640 791 1711 virgis
825 1639 1024 1694 inﬂicta
1054 1640 1147 1693 tibi
1184 1639 1334 1708 plaga
1372 1652 1479 1690 non
1520 1644 1717 1704 prater
1752 1635 2014 1691 rationem
2051 1637 2184 1689 erit:

617 1747 843 1787 causam
867 1732 1064 1801 quippe
1085 1745 1183 1785 cur
1214 1730 1440 1799 Assyrio
1467 1743 1781 1785 concessum
1811 1728 1881 1782 ait
1916 1736 1973 1781 ut
2004 1729 2185 1781 mode-

618 1834 737 1878 rata
780 1834 832 1877 te
885 1823 1038 1891 plaga
1094 1820 1321 1885 alliciat,
1365 1837 1469 1874 non
1521 1824 1736 1890 ignores
1777 1817 2184 1888 oportetzquia

2293 642 2369 713 μὴ
2411 640 2693 707 φοϐεῖσθαι
2740 638 2865 701 τοὺς
2906 637 3254 709 Ἀσσυρίουςο
3289 635 3439 706 ἥξειν
3458 635 3572 708 πμὲν
3615 635 3727 707 γὰρ
3775 638 3870 693 καὶ

2290 732 2739 804 ἐπιστρατεύσειν
2785 730 2927 784 κατὰ
2968 731 3068 799 τῆς
3110 729 3464 801 Ἰερουσαλὴμ
3521 728 3613 783 τὸν
3664 728 3870 783 τούτων

2293 826 2537 898 βασιλέα,
2566 825 2703 896 πρὸς
2732 824 2793 875 τὸ
2834 821 3090 895 βραχείας
3125 821 3452 891 πειραθῆναι
3482 820 3701 892 πληγῆς
3743 822 3868 885 τοὺς

2250 958 2263 963 _
2290 915 2348 967 ὲν
2391 915 2527 985 αὐτῇ
2570 913 2990 976 κατοικοῦντας,
3039 911 3229 983 ὥσπερ
3277 910 3458 982 ῥάϐδῳ
3499 910 3827 982 παιομένους
3852 926 3865 938 ·

2290 1007 2570 1078 ἄπρακτον
2602 1005 2659 1058 δὲ
2693 1006 2854 1059 αὑτὸν
2888 1004 3277 1075 ὑποστρέψειν,
3327 1006 3469 1076 φυγῇ
3503 1002 3867 1075 χρησάμενον.

2304 1096 2633 1169 Ἐπληροῦτο
2677 1097 2733 1150 δὲ
2786 1098 2879 1151 καὶ
2923 1096 3097 1151 ταῦτα
3123 1097 3215 1149 ἐπὶ
3253 1097 3496 1161 Ἐζεκίου
3544 1093 3662 1148 υίοῦ
3704 1092 3871 1163 Ἀχὰζ

2293 1187 2673 1258 βασιλεύοντος,
2699 1191 2756 1241 ὲν
2795 1186 3170 1259 Ἰερουσαλὴμ,
3210 1186 3402 1257 ἀνδρὸς
3451 1185 3777 1256 γενομένου,
3807 1183 3869 1237 οὐ

2292 1276 2436 1330 κατὰ
2484 1277 2576 1329 τὸν
2616 1276 2851 1346 πατέρα,
2890 1276 3100 1329 δικαίου
3138 1274 3195 1328 δὲ
3228 1267 3422 1339 ἄλλως,
3449 1275 3545 1327 καὶ
3588 1268 3871 1341 θεοφιλοῦς

2290 1373 2433 1426 κατὰ
2465 1373 2641 1427 πάντα
2665 1373 2885 1443 τρόπον.
2922 1373 2985 1425 Εἰ
3011 1372 3103 1425 καὶ
3133 1371 3202 1423 τὰ
3237 1368 3474 1440 μάλιστα
3510 1364 3633 1432 οῦν,
3679 1366 3867 1438 φησιν,

2290 1463 2424 1534 ἐμοῦ
2462 1463 2865 1534 ἐπιτρέποντος,
2903 1464 2997 1516 καὶ
3024 1464 3083 1517 έν
3118 1464 3198 1516 σοὶ
3220 1459 3569 1515 ἐπελεύσεται
3599 1460 3628 1511 ό
3661 1458 3871 1513 τούτων

2292 1561 2567 1631 βασιλεὺς,
2591 1564 2740 1633 ὅμως
2763 1562 2821 1616 ὲν
2869 1562 3049 1634 ῥάϐδῳ
3078 1563 3472 1633 έπιστρεπτικῇ
3518 1559 3755 1625 1κατάξει
3782 1574 3867 1623 σε,

2292 1654 2408 1708 ἀλλ’
2440 1656 2501 1707 ού
2535 1653 2763 1725 ξίφεσιν,
2790 1654 2911 1707 οὐδὲ
2934 1653 3124 1725 δόρασι
3144 1652 3382 1721 πολέμου
3411 1650 3562 1722 νόμῳ
3585 1652 3868 1722 κρατήσας

2290 1746 2701 1810 ἐπεξελεύσεται
2740 1763 2841 1801 σοι.
2885 1745 2994 1799 Καὶ
3033 1744 3171 1815 αῦτη
3204 1745 3260 1797 δὲ
3296 1746 3328 1815 ἡ
3364 1743 3452 1797 διὰ
3484 1742 3681 1815 ῥάϐδου
3720 1741 3870 1796 κατὰ

2290 1834 2386 1888 σοῦ
2418 1834 2601 1905 πληγὴ
2632 1834 2732 1887 οὐκ
2760 1833 2913 1886 ἐσται
2944 1833 3253 1904 παράλογος
3271 1850 3283 1866 ·
3324 1832 3387 1886 τὸ
3417 1832 3524 1903 γὰρ
3560 1832 3735 1886 αἴτιον
3769 1830 3867 1881 τοῦ

618 1913 762 1967 enim
806 1912 907 1966 via:
943 1913 995 1964 in
1025 1908 1319 1980 Egyptum
1357 1911 1532 1963 denuo
1562 1922 1611 1964 te
1644 1907 1983 1970 commisisti,
2014 1906 2178 1960 idolo-

2290 1896 2709 1997 συγχωρηθῆναι
2767 1926 2857 1979 τὸν
2921 1896 3205 1997 Ἀσσύριον
3236 1896 3241 1897 ν
3273 1896 3618 1997 πεπεισμένη
3681 1922 3867 1995 πληγῇ

616 2002 787 2057 {atris
835 2002 1034 2056 Aehazi
1092 2011 1333 2070 tempore
1376 1999 1621 2063 deditus;
1658 2001 1776 2055 ideo
1832 2013 1927 2052 vos
1977 1998 2184 2070 Assyrii

618 2090 780 2161 virga:
809 2091 1028 2155 tradidi,
1060 2100 1118 2144 ut
1167 2093 1233 2144 ad
1275 2104 1461 2145 sanam
1508 2099 1745 2143 mentem
1787 2099 1843 2143 et
1875 2093 2159 2143 conversio

618 2195 741 2233 ueni
771 2182 1098 2234 reducerem.

686 2486 850 2541 Vna.
878 2488 968 2553 25,
1002 2487 1092 2542 26.
1134 2508 1152 2539 ι
1178 2488 1369 2543 Adhuc
1397 2490 1541 2543 enim
1600 2487 1897 2558 paululum.
1919 2496 1975 2543 et
1998 2503 2183 2544 cessa-

617 2577 699 2633 bit
729 2580 807 2632 ira
838 2596 851 2631 :
881 2578 1035 2632 furor
1073 2588 1252 2633 autem
1290 2595 1442 2634 meus
1467 2582 1629 2649 super
1657 2579 1939 2634 consilium
1972 2594 2178 2634 eorum.

2286 2014 2609 2085 χρήσασθαιι
2630 2014 2773 2068 κατὰ
2800 2013 2894 2067 σοῦ
2925 2015 3000 2086 μὴ
3030 2015 3215 2083 ἀγνόει
3235 2031 3248 2044 ·
3293 2013 3483 2086 ἐπειδὴ
3516 2013 3626 2085 γὰρ
3655 2015 3726 2085 τῇ
3761 2012 3870 2083 όδῷ

2285 2106 2559 2176 Αἰγύπτου
2592 2108 2754 2162 πάλιν
2797 2106 3023 2161 σεαυτὸν
3068 2107 3396 2172 ἐκδέδωκας,
3450 2104 3871 2179 είδωλολατρείᾳ

2285 2197 2676 2270 προσεσχηκὼς
2701 2198 2843 2253 κατὰ
2861 2200 2988 2264 τοὺς
3024 2199 3250 2271 χρόνους
3285 2197 3471 2269 Ἀχὰς,
3490 2197 3681 2252 τούτου
3703 2198 3869 2270 χάριν

2286 2290 2429 2359 ὑμᾶς
2459 2292 2523 2359 τῇ
2552 2289 2734 2361 ῥάϐδῳ
2764 2287 2859 2341 τοῦ
2903 2289 3188 2361 Ἀσσυρίου
3231 2287 3591 2359 παραδέδωκα
3630 2287 3713 2350 είς
3758 2304 3867 2342 σω·

2286 2380 2583 2451 φρονισμὺν
2612 2380 2706 2432 καὶ
2725 2380 3081 2450 ἐπιστροφήν.

2358 2490 2377 2523 ι
2418 2472 2540 2525 Ἔτι
2572 2470 2681 2543 γὰρ
2709 2471 2905 2543 μικρὸν
2936 2474 3031 2525 καὶ
3054 2470 3324 2526 παύσεται
3353 2473 3387 2543 ή
3417 2470 3590 2543 ὀργή*
3625 2469 3735 2524 ὁδὶ
3769 2468 3871 2525 θυ-

2286 2564 2384 2635 μός
2420 2580 2521 2634 μου
2554 2563 2649 2616 ἐπὶ
2676 2563 2775 2635 τὴν
2821 2562 3014 2635 βουλὴν
3042 2562 3243 2617 αὐτῶν.
3290 2565 3403 2617 Καὶ
3436 2566 3621 2636 ἐγερεῖ
3656 2566 3687 2618 ὀ
3734 2563 3871 2628 Θεὸς

612 2667 684 2725 Et
732 2672 1014 2725 suscitabit
1066 2671 1206 2726 Deus
1262 2687 1424 2741 super
1470 2686 1565 2726 eos
1618 2673 1913 2726 secundum
1967 2671 2178 2741 plagam

2284 2657 2369 2708 tn‘
2384 2655 2581 2719 αὐτοὺς
2596 2654 2734 2709 κατὰ
2748 2654 2846 2727 τὴν
2875 2653 3090 2726 πληγὴν
3112 2654 3340 2726 Μαδιάμ
3356 2655 3414 2709 έν
3435 2655 3589 2727 τόπῳ
3609 2653 3866 2725 θλίψεως⁹

616 2764 847 2820 ladiam
887 2767 1082 2821 inloco
1117 2766 1475 2826 tribulationis
1504 2784 1518 2818 τ
1544 2776 1597 2820 et
1631 2765 1781 2820 furor
1807 2766 1923 2837 ejus
1948 2766 2002 2821 in
2039 2768 2178 2822 viam

2284 2745 2377 2799 καὶ.
2407 2747 2436 2799 ὁ
2470 2745 2638 2816 θυμὸς
2660 2744 2825 2799 αὐτοῦ
2859 2746 2926 2816 τῇ
3086 2748 3153 2817 τῇ
3178 2744 3323 2799 κατὰ
3346 2745 3647 2814 θάλασσαν,
3671 2747 3756 2810 είς
3771 2744 3872 2818 τὴν

614 2857 681 2910 ad
718 2870 888 2918 mare,
923 2858 974 2911 in
1013 2858 1153 2910 viam
1206 2856 1441 2927 Egypti.
1476 2876 1494 2908 ι
1533 2856 1588 2911 Si
1624 2836 1845 2926 quidem
1875 2857 2028 2911 vobis
2056 2872 2178 2912 cum

2284 2836 2399 2891 ὁδὸν
2447 2838 2547 2908 τὴν
2595 2840 2719 2891 κατ’
2744 2839 3043 2907 Αἴγυπτον.
3080 2859 3099 2891 ι
3151 2837 3587 2897 Μεταϐαλόντων
3617 2837 3721 2909 μὲν
3751 2837 3867 2911 γὰρ

616 2960 743 3015 rege
777 2956 958 3001 vestro
984 2946 1211 3001 Ezechia
1244 2926 1317 3000 ad
1350 2947 1626 3001 meliorem
1660 2944 1870 3015 frugem
1904 2955 2178 3002 reverten-

2284 2926 2438 2998 ὑμῶν
2470 2929 2565 2981 ἐπὶ
2591 2928 2661 2983 τὰ
2688 2930 2943 3001 κρείττω,
2990 2932 3085 2984 καὶ
3136 2931 3229 2985 τὸν
3271 2930 3407 2985 Θεὸν
3450 2929 3870 2999 ξπεγνωκότων,

620 3037 787 3102 tibus,
814 3052 878 3091 ac
911 3034 1077 3090 Deum
1107 3036 1544 3106 agnoscentibus,
1572 3036 1868 3104 indignatio
1906 3050 2024 3090 mea
2051 3051 2178 3093 con-

2284 3017 2399 3089 ἅμα
2422 3018 2501 3089 τῷ
2517 3021 2768 3093 ὑμετέρῳ
2793 3021 3002 3092 βασιλεί
3041 3022 3279 3095 Ἐζεκίᾳ,
3303 3024 3397 3076 καὶ
3428 3024 3461 3095 ή
3491 3022 3872 3096 ἀγανάκτησις

618 3138 699 3181 Ira
732 3140 834 3181 vos
867 3140 1094 3179 accensa
1142 3123 1376 3179 cessabit
1401 3140 1415 3176 :
1445 3140 1528 3178 me
1557 3134 1735 3179 autem
1774 3134 1972 3180 vestrae
2016 3126 2178 3180 saluti

2287 3129 2387 3183 μου
2422 3114 2456 3183 ἡ
2500 3114 2622 3167 καθ’
2655 3114 2808 3185 ὑμῶν
2848 3114 3144 3170 παύσεταν
3180 3115 3315 3187 ἐμοῦ
3354 3116 3412 3170 δὲ
3448 3117 3551 3188 τῆς
3591 3118 3870 3190 ὑμετέρας

617 3217 1015 3285 patrocinante,
1054 3216 1308 3286 Assyrius
1346 3216 1574 3283 turpiter
1604 3229 1702 3285 per
1730 3224 1967 3271 vestram
2000 3220 2178 3288 regio-

2284 3204 2559 3275 σωτηρίας
2621 3203 3121 3277 ὑπερασπίζοντος,
3181 3203 3436 3274 φεύξεται
3491 3206 3520 3259 ό
3580 3204 3873 3277 Ἀσσύριος

615 3320 763 3369 nem,
792 3319 996 3375 perque
1035 3316 1245 3360 vestras
1288 3306 1449 3360 urbes
1481 3306 1670 3374 fugiet,
1710 3322 1740 3361 a
1770 3306 1891 3362 loco
1922 3309 1974 3361 in
2002 3308 2178 3364 locuta

2284 3293 2629 3365 ἀσχημόνως,
2676 3295 2763 3349 διὰ
2800 3295 2901 3365 τῆς
2939 3295 3212 3367 ὑμετέρας
3243 3294 3428 3366 χώρας
3472 3296 3568 3350 καὶ
3618 3294 3713 3349 διὰ
3759 3293 3873 3352 τῶν

609 3410 734 3452 sese
760 3398 888 3467 fuga
923 3398 1247 3452 subduceris.

2284 3386 2565 3457 ὑμετέρων
2589 3386 2795 3442 πόλεων
2819 3387 2982 3442 τόπον
3013 3390 3078 3441 ὲκ
3098 3387 3267 3441 τόπου
3294 3386 3691 3460 διαδιδράσκωι

683 3512 847 3567 Vens.
874 3508 1178 3566 27-35.!Et
1209 3512 1315 3565 erit
1338 3511 1390 3564 in
1422 3512 1508 3566 die
1536 3511 1627 3566 illa
1658 3512 1968 3570 :auferetur
1988 3513 2178 3586 jugum

2357 3533 2377 3565 ι
2415 3516 2525 3569 Καὶ
2560 3516 2709 3570 ἔσται
2751 3517 2810 3571 ὲν
2853 3519 2920 3589 τῇ
2955 3517 3144 3590 ἡμέρᾳ
3194 3518 3401 3590 ἐκείνῃ,
3431 3518 3869 3590 ἀφαιρεθήσεται

606 3608 729 3676 ejus
752 3608 821 3662 ab
859 3609 1083 3663 humero
1109 3616 1219 3673 tuo,
1245 3616 1300 3661 et
1326 3607 1495 3661 timor
1524 3606 1641 3677 ejus
1664 3622 1826 3678 super
1862 3618 1932 3676 te,
1968 3620 2022 3662 et
2056 3625 2178 3663 cor-

2284 3606 2491 3674 ὁζυγὸς
2520 3607 2685 3661 αὑτοῦ
2720 3609 2828 3662 ἀπὸ
2855 3610 2967 3663 τοῦ
2988 3602 3138 3681 ὤμου
3175 3626 3293 3675 σου,
3323 3610 3418 3664 καὶ
3441 3611 3474 3663 ό
3497 3611 3662 3680 φόϐος
3699 3610 3868 3665 αὑτοῦ

611 3711 894 3768 rumpatur
932 3698 1117 3769 jugum
1167 3698 1236 3751 ab
1275 3699 1519 3753 humeris
1562 3701 1781 3755 vestris.
1814 3698 2007 3755 Veniet
2034 3702 2178 3756 enim

2284 3696 2374 3749 ἐπὶ
2398 3696 2515 3761 σοῦ,
2550 3698 2643 3752 καὶ
2676 3698 3155 3772 καταφθαρήσεται
3178 3701 3208 3753 ὁ
3234 3699 3399 3769 ζυγὸς
3427 3701 3537 3755 ἀπὸ
3566 3701 3678 3755 τῶν
3699 3700 3871 3772 ὤμων

612 3793 668 3846 in
706 3793 975 3846 civitatem
1006 3792 1195 3861 Angze,
1247 3799 1302 3844 et
1336 3791 1592 3844 transibit
1632 3792 1686 3844 in
1734 3790 2015 3863 Maggedo,
2045 3802 2099 3847 et
2126 3794 2178 3848 in

2284 3788 2458 3858 ὒμῶν.
2488 3787 2644 3853 Ἥξει
2676 3790 2786 3862 γὰρ
2810 3793 2891 3853 είς
2911 3791 3011 3863 τὴν
3036 3791 3192 3844 πόλιν
3233 3793 3447 3861 Ἀγγαὶ,
3482 3792 3577 3846 καὶ
3601 3793 3871 3864 παρελεύ-

610 3883 888 3939 Machmas
924 3891 1087 3951 ponet
1129 3895 1256 3935 vasa
1303 3896 1419 3935 sua.
1460 3880 1529 3933 Et
1582 3884 1832 3936 transibit
1877 3884 2095 3949 vallem,
2125 3893 2183 3939 et

608 3975 790 4029 veniet
834 3975 889 4027 in
940 3974 1121 4043 Augur.
1155 3971 1345 4027 Timor
1374 3960 1747 4042 apprehendet
1774 3974 1940 4027 llama
1980 3975 2181 4029 civita-

612 4074 719 4120 tem
761 4064 914 4119 Saul.
958 4064 1154 4133 Fugiet
1198 4065 1309 4118 lilia
1354 4062 1575 4130 Gallim,
1608 4065 1857 4119 audietur
1881 4066 1931 4119 in
1966 4061 2177 4124 Laisa:

610 4157 863 4211 audietur
897 4157 949 4208 in
996 4156 1292 4208 Anathoth.
1340 4154 1408 4208 Et
1440 4155 1718 4224 obstupuit
1756 4153 2077 4223 Madcbena,
2123 4168 2179 4211 et

609 4246 946 4303 habitatores
975 4246 1183 4299 Gibbir.
1218 4245 1583 4300 Consolamini
1603 4247 1768 4303 hodie
1789 4249 1840 4303 in
1868 4248 1953 4303 via
1978 4258 2034 4303 ut
2064 4266 2181 4303 ma-

611 4352 758 4397 neat.
798 4339 1163 4394 Consolamini
1212 4354 1373 4393 manu
1418 4352 1677 4405 montem,
1712 4342 1879 4396 filiam
1927 4339 2083 4408 Si0u,
2116 4353 2172 4397 et

609 4431 777 4486 colles
816 4432 869 4485 in
917 4428 1238 4487 Jerusalem.
1277 4431 1415 4486 Ecce
1459 4430 1769 4487 dominator
1799 4434 2059 4489 Dominus
2081 4432 2175 4489 Sa-

2285 3895 2439 3933 σεται
2464 3880 2545 3943 είς
2580 3878 2873 3949 Μαγγεδὼ,
2905 3881 3000 3934 καὶ
3029 3884 3087 3935 έν
3111 3882 3354 3954 Μαχμὰς
3397 3882 3553 3955 θήσει
3580 3883 3649 3937 τὰ
3694 3885 3869 3958 σκεύη

2282 3970 2468 4027 αὐτοῦ.
2528 3972 2640 4025 Καὶ
2674 3973 3069 4043 παρελεύσεται
3106 3975 3402 4046 φάραγγα,
3458 3975 3554 4028 καὶ
3598 3976 3723 4047 ἥξει
3788 3978 3871 4042 είς

2294 4059 2507 4128 Ἀγγαί.
2528 4060 2695 4124 Φόϐος
2724 4062 2955 4133 λήψεται
3000 4063 3180 4135 Ῥαμὰ
3202 4064 3359 4118 πόλιν
3380 4064 3571 4118 Σαούλ.
3600 4067 3868 4133 Φεύξεται

2274 4150 2527 4223 ’θυγάτηρ
2557 4150 2795 4222 Γαλλείμ
2815 4170 2829 4184 ο
2866 4153 3233 4209 ἐπακούσεται
3280 4156 3340 4211 ἐν
3383 4157 3583 4223 Λαῖσά,
3616 4159 3866 4213 ἐπακού-

2282 4266 2431 4303 σεται
2465 4251 2521 4303 έν
2549 4250 2808 4306 Ἀναθὼθ.
2841 4252 2950 4306 Καὶ
2970 4252 3161 4324 ἐξέστη
3190 4254 3503 4327 Μαδεϐηνὰ,
3528 4258 3623 4311 καὶ
3654 4260 3705 4311 οξ
3729 4276 3867 4325 κατ-

2280 4340 2555 4406 οικοῦντες
2595 4338 2837 4414 Γιϐϐείρ.
2868 4344 3242 4416 Παρακαλεῐτε
3278 4348 3515 4421 σήμερον
3543 4350 3601 4403 ἑν
3630 4349 3742 4422 ὁδῷ
3770 4350 3867 4406 τοῦ

2284 4434 2480 4500 μεῖναι.
2522 4433 2903 4504 Παρακαλεϊτε
2934 4439 3002 4507 τῇ
3030 4437 3177 4509 χειρὶ
3206 4438 3267 4492 τὺ
3297 4439 3423 4511 ὅρος
3444 4441 3543 4513 τὴν
3581 4442 3868 4517 θυγατέρα

608 4521 774 4577 baoth
824 4522 1178 4576 conturbabit
1230 4521 1493 4591 gloriosos
1545 4536 1668 4576 cum
1722 4522 2063 4589 fortitudine,
2123 4536 2178 4579 et

2284 4521 2436 4584 Σιὼν,
2470 4524 2565 4576 καὶ
2595 4526 2645 4577 οἱ
2678 4524 2857 4595 βουνοί⁸
2885 4530 2933 4580 oi
2960 4529 3017 4580 έν
3046 4529 3416 4602 Ἰερουσαλήμ.
3453 4532 3582 4586 Ἰδοὺ
3613 4535 3643 4586 ό
3668 4534 3870 4591 δεσπό-

610 4610 812 4665 excelsi
852 4609 1047 4677 iniuria
1075 4619 1447 4676 conterentur,
1478 4620 1533 4665 et
1564 4611 2011 4668 humiliabuntm‘.
2037 4633 2055 4665 ι
2093 4614 2172 4667 Tu

2284 4629 2375 4683 της
2395 4613 2597 4685 Κύριος
2630 4615 2856 4670 Σαϐαὼθ
2886 4598 3245 4690 συνταράσσει
3270 4598 3398 4686 τοῦς
3426 4623 3669 4689 ἐνδόξους
3724 4629 3868 4698 μετὰ

614 4702 831 4770 quippe,
862 4701 937 4753 ait
976 4701 1067 4755 ille
1107 4703 1358 4772 potiulum
1405 4718 1563 4755 suum
1616 4701 1919 4771 alloquens,
1956 4704 2095 4760 liber
2118 4717 2175 4758 et

613 4790 757 4844 omni
798 4799 942 4843 metu
992 4804 1190 4844 vacuus
1226 4794 1370 4845 eris:
1404 4791 1499 4860 qui
1552 4806 1681 4847 vero
1717 4788 1982 4861 fugiebat,
2026 4794 2175 4864 prius

611 4882 785 4938 veniet
818 4882 871 4935 in
916 4881 1192 4935 civitatem
1237 4882 1431 4952 Angre;
1480 4883 1605 4936 inde
1632 4898 1763 4938 vero
1794 4884 1960 4939 alium
2008 4886 2062 4939 in
2104 4886 2176 4940 lo-

608 4990 731 5030 cum
780 4973 1190 5045 commigrabit;
1244 4974 1421 5041 ibique
1491 4974 1863 5047 defatigatus,
1924 4978 2175 5033 sarcinas

610 5075 771 5133 ponet
799 5079 925 5120 suas
956 5081 969 5117 :
1006 5066 1201 5129 deinde
1234 5065 1398 5119 istinc
1438 5066 1543 5119 alio
1594 5068 1867 5133 transibit,
1904 5069 2045 5121 unde
2079 5084 2174 5123 ve-

610 5158 722 5211 niet
752 5157 805 5209 in
835 5157 1021 5211 urbem
1045 5172 1206 5227 quam
1245 5168 1445 5211 vocant
1476 5155 1655 5212 Saulis
1686 5176 1700 5212 :
1733 5170 1911 5228 postea
1945 5174 2076 5214 vero
2117 5163 2168 5214 iu

616 5250 777 5302 alium
805 5251 978 5307 locum
1011 5270 1026 5307 :
1055 5264 1218 5323 atque
1248 5256 1327 5309 sic
1356 5255 1584 5324 turpiter
1606 5255 1671 5309 de
1702 5256 1878 5310 medio
1918 5254 2169 5319 tolletur;

612 5354 709 5391 vos
736 5352 912 5394 autem
936 5342 1371 5408 consolabimini,
1391 5352 1441 5396 et
1464 5343 1711 5397 solatium
1734 5345 2033 5413 accipietis,
2067 5360 2169 5399 nou

611 5432 839 5499 amplius
883 5434 1224 5503 Assyriorum
1269 5436 1400 5505 jugo
1430 5436 1649 5490 subditi.
1682 5434 1752 5490 Ut
1797 5439 1941 5491 enim
1992 5439 2059 5491 ab
2089 5438 2172 5491 in-

611 5533 836 5591 gruente
869 5524 1062 5593 illaque
1106 5526 1256 5579 brevi
1292 5528 1639 5596 correptione
1681 5543 1785 5581 non
1820 5528 2047 5598 fugiant,
2075 5530 2167 5582 sed

611 5626 981 5681 permaneant,
1035 5634 1054 5667 ι
1079 5615 1465 5682 Consolamini,
1496 5638 1514 5670 ι
1558 5620 1655 5685 ait,
1707 5637 1725 5670 ι
1759 5620 1921 5673 tiliam
1954 5619 2112 5689 Sion,
2147 5639 2164 5671 ι

609 5704 857 5759 videlicet
893 5707 1220 5763 habitatores
1251 5709 1575 5766 Jerusalem.

606 5794 1034 5869 επελευσομένην
1086 5800 1349 5865 παιδείαν,
1400 5819 1417 5851 ι
1470 5799 1875 5870 Παρακαλεῖτε,

635 5884 922 5959 Ιερουσαλή
930 5904 987 5957 μ.

2285 4704 2488 4774 ἰσχύοςο
2532 4708 2627 4777 καὶ
2658 4708 2708 4761 οἱ
2735 4708 2929 4779 ὑψηλοὶ
2956 4712 3023 4781 τῇ
3052 4710 3211 4781 ὕϐρει
3258 4714 3728 4787 συντριϐήσονται,
3766 4720 3867 4774 καὶ

2279 4798 2795 4871 ταπεινωθήσονται.
2828 4819 2846 4851 ι
2875 4802 2947 4854 Σὺ
2984 4802 3082 4872 μὲν
3108 4798 3223 4869 οῦν,
3264 4806 3427 4877 φησὶν
3452 4806 3586 4879 πρὸς
3618 4806 3709 4861 τὸν
3732 4808 3869 4865 λαὸν

2279 4888 2464 4952 αὐτοῦ,
2505 4890 2604 4962 έσῃ
2636 4890 2922 4963 ἐλεύθερος
2951 4894 3044 4947 καὶ
3070 4896 3270 4959 παντὸς
3299 4896 3720 4969 ἀπηλλαγμένος
3765 4902 3869 4971 φό-

2278 4979 2405 5033 ϐουο
2439 4984 2467 5034 ὸ
2502 4982 2558 5035 δὲ
2598 4983 2837 5052 φεύγων,
2874 4983 3137 5056 πρότερον
3175 4987 3275 5058 μὲν
3303 4988 3426 5058 ἣξει
3459 4992 3539 5053 είς
3568 4990 3670 5061 τὴν
3703 4991 3865 5047 πόλιν

2288 5071 2478 5139 Ἀγγαί
2499 5089 2510 5101 ·
2553 5068 2671 5126 εἶτα
2702 5073 2911 5126 ἐκεῖθεν
2934 5076 3327 5147 παρελεύσεται
3348 5080 3428 5143 είς
3455 5081 3640 5151 ἕτερον
3666 5082 3861 5150 τόπον,

2277 5166 2369 5217 καὶ
2390 5164 2693 5235 ἀποκαμὼν
2742 5167 2974 5220 ἐνταῦθα
3007 5170 3074 5221 τὰ
3100 5170 3267 5241 σκεύη
3288 5170 3455 5224 αὑτοῦ
3485 5173 3824 5244 ἀποϐήσεται
3843 5193 3859 5207 ο

2276 5253 2463 5308 ἔπειτα
2495 5257 2811 5327 διαϐήσεται
2867 5260 3114 5314 ἐντεῦθεν
3157 5262 3421 5333 ἀλλαχοῦ·
3473 5264 3728 5319 κάκεῖθεν
3774 5272 3863 5333 είς

2275 5348 2373 5418 τὴν
2418 5350 2755 5421 καλουμένην
2814 5353 2966 5405 πόλιν
3010 5354 3210 5407 Σαούλ·
3251 5351 3369 5409 εἶτα
3410 5359 3489 5420 είς
3544 5359 3730 5430 ἕτερον
3765 5363 3862 5415 τύ-

2278 5457 2407 5492 πον·
2466 5444 2559 5494 καὶ
2618 5442 2791 5507 οὓτως
2846 5444 3195 5516 ἀσχημονῶν,
3257 5449 3471 5519 ἀφανής
3527 5452 3859 5520 γενήσεται·

2277 5531 2429 5600 ὑμεῖς
2453 5534 2509 5586 δὲ
2532 5535 3079 5607 παρακαληθήσεσθε,
3099 5540 3193 5591 καὶ
3209 5540 3561 5611 παραμυθίας
3573 5543 3859 5610 τεύξεσθε,

2278 5626 2471 5695 μηκέτι
2514 5629 2862 5699 ὑποκείμενοι
2898 5629 2977 5700 τῷ
2997 5629 3145 5700 ζυγῷ
3178 5632 3284 5683 τῶν
3324 5632 3643 5704 Ἀσσυρίων.
3684 5636 3859 5709 ’Υπὲρ

2275 5715 2379 5787 γὰρ
2406 5718 2501 5771 τοῦ
2537 5720 2611 5791 μὴ
2647 5720 2869 5789 φεύγειν
2903 5724 2996 5777 καὶ
3030 5727 3318 5797 καρτερεῖν
3349 5726 3449 5797 τὴν
3484 5726 3622 5797 πρὸς
3670 5727 3859 5797 ὀλίγον

1926 5820 1942 5849 ι
1993 5802 2159 5872 φησι,
2207 5820 2226 5855 ι
2260 5805 2361 5875 τὴν
2395 5807 2666 5879 θυγατέρα
2731 5812 2888 5877 Σιὼν,
2921 5831 2938 5864 ι
3007 5814 3207 5886 δηλαδὴ
3238 5815 3365 5879 τοὺς
3403 5817 3750 5886 ἐνοικοῦντας
3788 5826 3857 5895 τῇ
