4042 6406
1151 346 1650 407 ΟΟΜΠΕΝΤΑΒΙΑ
1696 345 1766 403 ΙΝ
1806 344 2060 402 18Ᾱ1ΑΜ.
2104 379 2170 388 -
2209 343 2363 401 CAP.
2406 343 2500 401 XI.

3386 343 3492 399 I70

281 482 303 517 ε
342 464 451 518 Kal
482 464 778 523 πεσοῦνται
811 468 859 520 oi
900 467 1095 539 ὑψηλοὶ
1136 465 1411 539 μαχαίρᾳο
1448 469 1478 521 ὁ
1510 466 1568 521 δέ
1617 465 1788 521 Λίϐα-

1967 459 2130 517 Vsus.
2162 460 2253 516 δι.
2291 477 2310 512 ι
2339 459 2403 515 Et
2464 436 2659 514 cadent
2703 460 2903 513 excelsi
2953 456 3129 529 gladio
3210 497 3223 511 .
3250 455 3491 517 Libanns

203 573 293 623 νος
316 558 415 612 σὺν
450 560 556 623 τοῖς
594 558 819 630 ὑψηλοῖς
859 561 1127 615 πεσεῖται.
1164 578 1184 612 ι
1217 560 1360 633 Ὅρα
1391 559 1450 613 δέ
1482 576 1602 630 μοι,
1633 559 1796 621 ὅσους

203 648 297 702 καὶ
324 647 520 713 ὁσάκις
560 648 799 721 ὑψηλοὺς
825 648 1145 721 ὠνόμασεν·
1178 642 1253 702 ὦν
1298 649 1359 702 τὺ
1398 648 1657 720 σύστημα
1712 646 1795 717 τῷ

199 738 447 811 Λιϐάνῳ,
483 740 577 794 καὶ
606 741 730 805 ταῖς
760 741 819 795 ἐν
842 739 994 811 αὐτῷ
1020 739 1385 811 ὑψηλοτάταις
1408 739 1626 811 κέδροις
1683 739 1793 807 ἀφ-

196 835 399 903 ομοιοῖ.
418 832 511 886 Διὸ
536 832 751 905 εἴρηται
772 831 1037 904 ἀλλαχοῦ·
1076 851 1097 884 ι
1128 828 1283 886 Εἶδον
1300 832 1393 886 τὸν
1421 832 1594 903 ἀσεϐῆ
1624 830 1797 902 ὕπερ-

199 924 508 999 υψούμενον
583 924 678 978 καὶ
748 925 1108 997 ἐπαιρόμενον
1145 924 1223 989 ὠς
1276 924 1378 988 τὰς
1434 923 1658 994 κίδρους
1698 922 1795 977 τοῦ

194 1016 477 1072 Διϐὡνωο
529 1033 549 1069 t
582 1016 678 1070 καὶ
730 1016 789 1069 ἐν
834 1016 1007 1087 ἑτέρῳ
1053 1015 1254 1070 πάλινο
1297 1035 1317 1068 t
1371 1015 1528 1087 Φωνὴ
1583 1013 1795 1088 Κυρίου

195 1105 586 1179 συντρίϐοντος
637 1106 887 1178 κέδρους,
940 1108 1037 1161 καὶ
1090 1105 1368 1176 συντρίϐει
1417 1105 1625 1178 Κύριος
1695 1104 1798 1169 τάς

195 1197 430 1272 nam
476 1195 572 1251 τοῦ
614 1198 882 1252 Λιϐάνου⁸
934 1200 1031 1253 καὶ
1060 1199 1315 1265 λεπτυνεῖ
1357 1196 1530 1263 αὐτάς
1572 1196 1650 1262 ὡς
1701 1196 1795 1251 τὸν

196 1292 411 1363 μόσχον
435 1289 529 1345 τὸν
554 1287 803 1345 Λίϐανον.
846 1309 867 1342 ι

728 1381 1130 1436 ΚΕΦΔΛΔΙΟΝ
1167 1382 1272 1436 1Δ’.

275 1494 297 1528 ε
337 1475 458 1529 Kal
507 1473 850 1541 ἐξελεύσεται
894 1474 1088 1545 ῥάϐδος
1117 1474 1183 1527 ἐκ
1226 1472 1326 1545 τῆς
1360 1471 1519 1545 ῥίζης
1562 1470 1791 1537 Ἰεσσαὶ,

195 1565 295 1621 καὶ
351 1564 520 1629 ἀνθος
578 1565 645 1619 ἐκ
693 1565 795 1635 τῆς
845 1563 1003 1637 ῥίζης
1054 1563 1407 1635 ἀναϐήσεται.
1456 1583 1476 1616 ι
1523 1563 1649 1627 Πῶς
1683 1563 1795 1617 τῶν

195 1655 626 1729 προειρημένων
661 1655 919 1709 ἁπάντων
952 1654 1106 1708 [erat
1144 1654 1405 1726 συντριϐὴ
1437 1652 1534 1707 καὶ
1561 1653 1791 1718 πτῶσις,

1899 561 2085 608 autem
2120 565 2242 606 cum
2274 549 2504 607 excelsis
2537 551 2719 604 cadet.
2749 570 2771 602 ι
2811 548 2945 603 Vide
2972 548 3106 603 mihi
3153 562 3317 620 quam
3344 564 3490 619 saepe

1896 653 1951 698 et
1983 637 2199 713 quoties
2224 641 2476 697 excelsos
2508 641 2775 705 nominet,
2803 654 3036 711 quorum
3068 649 3274 700 emtum
3318 639 3489 696 Liba-

1900 749 1971 789 no
1991 742 2048 790 et
2072 733 2193 801 ejus
2214 731 2495 787 altissimis
2521 732 2703 787 cedria
2718 716 2966 787 similem
2996 730 3150 787 dicit.
3192 729 3377 798 Quare
3403 730 3491 785 dl-

1898 836 2047 883 ctum
2098 833 2183 882 est
2234 824 2363 880 alibi
2390 825 2477 879 “:
2513 842 2532 876 ι
2564 821 2686 878 Vidi
2725 822 2948 893 impium
2982 821 3487 893 superexaltatum,

1896 926 1953 973 et
1998 917 2266 973 elevatum
2318 916 2461 971 sicut
2508 915 2703 970 eedros
2752 911 2981 979 Libani;
3010 931 3031 966 ι
3096 921 3153 969 et
3196 911 3333 968 alias
3385 911 3492 967 ite-

1899 1024 2018 1065 rum
2039 1008 2087 1041 ⁸³
2116 1023 2131 1059 :
2166 1026 2185 1059 ε
2225 1005 2344 1062 Vox
2369 1006 2580 1063 Domini
2610 1004 3009 1079 confringentis
3039 1004 3256 1072 cedrus,
3282 1012 3339 1058 et
3368 1017 3497 1059 con-

1898 1097 2091 1170 fringit
2144 1096 2402 1153 Dominus
2434 1096 2630 1152 cedros
2662 1094 2855 1151 Libani
2887 1111 2901 1149 :
2932 1103 2989 1151 et
3020 1093 3358 1151 comminuet
3395 1104 3495 1148 eas

1898 1196 2157 1261 tanquam
2183 1189 2409 1244 vitulum
2437 1186 2725 1247 Libanum.
2754 1206 2775 1241 ι

2517 1372 2754 1430 CAPUT
2791 1371 2885 1429 XI.

1972 1465 2139 1523 Vsus.
2157 1467 2211 1523 i.
2254 1485 2274 1520 ι
2306 1466 2374 1523 Et
2397 1466 2712 1536 egredietur
2733 1466 2883 1537 virga
2907 1465 2978 1522 de
3012 1466 3199 1522 radice
3219 1466 3411 1536 Jessm,
3440 1477 3501 1528 et

1896 1556 1997 1614 ﬂos
2043 1560 2110 1616 de
2157 1561 2344 1616 radice
2395 1560 2679 1614 ascendet.
2703 1577 2722 1611 ι
2760 1556 2882 1625 Quo
2906 1567 3067 1628 pacto
3099 1559 3495 1629 praedictorum

1898 1653 2145 1708 omnium
2174 1652 2437 1708 contritio
2466 1659 2522 1706 et
2555 1650 2710 1705 ruina
2752 1649 2935 1705 futura
2972 1650 3045 1706 sit
3087 1650 3287 1707 deinde
3324 1651 3501 1707 decla-

197 1748 542 1820 παρίστησιν
585 1746 745 1817 ἑξῆς,
793 1748 857 1801 ὲκ
904 1745 1063 1818 ῥίζης
1116 1746 1317 1801 Ἰεσσαὶ
1365 1744 1793 1818 προελεύσεσθαι

1909 1752 2026 1806 rat;
2058 1757 2122 1797 ex
2157 1741 2351 1796 radice
2396 1740 2565 1797 Jessa:
2600 1740 2937 1811 prodituram
2968 1741 3175 1812 virgam
3208 1756 3333 1798 esse
3362 1742 3500 1798 vati-

200 1808 405 1893 ὀάϐδον
431 1808 741 1903 θεσπίζωνί
772 1808 1136 1909 ἥτις-ῥάϐδος,
1166 1835 1377 1901 πάντας
1400 1808 1525 1902 τοὺς
1560 1836 1798 1908 ὑψηλοὺς

1909 1833 2099 1889 cinans
2130 1853 2143 1890 :
2174 1849 2295 1905 qua:
2319 1833 2468 1905 virga
2506 1808 2701 1889 omnes
2741 1832 3004 1890 sublimes
3039 1808 3288 1890 conteret
3318 1845 3374 1891 et
3399 1836 3499 1890 bu-

198 1928 567 2002 συντρίψασα,
630 1928 984 1983 ταπεινώσει.
1036 1928 1128 1982 Διὸ
1184 1927 1585 1998 ἐπισυνῆπταιο
1627 1946 1646 1979 ι
1690 1926 1799 1980 Kal

198 2018 554 2089 ἐξελεύσεται
590 2020 790 2094 ῥάϐδος
814 2021 880 2074 ἐκ
911 2020 1012 2090 τῆς
1053 2019 1210 2091 ῥίζης
1250 2020 1470 2073 Ἰεσσαί.
1506 2039 1524 2072 ι
1573 2019 1721 2073 ’Δντὶ
1740 2018 1799 2074 δέ

195 2110 319 2177 τοῦ,
362 2132 383 2165 ε
421 2114 489 2167 ἐκ
518 2112 618 2185 τῆς
647 2112 826 2185 ῥίζης,
859 2131 879 2165 ι
906 2140 976 2151 --
1009 2129 1029 2163 ι
1067 2111 1178 2166 ἀπὸ
1202 2111 1451 2183 κορμοῦ»
1491 2110 1800 2184 συμφώνως

196 2204 564 2275 ήρμήνευσαν
610 2205 658 2256 oi
689 2202 887 2257 λοιποί.
934 2202 1046 2255 Καὶ
1089 2200 1201 2274 γὰρ
1248 2196 1317 2271 ἦν
1351 2203 1385 2273 η
1434 2202 1576 2274 φυλὴ
1629 2203 1726 2257 καὶ
1764 2204 1800 2275 ὴ

199 2293 416 2363 πατριὰ
445 2293 505 2361 ἐξ
527 2289 596 2366 ἧς
618 2292 891 2366 προῆλθεν
914 2294 944 2347 ὀ
974 2292 1186 2365 Σωτὴρ,
1222 2292 1409 2362 ὥσπερ
1440 2310 1527 2357 τις
1558 2292 1798 2365 κορμὺς,

201 2388 410 2460 μηκέτι
452 2388 683 2452 κλάδους
725 2387 887 2458 ἔχων,
924 2387 1012 2441 διά
1052 2386 1115 2440 τὸ
1147 2386 1519 2441 ἐκλελοιπέναι
1556 2389 1685 2452 τοὺς
1736 2388 1801 2441 ἐκ

196 2480 461 2551 διαδοχῆς
517 2480 682 2535 Δαυῒδ
716 2480 969 2551 βασιλέας
1022 2480 1157 2552 μετά
1207 2481 1307 2552 τὴν
1362 2482 1444 2545 είς
1491 2479 1791 2534 Βαϐυλῶνα

198 2572 619 2643 αίχμαλωσίαψ
665 2572 747 2625 διό
797 2590 884 2644 μοι
940 2572 1087 2625 δοκεῖ
1117 2572 1324 2643 κορμὸς
1368 2570 1685 2642 ὠνομάσθαι
1740 2570 1804 2624 τὸ

197 2665 345 2719 κατά
380 2664 563 2736 σάρκα
594 2663 753 2734 γένος
768 2664 862 2718 τοῦ
879 2662 1065 2727 Δαυῒδ,
1092 2656 1154 2717 οῦ
1172 2666 1201 2717 ὁ
1217 2662 1402 2735 πατὴρ
1426 2658 1493 2735 ἦν
1521 2665 1549 2717 ὁ
1582 2661 1800 2717 Ἰεσσαί.

200 2755 311 2819 ἰῖδν
358 2758 558 2829 χρόνον
599 2758 782 2812 τοίνυν
836 2756 958 2810 καθ’
989 2756 1062 2809 δν.
1096 2756 1165 2811 τὰ
1216 2756 1595 2829 προειρημένα
1625 2754 1801 2820 ἐσται,

199 2846 499 2918 παριστὰς,
554 2849 812 2903 συνάπτει
846 2848 942 2919 τὴν
968 2850 1049 2912 είς
1075 2847 1399 2919 ἀνθρώπους
1433 2848 1667 2919 πάροδον
1705 2847 1802 2901 τοῦ

199 2937 444 3011 Χριστοῦ
482 2938 693 3010 σφόδρα
731 2938 1025 3010 εὐκαίρως.
1086 2938 1303 3010 Ἐπειδή
1342 2937 1454 3010 γὰρ
1488 2936 1807 3009 προεδίδαξε

197 3028 288 3083 διὰ
322 3028 436 3083 τῶν
467 3028 781 3101 εμπροσθεν
818 3029 887 3083 τὰ
921 3030 1053 3103 περὶ
1076 3030 1180 3101 τῆς
1213 3032 1278 3083 ἐκ
1298 3028 1578 3102 Παρθένου
1613 3030 1809 3099 γεννή-

201 3136 363 3184 σεως.
386 3120 491 3184 τάς
515 3137 574 3174 τε
598 3120 923 3192 ἐπωνύμους
946 3120 1318 3193 προσηγορίας
1350 3119 1459 3175 τῶν
1484 3120 1805 3192 ἐπινοουμέ-
1832 3157 1875 3217 c

202 3231 312 3267 νων
341 3214 402 3265 ἐν
420 3212 571 3284 αὐτῷ
597 3212 902 3284 δυνάμεων,
933 3211 1246 3277 ἀκολούθως
1282 3213 1375 3267 ἐπὶ
1395 3212 1489 3266 τοῦ
1511 3212 1800 3282 παρόντος,

201 3300 265 3369 ἐξ
304 3303 499 3357 ὁποίου
532 3303 743 3372 γένους,
788 3305 883 3358 καὶ
938 3304 1100 3368 ποίας
1147 3304 1326 3375 φυλῆς
1385 3305 1802 3377 προελεύσεται,

198 3392 369 3448 ὁποῖά
400 3410 462 3446 τε
492 3393 831 3466 κατορθώσει
866 3397 899 3467 ἡ
938 3396 1020 3459 είς
1070 3394 1397 3467 ἀνθρώπους
1453 3397 1619 3451 αὑτοῦ
1660 3399 1804 3469 πάρ-

200 3485 348 3549 οδος,
383 3488 794 3557 προαναφωνεῖ.

283 3599 306 3633 ε
350 3580 465 3634 Kal
503 3579 880 3634 ἀναπαύσεται
911 3581 1000 3634 ἐπ’
1025 3580 1193 3636 αὑτὸν
1232 3579 1463 3654 Πνεῦμα
1501 3580 1597 3635 τοῦ
1641 3581 1801 3645 Θεοῦ,

203 3672 434 3745 πνεῦμα
483 3671 677 3742 σοφίας
727 3672 822 3726 καὶ
873 3673 1163 3738 συνέσεως,
1216 3673 1439 3743 πνεῦμα
1480 3674 1674 3745 βουλῆς
1709 3675 1806 3729 καὶ

207 3764 420 3838 ἰσχύος,
465 3765 687 3837 πνεῦμα
717 3764 976 3833 γνώσεως
1018 3766 1116 3819 καὶ
1160 3766 1476 3831 εὐσεϐείας·
1529 3768 1806 3839 ἐμπλήσει

203 3858 375 3911 αὐτὸν
395 3855 618 3926 πνεῦμα
646 3855 815 3926 φόϐου
840 3854 998 3911 Θεοῦ.
1018 3857 1095 3911 Οὐ
1113 3858 1255 3912 κατά
1279 3857 1377 3929 την
1405 3857 1563 3925 δόξαν
1590 3858 1802 3931 κρινεῖ,

203 3948 330 4004 οὐδὲ
357 3950 503 4003 κατά
539 3950 641 4020 τὴν
684 3946 876 4001 λαλιὰν
911 3947 1139 4017 ἐλέγξει.
1181 3967 1200 4001 ι
1230 3948 1458 4021 Εῦροιεν
1500 3949 1610 4023 γάρ
1645 3951 1711 4005 ἂν
1752 3951 1804 4004 οί

204 4038 459 4103 θέλοντες
476 4040 628 4102 ὅπως
644 4040 672 4092 ὁ
698 4039 890 4112 Σωτὴρ
913 4039 1073 4110 ἡμῶν
1102 4041 1197 4093 καὶ
1222 4039 1427 4113 Κύριος
1453 4040 1513 4094 οὑ
1541 4041 1683 4095 κατὰ
1706 4042 1805 4114 τὴν

202 4130 367 4195 δόξαν
394 4130 601 4202 ἔκρινε.
628 4129 874 4203 Μηδενὸς
894 4129 1005 4201 γὰρ
1022 4129 1313 4201 πρόσωπον
1339 4130 1634 4202 λαμϐάνων
1665 4131 1801 4203 (16),

205 4221 412 4295 ῆλιγχε
439 4223 537 4276 σὺν
560 4222 848 4295 παρῥησίᾳ
876 4221 1046 4293 πολλῇ
1080 4220 1210 4275 ποτέ
1248 4221 1348 4292 μὲν
1378 4223 1507 4286 τοὺς
1530 4240 1770 4295 γραμμα

200 4318 320 4378 τετς
346 4315 443 4368 καὶ
465 4314 817 4386 Φαρισαίους,
852 4314 983 4367 πστέ
1015 4314 1073 4368 δὲ
1099 4314 1227 4378 τοὺς
1260 4315 1538 4388 ἀρχιερεῖς
1558 4316 1704 4370 ἔνδον
1742 4318 1802 4372 ἐν

201 4407 285 4478 τῷ
322 4405 458 4476 ναῷ,
484 4400 567 4470 οἷς
612 4407 707 4461 καὶ
761 4406 978 4475 ἔλεγεν·
1014 4426 1033 4460 t
1082 4406 1404 4479 Ἀρθήσεται
1445 4409 1538 4477 ἀφ’
1561 4409 1719 4481 ὑμῶν
1765 4412 1800 4482 ή

205 4500 483 4571 βασιλεία,
511 4499 607 4553 καὶ
630 4498 915 4571 δοθήσεται
942 4498 1085 4553 ἐθνει
1122 4498 1367 4554 ποιοῦντι
1392 4501 1519 4565 τοὺς
1550 4502 1800 4573 καρποὺς
1837 4526 1877 4579 ο

205 4592 399 4663 αὐτῆς.
444 4610 465 4643 ι
513 4591 789 4645 ’Δλλ⁹οὐδὲ
809 4591 951 4645 κατά
976 4592 1075 4662 τὴν
1104 4591 1294 4645 λαλιὰν
1322 4592 1554 4663 ῆλεγχεν
1572 4608 1587 4624 ⁸
1616 4594 1667 4645 οἱ
1702 4594 1802 4664 μὲν

203 4681 318 4753 γάρ
350 4682 662 4754 προσῄεσαν
680 4682 833 4754 αὐτῷ
860 4682 1111 4753 λέγοντες
1130 4701 1144 4714 ·
1178 4702 1197 4734 ι
1227 4682 1547 4749 Διδάσκαλε,
1570 4684 1794 4755 οἴδαμεν

204 4772 289 4827 ὅτι
329 4772 539 4843 ἀληθὴς
571 4768 643 4836 εί,
678 4792 696 4824 ι
738 4772 832 4826 καὶ
855 4773 924 4826 τὰ
948 4771 1091 4843 ἑξῆς.
1134 4773 1195 4827 '0
1219 4772 1276 4827 δὲ
1308 4774 1369 4827 ού
1402 4774 1546 4827 κατὰ
1574 4773 1674 4845 τὴν
1700 4774 1797 4828 λα-

203 4862 328 4918 λιὰν
358 4864 541 4917 αὐτῶν
570 4864 769 4935 ηλεγχε
790 4881 804 4895 ’
837 4864 917 4917 διὸ
954 4863 1113 4929 είδὼς
1146 4865 1246 4929 τὰς
1279 4866 1545 4939 πονηρίας
1590 4866 1793 4932 αὐτῶν,

203 4956 390 5025 ελεγε·
424 4974 443 5006 ι
481 4956 547 5009 Τί
583 4974 650 5027 με
680 4955 991 5029 πειράζετε,
1025 4956 1352 5029 ὑποκριταί;
1384 4978 1403 5009 ι

279 5154 301 5188 ε
343 5133 511 5189 ’Λλλά
545 5138 724 5208 κρινεῖ
768 5134 1013 5207 ταπεινῷ
1040 5135 1244 5208 κρίσιν,
1285 5138 1379 5191 καὶ
1410 5137 1623 5207 ἐλέγξει
1674 5140 1801 5203 τοὺς

203 5228 495 5290 ταπεινοὺς
518 5225 618 5298 τῆς
640 5226 768 5297 γῆς,
791 5228 885 5281 καὶ
914 5224 1148 5292 πατάξει
1178 5226 1277 5300 τὴν
1301 5228 1406 5298 γῆν
1438 5227 1517 5300 τῷ
1544 5229 1688 5301 λόγῳ
1708 5229 1803 5284 τοῦ

205 5317 479 5387 στόματος
506 5316 697 5371 αὑτοῦ.
745 5335 766 5368 ι
808 5317 1044 5388 Νοήσιις
1071 5318 1127 5371 δὲ
1156 5318 1239 5381 τὸ,
1278 5338 1296 5370 t
1332 5320 1571 5385 Πατάξει
1594 5323 1695 5392 γῆν
1726 5321 1807 5393 τῷ

202 5406 349 5479 λόγῳ
389 5406 485 5461 τοῦ
520 5407 789 5478 στόματος
820 5406 1010 5473 αὑτοῦ,
1060 5426 1080 5460 t
1126 5408 1223 5462 καὶ
1254 5407 1450 5473 άλλως,
1498 5411 1807 5475 ἐπακούσας

1905 1924 2160 1981 miliabit.
2213 1925 2395 1992 Quare
2448 1923 2678 1981 subdit:
2714 1942 2733 1975 t
2766 1924 2833 1980 Et
2884 1926 3202 1998 egredietur
3233 1926 3390 1999 virga
3432 1927 3499 1983 de

1904 2017 2087 2073 radice
2120 2016 2309 2072 Jessae.
2345 2036 2364 2073 ι
2405 2016 2511 2072 Pro
2547 2017 2641 2073 illo
2682 2028 2884 2082 autem,
2920 2037 2941 2071 ι
2997 2019 3065 2075 de
3122 2020 3329 2085 radice.
3354 2040 3375 2075 ι
3409 2036 3498 2076 τερ

1902 2109 2038 2180 liqui
2102 2124 2295 2165 omnes
2353 2109 2706 2181 interpretes,
2761 2125 2838 2165 ta
2876 2121 3123 2168 trunco:
3191 2123 3499 2170 verterunt.

1904 2201 2124 2258 Etenim
2175 2203 2352 2259 tribus
2396 2212 2453 2258 et
2498 2201 2727 2268 familia,
2762 2218 2830 2258 ex
2854 2218 2961 2275 qua
2994 2204 3248 2261 Salvator
3270 2206 3497 2276 prodiit,

1906 2306 2005 2348 ceu
2041 2292 2264 2363 quidam
2302 2304 2528 2350 truncus
2556 2303 2674 2349 erat
2736 2295 2823 2364 qui
2855 2297 3093 2350 nondum
3137 2310 3322 2353 ramos
3363 2298 3501 2352 emi-

1908 2394 2081 2449 serat,
2114 2385 2241 2454 quia
2270 2394 2392 2455 post
2443 2387 2823 2456 captivitatem
2854 2386 2906 2441 in
2931 2386 3233 2459 Babylone,
3264 2402 3334 2444 ex
3368 2404 3500 2445 sur.-

1904 2476 2158 2531 cessione
2215 2477 2436 2533 Davidis
2484 2493 2645 2549 reges
2697 2476 3054 2545 defecerant;
3114 2478 3241 2534 ideo
3283 2478 3501 2535 videtur

1908 2566 2042 2621 mihi
2082 2578 2310 2623 truncus
2339 2568 2524 2623 vocari
2573 2584 2747 2639 genus
2798 2568 3023 2624 Davidis
3049 2570 3357 2625 secundum
3385 2585 3501 2626 car-

1906 2672 2053 2722 nem,
2085 2658 2241 2729 cujus
2282 2668 2440 2729 pater
2468 2669 2588 2714 erat
2629 2658 2822 2716 Jessm.
2873 2659 3111 2731 Tempus
3168 2660 3355 2732 itaque
3392 2676 3502 2731 quo

1913 2748 2001 2803 illa
2033 2751 2190 2820 prius
2222 2760 2527 2806 memorata
2585 2749 2763 2805 futura
2802 2760 2935 2806 sunt
2967 2751 3277 2818 declarans,
3310 2755 3503 2809 admo-

1914 2841 2043 2895 dum
2072 2851 2380 2911 opportune
2409 2842 2612 2897 Christi
2642 2843 2709 2897 ad
2752 2843 3002 2899 homines
3037 2844 3330 2899 adventum
3371 2843 3502 2899 sub-

1904 2933 2108 3005 jungit.
2136 2933 2273 3001 Quia
2320 2935 2466 2989 enim
2524 2935 2579 2988 in
2609 2935 3042 3004 praecedentibus
3070 2950 3135 2991 ea
3161 2950 3283 3005 qua:
3308 2937 3377 2991 ad
3408 2951 3500 2991 or-

1912 3035 2023 3080 tum
2051 3040 2116 3079 ex
2156 3025 2378 3098 Virgine
2423 3025 2748 3098 spectabant
2792 3026 3115 3093 edocuerat,
3145 3036 3311 3099 atque
3338 3042 3499 3085 vocao

1913 3119 2042 3173 bula
2078 3119 2449 3190 intelligibiles
2493 3120 2615 3191 ejus
2663 3120 2896 3175 virtutes
2925 3119 3224 3175 indicantia
3268 3122 3501 3192 promic-

1911 3219 2029 3278 rat;
2060 3220 2459 3283 consequenter
2486 3212 2541 3266 in
2573 3212 2827 3282 praesenti
2858 3226 2966 3283 quo
2995 3226 3063 3269 ex
3110 3226 3310 3283 genere
3338 3223 3394 3269 et
3428 3228 3501 3268 es

1910 3317 2015 3372 qua
2050 3304 2219 3368 tribu,
2256 3319 2378 3373 qua:
2433 3319 2600 3375 opera
2662 3305 2781 3374 ejus
2829 3306 2898 3359 ad
2954 3304 3207 3361 homines
3235 3308 3503 3362 adventus

1908 3396 2155 3451 editurus
2187 3399 2280 3465 sit,
2305 3400 2657 3468 praenuntiat.

1978 3579 2143 3636 Vsus.
2177 3582 2232 3647 2,
2265 3582 2319 3638 3.
2360 3601 2378 3635 ι
2410 3582 2473 3639 Et
2520 3584 2825 3653 requiescet
2881 3596 3044 3656 super
3088 3598 3215 3641 eum
3263 3584 3502 3656 Spiritus

1910 3673 2032 3741 Dei,
2085 3675 2311 3744 spiritus
2371 3676 2657 3742 sapientiae
2696 3688 2753 3732 et
2808 3677 3210 3748 intelligentiae,
3264 3677 3497 3747 spiritus

1908 3766 2125 3821 consilii
2153 3776 2207 3822 et
2242 3763 2602 3827 fortitudinis.
2632 3769 2857 3838 spiritus
2886 3769 3130 3825 scientia:
3166 3778 3223 3825 et
3256 3770 3503 3841 pietatis.

1908 3858 2160 3929 Replebit
2188 3874 2314 3914 eum
2365 3860 2592 3930 spiritus
2647 3862 2859 3918 timoris
2889 3859 3011 3916 Dei.
3049 3858 3167 3916 Non
3200 3860 3422 3917 secundi
3447 3877 3489 3915 η

1906 3951 2221 4020 Opinionem
2271 3949 2577 4015 iudicabit,
2630 3966 2809 4021 neque
2875 3953 3174 4006 secundum
3229 3950 3501 4022 loquelam

1906 4048 2168 4109 arguet.»
2220 4038 2407 4095 Cuivis
2464 4040 2667 4096 volenti
2729 4040 2892 4097 facile
2938 4050 3024 4098 est
3084 4043 3502 4113 deprehendere

1905 4145 2016 4199 quo
2044 4140 2204 4201 pacto
2229 4130 2489 4186 Salvator
2515 4141 2573 4187 et
2608 4132 2876 4188 Dominus
2909 4144 3119 4197 uoster,
3158 4150 3266 4191 non
3299 4149 3503 4190 secun-

1906 4222 2031 4277 dum
2062 4223 2377 4293 opinionem
2410 4222 2716 4293 judicabat.
2768 4224 2978 4281 Nullius
3030 4226 3175 4281 enim
3210 4242 3499 4299 personam

1904 4314 2204 4386 accipiens.
2238 4319 2400 4372 modo
2449 4316 2675 4373 Scribas
2716 4327 2771 4373 et
2822 4316 3157 4384 Pharisaeos,
3190 4334 3315 4374 mox
3350 4328 3502 4375 sitm-

1908 4421 2025 4461 mos
2050 4407 2339 4476 pontiliccs
2386 4408 2442 4463 is
2493 4410 2693 4478 templo
2728 4408 2961 4464 ﬁdenter
2990 4412 3277 4480 arguebat,
3301 4412 3501 4481 quibus

1906 4499 2070 4553 etiam
2130 4502 2246 4555 haec
2304 4501 2522 4556 dicebat
2557 4517 2570 4553 :
2609 4521 2625 4553 ι
2650 4502 2945 4558 Auferetur
2973 4519 3002 4557 a
3040 4504 3195 4559 vobis
3248 4520 3497 4575 regnum,

1910 4600 1967 4645 et
2000 4590 2220 4645 dabitur
2253 4593 2400 4663 genti
2440 4593 2663 4648 facienti
2724 4594 2940 4651 fructus
2966 4595 3083 4663 ejus
3102 4595 3167 4649 “.
3195 4614 3215 4649 ι
3250 4594 3357 4651 Sed
3396 4613 3497 4651 nec

1909 4685 2207 4739 secundum
2234 4683 2504 4753 loquelam
2536 4687 2803 4757 arguebat
2832 4704 2846 4742 :
2878 4703 3004 4742 nam
3045 4688 3138 4743 alii
3171 4690 3347 4759 ipsum
3383 4690 3499 4742 adi-

1905 4777 2037 4830 bant
2084 4776 2327 4832 dicentes
2385 4793 2401 4831 :
2464 4794 2484 4829 ι
2518 4777 2820 4847 Magister,
2874 4780 3083 4835 scimus
3135 4780 3263 4850 quia
3334 4794 3500 4834 verax

1906 4881 1966 4921 es
2006 4866 2076 4929 “,
2110 4884 2128 4918 ι
2163 4877 2272 4921 etc.
2307 4866 2401 4922 ille
2435 4883 2563 4922 vero
2615 4885 2721 4923 nun
2774 4872 3076 4925 secundum
3107 4870 3378 4941 loquelam
3407 4886 3500 4926 eo-

1908 4968 2026 5007 rum
2054 4957 2317 5025 argnebat
2344 4970 2359 5007 :
2392 4969 2565 5026 quare
2594 4973 2801 5028 gnarus
2854 4960 3081 5015 malitia:
3133 4974 3324 5015 eorum
3355 4960 3500 5016 dicc-

1910 5046 2047 5102 bat:
2083 5066 2102 5099 ι
2142 5047 2281 5113 Quid
2306 5063 2394 5104 me
2431 5052 2679 5115 tentatis,
2713 5053 3047 5120 hypocrita?
3077 5072 3096 5105 ι

1972 5135 2141 5211 Vsus,
2174 5138 2233 5193 ι.
2270 5157 2289 5192 ι
2320 5138 2429 5195 Sed
2464 5138 2735 5209 judicabit
2766 5140 2956 5196 humili
2994 5142 3292 5209 judicium,
3322 5152 3379 5197 et
3409 5158 3499 5195 ar-

1899 5239 2029 5301 guet
2062 5230 2296 5286 humiles
2329 5242 2508 5297 terrae,
2544 5242 2603 5287 et
2631 5235 2907 5302 percutiet
2934 5245 3137 5291 terram
3173 5234 3342 5289 verbo
3384 5235 3500 5288 oris

1901 5322 2011 5377 sui.
2042 5342 2061 5376 ι
2106 5322 2237 5377 lllnd
2277 5334 2486 5392 autem,
2550 5345 2569 5375 ι
2604 5326 2885 5383 Percutiet
2934 5337 3139 5384 terram
3185 5328 3351 5382 verbo
3384 5328 3497 5381 oris

1905 5416 2010 5475 sui.
2062 5434 2081 5469 ι
2140 5416 2429 5485 intelliges,
2476 5417 2523 5472 si
2582 5420 2777 5476 audias
2825 5434 2953 5476 eum
2998 5421 3126 5477 alibi
3192 5421 3494 5485 dicentem,

274 5522 324 5554 "
346 5519 494 5575 Psal.
554 5535 743 5585 xxxvi,
776 5519 867 5575 35.
946 5520 993 5552 "
1025 5518 1169 5575 Psal.
1214 5536 1411 5579 xxvm.
1449 5522 1503 5576 5.
1580 5523 1629 5554 “
1659 5524 1850 5581 Matth.
1880 5539 2000 5591 ιιι,
2036 5527 2124 5583 45.
2207 5530 2251 5561 ⁸⁵
2282 5527 2479 5584 Matth.
2514 5546 2653 5600 xm,
2684 5530 2768 5587 l6.

274 5641 392 5714 (16)
429 5639 791 5714 Hieronymus
816 5643 884 5697 ad
912 5642 1055 5697 hunc
1073 5642 1250 5697 locum
1274 5644 1353 5698 sic
1381 5641 1575 5702 Latine
1599 5646 1787 5703 Greca

209 5709 517 5785 transtulit,
552 5727 592 5785 t_
619 5709 827 5785 Nullius
865 5720 1010 5785 enim
1042 5728 1339 5785 personam
1387 5717 1587 5785 accipit
1617 5719 1667 5771 in
1693 5718 1788 5785 jn-

208 5786 352 5840 dicio
380 5800 395 5838 :
424 5784 523 5836 sed
560 5779 774 5835 Scribis
807 5792 861 5836 et
892 5779 1182 5839 Pharisaeis
1216 5800 1281 5842 ac
1315 5779 1655 5858 principibus
1693 5779 1786 5845 ἰο-

491 5875 770 5937 ΡΑτιιοι.
799 5878 919 5939 tia.
955 5879 1192 5945 XXIV.

1897 5652 2153 5720 quitur...
2227 5653 2508 5720 Auferen"
2562 5671 2595 5706 α
2651 5651 2819 5716 vobis,
2876 5668 2895 5703 ι
2957 5661 3013 5708 et
3076 5658 3313 5715 caetera,
3373 5660 3497 5719 quae

1898 5738 2035 5793 pene
2069 5725 2135 5779 ad
2167 5727 2396 5779 verbum
2427 5724 2518 5781 ille
2544 5723 2917 5790 proseuuitur.

3125 5890 3162 5948 ϐ
