4042 6464
586 396 680 450 ΠΙ

1247 390 1515 448 EUSEBII
1554 389 2027 448 CESARIENSIS
2064 389 2213 446 DPP.
2257 390 2438 446 PARS
2475 390 2562 448 III.
2603 423 2673 436 --
2711 389 3121 448 EXEGETICA.

3742 393 3849 449 m

586 538 605 569 ι
644 515 818 570 Nolite
850 520 1041 581 putare
1065 510 1207 581 quod
1235 512 1477 566 venerim
1510 525 1695 579 pacem
1739 511 1953 563 mittere
1982 524 2123 575 supe1

2247 511 2412 564 αὐτοῦ
2445 511 2715 579 λέγοντος,
2750 529 2769 562 ι
2799 511 2891 583 Μὴ
2924 512 3205 582 νομίσητε,
3244 512 3328 565 ὅτι
3360 506 3526 583 ἦλθον
3554 511 3740 584 βαλεῖν
3765 519 3847 570 si-

582 619 812 662 terram.
846 621 953 659 non
988 604 1107 658 veni
1140 618 1325 672 pacem
1355 604 1590 667 mittere,
1621 604 1715 658 sed
1750 603 1985 673 gladium
2018 603 2087 658 “.
2118 621 2138 655 ι

580 701 799 756 Gladius
826 709 1005 754 autem
1037 706 1159 752 erat
1185 697 1407 752 verbum
1440 696 1553 750 oris
1608 696 1744 764 ejus,
1794 711 1902 765 quo
1944 705 2142 750 terram

578 801 632 844 et
658 800 900 845 terrenos
948 803 1157 850 eorum,
1202 787 1293 857 qui
1326 788 1379 840 in
1407 786 1577 854 ipsum
1625 785 1991 851 crediderant,
2018 801 2143 841 sen-

578 897 672 938 sus
702 882 767 937 de
801 881 977 935 medio
1010 880 1247 935 tollebat.
1301 897 1321 930 ι
1351 878 1423 932 Et
1452 879 1505 932 in
1537 878 1729 946 spiritu
1758 893 1854 943 per
1891 878 2031 933 labia
2060 879 2143 932 in-

577 974 805 1027 terliciet
856 972 1097 1039 impium.
1140 988 1159 1021 ι
1204 967 1493 1021 Interllciet
1542 968 1793 1036 impium,
1841 968 2031 1022 atheos
2079 982 2145 1023 ac

577 1065 767 1134 impios
796 1064 1063 1117 daemones
1088 1061 1141 1114 in
1171 1058 1362 1129 spiritu
1402 1058 1687 1126 increpans
1707 1069 1762 1113 et
1795 1059 1987 1130 procul
2019 1059 2140 1114 abi-

575 1173 707 1228 gens
737 1158 901 1213 verbo
933 1171 1028 1224 per
1054 1154 1192 1207 labia
1226 1153 1395 1221 ipsius
1421 1150 1672 1219 prola‘to;
1720 1152 1793 1205 ita
1830 1162 1889 1206 ut
1921 1153 1992 1205 illi
2022 1151 2141 1206 cla-

575 1261 720 1306 ment
752 1262 806 1304 et
827 1249 1046 1309 .dicant,
1086 1266 1104 1298 ι
1137 1244 1273 1314 Quid
1297 1242 1451 1297 nobis
1493 1254 1549 1299 et
1587 1245 1708 1307 tibi,
1737 1244 1835 1299 Fili
1869 1244 2007 1298 Dei?
2051 1259 2141 1299 ve-

574 1342 700 1396 nisti
747 1349 874 1396 ante
932 1349 1142 1405 tempus
1172 1350 1423 1409 torqnere
1477 1351 1593 1391 nos.
1651 1334 1909 1389 Novimus
1938 1343 1990 1388 te
2016 1336 2138 1405 quis

568 1439 664 1502 sis,
695 1444 917 1490 sanctus
942 1433 1033 1488 Dei
1066 1433 1130 1486 ".
1162 1451 1180 1484 ι

639 1526 805 1583 Vsus.
836 1526 890 1581 5.
933 1544 952 1577 ι
978 1525 1041 1579 Ι·;ι
1083 1524 1186 1579 erit
1221 1522 1431 1593 justitia
1480 1522 1698 1576 cinctus
1730 1520 1941 1574 lumbos
1985 1533 2131 1583 suos,

566 1627 622 1675 et
656 1620 886 1674 veritate
916 1614 1335 1674 circumvolutus
1365 1615 1679 1669 latera-sua.
1716 1634 1734 1666 ι
1764 1612 2131 1678 Quemadmo-

568 1712 694 1765 dum
740 1708 882 1765 enim
928 1722 1019 1763 rex
1052 1722 1184 1761 zona
1225 1722 1411 1771 aurea,
1459 1715 1515 1761 et
1557 1705 1827 1775 lapidibus
1880 1704 2132 1772 pretiosis

566 1800 944 1871 praecingitur,
975 1799 1052 1855 sic
1092 1806 1145 1853 et
1184 1799 1232 1852 ei
1266 1799 1356 1867 qui
1410 1798 1460 1851 in
1504 1797 1781 1867 prophetia
1822 1795 1997 1850 fertur
2035 1810 2129 1848 zo-

2255 604 2422 674 ρήνην
2471 604 2563 656 ἐπὶ
2593 604 2690 674 τὴν
2719 602 2841 673 γῆν·
2877 607 2978 657 οὐκ
3008 599 3171 674 ἦλθον
3205 602 3386 674 βαλεῖν
3418 607 3666 678 εἰρήνην,
3706 609 3849 667 ἀλλά

2255 694 2547 764 μάχαιραν.
2587 713 2604 744 ι
2630 694 2887 765 Μάχαιρα
2911 693 2967 747 δὲ
2994 689 3063 764 ἦν
3090 696 3118 747 ὁ
3137 692 3294 763 λόγος
3317 693 3412 748 τοῦ
3444 697 3713 767 πόματος
3747 702 3848 755 αὐ-

2249 784 2365 849 τοῦ,
2394 782 2460 836 δι’
2483 776 2545 836 οῦ
2573 782 2671 855 τὴν
2704 784 2807 854 γῆν
2840 784 2934 837 καὶ
2953 783 3025 836 ’τά
3056 780 3233 857 γεώδη
3274 788 3602 859 φρονήματα
3628 790 3740 843 τῶν
3763 794 3849 855 είς

2248 874 2410 927 αὑτὸν
2448 875 2887 927 πεπιστευκότων
2915 874 3127 946 ἀνῄρει.
3168 893 3187 926 ι
3233 877 3343 929 Kal
3375 878 3433 930 ὲν
3461 878 3847 950 πνεύματιδιά

2248 966 2469 1037 χειλέων
2523 966 2700 1020 ἀνελεῖ
2742 966 2931 1037 ἀσεϐῆ.
2976 986 2995 1019 ι
3024 952 3247 1021 ”Δνελεῖ
3270 969 3451 1023 τοίνυν
3483 971 3679 1042 ἀσεϐῆ,
3727 978 3847 1037 τοῖς

2248 1056 2429 1121 ἀθέοις
2462 1058 2554 1110 καὶ
2580 1055 2799 1111 ἀσεϐέσι
2827 1057 3075 1135 δαίμοσιν
3108 1058 3380 1129 ἐπιτιμῶν
3426 1059 3507 1131 τῷ
3542 1062 3843 1133 πνεύματι,

2248 1150 2342 1201 καὶ
2370 1146 2586 1220 μακρὰν
2606 1146 2804 1211 αὐτοὺς
2827 1147 3068 1201 ἐλαύνων
3092 1147 3169 1218 τῷ
3188 1146 3279 1203 διὰ
3293 1149 3403 1202 τῶν
3421 1150 3647 1221 χειλέων
3671 1152 3845 1205 αὐτοῦ

2247 1240 2637 1311 προφερομένῳ
2666 1239 2827 1309 λόγῳ·
2864 1241 2940 1304 ὡς
2968 1238 3097 1310 βοᾷν
3134 1240 3331 1302 αὐτοὺς
3357 1242 3453 1294 καὶ
3484 1242 3683 1311 λέγειν·
3714 1261 3736 1294 ε
3776 1243 3844 1303 Τί

2244 1331 2375 1403 ἡμῖν
2409 1335 2504 1387 καὶ
2555 1334 2657 1399 σοὶ,
2694 1332 2790 1386 Υίὶ
2817 1332 2912 1385 τοῦ
2938 1331 3107 1396 Θεοῦ;
3155 1327 3319 1403 ἦλθες
3360 1333 3468 1404 πρὸ
3500 1334 3698 1407 καιροῦ
3744 1335 3845 1405 βα-

2246 1423 2459 1478 σανίσαι
2484 1426 2649 1506 ἡμᾶς.
2675 1425 2909 1496 Οῐδαμέν
2936 1441 2995 1477 σε
3022 1425 3106 1488 τίς
3139 1419 3207 1489 εἶ,
3242 1427 3270 1478 ὁ
3299 1424 3454 1493 ἅγιος
3485 1426 3581 1498 τοῦ
3608 1426 3777 1482 Θεοῦ.
3814 1445 3836 1480 ι

2319 1532 2338 1565 ι
2362 1517 2472 1570 Kal
2490 1516 2641 1570 ἔσται
2662 1515 2975 1588 δικαιοσύνῃ
2999 1516 3306 1588 ὲζωσμένος
3319 1517 3417 1589 τὴν
3448 1519 3622 1588 ὀσφὺν
3642 1519 3839 1607 αύτοῦ,

2241 1605 2334 1660 καὶ
2368 1607 2595 1678 ἀληθείᾳ
2619 1606 2903 1679 είλημιένος
2929 1607 3029 1672 τὰς
3069 1607 3310 1679 πλευρὰς
3348 1608 3539 1666 αὐτοῦ,
3571 1630 3590 1662 ι
3621 1605 3841 1682 Ὠσπερ

2239 1698 2348 1769 γὰρ
2382 1698 2635 1770 βασιλεὺς
2666 1699 2809 1773 ζώνῃ
2831 1702 3007 1771 χρυσῇ
3037 1701 3130 1753 καὶ
3150 1699 3316 1765 λίθοις
3351 1701 3669 1757 πολυτελέσι
3694 1702 3840 1769 ζών-

2238 1806 2415 1853 νυται,
2432 1790 2525 1845 τὸν
2548 1791 2709 1846 αὑτὸν
2724 1792 2925 1865 τρόπον
2954 1793 3050 1845 καὶ
3071 1791 3151 1863 τῷ
3170 1794 3636 1867 προφητεύομένῳ
3652 1793 3839 1868 ζώνην

568 1868 692 1949 nam
724 1894 966 1959 assignat
984 1889 1249 1960 justitiam
1283 1899 1338 1943 et
1359 1890 1668 1943 veritatem.
1691 1886 1785 1942 His
1806 1888 1933 1942 item
1968 1887 2123 1942 Verbi

2233 1881 2482 1953 ἀφορίζει
2511 1882 2609 1963 τὴν
2633 1883 2982 1955 δ’καιοσύνην
3024 1884 3119 1937 καὶ
3156 1885 3254 1957 τὴν
3279 1883 3557 1956 ἀλήθειαν.
3593 1886 3837 1941 Δυνατὸν

564 1985 737 2041 deitas
770 1984 989 2054 intelligi
1029 1980 1227 2053 petest.
1273 1983 1391 2053 Ipse
1417 1982 1613 2052 quippe
1651 1990 1771 2033 erat
1797 1979 2036 2047 justitia,
2070 1987 2130 2032 ut

564 2079 723 2135 docet
750 2077 1037 2147 Apostolus
1086 2076 1171 2131 his
1218 2077 1418 2139 verbis,
1466 2094 1484 2125 ‹
1513 2073 1611 2140 Qui
1646 2073 1821 2126 factus
1849 2082 1935 2126 est
1975 2071 2129 2126 nobis

564 2172 828 2240 sapientia
858 2186 887 2224 a
930 2168 1058 2227 Deo.
1094 2168 1299 2237 iustitia
1329 2179 1549 2235 quoque
1578 2173 1631 2218 et
1660 2162 2044 2223 sanctificatio,
2076 2170 2129 2214 et

563 2259 863 2329 redemptio
884 2258 950 2312 “.
980 2276 998 2309 ι
1040 2257 1155 2325 Ipse
1187 2268 1401 2325 quoque
1438 2252 1697 2307 Servator
1722 2252 1776 2305 in
1815 2250 2129 2321 Evangeliis

562 2348 763 2403 dixisse
779 2348 1055 2409 scribitur,
1081 2365 1099 2398 ι
1130 2344 1240 2415 Ego
1266 2360 1385 2397 sum
1406 2344 1519 2407 lux,
1537 2343 1808 2397 et'veritas
1824 2351 1879 2396 et
1896 2343 2000 2394 vita
2024 2342 2123 2394 θ’.»

561 2439 686 2494 Haec
733 2440 917 2510 igitur,
955 2438 1155 2492 veritas
1184 2436 1393 2492 scilicet
1427 2444 1483 2489 et
1518 2433 1731 2502 iustitia
1766 2433 1905 2503 ejus,
1936 2434 2027 2503 qui
2060 2449 2126 2487 ex

560 2532 741 2586 radice
786 2530 957 2586 Jessaa
997 2530 1318 2600 prodierat,_
1357 2526 1803 2597 constringebant
1852 2525 2026 2579 latera
2072 2534 2128 2579 et

560 2623 769 2678 lumbos
796 2625 850 2676 in
889 2622 1035 2691 regio
1073 2629 1127 2673 et
1172 2618 1394 2672 militari
1436 2617 1620 2672 habitu
1648 2659 1664 2684 ,
1702 2631 1951 2671 sermone
2012 2615 2128 2681 ejus

559 2728 746 2770 contra
774 2714 1013 2770 occultos
1034 2723 1087 2768 et
1128 2709 1426 2767 invisibiles
1462 2710 1643 2765 hostes
1677 2716 1994 2779 apparatum
2028 2706 2125 2761 de-

558 2809 818 2865 oiarantc.

627 2984 789 3041 Vsus.
823 2985 876 3040 6.
926 3004 944 3037 ι
974 2983 1041 3039 Et
1077 2984 1236 3040 simul
1290 2990 1475 3053 pascet
1523 2981 1679 3052 lupus
1705 2996 1828 3037 cum
1865 2994 2028 3051 agno,
2068 2990 2124 3035 et

554 3078 754 3146 pardus
783 3092 905 3132 cum
936 3076 1088 3131 haedo
1124 3077 1448 3131 accubabit:
1477 3084 1530 3129 et
1560 3075 1781 3138 vitulus,
1816 3084 1869 3127 et
1914 3084 2123 3139 taurus,

554 3178 607 3223 et
636 3172 717 3224 leo
746 3169 907 3225 simul
937 3178 1186 3237 pascent,
1216 3176 1271 3223 et
1309 3182 1441 3237 puer
1468 3167 1726 3237 parvulus
1757 3176 1882 3236 aget
1911 3182 2038 3223 eos:
2068 3174 2123 3220 et

2231 1972 2288 2026 δὲ
2316 1973 2403 2027 διὰ
2439 1973 2643 2027 τούτων
2672 1975 2767 2029 καὶ
2804 1974 2902 2047 τὴν
2952 1975 3180 2046 θεότητα
3220 1975 3316 2029 τοῦ
3350 1977 3527 2044 Λόγου
3566 1977 3832 2032 νοεῖσθαι·

2231 2065 2393 2129 αὐτὸς
2410 2064 2518 2137 γὰρ
2545 2061 2613 2137 ἦν
2642 2067 2676 2139 η
2703 2065 3040 2139 δικαιοσύνη,
3059 2066 3136 2131 ὡς
3159 2067 3400 2121 διδάσκει
3429 2068 3605 2137 λέγων
3626 2072 3655 2123 ὁ
3673 2071 3837 2125 Ἀπό-

2233 2158 2436 2221 στολοςο
2474 2177 2492 2209 ι
2518 2155 2631 2221 ’ος
2661 2159 2893 2232 ἐγενήθη
2928 2161 3060 2230 ἡμῖν
3095 2161 3257 2229 σοφία
3286 2160 3395 2214 ἀπὸ
3419 2160 3580 2225 Θεοῦ,
3613 2162 3833 2216 δικαιο-

2234 2249 2365 2318 σύνη
2394 2266 2453 2302 τε
2494 2252 2588 2303 καὶ
2619 2252 2904 2322 ἁγιασμὸς,
2932 2254 3023 2305 καὶ
3042 2251 3435 2325 ἀπολύτρωσις.
3473 2273 3491 2305 ι
3532 2254 3643 2307 Kal
3664 2256 3834 2320 αὐτὸς

2230 2339 2287 2391 δὲ
2315 2343 2342 2393 ὀ
2366 2339 2554 2412 Σωτὴρ
2588 2344 2646 2395 ἐν
2690 2342 3045 2411 Εὑαγγελίοις
3096 2343 3337 2415 εἰρηκὼς
3380 2346 3829 2418 ἀναγέγραπται,

2237 2450 2255 2482 ι
2298 2432 2437 2502 Ἐγώ
2476 2436 2589 2505 είμι
2618 2434 2679 2487 τὸ
2707 2434 2841 2504 φῶς,
2865 2436 2959 2490 καὶ
2986 2439 3018 2506 ή
3045 2436 3294 2507 ἀλήθεια,
3318 2439 3413 2491 καὶ
3434 2439 3466 2509 ἠ
3491 2438 3626 2511 ζωή.
3670 2459 3689 2490 ι
3718 2434 3832 2492 AB-

2229 2538 2318 2575 ται
2353 2524 2531 2578 τοίνυν
2562 2527 2593 2596 ή
2619 2525 2846 2597 ἀλήθεια
2887 2527 2981 2580 καὶ
3010 2528 3043 2597 ή
3086 2527 3404 2601 δικαιοσύνη
3446 2530 3538 2583 τὸν
3567 2533 3632 2585 ὲκ
3666 2532 3833 2605 ῥίζης

2242 2614 2437 2669 Ἰεσσαὶ
2469 2634 2859 2689 περιεσφιγγον
2882 2620 3243 2692 πλευρὰς-καὶ
3277 2624 3449 2693 ὀσφὺν
3481 2625 3538 2678 ὲν
3556 2624 3833 2699 βασιλικῷ

2228 2708 2321 2761 καὶ
2367 2709 2427 2760 ὲν
2476 2710 2851 2781 στρατιωτικῷ
2902 2714 3163 2783 σχήματι,
3188 2714 3249 2768 τὸ
3277 2715 3419 2768 κατά
3454 2715 3565 2770 τῶν
3596 2718 3833 2787 ἀφανῶν

2228 2798 2320 2851 καὶ
2352 2799 2599 2870 ἀοράτων
2638 2800 2913 2854 πολεμίων
2955 2803 3290 2875 παράστημα
3317 2805 3485 2859 αὑτοῦ
3522 2807 3832 2877 ἐμφαίνον-

2227 2903 2318 2950 τος
2341 2888 2435 2940 τοῦ
2470 2887 2653 2956 λόγου.

2304 2998 2322 3031 ι
2360 2982 2468 3033 Και
2520 2981 3036 3055 συμϐοσκηθήσεται
3084 2984 3247 3050 λύκος
3298 2988 3437 3057 μετά
3481 2989 3666 3060 ἀρνὸς,
3724 2992 3830 3046 καὶ

2228 3072 2493 3144 πάρδαλις
2524 3078 2995 3131 συναναπαύσεται
3039 3079 3232 3149 ἐρίφῳ·
3265 3082 3361 3134 καὶ
3398 3085 3691 3154 μοσχάριον
3725 3088 3828 3138 καὶ

2226 3167 2424 3237 ταῦρος
2473 3168 2566 3220 καὶ
2616 3167 2750 3222 λέων
2786 3168 2901 3239 ἅμα
2952 3170 3404 3243 βοσκηθήσονται,
3455 3175 3549 3227 καὶ
3603 3177 3827 3230 παιδίον

554 3261 650 3317 bos
676 3271 730 3317 et
759 3275 921 3315 ursus
949 3275 1051 3315 una
1088 3271 1401 3330 pascentur,
1434 3268 1489 3313 et
1524 3257 1685 3312 catuli
1717 3274 1903 3312 eorum
1962 3256 2121 3312 simul

2231 3232 2419 3331 μικρὸν
2450 3259 2565 3325 ἄξει
2592 3261 2805 3324 αύτούς·
2827 3232 2924 3315 καὶ
2948 3232 3073 3333 βοῦς
3095 3232 3190 3317 καί
3234 3232 3437 3336 ἄρκτος
3466 3268 3582 3339 ἅμα
3617 3268 3827 3342 βοσκη-

553 3362 735 3416 erunt,
788 3361 844 3407 et
888 3350 971 3406 leo
1020 3351 1171 3419 quasi
1230 3351 1325 3403 bos
1367 3351 1618 3403 comedet
1665 3347 1867 3419 paleas.
1917 3367 1936 3401 ι
1984 3346 2118 3416 Lupi

550 3447 767 3514 quidem
791 3446 931 3499 inter
959 3444 1205 3498 homines
1242 3451 1366 3496 sunt
1393 3441 1495 3494 viri
1524 3455 1747 3511 rapaces
1774 3460 1786 3497 :
1819 3456 1846 3494 a
1880 3441 2118 3511 nequitia

549 3549 679 3594 vero
713 3549 808 3590 sua
835 3533 1173 3601 resipiscent,
1224 3532 1299 3585 ita
1343 3540 1402 3585 ut
1447 3546 1568 3586 cum
1625 3531 1777 3601 agnis
1804 3530 2024 3585 mitibus
2068 3542 2123 3584 et

548 3626 846 3683 mansuetis
875 3639 1063 3680 eorum
1092 3622 1288 3675 animae
1321 3621 1421 3677 sub
1452 3637 1558 3677 uno
1582 3622 1833 3678 Ecclesiae
1863 3622 1990 3677 ovili
2022 3621 2120 3676 de-

547 3730 696 3793 gant.
729 3719 835 3775 Alii
863 3734 996 3775 vero
1030 3721 1184 3789 longe
1213 3719 1582 3784 immaniores,
1613 3728 1775 3791 atque
1822 3720 2118 3773 vehemen-

549 3824 635 3867 ter
666 3811 874 3867 efferati
906 3811 1025 3875 viri,
1051 3810 1184 3865 nihil
1210 3826 1239 3864 a
1281 3809 1466 3880 pardis
1491 3810 1885 3878 discrepantes,
1926 3808 2118 3864 bellum

550 3903 882 3959 ferocitatem
914 3903 1264 3969 deponentes,
1296 3915 1404 3954 una
1430 3914 1549 3954 cum
1579 3899 1745 3954 btedis
1769 3899 2119 3969 simpliciori-

545 3997 645 4051 bus
671 4011 735 4051 ac
766 3994 1067 4049 mitioribus
1090 3990 1856 4047 accubabunt.Aiiiveroleoni
1876 3991 2117 4046 moribus

543 4104 806 4162 perquam
841 4087 1068 4147 similes.
1097 4084 1469 4141 crudelitatem
1498 4095 1551 4140 et
1578 4086 1929 4138 voracitatem
1958 4100 2113 4139 suam

541 4190 844 4243 mutantes,
872 4194 975 4233 una
1008 4193 1129 4232 cum
1163 4177 1467 4231 infantibus
1508 4177 1765 4230 Ecclesiae
1794 4192 1987 4231 recens
2025 4191 2117 4230 or-

546 4274 634 4335 tis,
667 4274 821 4341 quasi
859 4280 1046 4325 taurus
1075 4279 1130 4323 et
1158 4268 1357 4324 vitulus
1398 4279 1644 4338 pascent,
1677 4270 1863 4323 eodem
1895 4271 2015 4324 cibo
2045 4285 2111 4325 ex

543 4365 740 4419 divinis
791 4361 1083 4431 Scripturis
1128 4360 1296 4429 petito
1342 4370 1573 4414 utentes.
1633 4359 1786 4427 Quod
1843 4365 1884 4415 si
1924 4363 2113 4417 videas

541 4459 720 4528 regios
751 4457 895 4510 viros
925 4454 1184 4523 dignitate
1211 4463 1264 4507 et
1296 4453 1613 4521 praestantia
1652 4452 1705 4505 in
1743 4454 1847 4507 hac
1881 4454 1987 4508 vita
2012 4469 2106 4508 or-

542 4562 717 4617 natos,
747 4551 801 4603 in
852 4547 1089 4602 Ecclesia
1140 4545 1233 4599 Dei
1282 4560 1405 4599 cum
1469 4546 1795 4613 pauperibus
1825 4561 1887 4600 ex
1924 4547 2106 4599 infima
2141 4582 2184 4636 Β

540 4646 695 4715 plebe
730 4651 1105 4711 congregatos,
1152 4655 1218 4694 ne
1261 4640 1529 4711 cuncteris
1578 4638 1763 4693 dicere
1806 4640 1969 4691 etiam
2007 4639 2109 4693 hac

541 4737 753 4791 ratione
811 4732 1085 4802 impletam
1140 4746 1259 4785 esse
1287 4730 1656 4800 Scripturam.
1686 4728 1888 4784 Omnes
1926 4732 2113 4799 itaque

535 4832 645 4899 jam
674 4836 999 4881 memoratos
1027 4825 1199 4893 Inpos,
1227 4838 1419 4892 agnos,
1471 4823 1690 4890 pardos,
1743 4822 1944 4886 haedos,
1997 4823 2110 4875 leo-

541 4938 657 4987 nes,
717 4919 911 4972 vitulos
964 4930 1019 4971 et
1078 4927 1290 4979 tauros,
1354 4927 1410 4968 ut
1471 4915 1688 4979 dicitur,
1738 4929 1871 4984 puer
1935 4913 2113 4970 infans

539 5024 679 5083 aget.
726 5013 857 5066 Illud
892 5020 1069 5064 autem
1127 5025 1146 5059 ι
1178 5016 1317 5076 aget,
1352 5026 1372 5059 ι
1422 5007 1579 5075 quasi
1629 5023 1648 5057 ι
1682 5007 2052 5076 congregabit,
2085 5024 2105 5058 ›

538 5110 737 5162 dictum
760 5116 860 5160 est.
909 5101 1065 5170 Quod
1121 5102 1234 5171 ipsa
1281 5114 1341 5154 re
1389 5108 1597 5168 gestum
1647 5100 1955 5168 perspicere
1988 5098 2112 5153 licet

538 5202 625 5263 iis,
649 5199 738 5268 qui
768 5196 1056 5265 prtesqum
1086 5193 1281 5247 multos
1307 5191 1493 5244 vident
1526 5190 1579 5243 in
1615 5190 1855 5245 Ecclesia
1882 5191 2103 5255 Christi,

535 5292 604 5344 ob
659 5289 822 5345 animi
874 5286 1276 5353 simplicitatem
1323 5294 1376 5337 et
1425 5284 1816 5347 innocentiam,
1864 5282 1994 5336 nihil
2038 5282 2106 5335 ab

536 5382 831 5439 infantibus
861 5379 1168 5446 discrepare
1197 5396 1211 5432 :
1242 5375 1344 5431 etsi
1380 5386 1559 5429 tamen
1592 5373 1832 5443 praefecti
1874 5375 1983 5428 sint
2012 5389 2104 5429 eo-

537 5491 674 5537 rum,
715 5474 803 5540 qui
846 5472 910 5524 ab
940 5472 1083 5524 omni
1116 5484 1317 5539 genere
1376 5470 1428 5521 in
1470 5484 1632 5520 unum
1681 5475 2101 5536 congregantur.

534 5568 663 5619 Cum
689 5581 847 5635 porro
880 5566 975 5631 ait,
1034 5584 1052 5616 ι
1083 5565 1148 5617 Et
1176 5567 1275 5618 bos
1311 5576 1367 5617 et
1398 5578 1554 5616 ursus
1595 5571 1884 5631 pascentur
1944 5559 2105 5612 simul

2223 3352 2502 3424 θήσονται,
2563 3355 2657 3407 καὶ
2691 3356 2809 3426 ἅμα
2862 3356 2932 3411 τὰ
2978 3358 3167 3411 παιδία
3221 3360 3401 3414 αὐτῶν
3439 3361 3673 3428 ἔσονται,
3723 3366 3825 3425 καὶ

2220 3444 2357 3498 λέων
2386 3446 2463 3509 ὼς
2488 3447 2615 3516 βοῦς
2654 3448 2888 3516 φάγεται
2928 3448 3127 3521 ἄχυρα.
3174 3469 3193 3503 ι
3232 3452 3400 3505 Λύκοι
3432 3454 3529 3523 μὲν
3559 3450 3731 3508 οῦνοὶ
3758 3458 3823 3510 ὲν

2219 3537 2522 3610 ἀνθρώποις
2540 3542 2889 3611 ἁρπακτικοί·
2913 3542 3275 3611 μεταϐαλοῦσι
3298 3545 3355 3598 δὲ
3368 3546 3467 3617 τῆς
3485 3546 3818 3621 μοχθηρίας,

2216 3628 2291 3691 ὼς
2339 3630 2476 3700 μετὰ
2528 3630 2709 3703 ἀρνῶν
2754 3631 2976 3702 ἡμέρων
3011 3634 3103 3685 καὶ
3133 3634 3326 3705 πράων
3352 3634 3452 3699 τὰς
3478 3636 3657 3706 ψυχὰς
3708 3639 3819 3692 ὑπὸ

2219 3720 2347 3790 μίαν
2385 3722 2710 3793 Ἐκκλησίαν
2740 3722 3122 3792 ἀγελάζεσθαι.
3147 3724 3330 3778 Ἀλλοι
3345 3725 3401 3779 δὲ
3428 3726 3699 3800 ὠμότεροι
3717 3731 3820 3783 καὶ

2218 3812 2421 3883 σφόδρα
2459 3814 2871 3885 ἀπηγριωμένοι
2903 3815 3115 3887 ἀνδρες,
3165 3816 3319 3870 οὐδὲν
3349 3819 3669 3890 παρδάλεων
3697 3822 3820 3875 δια-

2218 3904 2491 3975 φέροντες,
2529 3906 2588 3958 τὸ
2618 3905 2710 3958 τοῦ
2746 3905 2911 3977 θηρὸς
2944 3906 3172 3977 φοϐερὸν
3206 3907 3565 3980 ἀποθέμενοι,
3596 3910 3818 3983 ἐρίφοις

2215 3994 2331 4065 ἅμα
2364 3998 2474 4057 τοῖς
2498 3996 2883 4069 ἁπλουστέροις
2901 3998 2995 4051 καὶ
3019 4000 3425 4075 ἀκεραιοτέροις
3460 4004 3815 4058 συναναπαύ-

2216 4104 2421 4142 σονται.
2465 4089 2574 4141 Καὶ
2621 4089 2794 4142 λέοντι
2826 4091 2884 4144 δὲ
2931 4093 3059 4157 τοὺς
3099 4096 3337 4166 τρόπους
3370 4098 3814 4167 παρεικασμένοι

2213 4179 2379 4244 ἄλλοι,
2408 4180 2468 4232 τὸ
2497 4180 2787 4252 ὡμόθυμον
2818 4187 2912 4239 καὶ
2950 4187 3284 4259 σαρκοϐόρον
3308 4180 3451 4258 ἦθος
3473 4188 3814 4256 ἐναλλάξαν-

2212 4290 2321 4339 τες,
2349 4272 2483 4343 ὁμοῦ
2512 4278 2623 4339 τοῖς
2651 4278 2708 4329 ὲν
2740 4282 2804 4349 τῇ
2840 4278 3137 4352 Ἐκκλησία
3165 4284 3426 4349 νεογνοῖς,
3451 4281 3644 4354 ὥσπερ
3673 4283 3815 4337 ταῦ-

2216 4380 2306 4433 ρος
2347 4367 2441 4418 καὶ
2484 4365 2699 4437 μόσχος,
2739 4369 3321 4443 βοσκηθήσονταιμτῆς
3365 4372 3539 4443 αὐτῆς
3575 4374 3641 4425 ὲκ
3696 4374 3812 4427 τῶν

2213 4454 2369 4511 θείων
2398 4458 2570 4526 λόγων
2615 4462 3044 4533 μεταληψόμενοι
3077 4465 3281 4535 τροφῆς
3334 4464 3469 4535 (17).
3522 4466 3587 4519 Ei
3616 4465 3673 4520 δὲ
3708 4469 3811 4520 καὶ

2216 4546 2522 4616 βασιλικούς
2548 4569 2674 4605 ποτε
2698 4554 2913 4623 ἄνδρας,
2943 4554 3213 4625 ἀξιώματι
3242 4557 3333 4608 καὶ
3364 4552 3659 4628 ὑπεροχαῖς
3680 4562 3811 4622 ταῖς

2218 4642 2356 4695 κατὰ
2369 4644 2457 4695 τὸν
2489 4644 2599 4713 βίον
2621 4649 3036 4717 τετιμημένους,
3067 4648 3281 4701 θεάσοιο
3307 4649 3364 4700 ὲν
3391 4652 3456 4719 τῇ
3504 4649 3809 4723 Ἐκκλησία

2216 4734 2309 4786 τοῦ
2336 4735 2490 4801 Θεοῦ,
2527 4738 2662 4806 μετὰ
2692 4740 2938 4809 πενήτων
2972 4739 3064 4793 καὶ
3101 4739 3335 4793 εὐτελῶν
3373 4742 3806 4812 συναγομένους,

2223 4826 2296 4895 μὴ
2318 4826 2461 4878 ὄκνει
2487 4827 2667 4895 λέγειν
2702 4830 2795 4882 xal
2821 4828 2963 4883 οὕτω
2995 4830 3385 4903 πεπληρῶσθαι
3420 4833 3517 4903 τὴν
3548 4834 3801 4908 Γραφήν.

2220 4914 2433 4979 Πάντας
2477 4918 2657 4971 τοίνυν
2700 4918 2836 4989 ὁμοῦ
2870 4921 2996 4983 τοὺς
3043 4921 3405 4984 άποδοθέντας
3452 4922 3654 4987 λύκους
3706 4929 3808 4980 καὶ

2217 5007 2405 5079 ἄρνας,
2437 5010 2531 5062 καὶ
2555 5011 2871 5081 παρδάλεις,
2903 5012 2997 5064 καὶ
3029 5012 3270 5082 ἐρίφους,
3300 5015 3394 5066 καὶ
3435 5013 3678 5082 λέοντας,
3708 5020 3805 5071 καὶ

2219 5101 2466 5170 μόσχους,
2492 5103 2586 5155 καὶ
2613 5102 2863 5174 ταύρους,
2900 5106 3108 5158 παιδίον
3130 5108 3322 5177 νήπιον
3349 5106 3498 5171 ἀξειν
3522 5108 3804 5165 λέλεκται;

2215 5192 2285 5244 Τὸ
2306 5194 2381 5257 δὲ,
2425 5213 2441 5246 ι
2475 5193 2613 5260 ἄξει,
2657 5215 2675 5247 ›
2706 5198 2826 5250 ἀντὶ
2857 5197 2969 5259 τοῦ,
3000 5219 3018 5249 ‹
3060 5199 3294 5265 συνάξει,
3334 5220 3351 5251 ι
3391 5200 3630 5268 λέγεται.
3669 5204 3805 5273 Ἐρ-

2211 5301 2292 5355 γῳ
2324 5288 2379 5340 δὲ
2432 5288 2547 5341 ἔστι
2607 5289 2941 5360 παραλαϐεῖν
2992 5293 3085 5344 καὶ
3128 5292 3305 5355 τοῦτο,
3353 5294 3596 5364 ὁρῶντας
3626 5296 3687 5347 ὲν
3731 5301 3803 5368 τῇ

2226 5375 2519 5448 Ἐκκλησία
2551 5380 2783 5451 Χριστοῦ
2822 5382 2948 5445 τοῦς
2988 5382 3271 5443 πλείστους
3297 5382 3405 5435 τῶν
3436 5385 3803 5454 προεστώτων
3898 5392 3919 5403 ⁴

2214 5467 2279 5519 δι’
2306 5470 2582 5542 ἁπλότητα
2609 5472 2783 5542 ψυχῆς
2806 5475 2899 5526 καὶ
2933 5475 3167 5526 ἀκακίαν
3191 5474 3342 5526 οὐδὲν
3368 5476 3578 5546 νηπίων
3604 5478 3801 5547 διαφέ-

2215 5577 2422 5634 ροντας·
2452 5566 2602 5634 ὅμως
2627 5565 2670 5617 δ’
2699 5561 2791 5619 οὖν
2828 5567 3165 5636 ἡγουμένους
3198 5566 3305 5619 τῶν
3333 5567 3441 5620 ἀπὸ
3469 5569 3672 5633 παντὸς
3704 5572 3802 5638 γέ-

606 5683 649 5714 ⁸⁸
681 5680 867 5736 Matth.
896 5699 954 5748 ι,
981 5682 1071 5735 54.
1146 5681 1187 5712 ⁸⁷
1221 5678 1413 5735 Matth.
1446 5692 1567 5771 Vttt,
1606 5676 1691 5731 29.
1782 5675 1827 5705 ⁸⁸
1860 5674 2025 5729 ICor.
2061 5674 2123 5741 1,2

2276 5676 2319 5706 "
2346 5676 2502 5732 Joan‘.
2532 5694 2644 5745 xtv,
2669 5677 2700 5732 6

604 5800 711 5867 (l7)
754 5797 904 5851 IItmc
952 5799 1083 5854 item
1142 5796 1342 5861 locum,
1394 5794 1580 5865 paucis
1641 5794 1961 5862 immutatis,
2003 5794 2256 5865 exprimit
2311 5796 2693 5865 Hieronymus,
2763 5817 2780 5851 ι
2812 5798 2966 5867 Quod
2995 5798 3239 5869 quotidie
3287 5800 3568 5857 cernimus
3602 5802 3656 5855 in
3693 5799 3789 5856 Ec-

527 5870 715 5926 clesia.
743 5888 759 5921 ι
797 5879 903 5923 etc.
