4042 6454
1141 433 1644 501 COMMENTAMA
1687 429 1754 489 IN
1794 427 2052 489 lSAlAM.
2093 462 2160 474 —
2198 423 2356 488 CAP.
2395 421 2491 486 XI.

3376 411 3480 473 ιιι

201 583 314 634 vos;
328 565 471 622 κατά
487 563 550 621 τὺ
567 564 702 621 αὐτὸ
723 561 1128 634 συναγομένων.
1148 562 1333 614 Είπων
1354 559 1434 626 δὲ,
1465 575 1485 610 ι
1515 554 1628 610 Καὶ
1654 551 1782 626 βοῦς

1899 559 1941 605 et
1965 565 2072 606 una
2101 555 2265 605 erunt
2290 544 2456 602 catuli
2487 551 2704 608 eorum,
2727 554 2753 595 ι
2788 536 2880 595 hic
2908 544 3126 608 quoque
3156 541 3476 588 mansuem-

203 661 286 716 ul.
318 660 516 733 ἄρκτος
549 657 981 731 βοσκηθήσονται
1007 656 1146 727 ἅμα,
1177 655 1274 708 καὶ
1307 654 1425 725 ἅμα
1459 650 1677 705 ἔσονται
1710 647 1780 701 τά

205 752 376 808 παιδία
403 751 607 814 αὐτῶν,
647 769 665 802 ι
696 747 978 803 κάνταῦθα
1003 747 1224 818 ἡμέρων
1260 763 1321 798 τε
1377 745 1470 799 καὶ
1497 745 1580 807 είς
1605 758 1782 813 γεωρ-

203 846 314 918 γίαν
333 846 512 916 ψυχῆς
540 843 866 914 ἐπιτηδείων
911 839 1142 914 ἀνδρῶν,
1177 839 1272 894 καὶ
1296 838 1472 893 ἀλλων
1493 837 1784 909 ἀπηγριω-

203 939 366 1012 μένων
403 940 520 1000 τοῖς
562 936 809 1008 τρόποις,
856 936 956 1008 τὴν
988 935 1080 988 ἐπὶ
1106 932 1168 986 τὸ
1189 932 1321 986 αὐτὸ
1358 930 1644 986 κοινωνίαν
1668 929 1784 1009 δια-

199 1030 408 1103 γράφει.
465 1029 541 1082 Σὺ
570 1024 664 1082 οὖν
714 1026 984 1081 πλουσίων
1021 1044 1081 1079 τε
1107 1022 1200 1078 καὶ
1227 1023 1496 1093 πενήτων,
1528 1016 1785 1092 πονηρῶν

198 1142 251 1179 τε
281 1125 372 1196 καὶ
399 1120 619 1190 ἀγαθῶν
645 1117 843 1186 παῖδας
866 1119 1008 1192 ὁρῶν
1039 1117 1543 1189 συγκρατουμένους
1564 1115 1656 1169 ἐπὶ
1682 1113 1784 1186 τῆς

210 1212 547 1283 amnem,
609 1209 985 1283 μαρτυρήσεις
1032 1209 1100 1280 τῇ
1158 1207 1469 1280 προφητείᾳ
1523 1205 1780 1280 φησάσῃ,

205 1326 221 1358 ι
251 1307 356 1362 Καὶ
375 1305 494 1376 ἅμα
508 1303 579 1358 τά
607 1303 797 1357 παιδία
822 1301 1003 1357 αὐτῶν
1029 1302 1263 1356 ἔσονται.
1297 1319 1317 1352 δ
1368 1300 1428 1354 '0
1450 1299 1786 1372 σαρκοδόρος

196 1397 366 1451 τοίνυν
395 1397 496 1468 τὴν
519 1392 681 1465 φύσιν
708 1394 866 1458 λέων,
891 1393 1115 1466 ἀχύροις
1136 1387 1469 1464 τρεφόμενος
1500 1392 1784 1463 ποηφάγου

199 1486 329 1552 ζώου
370 1487 552 1558 δίκην,
601 1485 889 1558 ἄνθρωπος
915 1483 982 1538 ἂν
1024 1485 1108 1555 εἴη
1142 1483 1305 1538 πάλιν
1357 1482 1633 1556 θηριώδης
1688 1481 1785 1537 καὶ

197 1578 424 1650 ἀπηνὴς,
451 1577 582 1650 ψιλῇ
640 1579 706 1648 τῇ
747 1576 890 1644 λέξει
952 1575 1052 1646 τῆς
1085 1575 1236 1638 θείας
1289 1573 1498 1647 χαίρων
1537 1574 1784 1646 Γραφῆς.

208 1669 266 1728 ’θ
294 1673 392 1744 μὲν
419 1672 529 1744 γὰρ
578 1671 858 1725 λανθάνων
888 1671 946 1723 ὲν
995 1666 1303 1742 ἀποκρύφῳ
1345 1667 1490 1732 νοῦς,
1532 1667 1695 1731 αὐτὸς
1721 1666 1788 1721 ἂν

195 1764 274 1836 είη
303 1765 334 1818 ὁ
365 1763 540 1836 πυρὸς
558 1759 652 1817 καὶ
677 1763 707 1815 ὁ
726 1761 914 1833 ψυχῶν
933 1761 1200 1834 τρόφιμος
1233 1745 1411 1830 λόῆοςθ
1444 1762 1478 1831 ἡ
1511 1757 1571 1813 δὲ
1599 1759 1788 1812 τοῦτον

197 1857 592 1930 περιϐάλλουσα
617 1855 761 1921 λέξις
791 1855 852 1909 τὸ
884 1854 1110 1926 ἄχυρον.
1339 1877 1347 1884 ·

265 1968 285 2002 ι
319 1950 433 2002 Καὶ
484 1948 699 2003 παιδίον
732 1949 924 2020 νήπιον
961 1947 1056 2000 ἐπὶ
1100 1945 1361 2019 τρωγλῶν
1395 1944 1660 2007 ἀσπίδων,
1696 1943 1790 1997 καὶ

195 2041 280 2094 ἐπὶ
303 2040 495 2112 κοίτην
542 2039 783 2107 ἐκγόνων
827 2037 1070 2092 ἀσπίδων
1107 2038 1206 2108 τὴν
1241 2039 1401 2108 χεῐρα
1434 2035 1709 2089 ἐπιϐαλεῖ.
1766 2052 1786 2087 ι

195 2129 341 2202 Τάχα
373 2130 432 2184 δὲ
459 2128 706 2201 τρῶγλαι
729 2128 824 2181 καὶ
851 2129 1026 2180 κοῖται
1056 2126 1302 2180 ἀσπίδων
1331 2125 1556 2179 καὶτῶν
1580 2123 1793 2186 τούτοις

194 2238 347 2291 γεννη
355 2220 548 2292 μάτων
580 2215 690 2272 εἷεν
707 2217 772 2272 ἂν
787 2219 882 2272 καὶ
909 2218 976 2272 τά
992 2217 1222 2288 σώματα
1246 2216 1357 2270 τῶν
1386 2216 1494 2269 ὑπὸ
1518 2216 1793 2285 δαιμόνων

194 2310 614 2381 ἐνοχλουμένων,
646 2304 730 2372 οἷς
775 2307 1167 2379 ὲμφωλεύοντα
1216 2308 1287 2362 τὰ
1339 2306 1650 2380 έρπυστικά
1697 2308 1793 2360 καὶ

196 2400 370 2454 ίοόόλα
392 2399 682 2470 πνεύματα
700 2399 1034 2465 ὲκοιτάζετο,
1051 2398 1327 2470 τρώγλαις
1347 2397 1534 2470 ὥσπερ
1554 2400 1668 2461 τοῖς
1695 2395 1791 2451 τοῦ

193 2488 443 2560 σώματος
470 2488 849 2560 αἰσθητηρίοις
863 2487 1140 2561 χρώμενα.
1177 2489 1360 2542 Ταῦτα
1385 2489 1444 2541 δὲ
1472 2488 1532 2542 τὸ
1553 2487 1792 2561 Χριστοῦ

193 2582 425 2643 παιδίον,
469 2583 612 2654 ἀνήρ
641 2584 725 2644 τις
753 2581 959 2646 ἁπλοῦς
990 2581 1084 2634 καὶ
1110 2581 1207 2652 τὴν
1240 2583 1439 2634 κακίαν
1485 2580 1790 2653 νηπιάζων,

190 2676 254 2744 τῇ
279 2672 374 2726 τοῦ
407 2672 663 2744 Σωτῆρος
691 2672 996 2727 ἀπελαῦνον
1025 2672 1274 2743 δυνάμει,
1310 2673 1407 2746 τὴν
1437 2676 1595 2745 χεῖρα
1625 2667 1792 2726 αὑτοῦ

191 2764 472 2836 ἐπιτίθησι
530 2765 694 2835 μηδὲν
737 2769 1056 2819 κακοποιεῖν
1107 2766 1434 2836 δυναμένοις
1468 2766 1558 2818 διὰ
1598 2766 1689 2819 τὸν
1727 2766 1793 2818 ἐκ

193 2854 350 2927 ῥίζης
418 2857 618 2909 Ἰεσσαὶ
672 2855 1022 2928 προελθόνταο
1055 2856 1114 2920 ὃς
1171 2856 1420 2922 ἐξουσίαν
1473 2858 1644 2911 ἐδίδου
1678 2861 1794 2921 τοῖς

189 2947 354 3000 αὐτοῦ
394 2947 632 3011 παιδίοις
665 2951 857 3001 πατεῖν
904 2948 1090 3002 ἐπάνω
1140 2948 1316 3018 ὄφεων
1347 2951 1441 3003 καὶ
1491 2951 1790 3022 σκορπίων,

190 3041 279 3092 καὶ
311 3040 408 3093 ἐπὶ
438 3041 618 3092 πᾶσαν
647 3040 745 3111 τὴν
766 3039 996 3112 δύναμιν
1019 3039 1115 3093 τοῦ
1146 3041 1364 3112 ἐχθροῦ.

261 3148 282 3182 r
322 3131 439 3184 Καὶ
473 3130 536 3184 οὐ
581 3132 655 3203 μὴ
710 3134 1160 3203 κακοποιήσουσι,
1193 3134 1314 3188 οὐδὲ
1357 3134 1432 3206 μὴ
1472 3135 1790 3206 δυνήσονται

185 3223 458 3278 ἀπολέσαι
510 3223 702 3277 οὐδένα
743 3225 837 3278 ἐπὶ
867 3225 930 3280 τὺ
967 3226 1093 3299 ὅρος
1117 3228 1179 3281 τὸ
1217 3229 1372 3297 ἆγιόν
1406 3245 1521 3282 σου.
1566 3250 1583 3280 ›
1618 3230 1790 3284 Τοῦτο

183 3315 240 3368 δέ
262 3317 386 3368 ἐστι
407 3315 472 3368 τὸ
499 3315 625 3386 ὅρος
658 3315 718 3368 τὸ
744 3316 839 3369 καὶ
882 3316 973 3370 διὰ
999 3317 1109 3372 τῶν
1141 3318 1452 3392 ἔμπροσθεν
1485 3320 1793 3392 δεδηλωμέ-

183 3421 295 3470 νον,
327 3406 433 3457 οὐκ
478 3404 608 3459 ἄλλο
630 3423 681 3458 τι
706 3404 766 3458 ὃν
802 3406 898 3460 τοῦ
936 3408 1262 3478 ἐπουρανίου
1303 3411 1399 3463 καὶ
1431 3409 1791 3479 εὐαγγελικοῦ

182 3495 369 3565 λόγου,
401 3497 492 3565 ἐφ’
523 3487 585 3549 οὗ
614 3499 644 3551 ὁ
671 3493 822 3562 οἶκος
850 3497 944 3552 τοῦ
986 3499 1145 3564 Θεοῦ,
1170 3500 1268 3554 καὶ
1292 3503 1325 3573 ἡ
1362 3500 1661 3573 Ἐκκλησία
1690 3503 1792 3556 αὐ·-

181 3589 276 3644 τοῦ
298 3590 676 3660 ᾠκοδόμηται.
706 3592 824 3645 Ἵνα
838 3592 970 3661 γοῦν
996 3596 1069 3666 μή
1099 3612 1183 3659 τις
1205 3594 1268 3647 τὸ
1299 3595 1535 3650 ἐνταῦθα
1567 3597 1795 3668 λεγόμε-

181 3699 271 3734 νον
317 3681 450 3752 ὅρος
482 3679 682 3754 νομίσῃ
703 3677 843 3737 εἶναι
869 3685 932 3737 τὸ
963 3685 1022 3738 ὲν
1055 3686 1212 3757 μέρει
1239 3686 1445 3755 γωνίας
1459 3687 1561 3757 τῆς
1588 3689 1794 3742 Παλαι-

183 3774 378 3845 στίνης
418 3774 696 3838 Ἰουδαίοις
745 3776 1174 3849 ὑπειλημμένον,
1226 3780 1481 3850 διασαφεῖ
1521 3781 1621 3853 τὴν
1673 3781 1793 3836 διά-

181 3881 338 3918 νοιαν
367 3863 498 3935 έξῆς
538 3864 833 3938 ἐπιφέρων·
865 3887 884 3918 ι
938 3868 1063 3921 Ὅτι
1093 3869 1404 3942 ἐνεπλήσθη
1441 3873 1473 3942 ἡ
1527 3871 1794 3943 σύμπασα

179 3955 250 4027 τῆ
278 3956 380 4011 τοῦ
406 3957 616 4026 γνῶναι
643 3958 736 4012 τὸν
767 3958 993 4032 Κύριον,
1029 3961 1106 4026 ὡς
1146 3961 1291 4034 ὕδωρ
1319 3963 1454 4017 πολὺ
1481 3964 1794 4018 κατακαλύ-

176 4047 278 4117 qm
329 4047 635 4112 θαλάσσαςο
672 4069 690 4100 ι
727 4050 870 4104 οὕτω
905 4054 1189 4124 σημαίνων
1233 4054 1331 4125 τὴν
1365 4056 1486 4109 καθ’
1515 4056 1645 4128 ὅλης
1695 4058 1795 4129 τῆς

175 4140 523 4210 οἰκουμένης
555 4138 846 4212 ἱδρυμένην
898 4142 1226 4214 Ἐκκλησίαν
1263 4145 1423 4210 Θεοῦ,
1463 4148 1559 4201 καὶ
1592 4149 1692 4221 τὴν
1737 4150 1796 4203 ὲν

176 4231 323 4302 αὐτῇ
355 4234 775 4302 κηρυττομένην
799 4233 1000 4305 εὐσεϐῆ
1022 4236 1247 4304 γνῶσιν,
1275 4238 1377 4309 τὴν
1399 4241 1507 4293 πᾶν
1537 4241 1598 4294 τὸ
1620 4241 1796 4312 ἁλμυ-

177 4322 277 4393 ρὸν
309 4322 418 4392 τῆς
453 4322 654 4386 κακίας
689 4323 783 4377 τοῦ
828 4324 967 4395 βίου,
999 4325 1191 4400 ὥσπερ
1225 4327 1405 4400 πολλῷ
1451 4331 1530 4402 τῷ
1563 4332 1796 4403 ῥεύματι

176 4415 664 4496 κατακλύζουσαν,
715 4419 810 4471 καὶ
850 4418 1033 4472 πᾶσαν
1071 4419 1252 4492 ψυχῆς
1305 4422 1610 4496 μοχθηρίαν
1659 4426 1791 4478 ἀπο-

179 4506 592 4579 ιαθαίρουσαν.

259 4705 279 4737 ι
327 4686 445 4742 Καὶ
480 4687 633 4742 ἔσται
666 4689 725 4742 ὲν
762 4689 946 4764 ἐκείνῃ
972 4691 1038 4762 τῇ
1076 4689 1262 4764 ἡμέρα
1291 4690 1323 4762 ὴ
1355 4691 1479 4764 ῥίζα
1520 4692 1615 4746 τοῦ
1656 4693 1788 4748 Ἰεσ-

179 4780 298 4844 σαὶ,
329 4782 429 4834 καὶ
456 4783 486 4834 ὁ
532 4782 890 4853 ἀνιστάμενος
923 4784 1111 4856 ἄρχειν
1147 4784 1334 4838 ἐθνῶν·
1369 4787 1454 4837 ἐπ’
1487 4785 1635 4856 αὐτῷ
1662 4786 1790 4857 ἔθνη

177 4867 460 4925 ὲλπιοῦσι·
492 4874 588 4926 καὶ
617 4874 769 4928 ἔσται
798 4877 831 4947 ὴ
877 4876 1186 4939 ἀνάπαυσις
1235 4876 1400 4932 αὐτοῦ
1429 4880 1584 4950 τιμή.
1623 4899 1640 4929 ι
1705 4880 1792 4932 Ἐν

178 4963 374 5034 ἐκείνη
404 4959 501 5017 οὖν
539 4968 604 5036 τῇ
634 4966 840 5038 ἡμέρᾳ,
879 4967 1040 5038 δῆλον
1073 4968 1128 5021 δὲ
1159 4970 1242 5021 ὅτι
1285 4969 1428 5024 κατά
1460 4972 1551 5022 τὸν
1576 4989 1790 5041 προφη-

175 5054 486 5126 τευόμενον
529 5058 740 5128 χρόνον,
775 5051 931 5125 οὗτος
981 5061 1144 5124 αὐτὸς
1172 5064 1238 5114 ὲκ
1269 5062 1370 5132 τῆς
1396 5063 1553 5134 ῥίζης
1594 5064 1793 5116 Ἰεσσαὶ

179 5141 656 5217 ἀναστησόμενος,
690 5150 828 5219 μετὰ
842 5150 904 5204 τὸ
927 5152 1244 5223 ἀναστῆναι,
1271 5152 1513 5224 δηλονότι
1539 5155 1676 5224 μετὰ
1693 5156 1793 5226 τὴν

179 5235 246 5286 ἐκ
268 5239 491 5310 νεκρῶν
523 5239 840 5304 ἀνάστασιν,
875 5242 975 5296 οὐκ
1013 5244 1276 5297 Ἰουδαίων
1328 5245 1480 5298 ἔσται
1513 5245 1790 5316 βασιλεὺς,

177 5325 303 5379 οὐδὲ
335 5327 722 5400 ὥσπεραύτὸς
753 5334 780 5384 ὁ
800 5331 962 5385 Δαυῖδ
995 5334 1046 5386 οἴ
1067 5351 1124 5387 τε
1145 5334 1334 5388 τούτου
1375 5336 1628 5405 διάδοχοι,
1661 5336 1791 5407 βραο

177 5417 341 5486 Χείας
390 5420 538 5484 τινὸς
573 5422 776 5488 γωνίας
803 5425 1088 5494 κρατήσει,
1126 5423 1228 5496 τῆς
1257 5426 1300 5480 δ’
1340 5427 1656 5497 ἁπανταχοῦ
1690 5429 1791 5498 γῆς

177 5509 361 5579 ἄρξει.
398 5513 490 5565 Διὸ
515 5513 773 5584 οὐδαμῶς
819 5515 1049 5569 θάνατον
1084 5517 1395 5590 ὑπογράφει
1437 5521 1622 5573 αὐτοῦ’
1657 5522 1792 5575 άνὰ-

179 5620 393 5658 παυσιν
417 5606 477 5659 δὲ
503 5608 784 5678 ὀνομάζει,
811 5611 907 5662 καὶ
935 5609 1113 5677 δόξαν,
1144 5613 1241 5665 καὶ
1272 5615 1457 5684 τιμήν.
1491 5614 1662 5668 Τοῦτο
1683 5614 1793 5684 γὰρ

175 5691 248 5766 ἦν
282 5699 349 5753 τὸ
398 5701 556 5765 τέλος
605 5702 707 5771 τῆς
746 5703 840 5757 τοῦ
888 5705 1140 5777 Σωτῆρος
1167 5707 1327 5778 ἡμῶν
1356 5710 1436 5771 είς
1469 5708 1792 5779 ἀνθρώπους

175 5788 526 5862 οἰκονομίας·
584 5791 612 5843 ὃ
658 5793 722 5864 δὴ
767 5796 862 5847 καὶ
896 5795 1059 5858 αὐτὸς
1089 5799 1119 5850 ο
1147 5797 1341 5870 Σωτὴρ
1371 5797 1529 5869 ήμῶν
1555 5799 1791 5862 δεικνὺς,

180 5873 375 5948 θίγεν
400 5883 462 5936 ἐν
481 5885 549 5954 τῇ
575 5884 712 5955 πρὸς
738 5884 828 5939 τὸν
858 5886 1078 5958 Πατέρα
1103 5889 1256 5960 εὺχῇ’
1281 5907 1300 5942 ι
1341 5889 1543 5959 Πάτερ,
1575 5889 1795 5956 δόξασόν

1884 659 2028 711 rum,
2061 651 2116 698 et
2151 641 2219 695 ad
2250 640 2450 695 animas
2479 634 2875 708 agriculturam
2927 630 3261 704 idoneorum
3303 623 3480 680 homi-

1885 748 2039 798 num,
2092 730 2439 798 aliorumque
2489 727 2741 782 moribus
2792 721 3170 783 eﬂ'eratorutn,
3228 729 3479 772 commu-

1883 825 2102 883 nionem
2135 821 2417 879 describit.
2477 819 2559 876 Tu
2611 831 2745 888 ergo
2794 815 2886 886 qui
2927 813 3153 870 divitum
3183 820 3241 866 et
3274 822 3452 879 paupe

1885 933 2030 987 rum,
2079 915 2454 987 improborum
2505 921 2561 967 et
2604 912 2874 967 bonorum
2938 906 3081 962 filios
3127 907 3180 961 in
3235 903 3477 961 Ecclesia

1886 1013 2146 1069 collectos
2197 1012 2366 1074 vides,
2447 1004 2750 1076 prophetia:
2803 999 3180 1056 testimonium
3243 995 3477 1059 reddes.

1886 1120 2009 1176 quae
2036 1104 2136 1170 ait,
2182 1123 2200 1155 ι
2228 1099 2295 1158 Et
2316 1099 2477 1157 simul
2515 1095 2684 1153 catuli
2710 1107 2903 1153 eorum
2934 1099 3116 1148 erunt.
3161 1106 3182 1142 ι
3211 1085 3325 1143 Leo
3372 1087 3480 1143 ita.

1887 1213 1994 1269 que
2043 1208 2238 1251 natura
2274 1195 2621 1256 carnivorus,
2671 1190 2849 1244 instar
2903 1182 3164 1240 animalis
3204 1180 3481 1238 herbivori

1888 1290 2040 1362 palea
2085 1271 2350 1352 nutritus,
2392 1286 2519 1357 jure
2584 1281 2860 1338 habeatur
2899 1291 3002 1349 pro
3046 1274 3268 1331 homine
3307 1271 3483 1328 feroci

1888 1401 1951 1441 ac
1978 1385 2299 1446 inhumano,
2334 1380 2425 1451 qui
2461 1379 2623 1435 nn‘dte
2672 1373 2872 1430 divina:
2909 1372 3210 1441 Scriptura
3253 1363 3480 1426 lectioni

1889 1478 2141 1550 gaudeat.
2195 1475 2264 1528 At
2303 1473 2445 1528 enim
2491 1484 2646 1526 mens
2686 1469 2740 1522 in
2777 1465 3011 1520 occulto
3049 1462 3250 1528 latens,
3298 1461 3481 1531 ipsum

1892 1569 2130 1626 triticum
2163 1583 2226 1622 ac
2239 1565 2467 1620 verbum
2503 1560 2791 1616 animabus
2807 1556 3020 1612 alendis
3041 1565 3268 1625 aptum;
3295 1552 3482 1608 littera

1891 1679 2018 1720 vero
2065 1671 2299 1716 r‘entem
2350 1667 2409 1713 et
2459 1666 2683 1713 sensum
2749 1650 3144 1721 complectens,
3194 1646 3352 1719 palea
3399 1642 3487 1700 fu-

1889 1759 2018 1816 erit.

1965 1933 2133 1992 Vens.
2174 1936 2228 1992 8.
2263 1954 2283 1988 ι
2313 1931 2380 1991 Et
2405 1948 2540 2003 puer
2579 1930 2761 1986 infans
2793 1930 2846 1984 in
2883 1927 3153 1984 foramina
3206 1923 3482 1998 aspidum,

1895 2036 1950 2083 et
1980 2029 2031 2082 in
2074 2027 2274 2081 cubilia
2324 2025 2562 2079 filiorum
2618 2021 2870 2091 aspidum
2927 2034 3147 2076 manum
3188 2016 3418 2088 injiciet.
3456 2031 3478 2069 ο

1894 2120 2188 2176 Foramina
2223 2127 2279 2175 et
2319 2117 2520 2174 cubilia
2554 2117 2807 2188 aspidum
2839 2130 2905 2169 ac
2939 2112 3228 2185 progenies
3266 2123 3486 2172 eorum.

1896 2211 2132 2268 fortasse
2174 2224 2410 2280 corpora
2459 2208 2668 2264 fuerint
2709 2223 2900 2264 eorum
2935 2207 3027 2276 qui
3068 2221 3100 2260 a
3143 2204 3488 2260 damonibus

1898 2307 2202 2374 agitantur,
2236 2304 2327 2358 ubi
2360 2318 2460 2359 ceu
2492 2303 2546 2357 in
2579 2300 2820 2358 latibulis
2850 2309 2904 2354 et
2946 2297 3119 2353 foveis
3154 2295 3378 2367 reptiles
3407 2294 3486 2350 illi

1896 2409 1951 2454 et
1985 2397 2237 2452 venenati
2269 2395 2494 2466 spiritus
2523 2393 2748 2457 cubant,
2780 2391 3065 2462 corporeis
3105 2389 3361 2445 sensibus
3387 2399 3488 2443 ceu

1895 2489 2259 2546 foraminibus
2288 2497 2523 2543 utentes.
2582 2485 2691 2541 Hos
2739 2499 2906 2554 porro
2957 2497 3092 2553 puer
3141 2481 3370 2546 Christi,
3407 2482 3494 2537 vir

1895 2587 2076 2658 quivis
2103 2585 2332 2656 simplex
2364 2594 2422 2639 et
2449 2583 2660 2637 malitia
2692 2581 2901 2644 infans,
2937 2580 3243 2634 Salvatoris
3287 2575 3494 2634 virtute

1900 2679 2193 2748 depellens,
2233 2692 2454 2732 manum
2487 2677 2641 2731 su'am
2689 2676 2756 2731 iis
2800 2673 3000 2743 injicit,
3053 2673 3190 2728 nihil
3230 2671 3358 2727 mali
3397 2673 3487 2726 in:

1898 2771 2044 2828 ferre
2072 2773 2402 2834 valentibus.
2430 2780 2654 2840 propter
2693 2783 2816 2824 eum
2840 2769 2934 2839 qui
2980 2785 3043 2824 ex
3089 2767 3274 2821 radice
3315 2764 3488 2822 Jessat

1896 2865 2118 2938 prodiit,
2179 2866 2270 2936 qui
2318 2873 2642 2934 potestatem
2698 2863 2824 2918 filiis
2858 2864 2970 2918 suis
3039 2861 3190 2916 dedit
3237 2858 3486 2914 calcandl

1894 2974 2058 3030 supra
2105 2969 2391 3030 serpentes
2438 2969 2494 3014 et
2553 2960 2902 3028 scorpiones,
2944 2965 3001 3011 et
3044 2971 3207 3026 supra
3264 2968 3484 3009 omnem

1893 3049 2151 3102 virtutem
2186 3047 2413 3102 inimici.

1967 3137 2132 3195 Vens.
2159 3139 2213 3195 9.
2277 3156 2297 3189 ι
2325 3138 2390 3194 Ει
2419 3152 2526 3193 non
2575 3137 2871 3203 nocebunt,
2923 3151 3025 3192 nec
3072 3144 3329 3205 poterunt
3357 3150 3484 3204 per-

1897 3233 2026 3286 dere
2063 3245 2394 3300 quemquam
2453 3230 2507 3284 in
2558 3239 2748 3286 monte
2800 3239 2994 3285 sancto
3054 3239 3167 3283 tuo.
3206 3247 3224 3280 ι
3275 3226 3374 3283 Hic
3403 3235 3488 3282 est

1900 3341 2056 3378 lllﬂlls
2101 3325 2189 3378 ille
2231 3324 2485 3393 superius
2545 3333 2900 3388 memoratus,
2957 3336 3059 3377 nec
3118 3319 3280 3386 alius,
3322 3335 3488 3390 quam

1896 3414 2119 3470 caeleste
2146 3425 2200 3469 et
2232 3415 2608 3485 evangelicum
2638 3413 2889 3481 verbum,
2920 3413 2974 3466 in
3005 3428 3112 3483 quo
3153 3415 3350 3468 domus
3392 3411 3487 3465 Dci

1895 3516 1951 3562 et
1987 3507 2228 3561 Ecclesia
2260 3505 2378 3574 ejus
2409 3507 2680 3560 aediﬁcata
2724 3514 2830 3560 est.
2887 3505 2965 3561 Ne
3011 3505 3136 3576 quis
3180 3505 3351 3577 igitur
3404 3505 3495 3559 hic

1897 3600 2260 3652 memoratum
2292 3605 2555 3661 montem,
2583 3596 2732 3651 illum
2768 3598 3001 3651 aestimet
3025 3611 3168 3662 esse,
3211 3612 3374 3668 quem
3397 3596 3494 3649 .lna

1896 3690 1998 3744 daei
2051 3691 2371 3758 opinantur,
2422 3690 2472 3742 in
2536 3688 2736 3767 angulo
2778 3687 3080 3744 Pulmstinze
3127 3689 3318 3754 situm,
3364 3690 3494 3744 dtctl

1898 3792 2132 3837 mentem
2164 3781 2400 3850 explicat
2461 3795 2526 3835 ac
2584 3780 2886 3850 subjungit,
2935 3800 2953 3832 ‹
2986 3780 3126 3848 Quia
3167 3781 3370 3850 repleta
3405 3792 3494 3834 est

1899 3878 2150 3932 universa
2231 3885 2378 3930 terra
2440 3874 2752 3945 cognitione
2805 3876 3041 3940 Domini,
3114 3875 3187 3929 ita
3240 3885 3297 3928 ut
3349 3889 3490 3943 aqua

1898 3970 2064 4025 multa
2095 3969 2310 4040 operiat
2345 3970 2557 4024 maria:
2593 3988 2613 4021 ι
2654 3970 2733 4023 sic
2773 3969 3024 4023 indicans
3061 3968 3362 4023 Ecclesium
3392 3966 3488 4020 Dei

1896 4079 1994 4133 per
2025 4071 2200 4117 totum
2222 4063 2412 4116 orbem
2445 4061 2773 4125 stabilitam,
2823 4061 3080 4131 piamque
3109 4059 3488 4131 cognitionem

1898 4158 1951 4213 in
1996 4156 2084 4210 illa
2143 4155 2526 4225 praedicatam,
2571 4169 2694 4223 qua
2732 4164 2904 4208 totam
2946 4154 3205 4224 nequitia:
3264 4151 3490 4219 hujusce

1898 4251 2022 4305 vitae
2072 4249 2406 4319 salsuginem
2448 4261 2547 4304 ceu
2583 4263 2778 4318 magno
2813 4263 3080 4318 aquarum
3112 4245 3281 4302 ﬂuctu
3326 4246 3492 4300 inun-

1897 4344 2013 4407 det,
2051 4350 2107 4395 et
2142 4349 2306 4396 totam
2334 4339 2530 4395 anima:
2560 4340 2865 4410 nequitiam
2893 4347 3184 4410 expurget.

1971 4687 2138 4743 Vens.
2167 4686 2256 4742 lo.
2304 4705 2324 4738 ‹
2356 4686 2422 4741 Et
2445 4687 2549 4743 erit
2579 4686 2632 4740 in
2668 4685 2756 4741 die
2783 4683 2870 4740 illa
2904 4679 3059 4739 radix
3088 4680 3277 4748 Jessze,
3309 4691 3366 4738 et
3391 4679 3489 4753 qui

1900 4785 2142 4853 exsurgit
2186 4783 2460 4852 imperare
2493 4781 2788 4852 gentibus:
2823 4779 2876 4832 in
2913 4779 3031 4848 ipso
3065 4787 3256 4849 gentes
3303 4793 3493 4846 spera-

1901 4876 2076 4930 bunt:
2119 4884 2175 4929 et
2228 4875 2335 4929 erit
2384 4875 2599 4943 requies
2647 4872 2766 4938 ejus
2819 4871 3011 4926 honor.
3040 4890 3059 4923 ι
3117 4871 3171 4924 in
3217 4869 3308 4924 illa
3361 4884 3496 4940 ergo

1901 4969 2008 5031 die,
2055 4977 2114 5021 ut
2146 4966 2322 5037 palam
2370 4977 2486 5030 est,
2519 4967 2571 5018 in
2609 4975 2856 5035 tempore
2891 4979 2920 5018 a
2959 4963 3243 5034 prophetia
3280 4971 3490 5026 notato,

1900 5061 1988 5115 hic
2019 5061 2134 5130 ipse
2166 5062 2260 5130 qui
2295 5074 2361 5114 ex
2398 5060 2582 5113 radice
2609 5057 2779 5113 Jessa:
2811 5067 3165 5112 surrecturus
3198 5065 3306 5120 est,
3347 5067 3496 5125 post-

1899 5169 2062 5224 quam
2107 5153 2445 5218 surrexerit,
2496 5153 2545 5205 id
2590 5161 2707 5214 est,
2745 5161 2868 5221 post
2917 5150 3378 5205 resurrectionem
3429 5165 3495 5205 ex

1899 5249 2150 5308 mortuis,
2201 5259 2306 5298 non
2358 5244 2670 5299 Iudaeorum
2721 5259 2816 5298 rex
2867 5245 3004 5307 erit,
3059 5258 3235 5312 neque
3274 5244 3498 5312 perinde

1898 5346 2060 5404 atque
2092 5335 2259 5388 David
2288 5334 2517 5404 ejusque
2557 5348 2928 5394 successores,
2967 5334 3021 5388 in
3060 5349 3229 5402 parvo
3258 5336 3494 5403 quodam

1897 5427 2094 5498 angulo
2139 5427 2449 5496 imperabit,
2493 5426 2586 5482 sed
2625 5427 2677 5480 in
2721 5428 3033 5481 universam
3070 5437 3273 5482 terram
3326 5428 3500 5497 impe«

1897 5520 2035 5573 rium
2067 5519 2348 5574 obtinebit.
2381 5517 2563 5584 Quare
2593 5534 2857 5588 nusquam
2887 5520 3006 5589 ejus
3037 5529 3264 5574 mortem
3294 5521 3500 5588 scripto

1897 5611 2080 5675 tradit,
2105 5611 2200 5666 sed
2235 5611 2483 5692 requiem
2519 5621 2694 5678 vecat,
2725 5611 2952 5681 gloriam
2986 5621 3041 5664 et
3073 5611 3358 5666 honorem.
3394 5611 3496 5668 ilic

1895 5704 2094 5777 quippe
2135 5703 2446 5760 Servatoris
2483 5705 2653 5760 nostri
2689 5718 2818 5774 erga
2872 5704 3122 5759 homines
3173 5705 3496 5758 (econo‘mize

1897 5796 2020 5852 finis
2072 5805 2190 5851 erat
2239 5815 2254 5851 :
2306 5798 2446 5865 quod
2515 5798 2630 5866 ipse
2696 5795 2959 5853 Servator
3023 5796 3227 5851 indicat
3280 5797 3333 5850 in
3391 5812 3488 5850 sua

1899 5891 1964 5948 ad
2013 5890 2229 5977 Patrem
2284 5892 2534 5949 oratione
2577 5893 2666 5949 his
2704 5889 2930 5948 verbis:
2970 5907 2990 5942 ι
3021 5889 3204 5957 Pater,
3251 5889 3492 5959 glor-iiica
