4042 6450
586 406 690 463 "5

1216 400 1490 459 EUSEBII
1527 399 2010 459 CESABIENSIS
2042 400 2160 459 0P!

2262 400 2417 459 ’ΔΙὶὸ
2453 397 2543 457 ιιι.
2578 430 2651 446 --
2689 398 3107 458 EXEGETICA.

3744 407 3845 463 176

583 533 672 575 me
716 516 891 590 gloria.
934 529 1096 586 quam
1148 514 1349 581 habui,
1393 522 1688 585 antequam
1735 515 1966 570 mundus
2014 522 2155 571 esset

2262 531 2325 585 με
2353 515 2421 587 τῇ
2450 510 2581 588 δόξῃ
2612 505 2813 588 ᾗεῖκον
2845 513 2953 584 πρὸ
2993 512 3089 567 τοῦ
3121 509 3214 567 τὸν
3258 512 3465 584 κόσμον
3488 507 3660 585 εἶναι,
3696 520 3843 594 παρὰ

585 611 937 759 δρξίίιῖἰί.
972 719 991 753 ι
1018 699 1088 756 Et
1121 698 1230 755 erit
1257 697 1311 753 in
1341 696 1436 754 die
1470 696 1593 762 ilia,
1624 696 1841 765 adiiciet
1890 695 2155 753 Dominus

582 796 865 852 ostendere
912 797 1129 849 niauum
1176 803 1361 852 suam,
1405 789 1474 844 ad
1534 790 1815 845 sciendum
1879 788 2155 845 residuum

582 887 799 957 populi,
849 884 992 957 quod
1043 883 1291 939 relictum
1351 881 1514 937 fuerit
1558 883 1628 935 ah
1664 879 1940 951 Assyriis,
1986 890 2040 935 et
2089 880 2157 937 ab

580 977 813 1050 Egypto
835 988 889 1033 et
913 991 944 1031 a
977 974 1293 1046 Babylonia,
1323 982 1379 1027 et
1417 972 1487 1027 ab
1520 970 1823 1040 Ethiopia,
1850 980 1909 1026 et
1934 969 2005 1024 ab
2034 971 2159 1026 Eia-

582 1072 751 1133 mitis,
790 1078 844 1124 et
870 1068 940 1124 ah
981 1078 1103 1121 ortu
1146 1065 1296 1131 solis,
1336 1074 1390 1118 et
1423 1077 1492 1119 es
1537 1063 1758 1118 Arabia.
1802 1061 1940 1128 Quia
1993 1062 2160 1129 igitur

580 1163 840 1235 propheta
881 1174 1029 1223 eum,
1053 1159 1240 1227 quies
1278 1157 1457 1212 radice
1497 1152 1667 1210 Iesse
1714 1164 1902 1225 surget
1938 1155 2007 1209 ad
2054 1154 2161 1208 im-

583 1255 876 1323 perandum
904 1252 1175 1322 gestibus,
1206 1248 1530 1306 vaticinatus
1556 1256 1663 1313 est,
1692 1246 2023 1317 adiecitque,
2052 1264 2071 1299 ι
2104 1247 2157 1301 in

580 1360 706 1402 eum
745 1352 930 1417 gentes
958 1343 1281 1414 sperabunt;
1311 1359 1332 1394 ι
1357 1338 1656 1401 Iudaicum
1692 1340 1820 1394 item
1857 1352 2030 1407 genus
2064 1352 2162 1393 ue-

581 1438 821 1496 eessario
860 1446 1126 1495 memorat
1173 1441 1245 1492 iir
1272 1433 1559 1506 presenti;
1614 1446 1687 1489 ne
1734 1432 1858 1501 quis
1911 1432 2159 1501 suspica-

586 1544 738 1591 retur
760 1548 911 1598 eum,
942 1533 1034 1604 qui
1065 1529 1119 1587 in
1154 1528 1441 1602 prophetia
1484 1525 1678 1591 fertur,
1718 1524 1915 1596 popqu
1943 1538 2013 1578 es
2052 1524 2160 1579 cir-

582 1628 919 1689 cumcisione
968 1623 1104 1681 nihil
1142 1621 1395 1699 utilitatis
1448 1618 1740 1689 allaturum
1807 1633 1949 1674 esse.
1990 1616 2160 1672 Docet

584 1721 788 1791 itaque,
833 1734 942 1791 quo
977 1727 1135 1787 pacto
1178 1733 1198 1767 ι
1229 1716 1283 1769 in
1327 1712 1415 1768 die
1458 1712 1580 1776 illa;
1607 1728 1626 1764 ι
1664 1710 1718 1767 id
1758 1719 1873 1775 est,
1920 1720 2160 1780 tempore

584 1790 861 1868 adventus
888 1810 980 1881 qui
1014 1809 1064 1865 in
1092 1805 1348 1862 vaticinio
1375 1804 1714 1868 enuntiatur,
1750 1819 1771 1855 ι
1801 1790 2024 1870 adiiciet
2050 1801 2157 1857 Do-

586 1902 767 1983 minus
806 1869 1090 1962 ostendere
1120 1911 1337 1953 manum
1382 1910 1561 1961 suam,
1592 1896 1659 1948 ad
1690 1869 1975 1949 zelandum
2021 1892 2156 1947 resi-
2186 1869 2229 1931 Β

585 1982 749 2050 duum
780 1992 983 2064 populi.
1008 2009 1028 2044 ι
1058 1989 1165 2046 Pro
1190 2004 1298 2060 quo
1337 1986 1529 2059 Aquila
1551 2025 1567 2053 ,
1603 2004 1622 2037 ι
1659 1984 1915 2053 Adjiciet,
1959 1982 2154 2055 inquit,

584 2068 865 2143 Dominus“
882 2082 1121 2140 secundo
1150 2096 1365 2138 manum
1402 2094 1578 2142 suam,
1622 2079 1687 2132 ad
1734 2075 2016 2133 zelandum
2073 2089 2159 2130 re-

586 2179 800 2235 siduum
847 2176 1030 2249 populi
1080 2176 1244 2241 sui;s
1285 2172 1667 2246 Symmachus,
1717 2167 1999 2239 «Adjiciet
2048 2165 2157 2222 Do-

588 2272 768 2326 minus
799 2268 1038 2326 secundo
1082 2280 1300 2322 manum
1338 2278 1517 2330 suam,
1545 2263 1611 2318 ad
1644 2259 2032 2333 possidendum
2072 2273 2161 2315 re-

586 2364 803 2420 siduum
834 2360 1014 2433 populi
1041 2358 1147 2417 sui.
1172 2377 1192 2411 ι
1226 2358 1691 2427 Quemadmodum
1726 2356 1873 2411 enim
1902 2352 2157 2409 afﬂictum

585 2454 868 2513 IIudaicum
897 2449 1149 2523 p0pulum
1177 2449 1344 2506 semel
1371 2448 1439 2505 ab
1472 2448 1824 2518 oppressione
1872 2446 2159 2511 liberavit,

591 2560 753 2602 manu
800 2558 900 2600 sua
933 2540 1259 2597 mirabilium
1306 2537 1579 2596 eﬂ'ectrice
1628 2554 1725 2608 per
1777 2536 2009 2609 loysem
2058 2549 2157 2591 ex-

593 2647 786 2693 tensa:
815 2650 921 2707 qua
955 2649 1118 2690 manu
1155 2632 1415 2703 stupenda
1459 2631 1545 2686 illa
1581 2630 1823 2701 prodigia
1856 2629 1908 2684 in
1941 2626 2159 2699 Egypti

590 2729 813 2801 regione
856 2726 1054 2793 edidit;
1099 2727 1290 2782 eodem
1338 2724 1497 2779 modo
1544 2722 1741 2777 iterum
1785 2719 2005 2791 adiiciet
2053 2734 2161 2774 ma-

588 2838 718 2879 num
750 2836 926 2884 suam,
966 2820 1119 2892 quasi
1153 2819 1390 2875 secunda
1424 2831 1541 2871 vice
1576 2813 1911 2870 mirabilibus
1937 2813 2158 2869 edendis

587 2913 839 2985 operibus
868 2912 1013 2969 illam
1058 2924 1320 2977 movens;
1354 2918 1411 2966 ut
1452 2910 1724 2964 residuum
1763 2905 1943 2979 populi
1982 2903 2159 2975 possi-

588 3007 729 3069 deat,
756 3020 822 3061 ac
855 3005 1090 3061 studiose
1132 3012 1436 3060 conservet.
1488 3000 1621 3055 Nam
1657 3001 1770 3056 sive
1816 3000 1869 3053 in
1911 2998 2163 3070 Assyrio—

593 3115 708 3155 rum
756 3098 1018 3170 regione,
1062 3098 1178 3153 sive
1225 3096 1279 3151 in
1328 3094 1591 3167 Egypto,
1649 3094 1700 3148 in
1753 3092 2055 3165 Babylone,
2105 3091 2159 3146 in

2257 608 2360 662 σοί.
2405 627 2425 659 s

2330 718 2350 750 ι
2383 699 2498 754 Kal.
2524 696 2678 754 [erat
2704 700 2771 771 τῇ
2802 697 2991 771 ἡμέρᾳ
3018 698 3227 774 ἐκείνῃ,
3254 701 3556 774 προσθήσει
3581 704 3613 757 6
3646 702 3851 777 Κύριος

2255 787 2351 846 τοῦ
2381 790 2551 856 δεῖξαι
2582 789 2683 862 τὴν
2724 792 2883 863 χεῖρα
2928 790 3118 855 αὐτοῦ,
3170 790 3266 847 τοῦ
3304 793 3546 866 ζηλῶσαι
3572 795 3637 849 τὸ
3675 812 3850 851 κατα.

2255 883 2471 954 λειφθὲν
2504 883 2799 938 ὑπόλοιπον
2839 882 2936 937 τοῦ
2976 882 3131 949 λαοῦ,
3177 885 3208 939 6
3250 885 3319 941 ἀν
3355 888 3694 961 καταλειφθῇ
3744 888 3853 944 ἀπδ

2255 976 2366 1032 τῶν
2414 976 2719 1048 ’Δσσυρίων
2759 977 2858 1032 καὶ
2894 978 3005 1032 ἀπὺ
3040 978 3347 1048 Αἰγύπτου,
3374 982 3471 1036 καὶ
3524 981 3635 1038 ἀπὺ
3665 981 3852 1037 Βαϐυ-

2257 1068 2472 1135 λωνίας,
2514 1068 2611 1123 καὶ
2638 1068 2747 1122 ἀπὸ
2772 1068 3078 1133 Αἰθιοπίας,
3111 1070 3208 1124 καὶ
3243 1071 3571 1144 Ἑλαμιτῶν,
3601 1073 3699 1128 καὶ
3742 1064 3856 1128 ἀπὶ

2257 1159 2407 1231 ήλίου
2447 1156 2745 1223 ἀνατολῶν,
2781 1158 2876 1212 καὶ
2913 1157 2975 1224 ἐξ
3028 1157 3303 1230 Ἀραϐίας.
3348 1179 3369 1214 s
3415 1161 3633 1236 Ἐπειδὴ
3671 1162 3854 1218 τοίνυν

2256 1252 2349 1307 τὸν
2380 1250 2739 1323 ἀνιστάμενον
2768 1254 2835 1305 ὲκ
2869 1251 3025 1324 ῥίζης
3065 1252 3267 1306 Ἰεσσαὶ
3315 1251 3503 1326 ἄρξειν
3535 1245 3646 1309 τῶν
3679 1254 3855 1312 δθνῶν

2257 1344 2542 1399 ἐθέσπισεν
2565 1346 2596 1399 6
2626 1345 2931 1416 προφήτης,
2957 1343 3053 1398 καὶ
3080 1345 3382 1416 επήγαγεν,
3414 1346 3497 1401 δτι
3532 1366 3552 1399 ι
3597 1346 3855 1420 ἀπἀύτῷ

2258 1437 2386 1510 ῑθνη
2430 1436 2727 1493 ιλπιοῦσιν·
2763 1455 2783 1490 ι
2819 1435 3139 1505 ἀναγκαίως
3164 1437 3259 1490 καὶ
3290 1436 3385 1492 τοῦ
3425 1438 3725 1495 Ἰουδαϊκοῦ
3760 1440 3855 1511 γό-

2256 1545 2385 1593 νους
2434 1528 2707 1601 μέμνηται
2752 1526 2842 1581 διά
2888 1524 2984 1580 τοῦ
3033 1526 3419 1599 προκειμένου,
3474 1530 3613 1603 πρὸς
3657 1530 3723 1585 τὸ
3776 1532 3853 1605 μή

2257 1620 2545 1677 ὑπολαϐεῖν
2568 1619 2658 1674 τὸν
2678 1617 3155 1693 προφητευόμενον
3207 1620 3374 1694 μηδὲν
3411 1621 3721 1695 ὠφελήσειν
3760 1622 3854 1678 τὸν

2256 1718 2324 1771 ὲκ
2344 1714 2646 1788 περιτομῆς
2675 1714 2824 1770 λαόν.
2862 1713 3115 1769 Διδάσκει
3146 1714 3351 1783 τοίνυν,
3380 1714 3457 1781 ὡς
3478 1716 3538 1772 ιν
3570 1719 3639 1789 τῇ
3668 1718 3856 1792 ήμιρᾳ

2260 1809 2465 1882 ἐκείνῃ,
2501 1807 2781 1863 τουτέστιν
2813 1809 2872 1862 ιν
2903 1806 2982 1880 τῷ
3025 1807 3203 1880 χρόνῳ
3238 1808 3341 1879 τῆς
3384 1809 3709 1881 επιφανείας
3754 1811 3853 1867 τοῦ

2257 1900 2669 1972 θεσπιζομένου,
2694 1918 2714 1953 ε
2757 1899 3055 1973 προσθήσει
3080 1899 3285 1973 Κύριος
3303 1900 3401 1955 τοῦ
3425 1901 3597 1967 δεῖξαι
3617 1903 3720 1976 τήν
3748 1905 3857 1975 κετ-

2260 2011 2327 2065 ρα
2359 1991 2548 2058 αὑτοῦ,
2585 1991 2682 2045 τοῦ
2725 1990 2967 2063 ζηλῶσαι
3009 1991 3070 2045 τὸ
3111 1990 3471 2062 καταλειφθὲν
3502 1992 3598 2047 τοῦ
3631 1992 3788 2049 λαοῦ.
3829 2012 3854 2047 s

2268 2078 2494 2141 ῖΔνθόὗ
2534 2083 2563 2140 6
2619 2085 2719 2157 μὲν
2765 2081 3021 2149 Ἀκύλας,
3072 2102 3091 2135 ι
3127 2083 3479 2156 Προσθήσει,
3525 2084 3690 2158 φησι,
3741 2084 3856 2141 Κύ-

2259 2195 2376 2253 ριος
2395 2177 2644 2250 δεύτερον
2667 2177 2766 2249 τήν
2800 2178 2959 2249 χεῖρα
2986 2175 3177 2240 αὑτοῦ,
3205 2174 3303 2229 τοῦ
3336 2175 3580 2249 ζηλῶσαι
3616 2177 3681 2232 τὸ
3716 2177 3853 2233 ὑπό-

2258 2270 2468 2341 λειμμα
2493 2266 2587 2321 τοῦ
2609 2266 2741 2321 λαοῦ
2776 2265 2962 2321 αὐτοῦ’
3005 2284 3026 2319 ι
3060 2266 3165 2320 εδδ
3192 2264 3511 2337 Σύμμαχος,
3547 2282 3567 2318 ι
3604 2265 3853 2338 Προσθή-

2260 2377 2344 2415 σει
2372 2359 2577 2432 Κύριος
2617 2360 2682 2413 εκ
2708 2358 2963 2431 δευτέρου
2994 2356 3094 2429 τήν
3127 2360 3286 2430 χεῖρα
3334 2355 3501 2412 αὐτοῦ
3543 2356 3854 2429 κτήσασθαι

2258 2454 2321 2509 τὸ
2369 2453 2683 2524 ὑπόλειμμα
2710 2450 2805 2505 τοῦ
2851 2448 2983 2505 λαοῦ
3017 2448 3205 2506 αὐτοῦ.
3246 2468 3268 2503 ε
3313 2449 3527 2522 Ὠσπερ
3564 2449 3676 2524 γὰρ
3704 2448 3855 2519 ἀπαξ

2261 2544 2391 2600 ποτε
2427 2547 2486 2599 εν
2514 2541 2777 2614 Αἰγύπτῳ
2808 2540 3282 2613 καταπονούμενον
3303 2540 3396 2595 τὸν
3424 2540 3534 2596 τῶν
3578 2541 3855 2598 Ἰουδαίων

2259 2639 2385 2694 λαὸν
2411 2636 2754 2710 ἠλευθέρωσε
2767 2635 2870 2708 τῆς
2898 2635 3218 2699 κακώσεως,
3239 2635 3340 2707 τήν
3365 2639 3526 2707 χεῖρα
3551 2634 3720 2691 αὐτοῦ
3753 2633 3856 2709 τὴν

2260 2730 2684 2805 παραδοξοποιὺν
2698 2733 2787 2789 διὰ
2805 2730 3085 2794 Μωῦσόως
3114 2730 3587 2803 προστησάμενος,
3601 2728 3670 2783 δι’
3686 2721 3759 2803 ἧς
3777 2728 3854 2785 τά

2260 2825 2539 2900 παράδοξα
2552 2825 2653 2881 θαύ
2660 2842 2806 2898 ματα
2816 2823 3112 2898 εἰργάσατο
3127 2824 3220 2877 επὶ
3234 2823 3334 2895 τῆς
3348 2822 3627 2893 Δῑγύπτου
3645 2823 3853 2896 χώρας

2258 2919 2351 2974 τὸν
2378 2919 2543 2973 αὑτὸν
2578 2919 2781 2989 τρόπον
2816 2916 3115 2991 προσθήσει
3148 2915 3309 2971 πάλιν
3344 2915 3447 2987 τὴν
3470 2917 3629 2988 χεῖρα
3659 2913 3856 2981 αὐτοῦ,

2261 3007 2452 3081 ῶσπερ
2466 3011 2530 3063 εκ
2544 3007 2799 3080 δευτέρου
2823 3005 2992 3061 κινῶν
3010 3007 3181 3077 αὐτὴν
3202 3004 3291 3061 διά
3311 3003 3630 3078 παραδόξων
3648 3004 3856 3079 ιργων,

2262 3099 2403 3172 ὑπὲρ
2426 3099 2521 3155 τοῦ
2549 3097 2878 3170 κτήσασθαι,
2896 3098 2994 3153 καὶ
3010 3098 3251 3170 ζηλωτὸν
3280 3098 3580 3173 ποιῆσαιτδ
3601 3099 3862 3155 καταλει-

588 3191 889 3261 Ειιιίορὶε,
918 3191 972 3245 iu
1010 3190 1359 3244 Eiamitarum
1393 3197 1558 3251 terra,
1584 3202 1649 3242 ac
1681 3186 1733 3241 in
1764 3184 1986 3256 reliquis
2010 3183 2160 3241 orbis

2264 3189 2395 3260 φθὲν
2426 3189 2521 3245 τοῦ
2552 3189 2705 3244 λαοῦ.
2738 3188 2865 3245 Εῐτε
2885 3189 2997 3263 γάρ
3015 3190 3075 3243 δν
3096 3192 3163 3262 τῇ
3190 3190 3298 3245 τῶν
3339 3191 3640 3264 ’Δσσυρίων
3673 3192 3857 3279 χῴρᾳ,

589 3285 835 3359 partibus
860 3298 928 3341 es
970 3283 1189 3339 Judaica
1220 3291 1379 3355 gente
1421 3282 1643 3352 quidam
1676 3280 1903 3350 dispersi
1930 3288 2153 3335 essent:

587 3394 655 3432 ex
679 3392 866 3433 eorum
897 3389 1121 3432 numero
1145 3389 1240 3431 eos
1277 3373 1367 3445 qui
1402 3373 1455 3429 in
1481 3372 1759 3429 Christum
1785 3370 2158 3435 crediderunt,

588 3484 653 3525 ac
692 3468 986 3524 secundum
1036 3466 1359 3523 electionem
1411 3465 1601 3534 gratia
1648 3462 1926 3521 residuum
1974 3460 2159 3520 electi

586 3570 734 3627 sunt,
764 3558 933 3629 gloria
980 3555 1290 3614 alliciendos
1328 3567 1384 3614 et
1410 3556 1654 3613 studiose
1697 3563 1996 3613 servandos
2036 3569 2160 3611 esse

585 3652 790 3707 dictum
833 3657 938 3706 est.
983 3648 1136 3717 Quod
1181 3662 1313 3705 sane
1354 3648 1485 3720 ipsis
1524 3648 1781 3717 operibus
1825 3647 2158 3704 declaratum

577 3752 709 3797 est:
741 3756 868 3796 nam
900 3754 994 3811 per
1019 3726 1314 3811 discipulos
1350 3748 1405 3795 et
1438 3739 1711 3809 apostolos
1741 3739 1933 3809 ipsius,
1968 3755 2032 3797 ac
2061 3755 2158 3810 per

587 3835 725 3891 alios
755 3848 825 3891 es
866 3832 1087 3896 Judaeis,
1129 3833 1221 3903 qui
1257 3832 1459 3889 Christi
1506 3832 1726 3888 verbum
1771 3842 2159 3901 susceperunt,

588 3927 832 3985 Ecclesia
869 3926 963 3982 Dei
1002 3926 1297 3983 constituta
1335 3934 1459 3983 est:
1490 3940 1590 3997 per
1615 3940 1711 3983 eos
1741 3924 1872 3981 item
1918 3923 2159 3982 Ecclesia

589 4024 828 4092 gentium
857 4021 1100 4077 omnium
1148 4019 1382 4084 coaluit,
1428 4033 1493 4074 ac
1533 4017 1800 4075 universis
1848 4018 2164 4075 nationibus

590 4111 943 4182 Evangelium
986 4112 1249 4174 traditum
1294 4120 1429 4166 est:
1477 4112 1588 4168 Deo
1632 4110 1824 4182 signis,
1875 4112 2160 4182 prodigiis,

590 4204 866 4273 variisque
908 4203 1197 4259 virtutibus
1223 4217 1289 4258 ac
1333 4202 1536 4273 Spiritu
1578 4211 1767 4259 sancto
1811 4217 1913 4273 per
1953 4203 2161 4273 gratia-

586 4310 709 4352 rum
760 4295 1052 4362 divisiones
1102 4294 1469 4369 testimonium
1526 4311 1683 4350 suum
1754 4296 2008 4354 addente.
2055 4294 2163 4352 Eos

588 4396 770 4443 autem
803 4387 896 4456 qui
950 4386 1171 4442 verbum
1220 4387 1288 4441 ab
1320 4385 1427 4443 illis
1479 4388 1827 4456 praedicatum
1875 4400 2159 4456 accepere,

591 4480 695 4535 sub
734 4479 900 4535 tutela
948 4494 1045 4535 sua
1101 4478 1243 4535 Deus
1288 4472 1528 4536 studiose
1573 4478 1750 4547 fovet,
1790 4489 1847 4536 et
1894 4479 2163 4551 gloriosos

590 4573 733 4644 apud
765 4588 954 4631 omnes
984 4572 1165 4630 edicit.

663 4756 827 4813 Vsus.
853 4756 940 4813 l2.
986 4773 1006 4807 ι
1034 4755 1101 4811 Ει
1130 4756 1328 4812 levabit
1368 4755 1582 4826 signum
1614 4755 1668 4812 in
1706 4764 1916 4826 gentes,
1945 4766 2004 4813 et
2030 4772 2163 4812 con-

588 4851 835 4920 gregabit
876 4846 1113 4920 perditos
1143 4846 1326 4915 israel,
1358 4858 1412 4904 et
1444 4848 1718 4919 dispersos
1761 4848 1897 4905 luds
1932 4863 2160 4917 congre-

587 4943 736 5014 gabit
776 4956 845 4998 ex
890 4949 1121 5011 quatuor
1167 4941 1267 4996 alis
1318 4949 1497 4997 terrae.
1541 4941 1608 4997 Et
1671 4940 1943 4997 auieretur
2007 4941 2161 4997 selus

587 5035 885 5107 prraim,
948 5042 1005 5089 et
1071 5033 1274 5089 inimici
1348 5033 1487 5089 Juda
1538 5034 1835 5103 peribunt.
1899 5034 2157 5105 Ephraim

587 5144 694 5183 non
738 5127 1074 5183 simulabitur
1117 5124 1345 5191 ludam,
1391 5136 1448 5183 et
1496 5125 1667 5182 ludas
1718 5141 1827 5181 non
1876 5126 2162 5183 tribulabit

588 5219 906 5291 Ephraim.»
951 5218 1087 5274 Nam
1134 5217 1332 5274 Christi
1386 5217 1635 5289 discipuli
1688 5218 1754 5274 iis
1788 5218 1880 5289 qui
1927 5233 1994 5274 ex
2046 5218 2158 5273 cir-

586 5312 919 5367 cumcisione
957 5317 1134 5375 erant,
1165 5311 1339 5381 primo
1368 5310 1745 5381 praedicantes,
1775 5327 1840 5366 es
1878 5311 2011 5382 ipsis
2042 5325 2157 5377 eos,

586 5405 678 5473 qui
712 5403 1079 5470 Crediderunt,
1113 5412 1511 5473 congregarunt
1540 5402 1593 5457 in
1626 5402 1866 5458 Ecclesia
1902 5402 2106 5458 Christi
2139 5422 2154 5460 :

586 5494 679 5563 qui
725 5508 859 5550 sane
887 5493 1015 5550 olim
1049 5494 1343 5565 perierant,
1387 5502 1448 5548 ut
1496 5492 1754 5548 Servatur
1786 5493 2027 5550 dederat
2071 5493 2160 5549 his

589 5586 787 5653 verbis,
817 5605 837 5639 ι
866 5586 944 5643 lte
966 5588 1031 5643 ad
1056 5601 1208 5651 oves,
1235 5600 1354 5656 qua:
1374 5584 1650 5655 perierunt
1670 5586 1861 5641 domus
1877 5586 2038 5641 Israel
2052 5586 2119 5639 ".
2136 5604 2156 5638 ε

588 5676 715 5733 Haec
772 5692 929 5749 porro
975 5679 1228 5735 fecerunt
1279 5679 1335 5735 in
1393 5687 1631 5750 quatuor
1680 5676 1781 5735 alis
1818 5676 1933 5735 sive
1986 5676 2160 5750 plagis

656 5858 703 5893 "
741 5856 940 5914 Matth:
958 5872 1017 5926 κ,
1044 5858 1097 5913 6.

2264 3284 2375 3338 εἴτε
2403 3284 2462 3336 ιν
2485 3281 2767 3354 Αἰγύπτῳ,
2796 3282 2905 3336 εῐτε
2937 3284 2996 3336 ιν
3022 3280 3325 3346 Βαϐυλῶνι,
3356 3282 3471 3337 εἴτε
3497 3276 3858 3359 ενΔίθιοπίᾳ,

2260 3373 2370 3429 εἴτε
2394 3375 2452 3427 ιν
2475 3376 2542 3447 τῇ
2567 3376 2637 3446 γῇ
2653 3375 2780 3441 τῶν⁶
2794 3375 3115 3447 Ἐλαμιτῶν,
3140 3374 3250 3429 εἴτε
3270 3377 3337 3449 τῇ
3356 3376 3518 3450 λοιπῇ
3533 3377 3859 3453 οίκουμόνῃ.

2259 3466 2647 3539 διεσπαρμένοι
2674 3467 2818 3531 τινες
2843 3461 2985 3539 ἦσαν
3014 3466 3109 3521 τοῦ
3174 3467 3447 3523 Ἰουδαίων
3488 3468 3693 3540 ῑθνουςο
3728 3470 3863 3525 τού-

2259 3555 2559 3611 τωναύτῶν
2574 3557 2700 3621 τοὺς
2723 3558 2805 3621 είς
2832 3557 2924 3612 τὸν
2947 3556 3184 3629 Χριστὸν
3216 3560 3673 3627 πεπιστευκότας,
3696 3559 3862 3633 λεῖμ-

2264 3665 2342 3720 μα
2370 3648 2492 3702 κατ’
2525 3646 2757 3721 ἐκλογὴν
2798 3646 3022 3721 χάριτος
3070 3648 3420 3720 γενομένους,
3465 3648 3712 3714 δοξάσειν
3756 3652 3861 3705 καὶ

2262 3741 2512 3813 ποιήσειν
2536 3740 2812 3813 ζηλωτοὺς
2839 3740 3074 3813 εἴρηται.
3106 3743 3172 3794 Ὃ
3209 3741 3274 3814 δή
3308 3743 3402 3796 καὶ
3433 3742 3616 3816 ἔργοις
3639 3743 3863 3818 ἐδηλοῦ-

2261 3850 2341 3889 το·
2376 3833 2465 3887 διά
2486 3834 2597 3905 γάρ
2623 3832 2733 3888 τῶν
2762 3832 2928 3888 αὑτοῦ
2957 3832 3221 3907 μαθητῶν
3254 3835 3349 3889 καὶ
3370 3836 3707 3904 ἀποστόλων,
3742 3837 3861 3894 τῶν

2261 3942 2323 3979 τε
2349 3923 2553 3980 λοιπῶν
2580 3923 2689 3980 τῶν
2707 3924 2767 3990 ιξ
2800 3924 3069 3979 Ἰουδαίων
3098 3926 3190 3981 τὸν
3214 3928 3452 4000 Χριστοῦ
3485 3928 3643 3999 λόγον
3665 3946 3860 4005 παρα-

2262 4016 2621 4088 δεδεγμένων,
2651 4018 2685 4088 ή
2728 4017 3024 4089 Ἐκκλησία
3066 4018 3162 4074 τοῦ
3190 4020 3327 4075 Θεοῦ
3368 4021 3624 4093 συνίστη,
3671 4024 3770 4078 καὶ⁵
3822 4024 3862 4098 ή

2278 4109 2572 4181 Ἐκκλησία
2597 4110 2707 4173 τῶν
2731 4108 2902 4166 ἐθνῶν
2918 4113 3176 4168 ἀπάντων
3190 4113 3257 4168 δι’
3285 4114 3463 4170 αὐτῶν
3490 4113 3862 4189 ἀπετελέσθη,

2264 4200 2450 4257 καὶτὸ
2480 4201 2812 4271 Εὑαγγέλιον
2858 4204 2992 4257 πᾶσι
3035 4203 3287 4260 διεδίδοτο
3324 4208 3438 4272 τοῖς
3487 4206 3685 4273 ἔθνεσι,
3724 4225 3862 4264 συν-

2264 4290 2765 4364 επιμαρτυροῦντος
2787 4291 2883 4346 τοῦ
2911 4292 3047 4347 Θεοῦ
3073 4294 3340 4367 σημείοις,
3374 4298 3469 4351 καὶ
3499 4296 3716 4370 τέρασι,
3754 4301 3862 4357 καὶ

2264 4378 2536 4447 ποικίλαις
2560 4384 2844 4456 δυνάμεσι,
2878 4384 2973 4440 καὶ
3000 4385 3321 4458 Πνεύματος
3350 4390 3509 4459 ἁγίου
3539 4396 3859 4470 μερισμοϊςο

2262 4476 2357 4542 οὓς
2388 4479 2483 4531 καὶ
2512 4478 2786 4551 ζηλωτοὺς
2812 4481 2842 4534 6
2870 4480 3003 4546 Θεὸς
3029 4482 3223 4547 ἐποίει,
3255 4484 3349 4538 καὶ
3381 4484 3539 4557 παρὰ
3561 4487 3731 4542 πᾶσιν
3760 4489 3861 4546 ὲν-

2196 4578 2239 4634 D
2266 4568 2469 4637 δόξους,
2501 4572 2626 4636 τοὺς
2656 4572 2765 4629 .τδν
2806 4574 3314 4648 καταγγελλόμενον
3354 4576 3447 4631 ὑπ’
3489 4578 3671 4634 αὐτῶν
3692 4579 3862 4653 λόγον

2270 4662 2761 4748 παραδεχομένους.

2344 4777 2364 4808 ε
2389 4757 2657 4829 Καιάρεῖ
2701 4762 2926 4831 σημεῖον
2958 4763 3040 4826 εἰς
3061 4761 3133 4817 τὰ
3162 4763 3314 4837 ἔθνη,
3346 4766 3441 4821 καὶ
3478 4765 3697 4835 συνάξει
3728 4769 3865 4836 τοὺς

2267 4844 2633 4918 ἀπολομένους
2679 4848 2915 4922 Ἰσραήλ,
2951 4852 3046 4906 καὶ
3071 4854 3197 4917 τοὺς
3215 4853 3647 4928 διεσπαρμένους
3684 4856 3863 4913 Ἰούδα

2269 4937 2484 5004 συνάξει
2526 4942 2593 4995 ἐκ
2637 4941 3058 5014 τῶντεσσάρων
3102 4946 3390 5019 πτερύγων
3431 4948 3533 5020 τῆς
3562 4948 3689 5021 γῆς.
3743 4951 3864 5011 Καὶ

2265 5031 2692 5107 ἀφαιρεθήσεται
2718 5036 2747 5087 6
2780 5035 2942 5105 ζῆλος
2968 5037 3229 5109 Ἐφραῒμ,
3257 5041 3423 5095 καὶοί
3451 5041 3637 5115 ἐχθροὶ⁸
3682 5042 3862 5099 Ἰούδα

2263 5122 2609 5177 ἀπολοῦνται.
2650 5124 2892 5196 Ἐφραῒμ
2921 5127 2981 5179 ού
3009 5125 3240 5198 ζηλώσει
3274 5128 3492 5198 Ἰούδαν,
3518 5130 3614 5185 καὶ
3655 5130 3862 5199 Ἰούδας

2263 5214 2323 5267 οὑ
2372 5213 2547 5286 θλίψει
2608 5216 2867 5288 Ἐφραῒμ.
2899 5236 2918 5268 ι
2975 5216 3217 5289 Πρώτοις
3268 5220 3378 5294 γὰρ
3408 5220 3775 5293 κηρύττοντες
3805 5225 3861 5278 oi

2266 5307 2501 5380 Χριστοῦ
2536 5308 2774 5380 μαθηταὶ
2796 5312 2906 5374 τοῖς
2932 5311 2996 5365 ἐκ
3027 5314 3350 5386 περιτομῆς,
3377 5316 3609 5386 συνῆγον
3638 5318 3769 5383 τοὺς
3797 5318 3862 5387 ιε

2267 5401 2445 5456 αὐτῶν
2472 5403 2903 5468 πεπιστευκότας
2918 5405 2998 5469 είς
3011 5404 3109 5476 τήν
3128 5406 3222 5459 τοῦ
3243 5407 3480 5479 Χριστοῦ
3499 5408 3857 5481 Ἐκκλησίαν,

2267 5494 2433 5549 πάλαι
2460 5495 2621 5560 ϐντας
2659 5495 3049 5568 ἀπολομένους,
3078 5497 3201 5552 καθ’
3236 5499 3265 5553 ὃ
3296 5499 3577 5555 ἐδίδασκεν
3600 5501 3631 5553 6
3662 5502 3863 5577 Σωτὴρ

2265 5588 2457 5659 λέγων·
2492 5609 2511 5642 t
2541 5589 2845 5661 Πορεύεσθε
2884 5591 3021 5664 πρὸς
3051 5592 3120 5646 τὰ
3150 5592 3400 5665 πρόϐατα
3435 5592 3507 5648 τά
3535 5594 3863 5652 ἀπολωλότα

2263 5681 2414 5736 οἴκου
2455 5680 2692 5755 Ἰσραήλ.
2732 5701 2751 5736 ι
2781 5682 2967 5741 Ταῦτα
2990 5682 3048 5740 δὲ
3069 5681 3337 5758 ἔπραττον
3351 5684 3411 5743 ὲν
3440 5689 3560 5754 ταῖς
3588 5686 3864 5764 τέσσαρσι
