4042 6392
231 389 337 448 ΓΠ

1201 394 1708 452 COMMENTARIA
1746 394 1814 451 IN
1854 394 2111 456 ISAIAM.
2150 432 2221 441 —
2256 399 2413 456 CAP.
2451 396 2549 458 XI.

3422 400 3525 456 £73

228 504 463 583 πτέρυξι
493 512 596 585 τῆς
645 516 772 586 γῆς,
797 514 1176 586 διατρέχοντες
1202 515 1471 589 ἀνατολὴν
1514 517 1610 571 καὶ
1655 515 1809 571 δύσιν

1936 527 2134 573 terrae:
2168 518 2449 576 Orientem
2493 529 2551 575 et
2580 517 2953 585 Occidentem,
2990 518 3431 591 Septentrionem
3470 532 3527 573 et

224 599 433 673 ᾶρκτον
479 603 577 656 καὶ
628 603 998 676 μεσημϐρίαν.
1040 605 1286 677 Πρώτοις
1320 608 1418 678 μὲν
1472 604 1567 662 οὖν
1602 608 1831 673 ἐκείνοις

226 692 580 761 μετεδίδοσαν
608 694 704 748 τοῦ
728 694 1087 766 εὐαγγελικοῦ
1121 697 1304 767 λόγου,
1343 699 1537 754 ἔπειτα
1580 703 1692 765 τοῖς
1720 702 1832 755 λοι-

220 784 349 847 ποτς
380 782 592 839 ἔθνεσιν
616 786 939 859 ἐκήρυττον.
973 788 1065 843 Διὸ
1098 790 1364 845 λέλεκται·
1404 792 1573 847 “Kal.
1612 791 1829 858 συνάξει

216 875 348 938 τοὺς
408 876 762 943 ἀπολωλότας
802 881 1040 953 Ἰσραήλ,
1090 882 1186 936 καὶ
1231 884 1359 948 τοὺς
1398 884 1829 958 διεσπαρμένους

227 965 431 1020 Ἰούδα.
480 987 500 1021 ι
536 969 632 1033 Τίς
653 970 710 1024 δὲ
752 972 970 1040 συνάξει
997 973 1030 1045 ἢ
1077 976 1105 1028 ό
1142 975 1502 1040 ἅποοτολικὸς
1526 978 1705 1049 χορὸς,
1735 978 1768 1049 ἢ
1800 981 1829 1031 ό

211 1053 283 1108 δι’
313 1057 502 1111 αὐτῶν
531 1060 936 1131 κηρυττόμενος
963 1065 1028 1116 ὲκ
1057 1062 1214 1134 ῥίζης
1251 1066 1485 1131 ’Ῑεσσαίς
1520 1067 1829 1139 Συνήγοντό

212 1161 275 1198 τε
327 1147 440 1200 ὑπὸ
506 1150 639 1220 μίαν
692 1152 1061 1224 Ἐκκλησίαν,
1108 1154 1292 1209 οὐκέτι
1342 1154 1651 1223 διεστῶτες,
1706 1157 1828 1211 οὐδὲ

211 1238 599 1313 ἁφωρισμένοι
636 1244 906 1317 ἀλλήλων,
936 1246 1013 1311 ὡς
1042 1248 1105 1302 τὸ
1146 1249 1432 1322 πρότερον.

292 1351 313 1383 ι
362 1335 479 1389 Καὶ
531 1338 965 1411 πετασθήσονται
1010 1341 1070 1394 ἐν
1113 1341 1323 1406 πλοίοις
1357 1343 1695 1414 ἀλλοφύλων,
1732 1344 1827 1399 θά-

210 1420 428 1479 λασσαν
451 1427 570 1497 ἅμα
595 1430 1080 1500 προνομεύσουσιν.
1119 1456 1141 1486 ι
1189 1433 1386 1506 Ἐχρῆν
1401 1434 1582 1489 τοίνυν
1603 1436 1821 1503 αὐτοὺς,

208 1515 281 1569 τὰ
316 1515 453 1589 ἔθνη
474 1520 955 1591 περινοστοῦντας,
993 1524 1217 1589 πάντως
1240 1543 1343 1579 που
1388 1527 1483 1580 καὶ
1508 1529 1575 1599 τῇ
1613 1527 1704 1582 διὰ
1727 1527 1825 1583 θα-

208 1600 428 1678 λάσσης
465 1611 776 1682 χρήσασθαι
810 1613 1027 1685 πορείᾳ.
1070 1604 1283 1686 Ὠσπερ
1324 1612 1419 1670 οὖν
1450 1618 1757 1690 ῐπτάμενοι,

206 1697 380 1768 τάχος
418 1701 515 1753 καὶ
564 1700 658 1755 τὸν
706 1702 795 1757 διὰ
836 1703 1108 1778 θαλάττης
1144 1706 1348 1779 δρόμον
1380 1709 1715 1780 διήνυον-ὼς
1763 1713 1825 1765 ὲν

210 1787 418 1860 βραχεῖ
443 1792 622 1864 χρόνῳ
658 1792 930 1859 πλείστοις
963 1796 1142 1851 ἔθνεσι
1174 1799 1236 1852 τὸ
1273 1800 1609 1871 Εὑαγγέλιον
1644 1802 1822 1875 κηρύ-

1936 612 2214 669 Meridiem
2250 624 2654 684 percurrentes.
2700 612 2812 670 Illis
2840 614 3025 684 itaque
3068 614 3248 685 primo
3291 626 3527 681 evange-

1932 701 2098 758 licum
2145 706 2372 761 verbum
2432 704 2813 769 tradiderunt,
2866 703 3064 761 deinde
3114 702 3339 773 reliquis
3387 716 3523 771 gen-

1934 797 2079 851 tibus
2125 797 2512 867 praedicarunt.
2564 799 2928 867 Quamobrem
2975 798 3181 887 dictum
3232 806 3353 887 est,
3410 815 3429 847 ι
3460 794 3525 850 Ει

1931 890 2286 957 congregabit
2330 892 2569 961 perditos
2619 891 2818 954 Israel.
2866 900 2925 945 et
2977 885 3252 959 dispersos
3299 885 3516 943 Iudaea

1931 978 2064 1045 Quis
2096 970 2468 1051 congre'gabit,
2516 984 2618 1038 nisi
2670 982 3002 1054 apostolicus
3036 980 3261 1045 chorus,
3312 982 3430 1035 sive
3476 980 3522 1034 is

1930 1072 2022 1139 qui
2051 1070 2120 1126 ab
2159 1073 2266 1128 illis
2292 1076 2647 1141 praedicatur,
2674 1090 2739 1130 ex
2778 1075 2965 1130 radice
3009 1071 3178 1129 Jessae
3221 1072 3416 1127 ortus?
3464 1071 3523 1126 In

1930 1178 2035 1218 una
2073 1176 2245 1233 porro‘
2270 1165 2514 1224 Ecclesia
2551 1176 2681 1223 tunc
2710 1166 3208 1239 congregabantur,
3241 1182 3348 1221 non
3381 1167 3521 1222 ultra

1930 1255 2127 1321 dissiti,
2159 1272 2335 1327 neque
2362 1260 2621 1330 separati,
2655 1270 2711 1315 ut
2751 1271 2932 1315 antea.

2001 1343 2165 1402 Vens.
2196 1347 2285 1401 14.
2351 1365 2369 1400 ι
2404 1348 2483 1413 Ει,
2530 1350 2791 1406 volabunt
2837 1352 2890 1405 in
2941 1350 3169 1405 navibus
3217 1347 3522 1421 allophylu-

1930 1438 2103 1502 rumf
2139 1454 2293 1495 mare
2325 1440 2488 1495 simul
2538 1442 2945 1511 prmdabuntur.
2978 1460 2998 1495 ι
3056 1440 3310 1513 Oportuit
3356 1441 3524 1512 igitur

1926 1546 2059 1595 eos,
2119 1542 2408 1603 postquam
2471 1544 2663 1607 gentes
2726 1536 3162 1604 circumquaque
3231 1534 3520 1596 adierant.

1926 1625 2093 1680 etiam
2129 1628 2296 1681 maris
2346 1627 2541 1682 itinera
2582 1627 2823 1683 emetiri.
2852 1627 3018 1695 Quasi
3068 1626 3315 1682 volantes
3356 1627 3524 1698 igitur

1928 1728 2089 1783 quam
2119 1713 2373 1769 celeriter
2414 1731 2639 1771 cursum
2685 1718 2855 1773 maris
2903 1716 3301 1786 conﬁciebant,
3345 1717 3420 1773 ita
3464 1727 3524 1773 ut

1926 1804 2077 1859 brevi
2110 1807 2537 1877 quamplurimis
2572 1811 2829 1881 gentibus
2865 1810 3217 1881 Evangelium
3258 1811 3522 1880 pradica-

154 1905 169 1919 -
205 1878 317 1947 ξαι.
366 1883 482 1935 Καὶ
511 1884 642 1972 ποτὲ
678 1885 778 1955 μὲν
809 1886 1085 1960 διέτρεχον
1119 1890 1314 1962 πεζῆς,
1348 1894 1481 1946 ποτὲ
1508 1893 1566 1946 δὲ
1608 1894 1697 1949 διὰ
1722 1895 1811 1950 θα-

1931 1906 2069 1951 rent.
2100 1897 2168 1953 Et
2210 1913 2344 1954 sane
2389 1902 2548 1957 modo
2577 1878 2846 1972 pedibus,
2878 1878 3043 1959 modo
3076 1903 3215 1958 mari
3252 1878 3355 1959 iter
3395 1919 3521 1976 age-

204 1972 446 2045 λάσσης·
489 1965 593 2029 οὒκ
634 1977 910 2043 Ἰουδαίοις
956 1980 1232 2053 χρώμενοι
1265 1984 1653 2057 κυϐερνήταις,
1705 1988 1822 2042 ἀλλ’

204 2066 477 2138 ἀνδράσιν
504 2069 661 2124 οὔπω
693 2071 786 2125 τὸν
825 2075 1062 2145 Χριστὸν
1114 2078 1629 2152 παραδεδεγμένοις.
1664 2084 1825 2139 Κατὰ

202 2159 369 2231 τοῦτο
398 2160 459 2214 δὲ
492 2163 589 2216 καὶ
620 2164 722 2236 τὴν
748 2164 1023 2223 θάλασσαν
1038 2170 1426 2243 ὲπρονόμευον,
1455 2174 1597 2229 οὕτω
1624 2177 1824 2248 σημαί-

203 2270 395 2318 νοντος
436 2256 534 2309 τοῦ
567 2256 730 2327 λόγου
771 2260 871 2324 τὰς
898 2262 1119 2332 νήσους,
1152 2263 1220 2327 ἃς
1268 2266 1325 2318 ὲν
1372 2267 1588 2339 παρόδῳ
1612 2268 1824 2341 διερχό-

205 2359 388 2414 μενοι,
420 2347 553 2411 τοὺς
580 2350 640 2401 ὲν
667 2350 862 2415 αὑταῖς
902 2355 970 2424 τῇ
1007 2355 1262 2428 σωτηρίῳ
1297 2357 1706 2437 καθυπέταττον
1733 2363 1814 2417 δι-

203 2433 507 2508 δασκαλίίι.

277 2548 299 2580 ι
339 2530 457 2583 Καὶ
508 2533 638 2597 τοὺς
674 2532 770 2603 ἀφ’
809 2535 964 2605 ήλῖου
1027 2539 1325 2608 ἀνατολῶν,
1352 2546 1447 2598 καὶ
1493 2545 1819 2617 Ἰδουμαίαν,

204 2619 303 2673 καὶ
362 2623 461 2675 ἐπὶ
527 2625 707 2680 Μωὰϐ
761 2629 981 2701 πρῶτον
1041 2632 1143 2697 τὰς
1208 2638 1398 2708 χεῖρας
1444 2638 1817 2694 ἐπιϐαλοῦσιν.

203 2713 269 2767 οι
298 2715 439 2805 ὐἱοὶ
501 2716 728 2805 ’Λμμὼν
789 2723 999 2796 πρῶτοι
1042 2724 1469 2786 ὑπακούσονται.
1538 2751 1558 2784 ι
1615 2734 1819 2805 Προνο-

206 2801 514 2873 μεύσουσιν
546 2804 660 2875 οὖν,
692 2812 877 2883 φησὶν,
918 2818 968 2868 οί
1014 2818 1250 2890 Χριστοῦ
1285 2821 1529 2893 μαθηταί¹
1561 2801 1818 2890 καὶ-τοὺς

202 2895 303 2964 ἀφ’
329 2896 490 2967 ήλίου
542 2903 842 2958 ανατολῶν·
888 2907 1228 2979 ἱστοροῦνται
1260 2912 1392 2981 γοῦν
1444 2932 1590 2981 τινες
1636 2918 1817 2972 αὐτῶν

208 2986 378 3081 μέχρι
408 2988 515 3060 τῆς
560 2992 789 3065 Περσῶν
840 2999 937 3052 καὶ
980 3000 1158 3058 Ἰνδῶν
1193 3003 1563 3076 διεληλυθέναι
1608 3008 1812 3081 χώρας.

218 3079 447 3175 Ἐπειδὴ
475 3084 533 3139 δὲ
553 3087 771 3143 ὲδόκουν
814 3094 960 3147 κατὰ
990 3097 1119 3167 τοὺς
1140 3099 1368 3170 χρόνους
1400 3102 1496 3156 τοῦ
1531 3079 1814 3175 προφήτου

215 3170 538 3270 Ἰδουμαῖοι,
571 3179 668 3232 καὶ
697 3181 1012 3251 Μωαϐῖται,
1059 3189 1154 3241 καὶ
1203 3189 1558 3261 Ἀμμανῖται,
1578 3170 1664 3249 λά
1684 3170 1814 3270 περὶ

201 3261 304 3357 τήν
338 3261 608 3324 Ἰουδαίαν
643 3272 911 3346 ’Δραϐικὰ
930 3276 1083 3351 ἔθνη,
1113 3280 1351 3352 πολέμια
1380 3284 1477 3338 καὶ
1504 3285 1674 3357 ἐχθρὰ
1687 3261 1819 3357 τυγ-

199 3353 395 3424 χάνειν
571 3365 705 3434 παρ’
757 3364 1045 3433 Ἰουδαίους
1074 3373 1414 3443 τιμωμένου,
1469 3353 1565 3432 διὰ*
1587 3353 1688 3452 τήν
1721 3353 1815 3435 ἐκ·

198 3460 371 3502 τοπον
403 3450 589 3507 αὐτῶν
618 3454 1085 3528 είδωλολατρείανυ
1122 3465 1351 3530 εἰκότως
1402 3468 1605 3525 τούτων
1637 3450 1817 3529 αὐτῶν

198 3534 473 3607 ὀνομαστὶ
522 3544 746 3617 μνήμην
777 3549 805 3601 ὁ
830 3548 991 3619 λόγος
1034 3554 1357 3626 ἐποιήσατο,
1396 3559 1473 3623 ὡς
1507 3562 1601 3614 καὶ¹
1634 3564 1815 3618 αὐτῶν

200 3631 667 3729 παραδεξομένων
713 3638 812 3713 τήν
845 3642 953 3697 ὑπὸ
978 3645 1091 3701 τῶν
1118 3649 1433 3707 ἀποστόλων
1472 3656 1815 3729 κηρυχθησο-

200 3726 380 3799 μένην
412 3730 720 3789 εὐσέϐειαν.

275 3836 297 3870 ι
348 3821 461 3874 Καὶ
488 3823 770 3896 ἐρημώσει
809 3830 1014 3903 Κύριος
1055 3832 1157 3907 τὴν
1188 3836 1466 3892 θάλασσαν
1492 3840 1797 3910 Αἰγύπτου,

200 3913 300 3965 καὶ
328 3913 589 4004 ἐπιϐαλεῑ
640 3918 741 3991 τὴν
788 3926 951 3995 χεῖρα
997 3925 1165 3980 αὐτοῦ
1197 3928 1293 3982 ἐπὶ
1332 3930 1426 3985 τὸν
1470 3934 1718 4004 ποταμὸν
1751 3936 1810 3989 ἐν

197 4003 481 4097 πνεύματι
517 4006 696 4082 βιαίῳ.
742 4030 762 4063 ι
798 4014 1079 4083 Αἴγυπτον
1120 4019 1227 4091 μὲν
1263 4020 1363 4092 τήν
1406 4022 1672 4097 αξσθητὴν
1700 4026 1810 4080 τῶν

194 4095 523 4166 Δίγυπτίων
544 4100 728 4176 χώραν
762 4105 1060 4177 ἀναγκαῖον
1093 4111 1378 4182 ὁμολογεῖν
1397 4132 1411 4145 ·
1449 4095 1725 4174 θάλασσαν
1750 4119 1809 4173 δὲ

198 4188 381 4260 αὐτῆς
408 4193 506 4245 καὶ
535 4196 783 4268 ποταμὸν
820 4198 1205 4273 ἀλληγορικῶς
1258 4206 1603 4278 ἐκδέχεσθαι⁸
1662 4210 1808 4284 ἅπερ

193 4284 367 4374 φησὶν
414 4286 877 4374 ὲρημωθήσεσθαι
920 4293 1065 4349 κατὰ
1102 4296 1232 4362 τοὺς
1290 4302 1808 4374 προφητευομένους

192 4372 449 4466 γρόνους,
481 4378 543 4430 ἐν
588 4373 671 4445 οἷς
716 4381 1054 4457 προσθήσειν
1102 4387 1319 4462 εἴρηται
1371 4394 1401 4445 ὁ
1457 4372 1665 4466 Κύριος
1709 4395 1804 4450 τοῦ

192 4462 370 4557 δείξαι
404 4466 508 4540 τήν
529 4471 690 4542 χεῖρα
714 4472 903 4529 αὐτοῦ.
951 4476 1018 4530 Ἦ
1057 4478 1169 4550 γὰρ
1202 4481 1490 4556 προσθήκη
1542 4462 1805 4557 προγενο-

1926 1989 2093 2056 bant;
2145 2006 2253 2047 non
2308 1990 2513 2049 ludatis
2563 1994 3019 2066 gubernatoribus
3069 1998 3184 2064 usi,
3229 1997 3327 2053 sed
3362 1998 3520 2064 viris,

1926 2083 2017 2152 qui
2066 2086 2305 2140 nondum
2357 2086 2638 2144 Christum
2672 2101 3049 2160 susceperant.
3099 2090 3214 2147 Hac
3255 2104 3383 2147 vero
3435 2106 3521 2146 m-

1925 2178 2072 2234 tione
2112 2180 2276 2234 etiam
2330 2183 2505 2239 maria
2554 2184 2972 2252 praedabantur;
3011 2188 3097 2244 his
3143 2188 3521 2259 signiﬁcantur

1924 2270 2120 2329 insula:
2151 2290 2384 2344 quarum
2422 2276 2633 2333 incolas
2661 2281 2788 2335 dum
2821 2279 2875 2333 in
2907 2290 3228 2337 transcursu
3262 2297 3521 2354 peragra-

1925 2373 2066 2433 rent,
2097 2366 2330 2424 salutari
2358 2370 2625 2427 doctrina:
2652 2371 3036 2443 subiiciebant.

2000 2562 2020 2596 ι
2051 2544 2119 2599 Ει
2142 2561 2239 2602 eos
2271 2547 2363 2617 qui
2404 2557 2536 2604 sunt
2564 2549 2633 2605 ab
2662 2559 2786 2606 ortu
2822 2550 2975 2617 solis,
3003 2561 3059 2606 et
3094 2550 3386 2610 Idumaeam
3413 2572 3430 2611 :
3467 2565 3521 2609 et

1923 2636 1976 2691 in
2013 2636 2170 2693 Moab
2204 2641 2384 2709 primo
2421 2656 2617 2699 manus
2650 2642 2915 2714 injicient.
2947 2643 3067 2699 Filii
3096 2644 3329 2702 Ammon
3358 2647 3519 2719 primi

1921 2731 2200 2785 obedient.
2228 2751 2248 2785 ι
2296 2732 2716 2800 Prmdahuntur,
2766 2736 2964 2807 inquit,
3006 2737 3211 2795 Christi
3263 2740 3518 2811 discipuli

1920 2825 2088 2878 etiam
2119 2840 2215 2881 eos
2247 2828 2337 2896 qui
2369 2827 2439 2881 ab
2470 2839 2595 2883 ortu
2628 2830 2761 2885 solis
2810 2844 2974 2887 sunt:
3010 2841 3271 2889 narratur
3314 2836 3520 2907 quippe

1918 2928 2109 2968 eorum
2161 2919 2653 2999 quosdam.usque
2696 2922 2764 2975 ad
2813 2922 3100 2979 Persarum
3149 2934 3205 2981 et
3259 2925 3517 2982 ludorum

1921 3006 2201 3073 regionem
2256 3018 2593 3078 penetrasse.
2646 3011 2786 3080 Quia
2838 3028 2974 3071 vero
3025 3018 3304 3087 prophetae
3356 3016 3517 3087 huius

1923 3106 2193 3170 tempore,
2245 3099 2497 3165 ldumazi.
2549 3102 2799 3162 Moabitah
2848 3115 2905 3161 et
2946 3109 3294 3174 Ammonius.
3329 3121 3517 3180 gentes

1924 3188 2029 3244 illa:
2081 3190 2362 3260 Arabicae,
2417 3193 2565 3248 circa
2620 3193 2863 3253 Iudaeam
2920 3200 3145 3269 positae,
3197 3201 3406 3258 inimici
3462 3214 3516 3259 et

1923 3283 2108 3339 hostes
2140 3287 2467 3343 videbantur
2490 3304 2612 3345 esse
2652 3289 2763 3344 Deo
2806 3307 2975 3360 penes
3000 3290 3219 3357 Juda‘os
3248 3294 3420 3361 culto,
3444 3298 3515 3352 ob

1921 3372 2216 3430 absurdam
2272 3392 2442 3447 quam
2510 3378 2768 3435 fovebant
2821 3380 3226 3453 idololatriam;
3275 3384 3401 3456 jure
3450 3398 3516 3442 ac

1920 3469 2119 3523 merito
2153 3470 2190 3524 ii
2238 3471 2561 3527 nominatim
2612 3485 3142 3541 commemorantur,
3190 3484 3382 3546 utpote
3417 3481 3511 3549 qui

1918 3565 2061 3634 piam
2108 3566 2432 3638 religionem
2476 3568 2545 3625 ab
2575 3568 2837 3640 apostolis
2867 3570 3300 3627 annuntiandam
3326 3587 3515 3631 susce-

1915 3657 2063 3730 pturi
2097 3661 2229 3717 sint.
3452 3666 3453 3669 “

1988 3830 2159 3890 Vens.
2193 3833 2280 3889 15.
2320 3852 2340 3886 ι
2370 3834 2439 3890 Ει
2474 3844 2752 3892 uesertum
2809 3837 2997 3897 reddet
3050 3836 3312 3894 Dominus
3359 3853 3511 3895 mare

1912 3922 2139 3997 Egypti
2168 3944 2183 3983 :
2218 3934 2274 3981 et
2320 3927 2528 3998 injiciet
2563 3943 2785 3982 manum
2814 3944 2970 3983 suam
3002 3943 3167 3998 super
3201 3929 3401 3986 ﬂumen
3454 3934 3509 3987 in

1911 4019 2108 4087 spiritu
2154 4021 2531 4076 vehementi.»
2584 4020 2884 4092 Egyptum
2939 4021 3192 4092 quidem,
3250 4023 3509 4079 sensilem

1913 4110 2061 4164 illam
2089 4109 2475 4184 Egyptiorum
2520 4112 2798 4185 regionem
2828 4126 2950 4168 esse
2989 4115 3304 4169 necessario
3336 4116 3511 4171 conli—

1911 4203 2132 4257 tendum
2187 4214 2309 4270 est;
2362 4203 2457 4258 sed
2501 4218 2654 4260 mare
2698 4212 2753 4259 et
2798 4204 2998 4259 ﬂumen
3045 4206 3164 4277 ejus
3211 4207 3507 4277 allegorice

1908 4293 2267 4362 accipienda:
2309 4310 2428 4363 quae
2470 4296 2522 4350 in
2558 4304 2807 4367 tempore
2852 4313 2881 4351 a
2928 4298 3215 4367 prophetia
3262 4299 3507 4356 indicato

1909 4386 2172 4440 vastanda
2216 4387 2333 4442 fore
2367 4390 2476 4442 ait:
2524 4391 2745 4459 quando
2774 4390 3037 4447 Dominus
3073 4392 3393 4461 adiecturus
3422 4396 3507 4451 di-

1907 4478 2072 4542 citur,
2103 4488 2163 4533 ut
2210 4484 2469 4535 ostendat
2503 4498 2728 4538 manum
2760 4499 2939 4539 suam.
2987 4484 3199 4541 Etenim
3244 4488 3501 4558 adiectio,

196 4556 745 4654 μένοιςπράγμασιν
774 4565 938 4638 ἔτερα
991 4571 1330 4645 ὁμοιότροπα
1374 4576 1801 4649 ἔπι-γενήσεσθαι

1925 4586 2013 4625 am
2049 4574 2288 4642 peractis
2323 4574 2486 4630 rebus
2515 4575 2620 4629 alia
2655 4576 2857 4632 similia
2892 4577 3137 4634 addenda
3174 4556 3504 4654 esse'signi-

193 4649 578 4742 Gnid.ﬂdlat
605 4656 706 4726 μὲν
746 4654 841 4714 οὖν
874 4662 966 4715 ἐπὶ
998 4664 1292 4731 Μωῦσέως·
1324 4669 1357 4741 ή
1393 4670 1517 4742 χεὶρ
1549 4671 1645 4725 τοῦ
1680 4675 1796 4727 Κυ-

194 4742 318 4836 ρίου
344 4741 587 4836 εξήγαγε
609 4749 737 4813 τοὺς
755 4753 906 4817 υίοὺς
922 4754 1140 4828 Ἰσραὴλ
1158 4755 1218 4823 ἐξ
1233 4741 1514 4829 Αἰγύπτου
1533 4780 1546 4792 ·
1565 4765 1797 4836 διήγαγε

189 4832 249 4887 δὶ
308 4835 413 4907 τὴν
450 4834 730 4895 θάλασσαν
775 4842 876 4914 τὴν
915 4846 1207 4920 Ἐρυθρὰν,
1243 4852 1337 4905 καὶ
1389 4832 1685 4925 εισήγαγεν
1715 4832 1797 4923 είς

187 4926 294 4999 τὴν
323 4927 431 4999 γῆν
453 4927 557 5001 τῆς
576 4931 935 5003 ἐπαγγελίας,
964 4936 1065 5011 τὴν
1097 4936 1265 4996 οὖσαν
1297 4944 1613 5017 ἀλλοφύλων
1656 4951 1796 5021 πρό-

188 5032 383 5091 τερον·
563 5022 624 5077 ει
670 5027 766 5079 καὶ
813 5027 901 5082 δια
925 5030 1021 5084 τοῦ
1056 5032 1123 5087 ὲκ
1166 5033 1325 5107 ῥίζης
1363 5038 1562 5093 Ἰεσσαὶ
1589 5042 1622 5113 ή
1653 5041 1795 5115 αὐτὴ

190 5111 316 5203 χεὶρ
338 5110 437 5166 τοῦ
469 5114 699 5186 Κυρίου,
727 5119 1048 5195 προσθήκην
1069 5125 1293 5195 ἀγαθῶν
1315 5110 1637 5203 ποιουμένη,
1667 5110 1796 5199 τοὺς

190 5201 533 5271 ἀποστόλους
570 5206 666 5262 τοῦ
693 5209 970 5285 Σωτῆρος,
997 5220 1095 5271 καὶ
1122 5221 1250 5284 τοὺς
1276 5201 1525 5295 κήρυκας
1560 5201 1655 5279 τοῦ
1687 5245 1793 5281 σω-

185 5295 388 5369 τηρίου
418 5299 775 5371 Εὐαγγελίου,
811 5305 1097 5373 Ἰουδαίους
1130 5310 1292 5376 δντας
1322 5315 1418 5368 καὶ
1436 5313 1497 5382 ἐξ
1523 5318 1791 5373 Ἰουδαίων

187 5387 575 5461 ὁρμωμένους,
624 5395 904 5463 ὶπιδόξους
955 5400 1053 5455 καὶ
1102 5401 1377 5475 ζηλωτοὺς
1425 5409 1601 5464 ἐποίει
1666 5411 1791 5466 καθ’

187 5480 323 5575 δλης
349 5482 454 5552 τῆς
499 5486 847 5561 οἰκουμένης,
889 5492 953 5545 οὐ
1004 5492 1115 5566 μὴν
1148 5494 1285 5566 ἀλλὰ
1340 5500 1435 5553 καὶ
1484 5502 1574 5554 ἐπ’
1616 5503 1790 5575 αὐτῆς

189 5574 498 5667 λιγύπτου,
538 5576 671 5635 ἔνθα
694 5581 977 5655 παρῄεσαν
1001 5586 1319 5658 ἀκωλύτως,
1364 5593 1591 5664 μηδενὸς
1614 5574 1787 5667 ἐμπο-

184 5666 295 5721 δὼν
322 5669 513 5734 αὐτοῖς
558 5675 845 5745 γινομένου
866 5694 882 5709 ·
936 5680 1032 5734 καὶ
1078 5681 1301 5755 διῄεσαν
1346 5687 1440 5740 ἐπὶ
1470 5666 1787 5759 καθαιρέσει

188 5759 291 5829 τῆς
321 5763 711 5836 Δίγυπτιακῆς
754 5768 1219 5846 είδωλολατρείας.
1279 5778 1390 5832 Καὶ
1432 5780 1482 5833 oi
1534 5780 1635 5851 μὲν
1688 5782 1785 5836 ἐπὶ

189 5851 471 5921 meum
523 5854 771 5929 ἐξῄεσαν,
818 5862 1111 5933 φεύγοντες
1164 5866 1253 5924 τὸν
1277 5869 1476 5943 Φαραὼ
1525 5873 1618 5928 καὶ
1656 5875 1782 5941 τοὺς

1908 4665 2053 4719 licat.
2081 4664 2221 4721 Olim
2255 4667 2477 4735 quidem
2512 4668 2717 4741 Moysis
2763 4680 3006 4741 tempore
3040 4688 3238 4729 manus
3286 4674 3499 4731 Domini

1907 4759 2055 4815 ﬁlios
2090 4759 2256 4815 Israel
2285 4761 2479 4817 eduxit
2508 4777 2575 4818 ex
2616 4747 2881 4835 Algypt'o.
2919 4780 3017 4835 per
3062 4783 3214 4823 mare
3254 4766 3499 4825 Rubrum

1905 4854 2145 4909 transire
2177 4854 2326 4920 fecit,
2359 4866 2417 4911 et
2465 4857 2684 4912 induxit
2734 4860 2786 4912 in
2834 4868 3040 4915 terram
3091 4861 3498 4932 promissionis.

1902 4962 2023 5017 qua:
2053 4948 2202 5017 prius
2238 4949 2635 5022 allophylorum
2658 4963 2798 5008 erat.
2828 4951 2983 5009 Nunc
3011 4963 3193 5009 autem
3224 4970 3323 5026 per
3348 4970 3498 5022 eum,

1904 5044 1996 5110 qui
2034 5056 2102 5097 ex
2131 5043 2319 5099 radice
2363 5042 2534 5100 lassa:
2575 5046 2809 5116 prodiit,
2857 5047 2974 5119 ipsa
3016 5048 3231 5103 Domini
3280 5065 3496 5116 manus.

1904 5134 2169 5190 bonorum
2191 5136 2563 5207 accessionem
2589 5138 2848 5206 aﬂ'erens,
2870 5140 3146 5211 apostolos
3171 5140 3493 5205 Salvator-is.

1900 5234 1958 5280 et
1986 5225 2244 5281 salutaris
2272 5228 2555 5299 Evangelii
2587 5244 2870 5299 praecones
2902 5231 3163 5301 ipsosque
3192 5230 3410 5288 Judaeos
3440 5243 3497 5286 et

1899 5333 1964 5372 ex
1993 5316 2197 5375 Iudaeis
2224 5318 2523 5389 protectos,
2550 5321 2815 5391 gloriosos
2835 5330 2890 5379 et
2919 5324 3269 5380 simulatione
3296 5324 3495 5393 dignos

1899 5426 1997 5482 per
2039 5421 2211 5467 tutum
2250 5414 2440 5469 orbem
2478 5412 2691 5481 eﬂ‘ecit;
2735 5414 2846 5470 imo
2873 5415 3038 5470 etiam
3071 5416 3126 5471 in
3164 5416 3283 5487 ipsa
3324 5416 3495 5490 Egy—

1898 5514 2013 5575 pto.
2040 5519 2149 5574 quo
2184 5502 2357 5560 libere
2386 5504 2489 5571 illi,
2519 5507 2739 5562 nemine
2777 5508 3055 5573 obstante,
3086 5510 3486 5579 peragrabaut,

1900 5605 1954 5650 et
2001 5597 2069 5652 ad
2116 5594 2497 5670 1Egyptiacam
2540 5598 2906 5656 idololatriam
2954 5604 3309 5658 evertendam
3343 5601 3491 5657 ultro

1896 5694 2144 5766 citroque
2193 5697 2568 5767 permeabant.
2596 5697 2675 5752 Ac
2722 5695 2798 5751 illi
2833 5699 3054 5767 quidem
3093 5696 3295 5769 Moysi:
3342 5706 3489 5751 tem-

1893 5801 2047 5857 pore,
2083 5785 2353 5855 fugientes
2392 5783 2738 5843 Pharaonem
2766 5796 2823 5843 et
2850 5785 3164 5860 Egyptios,
3194 5789 3484 5857 exierunt;

1895 5876 2150 5952 discipuli
2191 5888 2373 5937 autem
2408 5877 2615 5939 Christi
2654 5880 2887 5954 ingressi
2918 5892 3046 5938 sunt
3083 5883 3138 5939 in
3187 5878 3481 5953 Egyptum
