  <div class='ocr_page' id='page_1' title='image "/cluster/home/n/w/nwhite01/storage/ocr_20150623/24/ien.35556001660497/101.png"; bbox 0 0 4042 6444; ppageno 0'>
   <div class='ocr_carea' id='block_1_1' title="bbox 575 405 680 462">
    <p class='ocr_par' dir='ltr' id='par_1_1' title="bbox 575 405 680 462">
     <span class='ocr_line' id='line_1_1' title="bbox 575 405 680 462; baseline 0.019 -2"><span class='ocrx_word' id='word_1_1' title='bbox 575 405 680 462; x_wconf 69' lang='grc'><strong>4--79</strong></span> 
     </span>
    </p>
   </div>
   <div class='ocr_carea' id='block_1_2' title="bbox 1239 399 2123 487">
    <p class='ocr_par' dir='ltr' id='par_1_2' title="bbox 1239 402 2123 487">
     <span class='ocr_line' id='line_1_2' title="bbox 1239 402 2123 487; baseline 0.003 -29"><span class='ocrx_word' id='word_1_2' title='bbox 1239 402 1511 460; x_wconf 83' lang='lat' dir='ltr'><strong>EUSEBII</strong></span> <span class='ocrx_word' id='word_1_3' title='bbox 1533 404 2028 487; x_wconf 62' lang='lat' dir='ltr'><strong>CESARIENSIS</strong></span> <span class='ocrx_word' id='word_1_4' title='bbox 2067 404 2123 463; x_wconf 88' lang='grc'><strong>01</strong></span> 
     </span>
    </p>
   </div>
   <div class='ocr_carea' id='block_1_3' title="bbox 2226 399 3116 487">
    <p class='ocr_par' dir='ltr' id='par_1_3' title="bbox 2256 399 3116 462">
     <span class='ocr_line' id='line_1_3' title="bbox 2256 399 3116 462; baseline -0.007 -1"><span class='ocrx_word' id='word_1_5' title='bbox 2256 405 2438 462; x_wconf 73' lang='lat' dir='ltr'><strong>PARS</strong></span> <span class='ocrx_word' id='word_1_6' title='bbox 2477 405 2561 460; x_wconf 89' lang='lat' dir='ltr'><strong>Ill.</strong></span> <span class='ocrx_word' id='word_1_7' title='bbox 2601 435 2674 448; x_wconf 91' lang='lat'><strong>--</strong></span> <span class='ocrx_word' id='word_1_8' title='bbox 2706 399 3116 459; x_wconf 76' lang='lat' dir='ltr'><strong>EXEGBTICA.</strong></span> 
     </span>
    </p>
   </div>
   <div class='ocr_carea' id='block_1_4' title="bbox 3729 402 3832 457">
    <p class='ocr_par' dir='ltr' id='par_1_4' title="bbox 3729 402 3832 457">
     <span class='ocr_line' id='line_1_4' title="bbox 3729 402 3832 457; baseline 0.01 -2"><span class='ocrx_word' id='word_1_9' title='bbox 3729 402 3832 457; x_wconf 66' lang='lat' dir='ltr'><strong>H0</strong></span> 
     </span>
    </p>
   </div>
   <div class='ocr_carea' id='block_1_5' title="bbox 572 493 2123 598">
    <p class='ocr_par' dir='ltr' id='par_1_5' title="bbox 572 493 2123 598">
     <span class='ocr_line' id='line_1_5' title="bbox 572 493 2123 598; baseline 0.003 -22"><span class='ocrx_word' id='word_1_10' title='bbox 572 521 851 591; x_wconf 85' lang='lat' dir='ltr'><strong>spontanei</strong></span> <span class='ocrx_word' id='word_1_11' title='bbox 902 493 1159 577; x_wconf 76' lang='lat' dir='ltr'><strong>salutaris</strong></span> <span class='ocrx_word' id='word_1_12' title='bbox 1194 521 1346 577; x_wconf 88' lang='lat' dir='ltr'><strong>verbi</strong></span> <span class='ocrx_word' id='word_1_13' title='bbox 1391 538 1686 594; x_wconf 65' lang='lat' dir='ltr'><strong>praecones.</strong></span> <span class='ocrx_word' id='word_1_14' title='bbox 1736 524 1848 581; x_wconf 79' lang='lat' dir='ltr'><strong>Illis</strong></span> <span class='ocrx_word' id='word_1_15' title='bbox 1900 536 2123 598; x_wconf 63' lang='lat' dir='ltr'><strong>tempori</strong></span> 
     </span>
    </p>
   </div>
   <div class='ocr_carea' id='block_1_6' title="bbox 2226 493 3829 598">
    <p class='ocr_par' dir='ltr' id='par_1_6' title="bbox 2247 514 3829 591">
     <span class='ocr_line' id='line_1_6' title="bbox 2247 514 3829 591; baseline -0.006 -14"><span class='ocrx_word' id='word_1_16' title='bbox 2247 523 2606 591; x_wconf 75' lang='grc' dir='ltr'>Αἰγυπτίουςο</span> <span class='ocrx_word' id='word_1_17' title='bbox 2645 521 2696 575; x_wconf 86' lang='grc' dir='ltr'><strong>οἰ</strong></span> <span class='ocrx_word' id='word_1_18' title='bbox 2748 522 2804 574; x_wconf 76' lang='grc' dir='ltr'>δὲ</span> <span class='ocrx_word' id='word_1_19' title='bbox 2859 515 3098 591; x_wconf 78' lang='grc' dir='ltr'><strong>Χριστοῦ</strong></span> <span class='ocrx_word' id='word_1_20' title='bbox 3154 514 3394 588; x_wconf 86' lang='grc' dir='ltr'>μαθηταί</span> <span class='ocrx_word' id='word_1_21' title='bbox 3443 514 3701 586; x_wconf 79' lang='grc' dir='ltr'>εἰσῄεσαν</span> <span class='ocrx_word' id='word_1_22' title='bbox 3750 519 3829 580; x_wconf 79' lang='grc' dir='ltr'><strong>εἰς</strong></span> 
     </span>
    </p>
   </div>
   <div class='ocr_carea' id='block_1_7' title="bbox 568 611 2137 689">
    <p class='ocr_par' dir='ltr' id='par_1_7' title="bbox 568 611 2137 689">
     <span class='ocr_line' id='line_1_7' title="bbox 568 611 2137 689; baseline 0.005 -22"><span class='ocrx_word' id='word_1_23' title='bbox 568 612 770 683; x_wconf 80' lang='lat' dir='ltr'><strong>Moysis</strong></span> <span class='ocrx_word' id='word_1_24' title='bbox 830 627 984 668; x_wconf 80' lang='lat' dir='ltr'><strong>mare</strong></span> <span class='ocrx_word' id='word_1_25' title='bbox 1046 611 1232 668; x_wconf 85' lang='lat' dir='ltr'><strong>sensili</strong></span> <span class='ocrx_word' id='word_1_26' title='bbox 1291 629 1439 669; x_wconf 87' lang='lat' dir='ltr'><strong>more</strong></span> <span class='ocrx_word' id='word_1_27' title='bbox 1478 615 1768 682; x_wconf 81' lang='lat' dir='ltr'><strong>divisum,</strong></span> <span class='ocrx_word' id='word_1_28' title='bbox 1817 632 1955 689; x_wconf 87' lang='lat' dir='ltr'><strong>aqua</strong></span> <span class='ocrx_word' id='word_1_29' title='bbox 2010 634 2137 675; x_wconf 86' lang='lat' dir='ltr'><strong>vero</strong></span> 
     </span>
    </p>
   </div>
   <div class='ocr_carea' id='block_1_8' title="bbox 566 691 2138 775">
    <p class='ocr_par' dir='ltr' id='par_1_8' title="bbox 566 691 2138 775">
     <span class='ocr_line' id='line_1_8' title="bbox 566 691 2138 775; baseline 0.003 -16"><span class='ocrx_word' id='word_1_30' title='bbox 566 691 829 774; x_wconf 42' lang='lat' dir='ltr'><strong>(Egyptii&#39;</strong></span> <span class='ocrx_word' id='word_1_31' title='bbox 853 702 1091 759; x_wconf 79' lang='lat' dir='ltr'><strong>ﬂuminis</strong></span> <span class='ocrx_word' id='word_1_32' title='bbox 1122 703 1174 758; x_wconf 91' lang='lat' dir='ltr'><strong>in</strong></span> <span class='ocrx_word' id='word_1_33' title='bbox 1221 705 1533 775; x_wconf 75' lang='lat' dir='ltr'><strong>sanguinem</strong></span> <span class='ocrx_word' id='word_1_34' title='bbox 1565 715 1769 760; x_wconf 85' lang='lat' dir='ltr'><strong>mutata</strong></span> <span class='ocrx_word' id='word_1_35' title='bbox 1809 718 1923 774; x_wconf 87' lang='lat' dir='ltr'><strong>est;</strong></span> <span class='ocrx_word' id='word_1_36' title='bbox 1955 717 2010 761; x_wconf 93' lang='lat' dir='ltr'><strong>at</strong></span> <span class='ocrx_word' id='word_1_37' title='bbox 2045 711 2138 763; x_wconf 84' lang='lat' dir='ltr'><strong>bo-</strong></span> 
     </span>
    </p>
   </div>
   <div class='ocr_carea' id='block_1_9' title="bbox 567 797 2134 866">
    <p class='ocr_par' dir='ltr' id='par_1_9' title="bbox 567 797 2134 866">
     <span class='ocr_line' id='line_1_9' title="bbox 567 797 2134 866; baseline 0.003 -16"><span class='ocrx_word' id='word_1_38' title='bbox 567 813 760 853; x_wconf 91' lang='lat' dir='ltr'><strong>norum</strong></span> <span class='ocrx_word' id='word_1_39' title='bbox 791 797 1029 852; x_wconf 80' lang='lat' dir='ltr'><strong>accessio</strong></span> <span class='ocrx_word' id='word_1_40' title='bbox 1055 798 1369 851; x_wconf 75' lang='lat' dir='ltr'><strong>memoratis</strong></span> <span class='ocrx_word' id='word_1_41' title='bbox 1411 799 1753 866; x_wconf 71' lang='lat' dir='ltr'><strong>temporibus</strong></span> <span class='ocrx_word' id='word_1_42' title='bbox 1799 798 1965 865; x_wconf 83' lang='lat' dir='ltr'><strong>facta,</strong></span> <span class='ocrx_word' id='word_1_43' title='bbox 2002 802 2134 855; x_wconf 87' lang='lat' dir='ltr'><strong>mari</strong></span> 
     </span>
    </p>
   </div>
   <div class='ocr_carea' id='block_1_10' title="bbox 565 889 2134 961">
    <p class='ocr_par' dir='ltr' id='par_1_10' title="bbox 565 889 2134 961">
     <span class='ocr_line' id='line_1_10' title="bbox 565 889 2134 961; baseline 0.004 -20"><span class='ocrx_word' id='word_1_44' title='bbox 565 892 782 960; x_wconf 81' lang='lat' dir='ltr'><strong>quidem</strong></span> <span class='ocrx_word' id='word_1_45' title='bbox 812 889 1064 961; x_wconf 70' lang='lat' dir='ltr'><strong>Egyptio</strong></span> <span class='ocrx_word' id='word_1_46' title='bbox 1094 890 1476 952; x_wconf 76' lang='lat' dir='ltr'><strong>vastationem,</strong></span> <span class='ocrx_word' id='word_1_47' title='bbox 1521 889 1725 944; x_wconf 85' lang='lat' dir='ltr'><strong>ﬂumini</strong></span> <span class='ocrx_word' id='word_1_48' title='bbox 1773 908 1903 947; x_wconf 84' lang='lat' dir='ltr'><strong>vero</strong></span> <span class='ocrx_word' id='word_1_49' title='bbox 1946 909 2134 949; x_wconf 79' lang='lat' dir='ltr'><strong>eorum</strong></span> 
     </span>
    </p>
   </div>
   <div class='ocr_carea' id='block_1_11' title="bbox 565 981 2135 1053">
    <p class='ocr_par' dir='ltr' id='par_1_11' title="bbox 565 981 2135 1053">
     <span class='ocr_line' id='line_1_11' title="bbox 565 981 2135 1053; baseline 0.003 -18"><span class='ocrx_word' id='word_1_50' title='bbox 565 991 865 1035; x_wconf 90' lang='lat' dir='ltr'><strong>extremam</strong></span> <span class='ocrx_word' id='word_1_51' title='bbox 913 981 1212 1037; x_wconf 88' lang='lat' dir='ltr'><strong>siccitatem</strong></span> <span class='ocrx_word' id='word_1_52' title='bbox 1263 982 1528 1049; x_wconf 89' lang='lat' dir='ltr'><strong>minatur;</strong></span> <span class='ocrx_word' id='word_1_53' title='bbox 1565 993 1621 1036; x_wconf 90' lang='lat' dir='ltr'><strong>ut</strong></span> <span class='ocrx_word' id='word_1_54' title='bbox 1668 984 1943 1052; x_wconf 79' lang='lat' dir='ltr'><strong>Evangelii</strong></span> <span class='ocrx_word' id='word_1_55' title='bbox 1995 1002 2135 1053; x_wconf 73' lang='lat' dir='ltr'><strong>prte-</strong></span> 
     </span>
    </p>
   </div>
   <div class='ocr_carea' id='block_1_12' title="bbox 563 1073 2133 1148">
    <p class='ocr_par' dir='ltr' id='par_1_12' title="bbox 563 1073 2133 1148">
     <span class='ocr_line' id='line_1_12' title="bbox 563 1073 2133 1148; baseline 0.003 -21"><span class='ocrx_word' id='word_1_56' title='bbox 563 1088 726 1128; x_wconf 88' lang='lat' dir='ltr'><strong>cones</strong></span> <span class='ocrx_word' id='word_1_57' title='bbox 770 1073 918 1128; x_wconf 93' lang='lat' dir='ltr'><strong>nullo</strong></span> <span class='ocrx_word' id='word_1_58' title='bbox 967 1074 1125 1129; x_wconf 88' lang='lat' dir='ltr'><strong>obice</strong></span> <span class='ocrx_word' id='word_1_59' title='bbox 1170 1073 1549 1144; x_wconf 66' lang='lat' dir='ltr'><strong>Egyptiorum</strong></span> <span class='ocrx_word' id='word_1_60' title='bbox 1596 1078 1847 1148; x_wconf 73' lang='lat' dir='ltr'><strong>regiones</strong></span> <span class='ocrx_word' id='word_1_61' title='bbox 1898 1080 2133 1132; x_wconf 85' lang='lat' dir='ltr'><strong>circum-</strong></span> 
     </span>
    </p>
   </div>
   <div class='ocr_carea' id='block_1_13' title="bbox 563 1165 2133 1241">
    <p class='ocr_par' dir='ltr' id='par_1_13' title="bbox 563 1165 2133 1241">
     <span class='ocr_line' id='line_1_13' title="bbox 563 1165 2133 1241; baseline 0.003 -19"><span class='ocrx_word' id='word_1_62' title='bbox 563 1176 715 1234; x_wconf 85' lang='lat' dir='ltr'><strong>eant,</strong></span> <span class='ocrx_word' id='word_1_63' title='bbox 745 1181 808 1221; x_wconf 90' lang='lat' dir='ltr'><strong>ac</strong></span> <span class='ocrx_word' id='word_1_64' title='bbox 852 1165 1140 1220; x_wconf 84' lang='lat' dir='ltr'><strong>multorum</strong></span> <span class='ocrx_word' id='word_1_65' title='bbox 1174 1168 1387 1236; x_wconf 81' lang='lat' dir='ltr'><strong>quidem</strong></span> <span class='ocrx_word' id='word_1_66' title='bbox 1426 1169 1651 1224; x_wconf 86' lang='lat' dir='ltr'><strong>deorum</strong></span> <span class='ocrx_word' id='word_1_67' title='bbox 1693 1172 2133 1241; x_wconf 87' lang='lat' dir='ltr'><strong>superstitionem</strong></span> 
     </span>
    </p>
   </div>
   <div class='ocr_carea' id='block_1_14' title="bbox 561 1256 2133 1329">
    <p class='ocr_par' dir='ltr' id='par_1_14' title="bbox 561 1256 2133 1329">
     <span class='ocr_line' id='line_1_14' title="bbox 561 1256 2133 1329; baseline 0.005 -20"><span class='ocrx_word' id='word_1_68' title='bbox 561 1267 838 1324; x_wconf 83' lang='lat' dir='ltr'><strong>evertant;</strong></span> <span class='ocrx_word' id='word_1_69' title='bbox 871 1256 964 1311; x_wconf 83' lang='lat' dir='ltr'><strong>Dei</strong></span> <span class='ocrx_word' id='word_1_70' title='bbox 996 1265 1179 1311; x_wconf 89' lang='lat' dir='ltr'><strong>autem</strong></span> <span class='ocrx_word' id='word_1_71' title='bbox 1207 1259 1296 1326; x_wconf 89' lang='lat' dir='ltr'><strong>qui</strong></span> <span class='ocrx_word' id='word_1_72' title='bbox 1326 1274 1487 1329; x_wconf 88' lang='lat' dir='ltr'><strong>supra</strong></span> <span class='ocrx_word' id='word_1_73' title='bbox 1510 1261 1690 1315; x_wconf 83' lang='lat' dir='ltr'><strong>omnia</strong></span> <span class='ocrx_word' id='word_1_74' title='bbox 1720 1272 1824 1326; x_wconf 85' lang='lat' dir='ltr'><strong>est,</strong></span> <span class='ocrx_word' id='word_1_75' title='bbox 1852 1271 1905 1317; x_wconf 89' lang='lat' dir='ltr'><strong>et</strong></span> <span class='ocrx_word' id='word_1_76' title='bbox 1933 1262 2133 1318; x_wconf 87' lang='lat' dir='ltr'><strong>Christi</strong></span> 
     </span>
    </p>
   </div>
   <div class='ocr_carea' id='block_1_15' title="bbox 561 1346 2130 1419">
    <p class='ocr_par' dir='ltr' id='par_1_15' title="bbox 561 1346 2130 1419">
     <span class='ocr_line' id='line_1_15' title="bbox 561 1346 2130 1419; baseline 0.007 -22"><span class='ocrx_word' id='word_1_77' title='bbox 561 1346 680 1415; x_wconf 73' lang='lat' dir='ltr'><strong>ejus</strong></span> <span class='ocrx_word' id='word_1_78' title='bbox 704 1363 770 1402; x_wconf 82' lang='lat' dir='ltr'><strong>ex</strong></span> <span class='ocrx_word' id='word_1_79' title='bbox 811 1348 997 1405; x_wconf 81' lang='lat' dir='ltr'><strong>radice</strong></span> <span class='ocrx_word' id='word_1_80' title='bbox 1024 1347 1190 1403; x_wconf 72' lang='lat' dir='ltr'><strong>Jessa:</strong></span> <span class='ocrx_word' id='word_1_81' title='bbox 1219 1351 1557 1419; x_wconf 84' lang='lat' dir='ltr'><strong>prodeuntis,</strong></span> <span class='ocrx_word' id='word_1_82' title='bbox 1601 1354 1849 1407; x_wconf 85' lang='lat' dir='ltr'><strong>notitiam</strong></span> <span class='ocrx_word' id='word_1_83' title='bbox 1895 1355 2130 1409; x_wconf 85' lang='lat' dir='ltr'><strong>tradant.</strong></span> 
     </span>
    </p>
   </div>
   <div class='ocr_carea' id='block_1_16' title="bbox 560 1440 2130 1513">
    <p class='ocr_par' dir='ltr' id='par_1_16' title="bbox 560 1440 2130 1513">
     <span class='ocr_line' id='line_1_16' title="bbox 560 1440 2130 1513; baseline 0.004 -20"><span class='ocrx_word' id='word_1_84' title='bbox 560 1440 970 1496; x_wconf 84' lang='lat' dir='ltr'><strong>Observandum</strong></span> <span class='ocrx_word' id='word_1_85' title='bbox 1013 1450 1190 1494; x_wconf 89' lang='lat' dir='ltr'><strong>autem</strong></span> <span class='ocrx_word' id='word_1_86' title='bbox 1238 1452 1322 1496; x_wconf 86' lang='lat' dir='ltr'><strong>est</strong></span> <span class='ocrx_word' id='word_1_87' title='bbox 1357 1458 1464 1512; x_wconf 91' lang='lat' dir='ltr'><strong>quo</strong></span> <span class='ocrx_word' id='word_1_88' title='bbox 1503 1453 1663 1513; x_wconf 88' lang='lat' dir='ltr'><strong>pacto</strong></span> <span class='ocrx_word' id='word_1_89' title='bbox 1711 1460 1816 1498; x_wconf 92' lang='lat' dir='ltr'><strong>non</strong></span> <span class='ocrx_word' id='word_1_90' title='bbox 1860 1445 2130 1513; x_wconf 73' lang='lat' dir='ltr'><strong>regionem</strong></span> 
     </span>
    </p>
   </div>
   <div class='ocr_carea' id='block_1_17' title="bbox 559 1532 2130 1604">
    <p class='ocr_par' dir='ltr' id='par_1_17' title="bbox 559 1532 2130 1604">
     <span class='ocr_line' id='line_1_17' title="bbox 559 1532 2130 1604; baseline 0.002 -13"><span class='ocrx_word' id='word_1_91' title='bbox 559 1532 804 1604; x_wconf 66' lang='lat' dir='ltr'><strong>Egypti,</strong></span> <span class='ocrx_word' id='word_1_92' title='bbox 843 1535 936 1589; x_wconf 84' lang='lat' dir='ltr'><strong>sed</strong></span> <span class='ocrx_word' id='word_1_93' title='bbox 967 1551 1114 1589; x_wconf 86' lang='lat' dir='ltr'><strong>mare</strong></span> <span class='ocrx_word' id='word_1_94' title='bbox 1160 1544 1469 1592; x_wconf 79' lang='lat' dir='ltr'><strong>vastaturus</strong></span> <span class='ocrx_word' id='word_1_95' title='bbox 1517 1553 1639 1592; x_wconf 85' lang='lat' dir='ltr'><strong>esse</strong></span> <span class='ocrx_word' id='word_1_96' title='bbox 1692 1537 1955 1593; x_wconf 88' lang='lat' dir='ltr'><strong>Dominus</strong></span> <span class='ocrx_word' id='word_1_97' title='bbox 1982 1539 2130 1594; x_wconf 89' lang='lat' dir='ltr'><strong>dica-</strong></span> 
     </span>
    </p>
   </div>
   <div class='ocr_carea' id='block_1_18' title="bbox 563 1627 2133 1695">
    <p class='ocr_par' dir='ltr' id='par_1_18' title="bbox 563 1627 2133 1695">
     <span class='ocr_line' id='line_1_18' title="bbox 563 1627 2133 1695; baseline 0.006 -17"><span class='ocrx_word' id='word_1_98' title='bbox 563 1636 669 1686; x_wconf 89' lang='lat' dir='ltr'><strong>tur,</strong></span> <span class='ocrx_word' id='word_1_99' title='bbox 700 1627 979 1695; x_wconf 81' lang='lat' dir='ltr'><strong>Scriptura</strong></span> <span class='ocrx_word' id='word_1_100' title='bbox 1009 1628 1281 1695; x_wconf 85' lang='lat' dir='ltr'><strong>copiosam</strong></span> <span class='ocrx_word' id='word_1_101' title='bbox 1317 1627 1636 1683; x_wconf 71' lang='lat' dir='ltr'><strong>idololatria:</strong></span> <span class='ocrx_word' id='word_1_102' title='bbox 1675 1631 1996 1686; x_wconf 83' lang='lat' dir='ltr'><strong>varietatem</strong></span> <span class='ocrx_word' id='word_1_103' title='bbox 2051 1633 2133 1687; x_wconf 90' lang='lat' dir='ltr'><strong>his</strong></span> 
     </span>
    </p>
   </div>
   <div class='ocr_carea' id='block_1_19' title="bbox 560 1716 2129 1783">
    <p class='ocr_par' dir='ltr' id='par_1_19' title="bbox 560 1716 2129 1783">
     <span class='ocr_line' id='line_1_19' title="bbox 560 1716 2129 1783; baseline 0.003 -12"><span class='ocrx_word' id='word_1_104' title='bbox 560 1716 850 1772; x_wconf 82' lang='lat' dir='ltr'><strong>indicante.</strong></span> <span class='ocrx_word' id='word_1_105' title='bbox 885 1716 989 1771; x_wconf 84' lang='lat' dir='ltr'><strong>Pro</strong></span> <span class='ocrx_word' id='word_1_106' title='bbox 1033 1718 1125 1772; x_wconf 90' lang='lat' dir='ltr'><strong>illo</strong></span> <span class='ocrx_word' id='word_1_107' title='bbox 1156 1728 1362 1783; x_wconf 88' lang='lat' dir='ltr'><strong>autem,</strong></span> <span class='ocrx_word' id='word_1_108' title='bbox 1406 1738 1426 1772; x_wconf 83' lang='grc' dir='ltr'><strong>ι</strong></span> <span class='ocrx_word' id='word_1_109' title='bbox 1460 1720 1739 1774; x_wconf 90' lang='lat' dir='ltr'><strong>Desertum</strong></span> <span class='ocrx_word' id='word_1_110' title='bbox 1777 1722 1940 1777; x_wconf 75' lang='lat' dir='ltr'><strong>laeiet</strong></span> <span class='ocrx_word' id='word_1_111' title='bbox 1989 1722 2129 1777; x_wconf 89' lang='lat' dir='ltr'><strong>Deus</strong></span> 
     </span>
    </p>
   </div>
   <div class='ocr_carea' id='block_1_20' title="bbox 561 1808 2122 1880">
    <p class='ocr_par' dir='ltr' id='par_1_20' title="bbox 561 1808 2122 1880">
     <span class='ocr_line' id='line_1_20' title="bbox 561 1808 2122 1880; baseline 0.004 -18"><span class='ocrx_word' id='word_1_112' title='bbox 561 1817 712 1864; x_wconf 86' lang='lat' dir='ltr'><strong>mare</strong></span> <span class='ocrx_word' id='word_1_113' title='bbox 736 1808 984 1879; x_wconf 61' lang='lat' dir='ltr'><strong>Egypti;</strong></span> <span class='ocrx_word' id='word_1_114' title='bbox 1011 1828 1030 1861; x_wconf 77' lang='grc' dir='ltr'><strong>ι</strong></span> <span class='ocrx_word' id='word_1_115' title='bbox 1068 1819 1178 1865; x_wconf 91' lang='lat' dir='ltr'><strong>tres</strong></span> <span class='ocrx_word' id='word_1_116' title='bbox 1205 1810 1298 1865; x_wconf 83' lang='lat' dir='ltr'><strong>alii</strong></span> <span class='ocrx_word' id='word_1_117' title='bbox 1334 1811 1584 1866; x_wconf 88' lang='lat' dir='ltr'><strong>similiter</strong></span> <span class='ocrx_word' id='word_1_118' title='bbox 1607 1811 1947 1876; x_wconf 86' lang='lat' dir='ltr'><strong>interpretati</strong></span> <span class='ocrx_word' id='word_1_119' title='bbox 1976 1823 2122 1880; x_wconf 84' lang='lat' dir='ltr'><strong>sunt,</strong></span> 
     </span>
    </p>
   </div>
   <div class='ocr_carea' id='block_1_21' title="bbox 2243 609 3820 686">
    <p class='ocr_par' dir='ltr' id='par_1_21' title="bbox 2243 609 3820 686">
     <span class='ocr_line' id='line_1_21' title="bbox 2243 609 3820 686; baseline -0.004 -16"><span class='ocrx_word' id='word_1_120' title='bbox 2243 617 2514 686; x_wconf 74' lang='grc' dir='ltr'>Αιγυπτον</span> <span class='ocrx_word' id='word_1_121' title='bbox 2554 612 2843 683; x_wconf 83' lang='grc' dir='ltr'>αὐτόμολοι</span> <span class='ocrx_word' id='word_1_122' title='bbox 2891 611 3132 682; x_wconf 79' lang='grc' dir='ltr'>κήρυκες</span> <span class='ocrx_word' id='word_1_123' title='bbox 3185 609 3277 662; x_wconf 90' lang='grc' dir='ltr'><strong>τοῦ</strong></span> <span class='ocrx_word' id='word_1_124' title='bbox 3323 609 3594 680; x_wconf 82' lang='grc' dir='ltr'><strong>σωτηρίου</strong></span> <span class='ocrx_word' id='word_1_125' title='bbox 3637 610 3820 678; x_wconf 80' lang='grc' dir='ltr'>λόγου.</span> 
     </span>
    </p>
   </div>
   <div class='ocr_carea' id='block_1_22' title="bbox 2252 699 3832 775">
    <p class='ocr_par' dir='ltr' id='par_1_22' title="bbox 2252 699 3832 775">
     <span class='ocr_line' id='line_1_22' title="bbox 2252 699 3832 775; baseline -0.011 -15"><span class='ocrx_word' id='word_1_126' title='bbox 2252 707 2364 760; x_wconf 80' lang='grc' dir='ltr'>Καὶ</span> <span class='ocrx_word' id='word_1_127' title='bbox 2386 707 2497 769; x_wconf 87' lang='grc' dir='ltr'>τοῖς</span> <span class='ocrx_word' id='word_1_128' title='bbox 2529 704 2628 775; x_wconf 77' lang='grc' dir='ltr'>μὲν</span> <span class='ocrx_word' id='word_1_129' title='bbox 2647 704 2739 757; x_wconf 71' lang='grc' dir='ltr'><strong>ἐπὶ</strong></span> <span class='ocrx_word' id='word_1_130' title='bbox 2754 699 3030 763; x_wconf 79' lang='grc' dir='ltr'>Μωῦσέως</span> <span class='ocrx_word' id='word_1_131' title='bbox 3046 699 3272 771; x_wconf 79' lang='grc' dir='ltr'><strong>διῄρητο</strong></span> <span class='ocrx_word' id='word_1_132' title='bbox 3304 703 3337 772; x_wconf 85' lang='grc' dir='ltr'><strong>ή</strong></span> <span class='ocrx_word' id='word_1_133' title='bbox 3364 699 3612 756; x_wconf 79' lang='grc' dir='ltr'><strong>Θάλασσα</strong></span> <span class='ocrx_word' id='word_1_134' title='bbox 3637 701 3832 771; x_wconf 81' lang='grc' dir='ltr'>αἰσθη-</span> 
     </span>
    </p>
   </div>
   <div class='ocr_carea' id='block_1_23' title="bbox 2240 795 3832 869">
    <p class='ocr_par' dir='ltr' id='par_1_23' title="bbox 2240 795 3832 869">
     <span class='ocr_line' id='line_1_23' title="bbox 2240 795 3832 869; baseline -0.003 -17"><span class='ocrx_word' id='word_1_135' title='bbox 2240 799 2347 863; x_wconf 88' lang='grc' dir='ltr'><strong>τῶς</strong></span> <span class='ocrx_word' id='word_1_136' title='bbox 2365 816 2378 830; x_wconf 88' lang='grc'><strong>·</strong></span> <span class='ocrx_word' id='word_1_137' title='bbox 2409 798 2470 852; x_wconf 80' lang='grc' dir='ltr'>τὸ</span> <span class='ocrx_word' id='word_1_138' title='bbox 2489 799 2546 852; x_wconf 80' lang='grc' dir='ltr'>δὲ</span> <span class='ocrx_word' id='word_1_139' title='bbox 2576 796 2721 869; x_wconf 80' lang='grc' dir='ltr'>ὕδωρ</span> <span class='ocrx_word' id='word_1_140' title='bbox 2735 797 2830 850; x_wconf 88' lang='grc' dir='ltr'><strong>τοῦ</strong></span> <span class='ocrx_word' id='word_1_141' title='bbox 2860 795 3160 864; x_wconf 74' lang='grc' dir='ltr'><strong>Αἰγυπτίου</strong></span> <span class='ocrx_word' id='word_1_142' title='bbox 3191 795 3435 866; x_wconf 79' lang='grc' dir='ltr'><strong>ποταμοῦ</strong></span> <span class='ocrx_word' id='word_1_143' title='bbox 3469 795 3832 867; x_wconf 78' lang='grc' dir='ltr'>μετεϐάλλετο</span> 
     </span>
    </p>
   </div>
   <div class='ocr_carea' id='block_1_24' title="bbox 2238 885 3829 962">
    <p class='ocr_par' dir='ltr' id='par_1_24' title="bbox 2238 885 3829 962">
     <span class='ocr_line' id='line_1_24' title="bbox 2238 885 3829 962; baseline -0.003 -18"><span class='ocrx_word' id='word_1_144' title='bbox 2238 893 2318 954; x_wconf 89' lang='grc' dir='ltr'><strong>εἰς</strong></span> <span class='ocrx_word' id='word_1_145' title='bbox 2349 885 2488 962; x_wconf 76' lang='grc' dir='ltr'>αἷμα</span> <span class='ocrx_word' id='word_1_146' title='bbox 2506 907 2520 920; x_wconf 76' lang='grc' dir='ltr'><strong>ο</strong></span> <span class='ocrx_word' id='word_1_147' title='bbox 2547 891 2581 961; x_wconf 84' lang='grc' dir='ltr'><strong>ή</strong></span> <span class='ocrx_word' id='word_1_148' title='bbox 2606 889 2664 942; x_wconf 84' lang='grc' dir='ltr'>δὲ</span> <span class='ocrx_word' id='word_1_149' title='bbox 2686 889 2794 942; x_wconf 88' lang='grc' dir='ltr'><strong>τῶν</strong></span> <span class='ocrx_word' id='word_1_150' title='bbox 2819 887 3036 957; x_wconf 80' lang='grc' dir='ltr'><strong>ἀγαθῶν</strong></span> <span class='ocrx_word' id='word_1_151' title='bbox 3063 886 3348 960; x_wconf 78' lang='grc' dir='ltr'><strong>προσθήκη</strong></span> <span class='ocrx_word' id='word_1_152' title='bbox 3379 888 3472 941; x_wconf 76' lang='grc' dir='ltr'><strong>ἐπὶ</strong></span> <span class='ocrx_word' id='word_1_153' title='bbox 3494 886 3605 940; x_wconf 88' lang='grc' dir='ltr'><strong>τῶν</strong></span> <span class='ocrx_word' id='word_1_154' title='bbox 3633 886 3829 957; x_wconf 87' lang='grc' dir='ltr'>δηλου-</span> 
     </span>
    </p>
   </div>
   <div class='ocr_carea' id='block_1_25' title="bbox 2240 977 3829 1055">
    <p class='ocr_par' dir='ltr' id='par_1_25' title="bbox 2240 977 3829 1055">
     <span class='ocr_line' id='line_1_25' title="bbox 2240 977 3829 1055; baseline -0.003 -19"><span class='ocrx_word' id='word_1_155' title='bbox 2240 985 2420 1055; x_wconf 85' lang='grc' dir='ltr'><strong>μένων</strong></span> <span class='ocrx_word' id='word_1_156' title='bbox 2455 981 2661 1054; x_wconf 83' lang='grc' dir='ltr'>χρόνων</span> <span class='ocrx_word' id='word_1_157' title='bbox 2696 984 2760 1052; x_wconf 85' lang='grc' dir='ltr'>τῇ</span> <span class='ocrx_word' id='word_1_158' title='bbox 2799 982 2897 1051; x_wconf 85' lang='grc' dir='ltr'>μὲν</span> <span class='ocrx_word' id='word_1_159' title='bbox 2934 979 3177 1052; x_wconf 84' lang='grc' dir='ltr'>θαλάσσῃ</span> <span class='ocrx_word' id='word_1_160' title='bbox 3217 980 3454 1050; x_wconf 85' lang='grc' dir='ltr'>ὲρημίαν</span> <span class='ocrx_word' id='word_1_161' title='bbox 3495 977 3714 1033; x_wconf 85' lang='grc' dir='ltr'>ἀπειλεῖ</span> <span class='ocrx_word' id='word_1_162' title='bbox 3761 983 3829 1052; x_wconf 76' lang='grc' dir='ltr'>τῇ</span> 
     </span>
    </p>
   </div>
   <div class='ocr_carea' id='block_1_26' title="bbox 2239 1071 3827 1146">
    <p class='ocr_par' dir='ltr' id='par_1_26' title="bbox 2239 1071 3827 1146">
     <span class='ocr_line' id='line_1_26' title="bbox 2239 1071 3827 1146; baseline -0.004 -17"><span class='ocrx_word' id='word_1_163' title='bbox 2239 1075 2529 1146; x_wconf 78' lang='grc' dir='ltr'>Αἰγυπτίᾳ,</span> <span class='ocrx_word' id='word_1_164' title='bbox 2563 1073 2642 1144; x_wconf 84' lang='grc' dir='ltr'><strong>τῷ</strong></span> <span class='ocrx_word' id='word_1_165' title='bbox 2688 1075 2744 1127; x_wconf 87' lang='grc' dir='ltr'>δὲ</span> <span class='ocrx_word' id='word_1_166' title='bbox 2802 1072 3033 1145; x_wconf 85' lang='grc' dir='ltr'>ποταμῷ</span> <span class='ocrx_word' id='word_1_167' title='bbox 3067 1072 3246 1126; x_wconf 85' lang='grc' dir='ltr'>αὐτῶν</span> <span class='ocrx_word' id='word_1_168' title='bbox 3290 1072 3527 1142; x_wconf 84' lang='grc' dir='ltr'>παντελῆ</span> <span class='ocrx_word' id='word_1_169' title='bbox 3557 1071 3827 1142; x_wconf 68' lang='grc' dir='ltr'>ἔκλειψιν,</span> 
     </span>
    </p>
   </div>
   <div class='ocr_carea' id='block_1_27' title="bbox 2241 1164 3831 1242">
    <p class='ocr_par' dir='ltr' id='par_1_27' title="bbox 2241 1164 3831 1242">
     <span class='ocr_line' id='line_1_27' title="bbox 2241 1164 3831 1242; baseline -0.003 -20"><span class='ocrx_word' id='word_1_170' title='bbox 2241 1169 2380 1242; x_wconf 84' lang='grc' dir='ltr'>πρὸς</span> <span class='ocrx_word' id='word_1_171' title='bbox 2412 1169 2474 1221; x_wconf 82' lang='grc' dir='ltr'>τὸ</span> <span class='ocrx_word' id='word_1_172' title='bbox 2503 1166 2623 1237; x_wconf 91' lang='grc' dir='ltr'>δίχα</span> <span class='ocrx_word' id='word_1_173' title='bbox 2654 1166 2799 1229; x_wconf 82' lang='grc' dir='ltr'>τινὸς</span> <span class='ocrx_word' id='word_1_174' title='bbox 2831 1167 3156 1237; x_wconf 84' lang='grc' dir='ltr'>κωλύματος</span> <span class='ocrx_word' id='word_1_175' title='bbox 3199 1164 3294 1218; x_wconf 89' lang='grc' dir='ltr'><strong>τοῦ</strong></span> <span class='ocrx_word' id='word_1_176' title='bbox 3336 1166 3608 1236; x_wconf 79' lang='grc' dir='ltr'><strong>σωτηρίου</strong></span> <span class='ocrx_word' id='word_1_177' title='bbox 3641 1165 3831 1232; x_wconf 85' lang='grc' dir='ltr'>Εὐαγ-</span> 
     </span>
    </p>
   </div>
   <div class='ocr_carea' id='block_1_28' title="bbox 2239 1255 3831 1330">
    <p class='ocr_par' dir='ltr' id='par_1_28' title="bbox 2239 1255 3831 1330">
     <span class='ocr_line' id='line_1_28' title="bbox 2239 1255 3831 1330; baseline -0.003 -16"><span class='ocrx_word' id='word_1_178' title='bbox 2239 1261 2419 1330; x_wconf 89' lang='grc' dir='ltr'>γελίου</span> <span class='ocrx_word' id='word_1_179' title='bbox 2470 1260 2715 1330; x_wconf 85' lang='grc' dir='ltr'>κήρυκας</span> <span class='ocrx_word' id='word_1_180' title='bbox 2763 1257 3069 1330; x_wconf 84' lang='grc' dir='ltr'><strong>περιελθεῖν</strong></span> <span class='ocrx_word' id='word_1_181' title='bbox 3120 1258 3220 1320; x_wconf 80' lang='grc' dir='ltr'>τὰς</span> <span class='ocrx_word' id='word_1_182' title='bbox 3264 1258 3580 1325; x_wconf 77' lang='grc' dir='ltr'>Αἰγυπτίων</span> <span class='ocrx_word' id='word_1_183' title='bbox 3615 1255 3831 1328; x_wconf 82' lang='grc' dir='ltr'>χώρας,</span> 
     </span>
    </p>
   </div>
   <div class='ocr_carea' id='block_1_29' title="bbox 2237 1347 3828 1420">
    <p class='ocr_par' dir='ltr' id='par_1_29' title="bbox 2237 1347 3828 1420">
     <span class='ocr_line' id='line_1_29' title="bbox 2237 1347 3828 1420; baseline -0.003 -15"><span class='ocrx_word' id='word_1_184' title='bbox 2237 1351 2332 1405; x_wconf 74' lang='grc' dir='ltr'>καὶ</span> <span class='ocrx_word' id='word_1_185' title='bbox 2360 1349 2669 1420; x_wconf 81' lang='grc' dir='ltr'>ἀνατροπὴν</span> <span class='ocrx_word' id='word_1_186' title='bbox 2706 1349 2804 1420; x_wconf 84' lang='grc' dir='ltr'>μὲν</span> <span class='ocrx_word' id='word_1_187' title='bbox 2830 1349 2929 1418; x_wconf 81' lang='grc' dir='ltr'>τῆς</span> <span class='ocrx_word' id='word_1_188' title='bbox 2963 1348 3225 1403; x_wconf 82' lang='grc' dir='ltr'>πολυθέου</span> <span class='ocrx_word' id='word_1_189' title='bbox 3271 1347 3450 1400; x_wconf 80' lang='grc' dir='ltr'>αὐτῶν</span> <span class='ocrx_word' id='word_1_190' title='bbox 3486 1349 3828 1418; x_wconf 87' lang='grc' dir='ltr'>δεισιδαιμο-</span> 
     </span>
    </p>
   </div>
   <div class='ocr_carea' id='block_1_30' title="bbox 2235 1438 3830 1512">
    <p class='ocr_par' dir='ltr' id='par_1_30' title="bbox 2235 1438 3830 1512">
     <span class='ocr_line' id='line_1_30' title="bbox 2235 1438 3830 1512; baseline 0 -18"><span class='ocrx_word' id='word_1_191' title='bbox 2235 1442 2356 1505; x_wconf 84' lang='grc' dir='ltr'>νίας</span> <span class='ocrx_word' id='word_1_192' title='bbox 2399 1439 2760 1512; x_wconf 82' lang='grc' dir='ltr'>ὲργάσασθαι,</span> <span class='ocrx_word' id='word_1_193' title='bbox 2802 1438 2897 1494; x_wconf 92' lang='grc' dir='ltr'><strong>τοῦ</strong></span> <span class='ocrx_word' id='word_1_194' title='bbox 2926 1439 2983 1493; x_wconf 80' lang='grc' dir='ltr'>δὲ</span> <span class='ocrx_word' id='word_1_195' title='bbox 3012 1441 3104 1492; x_wconf 78' lang='grc' dir='ltr'><strong>ἐπὶ</strong></span> <span class='ocrx_word' id='word_1_196' title='bbox 3156 1439 3372 1492; x_wconf 84' lang='grc' dir='ltr'>πάντων</span> <span class='ocrx_word' id='word_1_197' title='bbox 3418 1439 3554 1493; x_wconf 84' lang='grc' dir='ltr'>Θεοῦ</span> <span class='ocrx_word' id='word_1_198' title='bbox 3586 1441 3682 1493; x_wconf 73' lang='grc' dir='ltr'><strong>καὶ</strong></span> <span class='ocrx_word' id='word_1_199' title='bbox 3730 1439 3830 1494; x_wconf 88' lang='grc' dir='ltr'><strong>τοῦ</strong></span> 
     </span>
    </p>
   </div>
   <div class='ocr_carea' id='block_1_31' title="bbox 2234 1531 3793 1605">
    <p class='ocr_par' dir='ltr' id='par_1_31' title="bbox 2234 1531 3793 1605">
     <span class='ocr_line' id='line_1_31' title="bbox 2234 1531 3793 1605; baseline 0.001 -19"><span class='ocrx_word' id='word_1_200' title='bbox 2234 1534 2469 1605; x_wconf 83' lang='grc' dir='ltr'><strong>Χριστοῦ</strong></span> <span class='ocrx_word' id='word_1_201' title='bbox 2491 1532 2674 1596; x_wconf 83' lang='grc' dir='ltr'>αὑτοῦ,</span> <span class='ocrx_word' id='word_1_202' title='bbox 2698 1533 2790 1585; x_wconf 93' lang='grc' dir='ltr'><strong>τοῦ</strong></span> <span class='ocrx_word' id='word_1_203' title='bbox 2813 1534 2877 1586; x_wconf 80' lang='grc' dir='ltr'>ὲκ</span> <span class='ocrx_word' id='word_1_204' title='bbox 2907 1532 3273 1603; x_wconf 79' lang='grc' dir='ltr'>ρίζήςῚεσσαί</span> <span class='ocrx_word' id='word_1_205' title='bbox 3301 1531 3679 1603; x_wconf 83' lang='grc' dir='ltr'>προελθόντος,</span> <span class='ocrx_word' id='word_1_206' title='bbox 3712 1551 3793 1587; x_wconf 86' lang='grc' dir='ltr'>πα.</span> 
     </span>
    </p>
   </div>
   <div class='ocr_carea' id='block_1_32' title="bbox 2238 1622 3820 1696">
    <p class='ocr_par' dir='ltr' id='par_1_32' title="bbox 2238 1622 3820 1696">
     <span class='ocr_line' id='line_1_32' title="bbox 2238 1622 3820 1696; baseline 0.001 -18"><span class='ocrx_word' id='word_1_207' title='bbox 2238 1625 2485 1696; x_wconf 89' lang='grc' dir='ltr'>ραδοῦναι</span> <span class='ocrx_word' id='word_1_208' title='bbox 2532 1624 2628 1696; x_wconf 84' lang='grc' dir='ltr'>τὴν</span> <span class='ocrx_word' id='word_1_209' title='bbox 2661 1623 2880 1692; x_wconf 89' lang='grc' dir='ltr'>γνῶσιν.</span> <span class='ocrx_word' id='word_1_210' title='bbox 2936 1622 3252 1693; x_wconf 79' lang='grc' dir='ltr'>Θεωρητέον</span> <span class='ocrx_word' id='word_1_211' title='bbox 3297 1623 3355 1676; x_wconf 86' lang='grc' dir='ltr'>δὲ</span> <span class='ocrx_word' id='word_1_212' title='bbox 3392 1625 3540 1689; x_wconf 85' lang='grc' dir='ltr'>ὅπως</span> <span class='ocrx_word' id='word_1_213' title='bbox 3596 1625 3660 1678; x_wconf 78' lang='grc' dir='ltr'>οὐ</span> <span class='ocrx_word' id='word_1_214' title='bbox 3718 1626 3820 1694; x_wconf 82' lang='grc' dir='ltr'><strong>τὴν</strong></span> 
     </span>
    </p>
   </div>
   <div class='ocr_carea' id='block_1_33' title="bbox 2233 1714 3822 1790">
    <p class='ocr_par' dir='ltr' id='par_1_33' title="bbox 2233 1714 3822 1790">
     <span class='ocr_line' id='line_1_33' title="bbox 2233 1714 3822 1790; baseline 0.001 -20"><span class='ocrx_word' id='word_1_215' title='bbox 2233 1717 2417 1790; x_wconf 86' lang='grc' dir='ltr'>χώραν</span> <span class='ocrx_word' id='word_1_216' title='bbox 2449 1717 2745 1785; x_wconf 87' lang='grc' dir='ltr'>Αἰγύπτου,</span> <span class='ocrx_word' id='word_1_217' title='bbox 2781 1714 2918 1781; x_wconf 85' lang='grc' dir='ltr'><strong>ἀλλά</strong></span> <span class='ocrx_word' id='word_1_218' title='bbox 2956 1716 3055 1787; x_wconf 77' lang='grc' dir='ltr'>τὴν</span> <span class='ocrx_word' id='word_1_219' title='bbox 3085 1715 3360 1770; x_wconf 87' lang='grc' dir='ltr'>θάλασσαν</span> <span class='ocrx_word' id='word_1_220' title='bbox 3391 1717 3561 1788; x_wconf 79' lang='grc' dir='ltr'>αὐτῆς</span> <span class='ocrx_word' id='word_1_221' title='bbox 3593 1717 3822 1786; x_wconf 88' lang='grc' dir='ltr'>λέγεται</span> 
     </span>
    </p>
   </div>
   <div class='ocr_carea' id='block_1_34' title="bbox 2232 1808 3827 1883">
    <p class='ocr_par' dir='ltr' id='par_1_34' title="bbox 2232 1808 3827 1883">
     <span class='ocr_line' id='line_1_34' title="bbox 2232 1808 3827 1883; baseline 0.001 -20"><span class='ocrx_word' id='word_1_222' title='bbox 2232 1813 2260 1863; x_wconf 86' lang='grc' dir='ltr'>ὁ</span> <span class='ocrx_word' id='word_1_223' title='bbox 2306 1811 2509 1883; x_wconf 88' lang='grc' dir='ltr'>Κύριος</span> <span class='ocrx_word' id='word_1_224' title='bbox 2557 1809 2888 1882; x_wconf 83' lang='grc' dir='ltr'>ἐρημώσειν,</span> <span class='ocrx_word' id='word_1_225' title='bbox 2919 1808 3012 1861; x_wconf 88' lang='grc' dir='ltr'><strong>τοῦ</strong></span> <span class='ocrx_word' id='word_1_226' title='bbox 3060 1808 3161 1879; x_wconf 84' lang='grc' dir='ltr'>τῆς</span> <span class='ocrx_word' id='word_1_227' title='bbox 3207 1809 3655 1882; x_wconf 83' lang='grc' dir='ltr'>εἰδωλολατρείας</span> <span class='ocrx_word' id='word_1_228' title='bbox 3689 1811 3827 1883; x_wconf 87' lang='grc' dir='ltr'>πλή-</span> 
     </span>
    </p>
   </div>
   <div class='ocr_carea' id='block_1_35' title="bbox 562 1881 2123 1975">
    <p class='ocr_par' dir='ltr' id='par_1_35' title="bbox 562 1900 2123 1975">
     <span class='ocr_line' id='line_1_35' title="bbox 562 1900 2123 1975; baseline 0.008 -25"><span class='ocrx_word' id='word_1_229' title='bbox 562 1900 680 1953; x_wconf 66' lang='lat' dir='ltr'><strong>«Et</strong></span> <span class='ocrx_word' id='word_1_230' title='bbox 750 1902 1226 1957; x_wconf 78' lang='lat' dir='ltr'><strong>anathematizabit</strong></span> <span class='ocrx_word' id='word_1_231' title='bbox 1295 1903 1561 1959; x_wconf 88' lang='lat' dir='ltr'><strong>Dominus</strong></span> <span class='ocrx_word' id='word_1_232' title='bbox 1647 1904 1908 1975; x_wconf 77' lang='lat' dir='ltr'><strong>linguam.</strong></span> <span class='ocrx_word' id='word_1_233' title='bbox 1964 1907 2123 1963; x_wconf 82' lang='lat' dir='ltr'><strong>maris</strong></span> 
     </span>
    </p>
   </div>
   <div class='ocr_carea' id='block_1_36' title="bbox 2226 1881 3826 1975">
    <p class='ocr_par' dir='ltr' id='par_1_36' title="bbox 2231 1881 3826 1974">
     <span class='ocr_line' id='line_1_36' title="bbox 2231 1881 3826 1974; baseline 0 -18"><span class='ocrx_word' id='word_1_234' title='bbox 2231 1903 2358 1966; x_wconf 85' lang='grc' dir='ltr'>θους</span> <span class='ocrx_word' id='word_1_235' title='bbox 2380 1881 2519 1956; x_wconf 75' lang='grc' dir='ltr'>οὕτω</span> <span class='ocrx_word' id='word_1_236' title='bbox 2549 1881 2899 1971; x_wconf 88' lang='grc' dir='ltr'>δηλουμένου.</span> <span class='ocrx_word' id='word_1_237' title='bbox 2941 1900 3084 1954; x_wconf 74' lang='grc' dir='ltr'><strong>Ἀντὶ</strong></span> <span class='ocrx_word' id='word_1_238' title='bbox 3124 1900 3307 1972; x_wconf 89' lang='grc' dir='ltr'>μέντοι</span> <span class='ocrx_word' id='word_1_239' title='bbox 3336 1901 3454 1966; x_wconf 91' lang='grc' dir='ltr'>τοῦ,</span> <span class='ocrx_word' id='word_1_240' title='bbox 3565 1881 3826 1974; x_wconf 74' lang='grc' dir='ltr'>Ἐρημῶ-</span> 
     </span>
    </p>
   </div>
   <div class='ocr_carea' id='block_1_37' title="bbox 560 1994 2131 2068">
    <p class='ocr_par' dir='ltr' id='par_1_37' title="bbox 560 1994 2131 2068">
     <span class='ocr_line' id='line_1_37' title="bbox 560 1994 2131 2068; baseline 0.005 -20"><span class='ocrx_word' id='word_1_241' title='bbox 560 1995 804 2068; x_wconf 61' lang='lat' dir='ltr'><strong>Egypti.</strong></span> <span class='ocrx_word' id='word_1_242' title='bbox 833 2016 851 2048; x_wconf 75' lang='grc' dir='ltr'><strong>ι</strong></span> <span class='ocrx_word' id='word_1_243' title='bbox 903 1994 959 2050; x_wconf 91' lang='lat' dir='ltr'><strong>Si</strong></span> <span class='ocrx_word' id='word_1_244' title='bbox 1007 1997 1188 2066; x_wconf 91' lang='lat' dir='ltr'><strong>itaque</strong></span> <span class='ocrx_word' id='word_1_245' title='bbox 1242 1998 1462 2051; x_wconf 68' lang='lat' dir='ltr'><strong>malitiae</strong></span> <span class='ocrx_word' id='word_1_246' title='bbox 1504 1996 1663 2065; x_wconf 81' lang='lat' dir='ltr'><strong>hujus</strong></span> <span class='ocrx_word' id='word_1_247' title='bbox 1707 2001 1834 2053; x_wconf 64' lang='lat' dir='ltr'><strong>vitae</strong></span> <span class='ocrx_word' id='word_1_248' title='bbox 1876 1999 2131 2056; x_wconf 81' lang='lat' dir='ltr'><strong>colluvies</strong></span> 
     </span>
    </p>
   </div>
   <div class='ocr_carea' id='block_1_38' title="bbox 559 2088 2132 2159">
    <p class='ocr_par' dir='ltr' id='par_1_38' title="bbox 559 2088 2132 2159">
     <span class='ocr_line' id='line_1_38' title="bbox 559 2088 2132 2159; baseline 0.003 -17"><span class='ocrx_word' id='word_1_249' title='bbox 559 2089 699 2143; x_wconf 84' lang='lat' dir='ltr'><strong>mari</strong></span> <span class='ocrx_word' id='word_1_250' title='bbox 730 2097 1092 2159; x_wconf 88' lang='lat' dir='ltr'><strong>comparatur,</strong></span> <span class='ocrx_word' id='word_1_251' title='bbox 1107 2088 1238 2142; x_wconf 89' lang='lat' dir='ltr'><strong>’vide</strong></span> <span class='ocrx_word' id='word_1_252' title='bbox 1268 2104 1448 2143; x_wconf 89' lang='lat' dir='ltr'><strong>annon</strong></span> <span class='ocrx_word' id='word_1_253' title='bbox 1479 2091 1673 2147; x_wconf 88' lang='lat' dir='ltr'><strong>merito</strong></span> <span class='ocrx_word' id='word_1_254' title='bbox 1707 2094 1991 2146; x_wconf 88' lang='lat' dir='ltr'><strong>athenrum</strong></span> <span class='ocrx_word' id='word_1_255' title='bbox 2031 2094 2132 2147; x_wconf 90' lang='lat' dir='ltr'><strong>im-</strong></span> 
     </span>
    </p>
   </div>
   <div class='ocr_carea' id='block_1_39' title="bbox 556 2181 2131 2254">
    <p class='ocr_par' dir='ltr' id='par_1_39' title="bbox 556 2181 2131 2254">
     <span class='ocr_line' id='line_1_39' title="bbox 556 2181 2131 2254; baseline 0.003 -20"><span class='ocrx_word' id='word_1_256' title='bbox 556 2182 880 2253; x_wconf 86' lang='lat' dir='ltr'><strong>piorumque</strong></span> <span class='ocrx_word' id='word_1_257' title='bbox 919 2181 1192 2234; x_wconf 89' lang='lat' dir='ltr'><strong>hominum</strong></span> <span class='ocrx_word' id='word_1_258' title='bbox 1221 2181 1456 2249; x_wconf 70' lang='lat' dir='ltr'><strong>linguam</strong></span> <span class='ocrx_word' id='word_1_259' title='bbox 1488 2183 1579 2251; x_wconf 93' lang='lat' dir='ltr'><strong>qui</strong></span> <span class='ocrx_word' id='word_1_260' title='bbox 1608 2182 1736 2236; x_wconf 90' lang='lat' dir='ltr'><strong>olim</strong></span> <span class='ocrx_word' id='word_1_261' title='bbox 1771 2184 1938 2237; x_wconf 89' lang='lat' dir='ltr'><strong>Deum</strong></span> <span class='ocrx_word' id='word_1_262' title='bbox 1978 2185 2131 2254; x_wconf 75' lang='lat' dir='ltr'><strong>igno-</strong></span> 
     </span>
    </p>
   </div>
   <div class='ocr_carea' id='block_1_40' title="bbox 557 2273 2124 2341">
    <p class='ocr_par' dir='ltr' id='par_1_40' title="bbox 557 2273 2124 2341">
     <span class='ocr_line' id='line_1_40' title="bbox 557 2273 2124 2341; baseline -0.001 -8"><span class='ocrx_word' id='word_1_263' title='bbox 557 2276 773 2341; x_wconf 82' lang='lat' dir='ltr'><strong>rabant,</strong></span> <span class='ocrx_word' id='word_1_264' title='bbox 804 2283 861 2328; x_wconf 92' lang='lat' dir='ltr'><strong>ut</strong></span> <span class='ocrx_word' id='word_1_265' title='bbox 889 2274 968 2329; x_wconf 89' lang='lat' dir='ltr'><strong>sic</strong></span> <span class='ocrx_word' id='word_1_266' title='bbox 1001 2274 1212 2330; x_wconf 85' lang='lat' dir='ltr'><strong>Pharao</strong></span> <span class='ocrx_word' id='word_1_267' title='bbox 1244 2273 1576 2340; x_wconf 86' lang='lat' dir='ltr'><strong>declarabat,</strong></span> <span class='ocrx_word' id='word_1_268' title='bbox 1607 2295 1626 2327; x_wconf 79' lang='grc' dir='ltr'><strong>ι</strong></span> <span class='ocrx_word' id='word_1_269' title='bbox 1656 2276 1769 2331; x_wconf 81' lang='lat' dir='ltr'><strong>Non</strong></span> <span class='ocrx_word' id='word_1_270' title='bbox 1796 2279 1916 2332; x_wconf 89' lang='lat' dir='ltr'><strong>novi</strong></span> <span class='ocrx_word' id='word_1_271' title='bbox 1948 2278 2124 2332; x_wconf 87' lang='lat' dir='ltr'><strong>Domi-</strong></span> 
     </span>
    </p>
   </div>
   <div class='ocr_carea' id='block_1_41' title="bbox 557 2364 2130 2433">
    <p class='ocr_par' dir='ltr' id='par_1_41' title="bbox 557 2364 2130 2433">
     <span class='ocr_line' id='line_1_41' title="bbox 557 2364 2130 2433; baseline 0.003 -13"><span class='ocrx_word' id='word_1_272' title='bbox 557 2382 705 2432; x_wconf 89' lang='lat' dir='ltr'><strong>num,</strong></span> <span class='ocrx_word' id='word_1_273' title='bbox 732 2375 784 2420; x_wconf 89' lang='lat' dir='ltr'><strong>et</strong></span> <span class='ocrx_word' id='word_1_274' title='bbox 824 2364 986 2433; x_wconf 88' lang='lat' dir='ltr'><strong>lsrael</strong></span> <span class='ocrx_word' id='word_1_275' title='bbox 1039 2380 1144 2419; x_wconf 91' lang='lat' dir='ltr'><strong>non</strong></span> <span class='ocrx_word' id='word_1_276' title='bbox 1191 2366 1484 2432; x_wconf 85' lang='lat' dir='ltr'><strong>dimittam,</strong></span> <span class='ocrx_word' id='word_1_277' title='bbox 1517 2386 1536 2418; x_wconf 73' lang='grc' dir='ltr'>ι</span> <span class='ocrx_word' id='word_1_278' title='bbox 1577 2369 2130 2424; x_wconf 86' lang='lat' dir='ltr'><strong>anathematizaturus</strong></span> 
     </span>
    </p>
   </div>
   <div class='ocr_carea' id='block_1_42' title="bbox 556 2460 2128 2530">
    <p class='ocr_par' dir='ltr' id='par_1_42' title="bbox 556 2460 2128 2530">
     <span class='ocr_line' id='line_1_42' title="bbox 556 2460 2128 2530; baseline 0.001 -16"><span class='ocrx_word' id='word_1_279' title='bbox 556 2460 814 2514; x_wconf 89' lang='lat' dir='ltr'><strong>Dominus</strong></span> <span class='ocrx_word' id='word_1_280' title='bbox 838 2473 959 2515; x_wconf 86' lang='lat' dir='ltr'><strong>esse</strong></span> <span class='ocrx_word' id='word_1_281' title='bbox 990 2460 1199 2514; x_wconf 88' lang='lat' dir='ltr'><strong>dicatur</strong></span> <span class='ocrx_word' id='word_1_282' title='bbox 1219 2460 1512 2514; x_wconf 85' lang='lat' dir='ltr'><strong>secundum</strong></span> <span class='ocrx_word' id='word_1_283' title='bbox 1541 2469 1648 2514; x_wconf 89' lang='lat' dir='ltr'><strong>tres</strong></span> <span class='ocrx_word' id='word_1_284' title='bbox 1680 2460 2035 2530; x_wconf 88' lang='lat' dir='ltr'><strong>interpretes;</strong></span> <span class='ocrx_word' id='word_1_285' title='bbox 2071 2472 2128 2516; x_wconf 92' lang='lat' dir='ltr'><strong>ut</strong></span> 
     </span>
    </p>
   </div>
   <div class='ocr_carea' id='block_1_43' title="bbox 555 2547 2124 2620">
    <p class='ocr_par' dir='ltr' id='par_1_43' title="bbox 555 2547 2124 2620">
     <span class='ocr_line' id='line_1_43' title="bbox 555 2547 2124 2620; baseline 0.004 -19"><span class='ocrx_word' id='word_1_286' title='bbox 555 2564 622 2601; x_wconf 87' lang='lat' dir='ltr'><strong>ne</strong></span> <span class='ocrx_word' id='word_1_287' title='bbox 650 2549 787 2603; x_wconf 89' lang='lat' dir='ltr'><strong>ultra</strong></span> <span class='ocrx_word' id='word_1_288' title='bbox 835 2547 1153 2620; x_wconf 65' lang='lat' dir='ltr'><strong>Egyptiaca</strong></span> <span class='ocrx_word' id='word_1_289' title='bbox 1201 2549 1380 2619; x_wconf 78' lang='lat' dir='ltr'><strong>lingua</strong></span> <span class='ocrx_word' id='word_1_290' title='bbox 1436 2549 1838 2606; x_wconf 83' lang='lat' dir='ltr'><strong>superstitionis</strong></span> <span class='ocrx_word' id='word_1_291' title='bbox 1882 2567 2124 2607; x_wconf 89' lang='lat' dir='ltr'><strong>errorem</strong></span> 
     </span>
    </p>
   </div>
   <div class='ocr_carea' id='block_1_44' title="bbox 554 2638 2127 2711">
    <p class='ocr_par' dir='ltr' id='par_1_44' title="bbox 554 2638 2127 2711">
     <span class='ocr_line' id='line_1_44' title="bbox 554 2638 2127 2711; baseline 0.005 -20"><span class='ocrx_word' id='word_1_292' title='bbox 554 2638 971 2704; x_wconf 75' lang='lat' dir='ltr'><strong>conﬁrmarent;</strong></span> <span class='ocrx_word' id='word_1_293' title='bbox 1005 2639 1098 2694; x_wconf 91' lang='lat' dir='ltr'><strong>sed</strong></span> <span class='ocrx_word' id='word_1_294' title='bbox 1146 2639 1356 2707; x_wconf 86' lang='lat' dir='ltr'><strong>eloquia</strong></span> <span class='ocrx_word' id='word_1_295' title='bbox 1396 2639 1484 2694; x_wconf 91' lang='lat' dir='ltr'><strong>Dei</strong></span> <span class='ocrx_word' id='word_1_296' title='bbox 1540 2641 1806 2708; x_wconf 82' lang='lat' dir='ltr'><strong>proferre,</strong></span> <span class='ocrx_word' id='word_1_297' title='bbox 1851 2657 1915 2696; x_wconf 89' lang='lat' dir='ltr'><strong>ac</strong></span> <span class='ocrx_word' id='word_1_298' title='bbox 1939 2642 2127 2711; x_wconf 86' lang='lat' dir='ltr'><strong>jurare</strong></span> 
     </span>
    </p>
   </div>
   <div class='ocr_carea' id='block_1_45' title="bbox 554 2730 2128 2805">
    <p class='ocr_par' dir='ltr' id='par_1_45' title="bbox 554 2730 2128 2805">
     <span class='ocr_line' id='line_1_45' title="bbox 554 2730 2128 2805; baseline 0.005 -21"><span class='ocrx_word' id='word_1_299' title='bbox 554 2730 610 2784; x_wconf 85' lang='lat' dir='ltr'><strong>in</strong></span> <span class='ocrx_word' id='word_1_300' title='bbox 644 2731 859 2786; x_wconf 86' lang='lat' dir='ltr'><strong>nomine</strong></span> <span class='ocrx_word' id='word_1_301' title='bbox 903 2732 1113 2785; x_wconf 86' lang='lat' dir='ltr'><strong>Domini</strong></span> <span class='ocrx_word' id='word_1_302' title='bbox 1161 2730 1397 2786; x_wconf 81' lang='lat' dir='ltr'><strong>Sabaoth</strong></span> <span class='ocrx_word' id='word_1_303' title='bbox 1443 2732 1768 2797; x_wconf 85' lang='lat' dir='ltr'><strong>ediscerent,</strong></span> <span class='ocrx_word' id='word_1_304' title='bbox 1803 2737 1944 2805; x_wconf 89' lang='lat' dir='ltr'><strong>quod</strong></span> <span class='ocrx_word' id='word_1_305' title='bbox 1979 2737 2128 2792; x_wconf 77' lang='lat' dir='ltr'><strong>futu-</strong></span> 
     </span>
    </p>
   </div>
   <div class='ocr_carea' id='block_1_46' title="bbox 552 2825 2126 2898">
    <p class='ocr_par' dir='ltr' id='par_1_46' title="bbox 552 2825 2126 2898">
     <span class='ocr_line' id='line_1_46' title="bbox 552 2825 2126 2898; baseline 0.004 -20"><span class='ocrx_word' id='word_1_306' title='bbox 552 2840 669 2878; x_wconf 89' lang='lat' dir='ltr'><strong>rum</strong></span> <span class='ocrx_word' id='word_1_307' title='bbox 699 2839 820 2879; x_wconf 87' lang='lat' dir='ltr'><strong>esse</strong></span> <span class='ocrx_word' id='word_1_308' title='bbox 857 2825 909 2878; x_wconf 93' lang='lat' dir='ltr'><strong>in</strong></span> <span class='ocrx_word' id='word_1_309' title='bbox 945 2826 1295 2896; x_wconf 84' lang='lat' dir='ltr'><strong>sequentibus</strong></span> <span class='ocrx_word' id='word_1_310' title='bbox 1325 2841 1506 2880; x_wconf 87' lang='lat' dir='ltr'><strong>sermo</strong></span> <span class='ocrx_word' id='word_1_311' title='bbox 1538 2828 1802 2881; x_wconf 84' lang='lat' dir='ltr'><strong>declarat.</strong></span> <span class='ocrx_word' id='word_1_312' title='bbox 1832 2828 1921 2881; x_wconf 83' lang='lat' dir='ltr'><strong>Sic</strong></span> <span class='ocrx_word' id='word_1_313' title='bbox 1965 2845 2126 2898; x_wconf 90' lang='lat' dir='ltr'><strong>porro</strong></span> 
     </span>
    </p>
   </div>
   <div class='ocr_carea' id='block_1_47' title="bbox 551 2917 2128 2990">
    <p class='ocr_par' dir='ltr' id='par_1_47' title="bbox 551 2917 2128 2990">
     <span class='ocr_line' id='line_1_47' title="bbox 551 2917 2128 2990; baseline 0.005 -22"><span class='ocrx_word' id='word_1_314' title='bbox 551 2917 1009 2970; x_wconf 76' lang='lat' dir='ltr'><strong>anathematizata</strong></span> <span class='ocrx_word' id='word_1_315' title='bbox 1077 2928 1162 2971; x_wconf 79' lang='lat' dir='ltr'><strong>est</strong></span> <span class='ocrx_word' id='word_1_316' title='bbox 1214 2918 1517 2988; x_wconf 66' lang='lat' dir='ltr'><strong>Egyptiaci</strong></span> <span class='ocrx_word' id='word_1_317' title='bbox 1575 2924 1740 2975; x_wconf 89' lang='lat' dir='ltr'><strong>maris</strong></span> <span class='ocrx_word' id='word_1_318' title='bbox 1804 2921 2021 2990; x_wconf 76' lang='lat' dir='ltr'><strong>lingua,</strong></span> <span class='ocrx_word' id='word_1_319' title='bbox 2071 2933 2128 2977; x_wconf 94' lang='lat' dir='ltr'><strong>ut</strong></span> 
     </span>
    </p>
   </div>
   <div class='ocr_carea' id='block_1_48' title="bbox 551 3006 2126 3078">
    <p class='ocr_par' dir='ltr' id='par_1_48' title="bbox 551 3006 2126 3078">
     <span class='ocr_line' id='line_1_48' title="bbox 551 3006 2126 3078; baseline 0.007 -19"><span class='ocrx_word' id='word_1_320' title='bbox 551 3006 937 3076; x_wconf 71' lang='lat' dir='ltr'><strong>malignorum,</strong></span> <span class='ocrx_word' id='word_1_321' title='bbox 967 3024 1103 3078; x_wconf 82' lang='lat' dir='ltr'><strong>quos</strong></span> <span class='ocrx_word' id='word_1_322' title='bbox 1142 3009 1220 3064; x_wconf 90' lang='lat' dir='ltr'><strong>illi</strong></span> <span class='ocrx_word' id='word_1_323' title='bbox 1254 3011 1526 3075; x_wconf 78' lang='lat' dir='ltr'><strong>colebant,</strong></span> <span class='ocrx_word' id='word_1_324' title='bbox 1561 3012 1860 3067; x_wconf 65' lang='lat' dir='ltr'><strong>daemonum</strong></span> <span class='ocrx_word' id='word_1_325' title='bbox 1883 3015 2126 3070; x_wconf 85' lang='lat' dir='ltr'><strong>.oracnla</strong></span> 
     </span>
    </p>
   </div>
   <div class='ocr_carea' id='block_1_49' title="bbox 552 3099 2122 3173">
    <p class='ocr_par' dir='ltr' id='par_1_49' title="bbox 552 3099 2122 3173">
     <span class='ocr_line' id='line_1_49' title="bbox 552 3099 2122 3173; baseline 0.007 -20"><span class='ocrx_word' id='word_1_326' title='bbox 552 3099 771 3169; x_wconf 90' lang='lat' dir='ltr'><strong>penitus</strong></span> <span class='ocrx_word' id='word_1_327' title='bbox 806 3101 1066 3166; x_wconf 91' lang='lat' dir='ltr'><strong>silerent,</strong></span> <span class='ocrx_word' id='word_1_328' title='bbox 1113 3103 1598 3172; x_wconf 87' lang='lat' dir='ltr'><strong>divinationesque,</strong></span> <span class='ocrx_word' id='word_1_329' title='bbox 1640 3120 1704 3160; x_wconf 88' lang='lat' dir='ltr'><strong>ac</strong></span> <span class='ocrx_word' id='word_1_330' title='bbox 1756 3107 1912 3163; x_wconf 73' lang='lat' dir='ltr'><strong>mala:</strong></span> <span class='ocrx_word' id='word_1_331' title='bbox 1956 3120 2122 3173; x_wconf 85' lang='lat' dir='ltr'><strong>artes,</strong></span> 
     </span>
    </p>
   </div>
   <div class='ocr_carea' id='block_1_50' title="bbox 2233 1990 3822 2066">
    <p class='ocr_par' dir='ltr' id='par_1_50' title="bbox 2233 1990 3822 2066">
     <span class='ocr_line' id='line_1_50' title="bbox 2233 1990 3822 2066; baseline 0.001 -20"><span class='ocrx_word' id='word_1_332' title='bbox 2233 2010 2314 2046; x_wconf 85' lang='grc' dir='ltr'><strong>σει</strong></span> <span class='ocrx_word' id='word_1_333' title='bbox 2348 1993 2551 2066; x_wconf 84' lang='grc' dir='ltr'>Κύριος</span> <span class='ocrx_word' id='word_1_334' title='bbox 2579 1994 2676 2064; x_wconf 80' lang='grc' dir='ltr'><strong>τὴν</strong></span> <span class='ocrx_word' id='word_1_335' title='bbox 2697 1992 2970 2047; x_wconf 84' lang='grc' dir='ltr'>θάλασσαν</span> <span class='ocrx_word' id='word_1_336' title='bbox 2987 1990 3288 2061; x_wconf 89' lang='grc' dir='ltr'>Αἰγύπτου,</span> <span class='ocrx_word' id='word_1_337' title='bbox 3315 2011 3333 2043; x_wconf 80' lang='grc' dir='ltr'><strong>ι</strong></span> <span class='ocrx_word' id='word_1_338' title='bbox 3352 1993 3401 2046; x_wconf 86' lang='grc' dir='ltr'>οἱ</span> <span class='ocrx_word' id='word_1_339' title='bbox 3425 1995 3575 2065; x_wconf 86' lang='grc' dir='ltr'>τρεῖς</span> <span class='ocrx_word' id='word_1_340' title='bbox 3595 1993 3822 2065; x_wconf 80' lang='grc' dir='ltr'>συμφώ-</span> 
     </span>
    </p>
   </div>
   <div class='ocr_carea' id='block_1_51' title="bbox 2230 2083 3823 2157">
    <p class='ocr_par' dir='ltr' id='par_1_51' title="bbox 2230 2083 3823 2157">
     <span class='ocr_line' id='line_1_51' title="bbox 2230 2083 3823 2157; baseline 0.001 -20"><span class='ocrx_word' id='word_1_341' title='bbox 2230 2102 2335 2150; x_wconf 90' lang='grc' dir='ltr'><strong>νως</strong></span> <span class='ocrx_word' id='word_1_342' title='bbox 2361 2083 2530 2148; x_wconf 77' lang='grc' dir='ltr'>οὕτως</span> <span class='ocrx_word' id='word_1_343' title='bbox 2559 2086 2914 2156; x_wconf 83' lang='grc' dir='ltr'>ήρμήνευσαν</span> <span class='ocrx_word' id='word_1_344' title='bbox 2934 2101 2947 2114; x_wconf 89' lang='grc'><strong>·</strong></span> <span class='ocrx_word' id='word_1_345' title='bbox 2987 2102 3006 2136; x_wconf 76' lang='grc' dir='ltr'><strong>ι</strong></span> <span class='ocrx_word' id='word_1_346' title='bbox 3040 2083 3150 2136; x_wconf 73' lang='grc' dir='ltr'>Καὶ</span> <span class='ocrx_word' id='word_1_347' title='bbox 3179 2083 3566 2157; x_wconf 85' lang='grc' dir='ltr'>ἀναθεματίσει</span> <span class='ocrx_word' id='word_1_348' title='bbox 3612 2086 3823 2154; x_wconf 88' lang='grc' dir='ltr'>Κύριος</span> 
     </span>
    </p>
   </div>
   <div class='ocr_carea' id='block_1_52' title="bbox 2228 2174 3825 2246">
    <p class='ocr_par' dir='ltr' id='par_1_52' title="bbox 2228 2174 3825 2246">
     <span class='ocr_line' id='line_1_52' title="bbox 2228 2174 3825 2246; baseline 0.002 -18"><span class='ocrx_word' id='word_1_349' title='bbox 2228 2175 2329 2246; x_wconf 82' lang='grc' dir='ltr'><strong>τὴν</strong></span> <span class='ocrx_word' id='word_1_350' title='bbox 2379 2176 2628 2245; x_wconf 90' lang='grc' dir='ltr'>γλῶσσαν</span> <span class='ocrx_word' id='word_1_351' title='bbox 2677 2175 2950 2246; x_wconf 77' lang='grc' dir='ltr'><strong>θαλάσσης</strong></span> <span class='ocrx_word' id='word_1_352' title='bbox 3007 2174 3309 2244; x_wconf 88' lang='grc' dir='ltr'>Αἰγύπτου,</span> <span class='ocrx_word' id='word_1_353' title='bbox 3365 2193 3383 2229; x_wconf 75' lang='grc' dir='ltr'><strong>ι</strong></span> <span class='ocrx_word' id='word_1_354' title='bbox 3430 2177 3495 2229; x_wconf 86' lang='grc' dir='ltr'>Εἰ</span> <span class='ocrx_word' id='word_1_355' title='bbox 3520 2176 3706 2230; x_wconf 82' lang='grc' dir='ltr'>τοίνυν</span> <span class='ocrx_word' id='word_1_356' title='bbox 3751 2177 3825 2231; x_wconf 80' lang='grc' dir='ltr'>τὰ</span> 
     </span>
    </p>
   </div>
   <div class='ocr_carea' id='block_1_53' title="bbox 2230 2267 3822 2341">
    <p class='ocr_par' dir='ltr' id='par_1_53' title="bbox 2230 2267 3822 2341">
     <span class='ocr_line' id='line_1_53' title="bbox 2230 2267 3822 2341; baseline 0.002 -22"><span class='ocrx_word' id='word_1_357' title='bbox 2230 2267 2410 2338; x_wconf 81' lang='grc' dir='ltr'><strong>πλήθη</strong></span> <span class='ocrx_word' id='word_1_358' title='bbox 2441 2269 2539 2337; x_wconf 86' lang='grc' dir='ltr'>τῆς</span> <span class='ocrx_word' id='word_1_359' title='bbox 2582 2269 2782 2331; x_wconf 80' lang='grc' dir='ltr'>κακίας</span> <span class='ocrx_word' id='word_1_360' title='bbox 2809 2268 2903 2321; x_wconf 87' lang='grc' dir='ltr'><strong>τοῦ</strong></span> <span class='ocrx_word' id='word_1_361' title='bbox 2940 2268 3057 2338; x_wconf 87' lang='grc' dir='ltr'>βίου</span> <span class='ocrx_word' id='word_1_362' title='bbox 3108 2268 3352 2341; x_wconf 81' lang='grc' dir='ltr'>θαλάσσῃ</span> <span class='ocrx_word' id='word_1_363' title='bbox 3397 2269 3822 2341; x_wconf 74' lang='grc' dir='ltr'>παρεικάζεται,</span> 
     </span>
    </p>
   </div>
   <div class='ocr_carea' id='block_1_54' title="bbox 2228 2359 3825 2433">
    <p class='ocr_par' dir='ltr' id='par_1_54' title="bbox 2228 2359 3825 2433">
     <span class='ocr_line' id='line_1_54' title="bbox 2228 2359 3825 2433; baseline 0.001 -20"><span class='ocrx_word' id='word_1_364' title='bbox 2228 2360 2330 2430; x_wconf 81' lang='grc' dir='ltr'>ὅρα</span> <span class='ocrx_word' id='word_1_365' title='bbox 2380 2360 2429 2411; x_wconf 89' lang='grc' dir='ltr'>εἰ</span> <span class='ocrx_word' id='word_1_366' title='bbox 2474 2359 2714 2427; x_wconf 85' lang='grc' dir='ltr'>εὐλόγως</span> <span class='ocrx_word' id='word_1_367' title='bbox 2737 2360 2834 2430; x_wconf 78' lang='grc' dir='ltr'>τὴν</span> <span class='ocrx_word' id='word_1_368' title='bbox 2886 2360 2994 2413; x_wconf 88' lang='grc' dir='ltr'><strong>τῶν</strong></span> <span class='ocrx_word' id='word_1_369' title='bbox 3023 2361 3198 2414; x_wconf 85' lang='grc' dir='ltr'>ἀθέων</span> <span class='ocrx_word' id='word_1_370' title='bbox 3228 2361 3320 2414; x_wconf 76' lang='grc' dir='ltr'><strong>καί</strong></span> <span class='ocrx_word' id='word_1_371' title='bbox 3353 2361 3566 2414; x_wconf 76' lang='grc' dir='ltr'>ἀσεϐῶν</span> <span class='ocrx_word' id='word_1_372' title='bbox 3604 2361 3825 2433; x_wconf 85' lang='grc' dir='ltr'>ἀνδρῶν</span> 
     </span>
    </p>
   </div>
   <div class='ocr_carea' id='block_1_55' title="bbox 2227 2451 3820 2527">
    <p class='ocr_par' dir='ltr' id='par_1_55' title="bbox 2227 2451 3820 2527">
     <span class='ocr_line' id='line_1_55' title="bbox 2227 2451 3820 2527; baseline 0.004 -24"><span class='ocrx_word' id='word_1_373' title='bbox 2227 2451 2500 2520; x_wconf 89' lang='grc' dir='ltr'>γλῶσσαν,</span> <span class='ocrx_word' id='word_1_374' title='bbox 2527 2451 2635 2504; x_wconf 87' lang='grc' dir='ltr'><strong>τῶν</strong></span> <span class='ocrx_word' id='word_1_375' title='bbox 2666 2451 2832 2506; x_wconf 82' lang='grc' dir='ltr'>πάλαι</span> <span class='ocrx_word' id='word_1_376' title='bbox 2853 2453 2944 2505; x_wconf 86' lang='grc' dir='ltr'>τὸν</span> <span class='ocrx_word' id='word_1_377' title='bbox 2968 2453 3102 2506; x_wconf 83' lang='grc' dir='ltr'>Θεὸν</span> <span class='ocrx_word' id='word_1_378' title='bbox 3130 2452 3489 2521; x_wconf 90' lang='grc' dir='ltr'>ἀγνοούντων,</span> <span class='ocrx_word' id='word_1_379' title='bbox 3514 2455 3589 2518; x_wconf 86' lang='grc' dir='ltr'>ὡς</span> <span class='ocrx_word' id='word_1_380' title='bbox 3624 2455 3820 2527; x_wconf 73' lang='grc' dir='ltr'>ἐδήλου</span> 
     </span>
    </p>
   </div>
   <div class='ocr_carea' id='block_1_56' title="bbox 2227 2542 3821 2619">
    <p class='ocr_par' dir='ltr' id='par_1_56' title="bbox 2227 2542 3821 2619">
     <span class='ocr_line' id='line_1_56' title="bbox 2227 2542 3821 2619; baseline 0.001 -22"><span class='ocrx_word' id='word_1_381' title='bbox 2227 2545 2400 2612; x_wconf 87' lang='grc' dir='ltr'>λέγων</span> <span class='ocrx_word' id='word_1_382' title='bbox 2431 2545 2460 2595; x_wconf 84' lang='grc' dir='ltr'>ὁ</span> <span class='ocrx_word' id='word_1_383' title='bbox 2509 2543 2730 2615; x_wconf 76' lang='grc' dir='ltr'>Φαραὼ,</span> <span class='ocrx_word' id='word_1_384' title='bbox 2783 2561 2803 2595; x_wconf 77' lang='grc' dir='ltr'><strong>ι</strong></span> <span class='ocrx_word' id='word_1_385' title='bbox 2843 2544 2958 2598; x_wconf 78' lang='grc' dir='ltr'><strong>Οὐκ</strong></span> <span class='ocrx_word' id='word_1_386' title='bbox 3007 2542 3125 2600; x_wconf 74' lang='grc' dir='ltr'>οἶδα</span> <span class='ocrx_word' id='word_1_387' title='bbox 3179 2547 3270 2599; x_wconf 72' lang='grc' dir='ltr'>τὸν</span> <span class='ocrx_word' id='word_1_388' title='bbox 3304 2547 3530 2619; x_wconf 83' lang='grc' dir='ltr'><strong>Κύριον,</strong></span> <span class='ocrx_word' id='word_1_389' title='bbox 3588 2547 3684 2600; x_wconf 78' lang='grc' dir='ltr'><strong>καί</strong></span> <span class='ocrx_word' id='word_1_390' title='bbox 3722 2547 3821 2600; x_wconf 80' lang='grc' dir='ltr'>τὸν</span> 
     </span>
    </p>
   </div>
   <div class='ocr_carea' id='block_1_57' title="bbox 2238 2638 3824 2715">
    <p class='ocr_par' dir='ltr' id='par_1_57' title="bbox 2238 2638 3824 2715">
     <span class='ocr_line' id='line_1_57' title="bbox 2238 2638 3824 2715; baseline 0.003 -24"><span class='ocrx_word' id='word_1_391' title='bbox 2238 2638 2453 2710; x_wconf 83' lang='grc' dir='ltr'>Ἰσραὴλ</span> <span class='ocrx_word' id='word_1_392' title='bbox 2479 2639 2580 2692; x_wconf 82' lang='grc' dir='ltr'><strong>οὐκ</strong></span> <span class='ocrx_word' id='word_1_393' title='bbox 2613 2639 2976 2706; x_wconf 75' lang='grc' dir='ltr'>ἐξαποστελῶ,</span> <span class='ocrx_word' id='word_1_394' title='bbox 3021 2660 3038 2693; x_wconf 80' lang='grc' dir='ltr'><strong>ι</strong></span> <span class='ocrx_word' id='word_1_395' title='bbox 3056 2641 3477 2712; x_wconf 87' lang='grc' dir='ltr'>ἀναθεματίσειν</span> <span class='ocrx_word' id='word_1_396' title='bbox 3500 2642 3592 2696; x_wconf 75' lang='grc' dir='ltr'><strong>τὸν</strong></span> <span class='ocrx_word' id='word_1_397' title='bbox 3610 2641 3824 2715; x_wconf 85' lang='grc' dir='ltr'>Κύριον</span> 
     </span>
    </p>
   </div>
   <div class='ocr_carea' id='block_1_58' title="bbox 2226 2729 3819 2806">
    <p class='ocr_par' dir='ltr' id='par_1_58' title="bbox 2226 2729 3819 2806">
     <span class='ocr_line' id='line_1_58' title="bbox 2226 2729 3819 2806; baseline 0.004 -24"><span class='ocrx_word' id='word_1_398' title='bbox 2226 2729 2446 2797; x_wconf 87' lang='grc' dir='ltr'>λέγεται</span> <span class='ocrx_word' id='word_1_399' title='bbox 2499 2729 2641 2784; x_wconf 90' lang='grc' dir='ltr'><strong>κατά</strong></span> <span class='ocrx_word' id='word_1_400' title='bbox 2687 2732 2816 2795; x_wconf 82' lang='grc' dir='ltr'>τοὺς</span> <span class='ocrx_word' id='word_1_401' title='bbox 2863 2736 3013 2804; x_wconf 79' lang='grc' dir='ltr'>τρεῖς</span> <span class='ocrx_word' id='word_1_402' title='bbox 3055 2735 3426 2805; x_wconf 82' lang='grc' dir='ltr'>έρμηνευτάς·</span> <span class='ocrx_word' id='word_1_403' title='bbox 3482 2735 3569 2788; x_wconf 79' lang='grc' dir='ltr'><strong>ἵνα</strong></span> <span class='ocrx_word' id='word_1_404' title='bbox 3617 2735 3819 2806; x_wconf 83' lang='grc' dir='ltr'>μηκέτι</span> 
     </span>
    </p>
   </div>
   <div class='ocr_carea' id='block_1_59' title="bbox 2224 2820 3823 2897">
    <p class='ocr_par' dir='ltr' id='par_1_59' title="bbox 2224 2820 3823 2897">
     <span class='ocr_line' id='line_1_59' title="bbox 2224 2820 3823 2897; baseline 0.006 -25"><span class='ocrx_word' id='word_1_405' title='bbox 2224 2820 2446 2893; x_wconf 81' lang='grc' dir='ltr'>γλώσσῃ</span> <span class='ocrx_word' id='word_1_406' title='bbox 2469 2823 2536 2892; x_wconf 79' lang='grc' dir='ltr'>τῇ</span> <span class='ocrx_word' id='word_1_407' title='bbox 2559 2821 2835 2894; x_wconf 77' lang='grc' dir='ltr'>Αἰγυπτίᾳ</span> <span class='ocrx_word' id='word_1_408' title='bbox 2852 2821 2950 2894; x_wconf 79' lang='grc' dir='ltr'>τὴν</span> <span class='ocrx_word' id='word_1_409' title='bbox 2974 2823 3341 2894; x_wconf 80' lang='grc' dir='ltr'>δεισιδαίμονα</span> <span class='ocrx_word' id='word_1_410' title='bbox 3370 2824 3577 2896; x_wconf 81' lang='grc' dir='ltr'>πλάνην</span> <span class='ocrx_word' id='word_1_411' title='bbox 3611 2824 3823 2897; x_wconf 80' lang='grc' dir='ltr'>κρατύ-</span> 
     </span>
    </p>
   </div>
   <div class='ocr_carea' id='block_1_60' title="bbox 2225 2910 3822 2988">
    <p class='ocr_par' dir='ltr' id='par_1_60' title="bbox 2225 2910 3822 2988">
     <span class='ocr_line' id='line_1_60' title="bbox 2225 2910 3822 2988; baseline 0.006 -26"><span class='ocrx_word' id='word_1_412' title='bbox 2225 2927 2378 2975; x_wconf 86' lang='grc' dir='ltr'>νωσι,</span> <span class='ocrx_word' id='word_1_413' title='bbox 2397 2910 2608 2980; x_wconf 86' lang='grc' dir='ltr'>μάθωσι</span> <span class='ocrx_word' id='word_1_414' title='bbox 2633 2912 2688 2965; x_wconf 85' lang='grc' dir='ltr'>δὲ</span> <span class='ocrx_word' id='word_1_415' title='bbox 2713 2911 2895 2966; x_wconf 82' lang='grc' dir='ltr'>λαλεῖν</span> <span class='ocrx_word' id='word_1_416' title='bbox 2916 2914 2984 2967; x_wconf 80' lang='grc' dir='ltr'>τὰ</span> <span class='ocrx_word' id='word_1_417' title='bbox 3003 2912 3099 2967; x_wconf 81' lang='grc' dir='ltr'><strong>τοῦ</strong></span> <span class='ocrx_word' id='word_1_418' title='bbox 3119 2914 3253 2968; x_wconf 88' lang='grc' dir='ltr'><strong>Θεοῦ</strong></span> <span class='ocrx_word' id='word_1_419' title='bbox 3283 2915 3462 2985; x_wconf 87' lang='grc' dir='ltr'>λόγια,</span> <span class='ocrx_word' id='word_1_420' title='bbox 3479 2918 3571 2970; x_wconf 83' lang='grc' dir='ltr'><strong>καί</strong></span> <span class='ocrx_word' id='word_1_421' title='bbox 3593 2916 3822 2988; x_wconf 82' lang='grc' dir='ltr'><strong>ὀμνύειν</strong></span> 
     </span>
    </p>
   </div>
   <div class='ocr_carea' id='block_1_61' title="bbox 2226 3003 3821 3081">
    <p class='ocr_par' dir='ltr' id='par_1_61' title="bbox 2226 3003 3821 3081">
     <span class='ocr_line' id='line_1_61' title="bbox 2226 3003 3821 3081; baseline 0.004 -24"><span class='ocrx_word' id='word_1_422' title='bbox 2226 3005 2283 3057; x_wconf 82' lang='grc' dir='ltr'>ὲν</span> <span class='ocrx_word' id='word_1_423' title='bbox 2316 3003 2394 3072; x_wconf 83' lang='grc' dir='ltr'><strong>τῷ</strong></span> <span class='ocrx_word' id='word_1_424' title='bbox 2419 3004 2640 3075; x_wconf 83' lang='grc' dir='ltr'>ὀνόματι</span> <span class='ocrx_word' id='word_1_425' title='bbox 2668 3006 2886 3077; x_wconf 78' lang='grc' dir='ltr'>Κυρίου</span> <span class='ocrx_word' id='word_1_426' title='bbox 2918 3005 3144 3060; x_wconf 76' lang='grc' dir='ltr'>Σαϐαὼθ</span> <span class='ocrx_word' id='word_1_427' title='bbox 3167 3024 3181 3038; x_wconf 75' lang='grc' dir='ltr'><strong>ο</strong></span> <span class='ocrx_word' id='word_1_428' title='bbox 3216 3007 3247 3061; x_wconf 81' lang='grc' dir='ltr'><strong>δ</strong></span> <span class='ocrx_word' id='word_1_429' title='bbox 3276 3007 3340 3080; x_wconf 79' lang='grc' dir='ltr'>δὴ</span> <span class='ocrx_word' id='word_1_430' title='bbox 3367 3009 3572 3081; x_wconf 83' lang='grc' dir='ltr'>προῖὼν</span> <span class='ocrx_word' id='word_1_431' title='bbox 3603 3012 3632 3063; x_wconf 89' lang='grc' dir='ltr'><strong>ό</strong></span> <span class='ocrx_word' id='word_1_432' title='bbox 3658 3009 3821 3079; x_wconf 82' lang='grc' dir='ltr'>λόγος</span> 
     </span>
    </p>
   </div>
   <div class='ocr_carea' id='block_1_62' title="bbox 2226 3093 3822 3172">
    <p class='ocr_par' dir='ltr' id='par_1_62' title="bbox 2226 3093 3822 3172">
     <span class='ocr_line' id='line_1_62' title="bbox 2226 3093 3822 3172; baseline 0.006 -26"><span class='ocrx_word' id='word_1_433' title='bbox 2226 3093 2444 3148; x_wconf 74' lang='grc' dir='ltr'>ἔσεσθαι</span> <span class='ocrx_word' id='word_1_434' title='bbox 2467 3095 2732 3160; x_wconf 77' lang='grc' dir='ltr'>θεσπίζει.</span> <span class='ocrx_word' id='word_1_435' title='bbox 2764 3096 2921 3151; x_wconf 79' lang='grc' dir='ltr'>Οὕτω</span> <span class='ocrx_word' id='word_1_436' title='bbox 2950 3098 3007 3150; x_wconf 85' lang='grc' dir='ltr'>δὲ</span> <span class='ocrx_word' id='word_1_437' title='bbox 3034 3099 3528 3172; x_wconf 84' lang='grc' dir='ltr'>ἀνατεθεμάτισται</span> <span class='ocrx_word' id='word_1_438' title='bbox 3565 3102 3668 3172; x_wconf 84' lang='grc' dir='ltr'>τῆς</span> <span class='ocrx_word' id='word_1_439' title='bbox 3719 3105 3822 3155; x_wconf 85' lang='grc' dir='ltr'>Αἰ-</span> 
     </span>
    </p>
   </div>
   <div class='ocr_carea' id='block_1_63' title="bbox 553 3186 2123 3268">
    <p class='ocr_par' dir='ltr' id='par_1_63' title="bbox 553 3195 2123 3267">
     <span class='ocr_line' id='line_1_63' title="bbox 553 3195 2123 3267; baseline 0.008 -23"><span class='ocrx_word' id='word_1_440' title='bbox 553 3207 691 3259; x_wconf 84' lang='lat' dir='ltr'><strong>qnas</strong></span> <span class='ocrx_word' id='word_1_441' title='bbox 745 3195 1204 3265; x_wconf 71' lang='lat' dir='ltr'><strong>praestigiatorum</strong></span> <span class='ocrx_word' id='word_1_442' title='bbox 1259 3211 1423 3264; x_wconf 84' lang='lat' dir='ltr'><strong>opera</strong></span> <span class='ocrx_word' id='word_1_443' title='bbox 1477 3198 1844 3259; x_wconf 86' lang='lat' dir='ltr'><strong>exercebant.</strong></span> <span class='ocrx_word' id='word_1_444' title='bbox 1903 3215 2123 3267; x_wconf 85' lang='lat' dir='ltr'><strong>prorsus</strong></span> 
     </span>
    </p>
   </div>
   <div class='ocr_carea' id='block_1_64' title="bbox 2226 3186 3820 3268">
    <p class='ocr_par' dir='ltr' id='par_1_64' title="bbox 2228 3186 3820 3268">
     <span class='ocr_line' id='line_1_64' title="bbox 2228 3186 3820 3268; baseline 0.005 -31"><span class='ocrx_word' id='word_1_445' title='bbox 2228 3186 2494 3268; x_wconf 57' lang='grc' dir='ltr'>γυπτίας.</span> <span class='ocrx_word' id='word_1_446' title='bbox 2517 3186 2792 3258; x_wconf 85' lang='grc' dir='ltr'>Θαλάσσης</span> <span class='ocrx_word' id='word_1_447' title='bbox 2831 3190 2863 3259; x_wconf 85' lang='grc' dir='ltr'><strong>ή</strong></span> <span class='ocrx_word' id='word_1_448' title='bbox 2899 3188 3140 3256; x_wconf 89' lang='grc' dir='ltr'>γλῶσσα,</span> <span class='ocrx_word' id='word_1_449' title='bbox 3171 3191 3247 3253; x_wconf 90' lang='grc' dir='ltr'>ὼς</span> <span class='ocrx_word' id='word_1_450' title='bbox 3288 3190 3668 3261; x_wconf 80' lang='grc' dir='ltr'>ἀποσιωπῆσαι</span> <span class='ocrx_word' id='word_1_451' title='bbox 3702 3193 3820 3246; x_wconf 81' lang='grc' dir='ltr'><strong>τῶν</strong></span> 
     </span>
    </p>
   </div>
   <div class='ocr_carea' id='block_1_65' title="bbox 551 3287 2121 3359">
    <p class='ocr_par' dir='ltr' id='par_1_65' title="bbox 551 3287 2121 3359">
     <span class='ocr_line' id='line_1_65' title="bbox 551 3287 2121 3359; baseline 0.008 -25"><span class='ocrx_word' id='word_1_452' title='bbox 551 3293 832 3338; x_wconf 75' lang='lat' dir='ltr'><strong>cessarent</strong></span> <span class='ocrx_word' id='word_1_453' title='bbox 860 3303 875 3338; x_wconf 87' lang='lat'><strong>:</strong></span> <span class='ocrx_word' id='word_1_454' title='bbox 903 3301 1024 3354; x_wconf 67' lang='lat' dir='ltr'><strong>qum</strong></span> <span class='ocrx_word' id='word_1_455' title='bbox 1054 3288 1232 3340; x_wconf 90' lang='lat' dir='ltr'><strong>omnia</strong></span> <span class='ocrx_word' id='word_1_456' title='bbox 1266 3287 1482 3355; x_wconf 89' lang='lat' dir='ltr'><strong>impleta</strong></span> <span class='ocrx_word' id='word_1_457' title='bbox 1533 3300 1658 3345; x_wconf 89' lang='lat' dir='ltr'><strong>sunt</strong></span> <span class='ocrx_word' id='word_1_458' title='bbox 1691 3301 1810 3359; x_wconf 88' lang='lat' dir='ltr'><strong>post</strong></span> <span class='ocrx_word' id='word_1_459' title='bbox 1859 3295 2121 3359; x_wconf 60' lang='lat' dir='ltr'><strong>praedica-</strong></span> 
     </span>
    </p>
   </div>
   <div class='ocr_carea' id='block_1_66' title="bbox 550 3374 2123 3451">
    <p class='ocr_par' dir='ltr' id='par_1_66' title="bbox 550 3374 2123 3451">
     <span class='ocr_line' id='line_1_66' title="bbox 550 3374 2123 3451; baseline 0.009 -24"><span class='ocrx_word' id='word_1_460' title='bbox 550 3374 750 3429; x_wconf 88' lang='lat' dir='ltr'><strong>tionem</strong></span> <span class='ocrx_word' id='word_1_461' title='bbox 800 3375 1168 3447; x_wconf 80' lang='lat' dir='ltr'><strong>evangelicam</strong></span> <span class='ocrx_word' id='word_1_462' title='bbox 1226 3377 1495 3451; x_wconf 66' lang='lat' dir='ltr'><strong>Egyptiis</strong></span> <span class='ocrx_word' id='word_1_463' title='bbox 1542 3381 1763 3440; x_wconf 78' lang='lat' dir='ltr'><strong>factam.</strong></span> <span class='ocrx_word' id='word_1_464' title='bbox 1818 3385 1944 3440; x_wconf 91' lang='lat' dir='ltr'><strong>Inde</strong></span> <span class='ocrx_word' id='word_1_465' title='bbox 1993 3401 2123 3441; x_wconf 88' lang='lat' dir='ltr'><strong>vero</strong></span> 
     </span>
    </p>
   </div>
   <div class='ocr_carea' id='block_1_67' title="bbox 547 3468 2121 3548">
    <p class='ocr_par' dir='ltr' id='par_1_67' title="bbox 547 3468 2121 3548">
     <span class='ocr_line' id='line_1_67' title="bbox 547 3468 2121 3548; baseline 0.006 -26"><span class='ocrx_word' id='word_1_466' title='bbox 547 3468 710 3522; x_wconf 84' lang='lat' dir='ltr'><strong>etiam</strong></span> <span class='ocrx_word' id='word_1_467' title='bbox 762 3485 928 3536; x_wconf 88' lang='lat' dir='ltr'><strong>penes</strong></span> <span class='ocrx_word' id='word_1_468' title='bbox 963 3484 1061 3524; x_wconf 91' lang='lat' dir='ltr'><strong>nos</strong></span> <span class='ocrx_word' id='word_1_469' title='bbox 1112 3480 1222 3526; x_wconf 92' lang='lat' dir='ltr'><strong>tota</strong></span> <span class='ocrx_word' id='word_1_470' title='bbox 1278 3488 1486 3536; x_wconf 87' lang='lat' dir='ltr'><strong>eorum,</strong></span> <span class='ocrx_word' id='word_1_471' title='bbox 1534 3475 1625 3543; x_wconf 89' lang='lat' dir='ltr'><strong>qui</strong></span> <span class='ocrx_word' id='word_1_472' title='bbox 1659 3475 1800 3545; x_wconf 87' lang='lat' dir='ltr'><strong>apud</strong></span> <span class='ocrx_word' id='word_1_473' title='bbox 1837 3476 2121 3548; x_wconf 70' lang='lat' dir='ltr'><strong>Egyptios</strong></span> 
     </span>
    </p>
   </div>
   <div class='ocr_carea' id='block_1_68' title="bbox 547 3560 2118 3642">
    <p class='ocr_par' dir='ltr' id='par_1_68' title="bbox 547 3560 2118 3642">
     <span class='ocr_line' id='line_1_68' title="bbox 547 3560 2118 3642; baseline 0.011 -31"><span class='ocrx_word' id='word_1_474' title='bbox 547 3560 620 3613; x_wconf 90' lang='lat' dir='ltr'><strong>dii</strong></span> <span class='ocrx_word' id='word_1_475' title='bbox 675 3562 1146 3630; x_wconf 80' lang='lat' dir='ltr'><strong>existimabantur,</strong></span> <span class='ocrx_word' id='word_1_476' title='bbox 1197 3567 1467 3621; x_wconf 84' lang='lat' dir='ltr'><strong>exstincta</strong></span> <span class='ocrx_word' id='word_1_477' title='bbox 1532 3568 1708 3624; x_wconf 84' lang='lat' dir='ltr'><strong>virtus</strong></span> <span class='ocrx_word' id='word_1_478' title='bbox 1769 3579 1905 3626; x_wconf 87' lang='lat' dir='ltr'><strong>est:</strong></span> <span class='ocrx_word' id='word_1_479' title='bbox 1954 3583 2118 3642; x_wconf 88' lang='lat' dir='ltr'><strong>atque</strong></span> 
     </span>
    </p>
   </div>
   <div class='ocr_carea' id='block_1_69' title="bbox 547 3652 2116 3731">
    <p class='ocr_par' dir='ltr' id='par_1_69' title="bbox 547 3652 2116 3731">
     <span class='ocr_line' id='line_1_69' title="bbox 547 3652 2116 3731; baseline 0.01 -28"><span class='ocrx_word' id='word_1_480' title='bbox 547 3652 787 3706; x_wconf 89' lang='lat' dir='ltr'><strong>omnium</strong></span> <span class='ocrx_word' id='word_1_481' title='bbox 822 3652 1187 3722; x_wconf 89' lang='lat' dir='ltr'><strong>improborum</strong></span> <span class='ocrx_word' id='word_1_482' title='bbox 1226 3665 1282 3712; x_wconf 89' lang='lat' dir='ltr'><strong>et</strong></span> <span class='ocrx_word' id='word_1_483' title='bbox 1314 3659 1628 3722; x_wconf 83' lang='lat' dir='ltr'><strong>atheorum,</strong></span> <span class='ocrx_word' id='word_1_484' title='bbox 1672 3662 1764 3729; x_wconf 90' lang='lat' dir='ltr'><strong>qui</strong></span> <span class='ocrx_word' id='word_1_485' title='bbox 1812 3678 1908 3731; x_wconf 89' lang='lat' dir='ltr'><strong>per</strong></span> <span class='ocrx_word' id='word_1_486' title='bbox 1948 3674 2116 3719; x_wconf 89' lang='lat' dir='ltr'><strong>totum</strong></span> 
     </span>
    </p>
   </div>
   <div class='ocr_carea' id='block_1_70' title="bbox 547 3743 2117 3816">
    <p class='ocr_par' dir='ltr' id='par_1_70' title="bbox 547 3743 2117 3816">
     <span class='ocr_line' id='line_1_70' title="bbox 547 3743 2117 3816; baseline 0.01 -20"><span class='ocrx_word' id='word_1_487' title='bbox 547 3744 734 3798; x_wconf 89' lang='lat' dir='ltr'><strong>orbem</strong></span> <span class='ocrx_word' id='word_1_488' title='bbox 793 3743 1113 3816; x_wconf 66' lang='lat' dir='ltr'><strong>Egyptiaco</strong></span> <span class='ocrx_word' id='word_1_489' title='bbox 1193 3748 1425 3804; x_wconf 88' lang='lat' dir='ltr'><strong>similem</strong></span> <span class='ocrx_word' id='word_1_490' title='bbox 1512 3752 1832 3810; x_wconf 69' lang='lat' dir='ltr'><strong>idololatriae</strong></span> <span class='ocrx_word' id='word_1_491' title='bbox 1912 3772 2117 3812; x_wconf 89' lang='lat' dir='ltr'><strong>morem</strong></span> 
     </span>
    </p>
   </div>
   <div class='ocr_carea' id='block_1_71' title="bbox 550 3837 2120 3905">
    <p class='ocr_par' dir='ltr' id='par_1_71' title="bbox 550 3837 2120 3905">
     <span class='ocr_line' id='line_1_71' title="bbox 550 3837 2120 3905; baseline 0.01 -16"><span class='ocrx_word' id='word_1_492' title='bbox 550 3837 928 3904; x_wconf 74' lang='lat' dir='ltr'><strong>sectabantur,</strong></span> <span class='ocrx_word' id='word_1_493' title='bbox 995 3839 1124 3893; x_wconf 90' lang='lat' dir='ltr'><strong>illud</strong></span> <span class='ocrx_word' id='word_1_494' title='bbox 1196 3841 1324 3895; x_wconf 90' lang='lat' dir='ltr'><strong>olim</strong></span> <span class='ocrx_word' id='word_1_495' title='bbox 1396 3845 1677 3900; x_wconf 77' lang='lat' dir='ltr'><strong>exundans</strong></span> <span class='ocrx_word' id='word_1_496' title='bbox 1741 3857 1798 3902; x_wconf 89' lang='lat' dir='ltr'><strong>et</strong></span> <span class='ocrx_word' id='word_1_497' title='bbox 1865 3848 2120 3905; x_wconf 81' lang='lat' dir='ltr'><strong>ﬂuctibus</strong></span> 
     </span>
    </p>
   </div>
   <div class='ocr_carea' id='block_1_72' title="bbox 552 3929 2116 4006">
    <p class='ocr_par' dir='ltr' id='par_1_72' title="bbox 552 3929 2116 4006">
     <span class='ocr_line' id='line_1_72' title="bbox 552 3929 2116 4006; baseline 0.008 -26"><span class='ocrx_word' id='word_1_498' title='bbox 552 3929 814 3995; x_wconf 67' lang='lat' dir='ltr'><strong>agitatum</strong></span> <span class='ocrx_word' id='word_1_499' title='bbox 879 3944 1064 3996; x_wconf 85' lang='lat' dir='ltr'><strong>mare,</strong></span> <span class='ocrx_word' id='word_1_500' title='bbox 1124 3940 1422 3990; x_wconf 82' lang='lat' dir='ltr'><strong>extremam</strong></span> <span class='ocrx_word' id='word_1_501' title='bbox 1483 3950 1702 4006; x_wconf 86' lang='lat' dir='ltr'><strong>passum</strong></span> <span class='ocrx_word' id='word_1_502' title='bbox 1756 3945 1841 3992; x_wconf 87' lang='lat' dir='ltr'><strong>est</strong></span> <span class='ocrx_word' id='word_1_503' title='bbox 1891 3939 2116 3993; x_wconf 85' lang='lat' dir='ltr'><strong>vastita-</strong></span> 
     </span>
    </p>
   </div>
   <div class='ocr_carea' id='block_1_73' title="bbox 551 4028 679 4079">
    <p class='ocr_par' dir='ltr' id='par_1_73' title="bbox 551 4028 679 4079">
     <span class='ocr_line' id='line_1_73' title="bbox 551 4028 679 4079; baseline 0.016 -5"><span class='ocrx_word' id='word_1_504' title='bbox 551 4028 679 4079; x_wconf 80' lang='lat' dir='ltr'><strong>tem.</strong></span> 
     </span>
    </p>
   </div>
   <div class='ocr_carea' id='block_1_74' title="bbox 626 4301 2115 4379">
    <p class='ocr_par' dir='ltr' id='par_1_74' title="bbox 626 4301 2115 4379">
     <span class='ocr_line' id='line_1_74' title="bbox 626 4301 2115 4379; baseline 0.007 -25"><span class='ocrx_word' id='word_1_505' title='bbox 626 4319 646 4354; x_wconf 81' lang='grc' dir='ltr'><strong>ι</strong></span> <span class='ocrx_word' id='word_1_506' title='bbox 673 4301 736 4357; x_wconf 85' lang='grc' dir='ltr'><strong>Ει</strong></span> <span class='ocrx_word' id='word_1_507' title='bbox 773 4303 982 4373; x_wconf 83' lang='lat' dir='ltr'><strong>lnjiclet</strong></span> <span class='ocrx_word' id='word_1_508' title='bbox 1029 4321 1248 4360; x_wconf 70' lang='lat' dir='ltr'><strong>manum</strong></span> <span class='ocrx_word' id='word_1_509' title='bbox 1294 4321 1445 4362; x_wconf 90' lang='lat' dir='ltr'><strong>suam</strong></span> <span class='ocrx_word' id='word_1_510' title='bbox 1494 4309 1546 4361; x_wconf 92' lang='lat' dir='ltr'><strong>in</strong></span> <span class='ocrx_word' id='word_1_511' title='bbox 1592 4308 1789 4364; x_wconf 87' lang='lat' dir='ltr'><strong>ﬂumen</strong></span> <span class='ocrx_word' id='word_1_512' title='bbox 1827 4311 1880 4364; x_wconf 92' lang='lat' dir='ltr'><strong>in</strong></span> <span class='ocrx_word' id='word_1_513' title='bbox 1921 4311 2115 4379; x_wconf 90' lang='lat' dir='ltr'><strong>spiritu</strong></span> 
     </span>
    </p>
   </div>
   <div class='ocr_carea' id='block_1_75' title="bbox 545 4396 2118 4470">
    <p class='ocr_par' dir='ltr' id='par_1_75' title="bbox 545 4396 2118 4470">
     <span class='ocr_line' id='line_1_75' title="bbox 545 4396 2118 4470; baseline 0.01 -26"><span class='ocrx_word' id='word_1_514' title='bbox 545 4396 884 4458; x_wconf 75' lang='lat' dir='ltr'><strong>vehementi,</strong></span> <span class='ocrx_word' id='word_1_515' title='bbox 939 4405 994 4452; x_wconf 88' lang='lat' dir='ltr'><strong>et</strong></span> <span class='ocrx_word' id='word_1_516' title='bbox 1049 4401 1318 4467; x_wconf 86' lang='lat' dir='ltr'><strong>percutiet</strong></span> <span class='ocrx_word' id='word_1_517' title='bbox 1373 4411 1577 4470; x_wconf 82' lang='lat' dir='ltr'><strong>septem</strong></span> <span class='ocrx_word' id='word_1_518' title='bbox 1636 4403 1875 4464; x_wconf 78' lang='lat' dir='ltr'><strong>canales.</strong></span> <span class='ocrx_word' id='word_1_519' title='bbox 1925 4405 2000 4458; x_wconf 89' lang='lat' dir='ltr'><strong>ita</strong></span> <span class='ocrx_word' id='word_1_520' title='bbox 2059 4417 2118 4460; x_wconf 93' lang='lat' dir='ltr'><strong>ut</strong></span> 
     </span>
    </p>
   </div>
   <div class='ocr_carea' id='block_1_76' title="bbox 548 4487 2115 4559">
    <p class='ocr_par' dir='ltr' id='par_1_76' title="bbox 548 4487 2115 4559">
     <span class='ocr_line' id='line_1_76' title="bbox 548 4487 2115 4559; baseline 0.007 -21"><span class='ocrx_word' id='word_1_521' title='bbox 548 4496 824 4540; x_wconf 89' lang='lat' dir='ltr'><strong>transeant</strong></span> <span class='ocrx_word' id='word_1_522' title='bbox 851 4501 946 4556; x_wconf 90' lang='lat' dir='ltr'><strong>per</strong></span> <span class='ocrx_word' id='word_1_523' title='bbox 977 4487 1104 4542; x_wconf 90' lang='lat' dir='ltr'><strong>illud</strong></span> <span class='ocrx_word' id='word_1_524' title='bbox 1134 4489 1413 4545; x_wconf 66' lang='lat' dir='ltr'><strong>calceati.»</strong></span> <span class='ocrx_word' id='word_1_525' title='bbox 1449 4491 1710 4559; x_wconf 87' lang='lat' dir='ltr'><strong>Spiritum</strong></span> <span class='ocrx_word' id='word_1_526' title='bbox 1742 4494 2115 4549; x_wconf 80' lang='lat' dir='ltr'><strong>vehementem</strong></span> 
     </span>
    </p>
   </div>
   <div class='ocr_carea' id='block_1_77' title="bbox 2227 3278 3816 3353">
    <p class='ocr_par' dir='ltr' id='par_1_77' title="bbox 2227 3278 3816 3353">
     <span class='ocr_line' id='line_1_77' title="bbox 2227 3278 3816 3353; baseline 0.005 -24"><span class='ocrx_word' id='word_1_527' title='bbox 2227 3280 2358 3348; x_wconf 74' lang='grc' dir='ltr'>παρ’</span> <span class='ocrx_word' id='word_1_528' title='bbox 2389 3278 2562 3347; x_wconf 79' lang='grc' dir='ltr'>αὐτῆς</span> <span class='ocrx_word' id='word_1_529' title='bbox 2591 3278 2759 3334; x_wconf 87' lang='grc' dir='ltr'>πάλαι</span> <span class='ocrx_word' id='word_1_530' title='bbox 2792 3279 3117 3351; x_wconf 82' lang='grc' dir='ltr'>τιμωμένων</span> <span class='ocrx_word' id='word_1_531' title='bbox 3150 3282 3402 3353; x_wconf 85' lang='grc' dir='ltr'>πονηρῶν</span> <span class='ocrx_word' id='word_1_532' title='bbox 3439 3282 3710 3352; x_wconf 84' lang='grc' dir='ltr'>δαιμόνων</span> <span class='ocrx_word' id='word_1_533' title='bbox 3741 3283 3816 3337; x_wconf 83' lang='grc' dir='ltr'>τὰ</span> 
     </span>
    </p>
   </div>
   <div class='ocr_carea' id='block_1_78' title="bbox 2222 3370 3817 3442">
    <p class='ocr_par' dir='ltr' id='par_1_78' title="bbox 2222 3370 3817 3442">
     <span class='ocr_line' id='line_1_78' title="bbox 2222 3370 3817 3442; baseline 0.004 -21"><span class='ocrx_word' id='word_1_534' title='bbox 2222 3372 2530 3442; x_wconf 81' lang='grc' dir='ltr'>χρηστήρια</span> <span class='ocrx_word' id='word_1_535' title='bbox 2574 3371 2668 3424; x_wconf 72' lang='grc' dir='ltr'>καὶ</span> <span class='ocrx_word' id='word_1_536' title='bbox 2714 3370 2784 3424; x_wconf 85' lang='grc' dir='ltr'><strong>τά</strong></span> <span class='ocrx_word' id='word_1_537' title='bbox 2832 3374 3099 3442; x_wconf 75' lang='grc' dir='ltr'>μαντεῖαο</span> <span class='ocrx_word' id='word_1_538' title='bbox 3135 3373 3385 3427; x_wconf 75' lang='grc' dir='ltr'>λελύσθαι</span> <span class='ocrx_word' id='word_1_539' title='bbox 3421 3374 3476 3427; x_wconf 85' lang='grc' dir='ltr'>δὲ</span> <span class='ocrx_word' id='word_1_540' title='bbox 3498 3374 3677 3427; x_wconf 80' lang='grc' dir='ltr'>αὐτῶν</span> <span class='ocrx_word' id='word_1_541' title='bbox 3716 3375 3817 3428; x_wconf 78' lang='grc' dir='ltr'>καὶ</span> 
     </span>
    </p>
   </div>
   <div class='ocr_carea' id='block_1_79' title="bbox 2221 3461 3814 3540">
    <p class='ocr_par' dir='ltr' id='par_1_79' title="bbox 2221 3461 3814 3540">
     <span class='ocr_line' id='line_1_79' title="bbox 2221 3461 3814 3540; baseline 0.003 -25"><span class='ocrx_word' id='word_1_542' title='bbox 2221 3461 2321 3525; x_wconf 80' lang='grc' dir='ltr'>τὰς</span> <span class='ocrx_word' id='word_1_543' title='bbox 2347 3461 2412 3514; x_wconf 85' lang='grc' dir='ltr'><strong>δι’</strong></span> <span class='ocrx_word' id='word_1_544' title='bbox 2439 3463 2647 3536; x_wconf 88' lang='grc' dir='ltr'>ἀνδρῶν</span> <span class='ocrx_word' id='word_1_545' title='bbox 2672 3463 2886 3534; x_wconf 85' lang='grc' dir='ltr'>γοήτων</span> <span class='ocrx_word' id='word_1_546' title='bbox 2916 3465 3276 3535; x_wconf 88' lang='grc' dir='ltr'>κακοτεχνίας</span> <span class='ocrx_word' id='word_1_547' title='bbox 3296 3484 3308 3498; x_wconf 86' lang='grc'><strong>·</strong></span> <span class='ocrx_word' id='word_1_548' title='bbox 3342 3466 3378 3520; x_wconf 78' lang='grc' dir='ltr'>ἃ</span> <span class='ocrx_word' id='word_1_549' title='bbox 3419 3467 3482 3540; x_wconf 84' lang='grc' dir='ltr'><strong>δή</strong></span> <span class='ocrx_word' id='word_1_550' title='bbox 3514 3467 3691 3522; x_wconf 89' lang='grc' dir='ltr'>πάντα</span> <span class='ocrx_word' id='word_1_551' title='bbox 3740 3468 3814 3521; x_wconf 82' lang='grc' dir='ltr'>δι’</span> 
     </span>
    </p>
   </div>
   <div class='ocr_carea' id='block_1_80' title="bbox 2221 3555 3816 3630">
    <p class='ocr_par' dir='ltr' id='par_1_80' title="bbox 2221 3555 3816 3630">
     <span class='ocr_line' id='line_1_80' title="bbox 2221 3555 3816 3630; baseline 0.004 -23"><span class='ocrx_word' id='word_1_552' title='bbox 2221 3556 2399 3625; x_wconf 78' lang='grc' dir='ltr'>ἔργων</span> <span class='ocrx_word' id='word_1_553' title='bbox 2447 3556 2748 3628; x_wconf 77' lang='grc' dir='ltr'>ἐπληροῦτο</span> <span class='ocrx_word' id='word_1_554' title='bbox 2783 3555 2923 3626; x_wconf 90' lang='grc' dir='ltr'><strong>μετά</strong></span> <span class='ocrx_word' id='word_1_555' title='bbox 2949 3557 3011 3610; x_wconf 87' lang='grc' dir='ltr'>τὸ</span> <span class='ocrx_word' id='word_1_556' title='bbox 3047 3559 3308 3630; x_wconf 88' lang='grc' dir='ltr'>κήρυγμα</span> <span class='ocrx_word' id='word_1_557' title='bbox 3348 3559 3410 3612; x_wconf 85' lang='grc' dir='ltr'><strong>τὺ</strong></span> <span class='ocrx_word' id='word_1_558' title='bbox 3451 3559 3816 3629; x_wconf 84' lang='grc' dir='ltr'>εύαγγελικὺν</span> 
     </span>
    </p>
   </div>
   <div class='ocr_carea' id='block_1_81' title="bbox 2219 3647 3816 3723">
    <p class='ocr_par' dir='ltr' id='par_1_81' title="bbox 2219 3647 3816 3723">
     <span class='ocr_line' id='line_1_81' title="bbox 2219 3647 3816 3723; baseline 0.004 -23"><span class='ocrx_word' id='word_1_559' title='bbox 2219 3647 2280 3700; x_wconf 86' lang='grc' dir='ltr'>τὸ</span> <span class='ocrx_word' id='word_1_560' title='bbox 2304 3648 2572 3719; x_wconf 86' lang='grc' dir='ltr'>κηρυχθὲν</span> <span class='ocrx_word' id='word_1_561' title='bbox 2598 3649 2933 3717; x_wconf 86' lang='grc' dir='ltr'>Αἰγυπτίοις.</span> <span class='ocrx_word' id='word_1_562' title='bbox 2971 3649 3062 3714; x_wconf 80' lang='grc' dir='ltr'>Ἐξ</span> <span class='ocrx_word' id='word_1_563' title='bbox 3087 3651 3310 3705; x_wconf 77' lang='grc' dir='ltr'>ἐκείνων</span> <span class='ocrx_word' id='word_1_564' title='bbox 3336 3651 3391 3704; x_wconf 84' lang='grc' dir='ltr'>δὲ</span> <span class='ocrx_word' id='word_1_565' title='bbox 3417 3651 3510 3705; x_wconf 72' lang='grc' dir='ltr'><strong>καὶ</strong></span> <span class='ocrx_word' id='word_1_566' title='bbox 3539 3655 3618 3716; x_wconf 89' lang='grc' dir='ltr'><strong>εἰς</strong></span> <span class='ocrx_word' id='word_1_567' title='bbox 3657 3655 3816 3723; x_wconf 79' lang='grc' dir='ltr'>ἡμᾶς</span> 
     </span>
    </p>
   </div>
   <div class='ocr_carea' id='block_1_82' title="bbox 2221 3739 3814 3814">
    <p class='ocr_par' dir='ltr' id='par_1_82' title="bbox 2221 3739 3814 3814">
     <span class='ocr_line' id='line_1_82' title="bbox 2221 3739 3814 3814; baseline 0.003 -23"><span class='ocrx_word' id='word_1_568' title='bbox 2221 3739 2416 3803; x_wconf 83' lang='grc' dir='ltr'>αὐτοὺς</span> <span class='ocrx_word' id='word_1_569' title='bbox 2462 3739 2569 3793; x_wconf 87' lang='grc' dir='ltr'><strong>τῶν</strong></span> <span class='ocrx_word' id='word_1_570' title='bbox 2602 3741 2729 3811; x_wconf 84' lang='grc' dir='ltr'>παρ’</span> <span class='ocrx_word' id='word_1_571' title='bbox 2780 3741 3099 3810; x_wconf 86' lang='grc' dir='ltr'>Αἰγυπτίοις</span> <span class='ocrx_word' id='word_1_572' title='bbox 3146 3742 3552 3813; x_wconf 79' lang='grc' dir='ltr'>νενομισμένων</span> <span class='ocrx_word' id='word_1_573' title='bbox 3598 3741 3738 3796; x_wconf 81' lang='grc' dir='ltr'>θεῶν</span> <span class='ocrx_word' id='word_1_574' title='bbox 3774 3744 3814 3814; x_wconf 75' lang='grc' dir='ltr'>ἡ</span> 
     </span>
    </p>
   </div>
   <div class='ocr_carea' id='block_1_83' title="bbox 2221 3833 3809 3904">
    <p class='ocr_par' dir='ltr' id='par_1_83' title="bbox 2221 3833 3809 3904">
     <span class='ocr_line' id='line_1_83' title="bbox 2221 3833 3809 3904; baseline 0.004 -20"><span class='ocrx_word' id='word_1_575' title='bbox 2221 3834 2370 3886; x_wconf 79' lang='grc' dir='ltr'>πᾶσα</span> <span class='ocrx_word' id='word_1_576' title='bbox 2401 3833 2628 3904; x_wconf 88' lang='grc' dir='ltr'>δύναμις</span> <span class='ocrx_word' id='word_1_577' title='bbox 2659 3833 2893 3903; x_wconf 77' lang='grc' dir='ltr'>ἀπέσϐη,</span> <span class='ocrx_word' id='word_1_578' title='bbox 2926 3834 3020 3886; x_wconf 74' lang='grc' dir='ltr'>καὶ</span> <span class='ocrx_word' id='word_1_579' title='bbox 3044 3833 3261 3888; x_wconf 87' lang='grc' dir='ltr'>πάντων</span> <span class='ocrx_word' id='word_1_580' title='bbox 3293 3835 3350 3888; x_wconf 88' lang='grc' dir='ltr'>δὲ</span> <span class='ocrx_word' id='word_1_581' title='bbox 3371 3835 3478 3889; x_wconf 91' lang='grc' dir='ltr'><strong>τῶν</strong></span> <span class='ocrx_word' id='word_1_582' title='bbox 3498 3835 3672 3889; x_wconf 87' lang='grc' dir='ltr'>ἀθέων</span> <span class='ocrx_word' id='word_1_583' title='bbox 3705 3836 3809 3890; x_wconf 75' lang='grc' dir='ltr'>καὶ</span> 
     </span>
    </p>
   </div>
   <div class='ocr_carea' id='block_1_84' title="bbox 2220 3925 3814 3999">
    <p class='ocr_par' dir='ltr' id='par_1_84' title="bbox 2220 3925 3814 3999">
     <span class='ocr_line' id='line_1_84' title="bbox 2220 3925 3814 3999; baseline 0.003 -22"><span class='ocrx_word' id='word_1_584' title='bbox 2220 3925 2496 3978; x_wconf 79' lang='grc' dir='ltr'>δυσσεϐῶν</span> <span class='ocrx_word' id='word_1_585' title='bbox 2541 3925 2750 3997; x_wconf 89' lang='grc' dir='ltr'>ἀνδρῶν</span> <span class='ocrx_word' id='word_1_586' title='bbox 2780 3925 2890 3980; x_wconf 88' lang='grc' dir='ltr'><strong>τῶν</strong></span> <span class='ocrx_word' id='word_1_587' title='bbox 2914 3925 3036 3979; x_wconf 89' lang='grc' dir='ltr'>καθ’</span> <span class='ocrx_word' id='word_1_588' title='bbox 3062 3926 3191 3997; x_wconf 84' lang='grc' dir='ltr'>ὂλης</span> <span class='ocrx_word' id='word_1_589' title='bbox 3219 3927 3319 3997; x_wconf 84' lang='grc' dir='ltr'>τῆς</span> <span class='ocrx_word' id='word_1_590' title='bbox 3344 3927 3671 3999; x_wconf 86' lang='grc' dir='ltr'>οἰκουμένης</span> <span class='ocrx_word' id='word_1_591' title='bbox 3711 3929 3814 3982; x_wconf 82' lang='grc' dir='ltr'>Αἰ-</span> 
     </span>
    </p>
   </div>
   <div class='ocr_carea' id='block_1_85' title="bbox 2220 4016 3813 4094">
    <p class='ocr_par' dir='ltr' id='par_1_85' title="bbox 2220 4016 3813 4094">
     <span class='ocr_line' id='line_1_85' title="bbox 2220 4016 3813 4094; baseline 0.004 -24"><span class='ocrx_word' id='word_1_592' title='bbox 2220 4016 2626 4086; x_wconf 73' lang='grc' dir='ltr'>γυπτιαζόντων</span> <span class='ocrx_word' id='word_1_593' title='bbox 2669 4019 2808 4074; x_wconf 83' lang='grc' dir='ltr'><strong>κατά</strong></span> <span class='ocrx_word' id='word_1_594' title='bbox 2861 4020 2951 4073; x_wconf 81' lang='grc' dir='ltr'>τὸν</span> <span class='ocrx_word' id='word_1_595' title='bbox 2980 4021 3163 4092; x_wconf 84' lang='grc' dir='ltr'>ὅμοιον</span> <span class='ocrx_word' id='word_1_596' title='bbox 3205 4022 3305 4091; x_wconf 74' lang='grc' dir='ltr'>τῆς</span> <span class='ocrx_word' id='word_1_597' title='bbox 3364 4021 3813 4094; x_wconf 87' lang='grc' dir='ltr'>εἰδωλολατρείας</span> 
     </span>
    </p>
   </div>
   <div class='ocr_carea' id='block_1_86' title="bbox 2219 4109 3811 4186">
    <p class='ocr_par' dir='ltr' id='par_1_86' title="bbox 2219 4109 3811 4186">
     <span class='ocr_line' id='line_1_86' title="bbox 2219 4109 3811 4186; baseline 0.006 -25"><span class='ocrx_word' id='word_1_598' title='bbox 2219 4109 2417 4178; x_wconf 87' lang='grc' dir='ltr'>τρόπον</span> <span class='ocrx_word' id='word_1_599' title='bbox 2454 4111 2486 4180; x_wconf 84' lang='grc' dir='ltr'><strong>ή</strong></span> <span class='ocrx_word' id='word_1_600' title='bbox 2523 4111 2653 4164; x_wconf 78' lang='grc' dir='ltr'>ποτὲ</span> <span class='ocrx_word' id='word_1_601' title='bbox 2683 4111 3088 4184; x_wconf 76' lang='grc' dir='ltr'>πλημμυροῦσα</span> <span class='ocrx_word' id='word_1_602' title='bbox 3140 4113 3234 4166; x_wconf 79' lang='grc' dir='ltr'><strong>καί</strong></span> <span class='ocrx_word' id='word_1_603' title='bbox 3288 4116 3673 4186; x_wconf 87' lang='grc' dir='ltr'>κυματουμένη</span> <span class='ocrx_word' id='word_1_604' title='bbox 3705 4115 3811 4170; x_wconf 86' lang='grc' dir='ltr'><strong>Θά-</strong></span> 
     </span>
    </p>
   </div>
   <div class='ocr_carea' id='block_1_87' title="bbox 2219 4199 3374 4275">
    <p class='ocr_par' dir='ltr' id='par_1_87' title="bbox 2219 4199 3374 4275">
     <span class='ocr_line' id='line_1_87' title="bbox 2219 4199 3374 4275; baseline 0.005 -22"><span class='ocrx_word' id='word_1_605' title='bbox 2219 4199 2388 4254; x_wconf 90' lang='grc' dir='ltr'>λασσα</span> <span class='ocrx_word' id='word_1_606' title='bbox 2420 4201 2517 4271; x_wconf 80' lang='grc' dir='ltr'>τὴν</span> <span class='ocrx_word' id='word_1_607' title='bbox 2552 4203 2787 4273; x_wconf 77' lang='grc' dir='ltr'>ἐσχάτην</span> <span class='ocrx_word' id='word_1_608' title='bbox 2822 4203 3090 4257; x_wconf 86' lang='grc' dir='ltr'>πέπονθεν</span> <span class='ocrx_word' id='word_1_609' title='bbox 3121 4205 3374 4275; x_wconf 73' lang='grc' dir='ltr'>ἐρημίαν.</span> 
     </span>
    </p>
   </div>
   <div class='ocr_carea' id='block_1_88' title="bbox 2296 4295 3814 4372">
    <p class='ocr_par' dir='ltr' id='par_1_88' title="bbox 2296 4295 3814 4372">
     <span class='ocr_line' id='line_1_88' title="bbox 2296 4295 3814 4372; baseline 0.007 -28"><span class='ocrx_word' id='word_1_610' title='bbox 2296 4313 2314 4344; x_wconf 77' lang='grc' dir='ltr'>ι</span> <span class='ocrx_word' id='word_1_611' title='bbox 2353 4296 2462 4348; x_wconf 78' lang='grc' dir='ltr'><strong>Καὶ</strong></span> <span class='ocrx_word' id='word_1_612' title='bbox 2502 4295 2754 4349; x_wconf 76' lang='grc' dir='ltr'>έπιὸαλεῖ</span> <span class='ocrx_word' id='word_1_613' title='bbox 2778 4296 2876 4368; x_wconf 81' lang='grc' dir='ltr'>τὴν</span> <span class='ocrx_word' id='word_1_614' title='bbox 2910 4301 3070 4370; x_wconf 73' lang='grc' dir='ltr'>χεῖρα</span> <span class='ocrx_word' id='word_1_615' title='bbox 3109 4297 3276 4352; x_wconf 75' lang='grc' dir='ltr'>αὐτοῦ</span> <span class='ocrx_word' id='word_1_616' title='bbox 3310 4300 3400 4352; x_wconf 76' lang='grc' dir='ltr'>ἐπὶ</span> <span class='ocrx_word' id='word_1_617' title='bbox 3439 4301 3531 4354; x_wconf 83' lang='grc' dir='ltr'>τὸν</span> <span class='ocrx_word' id='word_1_618' title='bbox 3556 4305 3814 4372; x_wconf 76' lang='grc' dir='ltr'>ποταμὸν</span> 
     </span>
    </p>
   </div>
   <div class='ocr_carea' id='block_1_89' title="bbox 2219 4386 3808 4465">
    <p class='ocr_par' dir='ltr' id='par_1_89' title="bbox 2219 4386 3808 4465">
     <span class='ocr_line' id='line_1_89' title="bbox 2219 4386 3808 4465; baseline 0.009 -28"><span class='ocrx_word' id='word_1_619' title='bbox 2219 4386 2276 4438; x_wconf 69' lang='grc' dir='ltr'><strong>ἐν</strong></span> <span class='ocrx_word' id='word_1_620' title='bbox 2308 4387 2575 4457; x_wconf 85' lang='grc' dir='ltr'>πνεύματι</span> <span class='ocrx_word' id='word_1_621' title='bbox 2633 4387 2812 4460; x_wconf 86' lang='grc' dir='ltr'>βιαίῳ,</span> <span class='ocrx_word' id='word_1_622' title='bbox 2861 4390 2957 4444; x_wconf 73' lang='grc' dir='ltr'>καὶ</span> <span class='ocrx_word' id='word_1_623' title='bbox 3009 4391 3238 4458; x_wconf 81' lang='grc' dir='ltr'>πατάξει</span> <span class='ocrx_word' id='word_1_624' title='bbox 3291 4392 3431 4446; x_wconf 80' lang='grc' dir='ltr'><strong>έπτά</strong></span> <span class='ocrx_word' id='word_1_625' title='bbox 3487 4394 3808 4465; x_wconf 78' lang='grc' dir='ltr'>φάραγγας,</span> 
     </span>
    </p>
   </div>
   <div class='ocr_carea' id='block_1_90' title="bbox 2219 4477 3811 4559">
    <p class='ocr_par' dir='ltr' id='par_1_90' title="bbox 2219 4477 3811 4559">
     <span class='ocr_line' id='line_1_90' title="bbox 2219 4477 3811 4559; baseline 0.008 -29"><span class='ocrx_word' id='word_1_626' title='bbox 2219 4477 2359 4531; x_wconf 82' lang='grc' dir='ltr'>ὥστε</span> <span class='ocrx_word' id='word_1_627' title='bbox 2390 4480 2811 4551; x_wconf 80' lang='grc' dir='ltr'>διαπορεύεσθαι</span> <span class='ocrx_word' id='word_1_628' title='bbox 2858 4483 3022 4536; x_wconf 78' lang='grc' dir='ltr'>αὐτὸν</span> <span class='ocrx_word' id='word_1_629' title='bbox 3060 4486 3116 4535; x_wconf 82' lang='grc' dir='ltr'>ὲν</span> <span class='ocrx_word' id='word_1_630' title='bbox 3151 4485 3481 4556; x_wconf 78' lang='grc' dir='ltr'>ὑποδήμασι.</span> <span class='ocrx_word' id='word_1_631' title='bbox 3521 4505 3541 4538; x_wconf 73' lang='grc' dir='ltr'><strong>ι</strong></span> <span class='ocrx_word' id='word_1_632' title='bbox 3579 4488 3811 4559; x_wconf 88' lang='grc' dir='ltr'>Πνεῦμα</span> 
     </span>
    </p>
   </div>
   <div class='ocr_carea' id='block_1_91' title="bbox 547 4569 2123 4651">
    <p class='ocr_par' dir='ltr' id='par_1_91' title="bbox 547 4573 2110 4651">
     <span class='ocr_line' id='line_1_91' title="bbox 547 4573 2110 4651; baseline 0.009 -27"><span class='ocrx_word' id='word_1_633' title='bbox 547 4573 679 4626; x_wconf 90' lang='lat' dir='ltr'><strong>dicit</strong></span> <span class='ocrx_word' id='word_1_634' title='bbox 703 4587 848 4638; x_wconf 89' lang='lat' dir='ltr'><strong>eum,</strong></span> <span class='ocrx_word' id='word_1_635' title='bbox 876 4575 967 4643; x_wconf 91' lang='lat' dir='ltr'><strong>qui</strong></span> <span class='ocrx_word' id='word_1_636' title='bbox 997 4579 1205 4644; x_wconf 89' lang='lat' dir='ltr'><strong>primus</strong></span> <span class='ocrx_word' id='word_1_637' title='bbox 1233 4577 1608 4650; x_wconf 65' lang='lat' dir='ltr'><strong>Egyptiorum</strong></span> <span class='ocrx_word' id='word_1_638' title='bbox 1643 4597 1866 4650; x_wconf 68' lang='lat' dir='ltr'><strong>regnum</strong></span> <span class='ocrx_word' id='word_1_639' title='bbox 1895 4586 2110 4651; x_wconf 88' lang='lat' dir='ltr'><strong>evertit,</strong></span> 
     </span>
    </p>
   </div>
   <div class='ocr_carea' id='block_1_92' title="bbox 2226 4569 3813 4651">
    <p class='ocr_par' dir='ltr' id='par_1_92' title="bbox 2226 4569 3813 4649">
     <span class='ocr_line' id='line_1_92' title="bbox 2226 4569 3813 4649; baseline 0.009 -26"><span class='ocrx_word' id='word_1_640' title='bbox 2226 4571 2392 4640; x_wconf 84' lang='grc' dir='ltr'>βίαιον</span> <span class='ocrx_word' id='word_1_641' title='bbox 2423 4569 2543 4627; x_wconf 82' lang='grc' dir='ltr'>εἷπε</span> <span class='ocrx_word' id='word_1_642' title='bbox 2575 4575 2664 4627; x_wconf 84' lang='grc' dir='ltr'>τὸν</span> <span class='ocrx_word' id='word_1_643' title='bbox 2694 4577 2910 4645; x_wconf 85' lang='grc' dir='ltr'>πρῶτον</span> <span class='ocrx_word' id='word_1_644' title='bbox 2936 4576 3234 4631; x_wconf 87' lang='grc' dir='ltr'>καθελόντα</span> <span class='ocrx_word' id='word_1_645' title='bbox 3263 4578 3362 4649; x_wconf 84' lang='grc' dir='ltr'>τὴν</span> <span class='ocrx_word' id='word_1_646' title='bbox 3390 4579 3666 4649; x_wconf 84' lang='grc' dir='ltr'>βασιλείαν</span> <span class='ocrx_word' id='word_1_647' title='bbox 3693 4583 3813 4637; x_wconf 89' lang='grc' dir='ltr'><strong>τῶν</strong></span> 
     </span>
    </p>
   </div>
   <div class='ocr_carea' id='block_1_93' title="bbox 547 4663 2117 4739">
    <p class='ocr_par' dir='ltr' id='par_1_93' title="bbox 547 4663 2117 4739">
     <span class='ocr_line' id='line_1_93' title="bbox 547 4663 2117 4739; baseline 0.01 -23"><span class='ocrx_word' id='word_1_648' title='bbox 547 4663 916 4720; x_wconf 79' lang='lat' dir='ltr'><strong>Romanorum</strong></span> <span class='ocrx_word' id='word_1_649' title='bbox 951 4667 1158 4722; x_wconf 88' lang='lat' dir='ltr'><strong>ducem.</strong></span> <span class='ocrx_word' id='word_1_650' title='bbox 1188 4670 1402 4739; x_wconf 88' lang='lat' dir='ltr'><strong>Septem</strong></span> <span class='ocrx_word' id='word_1_651' title='bbox 1433 4688 1561 4727; x_wconf 89' lang='lat' dir='ltr'><strong>vero</strong></span> <span class='ocrx_word' id='word_1_652' title='bbox 1589 4675 1826 4739; x_wconf 88' lang='lat' dir='ltr'><strong>canales,</strong></span> <span class='ocrx_word' id='word_1_653' title='bbox 1855 4677 1898 4731; x_wconf 90' lang='lat' dir='ltr'><strong>si</strong></span> <span class='ocrx_word' id='word_1_654' title='bbox 1935 4679 2117 4732; x_wconf 90' lang='lat' dir='ltr'><strong>animo</strong></span> 
     </span>
    </p>
   </div>
   <div class='ocr_carea' id='block_1_94' title="bbox 546 4757 2115 4833">
    <p class='ocr_par' dir='ltr' id='par_1_94' title="bbox 546 4757 2115 4833">
     <span class='ocr_line' id='line_1_94' title="bbox 546 4757 2115 4833; baseline 0.009 -26"><span class='ocrx_word' id='word_1_655' title='bbox 546 4757 917 4823; x_wconf 80' lang='lat' dir='ltr'><strong>perpenderis,</strong></span> <span class='ocrx_word' id='word_1_656' title='bbox 948 4759 1028 4813; x_wconf 89' lang='lat' dir='ltr'><strong>sic</strong></span> <span class='ocrx_word' id='word_1_657' title='bbox 1055 4759 1340 4830; x_wconf 72' lang='lat' dir='ltr'><strong>intelliges,</strong></span> <span class='ocrx_word' id='word_1_658' title='bbox 1364 4763 1491 4817; x_wconf 91' lang='lat' dir='ltr'><strong>olim</strong></span> <span class='ocrx_word' id='word_1_659' title='bbox 1521 4766 1740 4833; x_wconf 88' lang='lat' dir='ltr'><strong>quidem</strong></span> <span class='ocrx_word' id='word_1_660' title='bbox 1775 4766 1936 4821; x_wconf 88' lang='lat' dir='ltr'><strong>unius</strong></span> <span class='ocrx_word' id='word_1_661' title='bbox 1966 4766 2115 4823; x_wconf 84' lang='lat' dir='ltr'><strong>ﬂuvii</strong></span> 
     </span>
    </p>
   </div>
   <div class='ocr_carea' id='block_1_95' title="bbox 546 4848 2118 4928">
    <p class='ocr_par' dir='ltr' id='par_1_95' title="bbox 546 4848 2118 4928">
     <span class='ocr_line' id='line_1_95' title="bbox 546 4848 2118 4928; baseline 0.01 -32"><span class='ocrx_word' id='word_1_662' title='bbox 546 4848 843 4901; x_wconf 76' lang='lat' dir='ltr'><strong>niaximum</strong></span> <span class='ocrx_word' id='word_1_663' title='bbox 883 4850 1092 4904; x_wconf 86' lang='lat' dir='ltr'><strong>alveum</strong></span> <span class='ocrx_word' id='word_1_664' title='bbox 1127 4851 1312 4917; x_wconf 80' lang='lat' dir='ltr'><strong>fuisse,</strong></span> <span class='ocrx_word' id='word_1_665' title='bbox 1339 4871 1446 4924; x_wconf 88' lang='lat' dir='ltr'><strong>quo</strong></span> <span class='ocrx_word' id='word_1_666' title='bbox 1474 4855 1692 4928; x_wconf 60' lang='lat' dir='ltr'><strong>Egypti</strong></span> <span class='ocrx_word' id='word_1_667' title='bbox 1729 4858 1875 4926; x_wconf 83' lang='lat' dir='ltr'><strong>regia</strong></span> <span class='ocrx_word' id='word_1_668' title='bbox 1912 4859 2118 4912; x_wconf 82' lang='lat' dir='ltr'><strong>indica-</strong></span> 
     </span>
    </p>
   </div>
   <div class='ocr_carea' id='block_1_96' title="bbox 545 4936 2118 5020">
    <p class='ocr_par' dir='ltr' id='par_1_96' title="bbox 545 4936 2118 5020">
     <span class='ocr_line' id='line_1_96' title="bbox 545 4936 2118 5020; baseline 0.011 -34"><span class='ocrx_word' id='word_1_669' title='bbox 545 4936 745 4992; x_wconf 85' lang='lat' dir='ltr'><strong>batur:</strong></span> <span class='ocrx_word' id='word_1_670' title='bbox 774 4953 835 4991; x_wconf 88' lang='lat' dir='ltr'><strong>ea</strong></span> <span class='ocrx_word' id='word_1_671' title='bbox 885 4954 1013 4994; x_wconf 87' lang='lat' dir='ltr'><strong>vero</strong></span> <span class='ocrx_word' id='word_1_672' title='bbox 1061 4944 1314 4998; x_wconf 89' lang='lat' dir='ltr'><strong>omnibus</strong></span> <span class='ocrx_word' id='word_1_673' title='bbox 1347 4945 1550 5000; x_wconf 89' lang='lat' dir='ltr'><strong>circum</strong></span> <span class='ocrx_word' id='word_1_674' title='bbox 1590 4948 1838 5017; x_wconf 75' lang='lat' dir='ltr'><strong>gentibus</strong></span> <span class='ocrx_word' id='word_1_675' title='bbox 1879 4951 2118 5020; x_wconf 85' lang='lat' dir='ltr'><strong>impera-</strong></span> 
     </span>
    </p>
   </div>
   <div class='ocr_carea' id='block_1_97' title="bbox 543 5023 2115 5112">
    <p class='ocr_par' dir='ltr' id='par_1_97' title="bbox 543 5023 2115 5112">
     <span class='ocr_line' id='line_1_97' title="bbox 543 5023 2115 5112; baseline 0.011 -32"><span class='ocrx_word' id='word_1_676' title='bbox 543 5023 678 5081; x_wconf 82' lang='lat' dir='ltr'><strong>bat:</strong></span> <span class='ocrx_word' id='word_1_677' title='bbox 714 5028 800 5081; x_wconf 92' lang='lat' dir='ltr'><strong>illa</strong></span> <span class='ocrx_word' id='word_1_678' title='bbox 832 5039 1010 5085; x_wconf 88' lang='lat' dir='ltr'><strong>autem</strong></span> <span class='ocrx_word' id='word_1_679' title='bbox 1045 5033 1219 5088; x_wconf 88' lang='lat' dir='ltr'><strong>soluta</strong></span> <span class='ocrx_word' id='word_1_680' title='bbox 1265 5046 1316 5089; x_wconf 94' lang='lat' dir='ltr'><strong>et</strong></span> <span class='ocrx_word' id='word_1_681' title='bbox 1351 5050 1562 5103; x_wconf 85' lang='lat' dir='ltr'><strong>eversa,</strong></span> <span class='ocrx_word' id='word_1_682' title='bbox 1593 5041 1855 5107; x_wconf 88' lang='lat' dir='ltr'><strong>quosdam</strong></span> <span class='ocrx_word' id='word_1_683' title='bbox 1900 5043 2115 5112; x_wconf 78' lang='lat' dir='ltr'><strong>regulos</strong></span> 
     </span>
    </p>
   </div>
   <div class='ocr_carea' id='block_1_98' title="bbox 547 5118 2112 5203">
    <p class='ocr_par' dir='ltr' id='par_1_98' title="bbox 547 5118 2112 5203">
     <span class='ocr_line' id='line_1_98' title="bbox 547 5118 2112 5203; baseline 0.013 -33"><span class='ocrx_word' id='word_1_684' title='bbox 547 5118 601 5171; x_wconf 89' lang='lat' dir='ltr'><strong>in</strong></span> <span class='ocrx_word' id='word_1_685' title='bbox 640 5131 819 5185; x_wconf 89' lang='lat' dir='ltr'><strong>partes</strong></span> <span class='ocrx_word' id='word_1_686' title='bbox 851 5123 1194 5178; x_wconf 88' lang='lat' dir='ltr'><strong>distributam</strong></span> <span class='ocrx_word' id='word_1_687' title='bbox 1226 5129 1724 5186; x_wconf 78' lang='lat' dir='ltr'><strong>cam.obtinuisse:</strong></span> <span class='ocrx_word' id='word_1_688' title='bbox 1760 5148 1988 5203; x_wconf 91' lang='lat' dir='ltr'><strong>quorum</strong></span> <span class='ocrx_word' id='word_1_689' title='bbox 2022 5135 2112 5190; x_wconf 88' lang='lat' dir='ltr'><strong>alii</strong></span> 
     </span>
    </p>
   </div>
   <div class='ocr_carea' id='block_1_99' title="bbox 546 5214 2115 5299">
    <p class='ocr_par' dir='ltr' id='par_1_99' title="bbox 546 5214 2115 5299">
     <span class='ocr_line' id='line_1_99' title="bbox 546 5214 2115 5299; baseline 0.013 -35"><span class='ocrx_word' id='word_1_690' title='bbox 546 5214 762 5282; x_wconf 80' lang='lat' dir='ltr'><strong>quidem</strong></span> <span class='ocrx_word' id='word_1_691' title='bbox 802 5215 1026 5286; x_wconf 87' lang='lat' dir='ltr'><strong>Libycas</strong></span> <span class='ocrx_word' id='word_1_692' title='bbox 1062 5232 1241 5288; x_wconf 88' lang='lat' dir='ltr'><strong>partes</strong></span> <span class='ocrx_word' id='word_1_693' title='bbox 1295 5222 1782 5288; x_wconf 86' lang='lat' dir='ltr'><strong>administrabant;</strong></span> <span class='ocrx_word' id='word_1_694' title='bbox 1819 5226 1908 5281; x_wconf 91' lang='lat' dir='ltr'><strong>alii</strong></span> <span class='ocrx_word' id='word_1_695' title='bbox 1956 5244 2115 5299; x_wconf 84' lang='lat' dir='ltr'><strong>sepa-</strong></span> 
     </span>
    </p>
   </div>
   <div class='ocr_carea' id='block_1_100' title="bbox 544 5304 2115 5385">
    <p class='ocr_par' dir='ltr' id='par_1_100' title="bbox 544 5304 2115 5385">
     <span class='ocr_line' id='line_1_100' title="bbox 544 5304 2115 5385; baseline 0.012 -29"><span class='ocrx_word' id='word_1_696' title='bbox 544 5304 702 5356; x_wconf 81' lang='lat' dir='ltr'><strong>ratim</strong></span> <span class='ocrx_word' id='word_1_697' title='bbox 727 5304 1076 5363; x_wconf 66' lang='lat' dir='ltr'><strong>Thebarorum</strong></span> <span class='ocrx_word' id='word_1_698' title='bbox 1111 5319 1336 5375; x_wconf 87' lang='lat' dir='ltr'><strong>tractus,</strong></span> <span class='ocrx_word' id='word_1_699' title='bbox 1367 5313 1456 5366; x_wconf 88' lang='lat' dir='ltr'><strong>alii</strong></span> <span class='ocrx_word' id='word_1_700' title='bbox 1487 5313 1774 5385; x_wconf 66' lang='lat' dir='ltr'><strong>Egyptum</strong></span> <span class='ocrx_word' id='word_1_701' title='bbox 1803 5327 1858 5371; x_wconf 86' lang='lat' dir='ltr'><strong>et</strong></span> <span class='ocrx_word' id='word_1_702' title='bbox 1880 5319 2115 5375; x_wconf 79' lang='lat' dir='ltr'><strong>Alexan-</strong></span> 
     </span>
    </p>
   </div>
   <div class='ocr_carea' id='block_1_101' title="bbox 543 5394 2111 5472">
    <p class='ocr_par' dir='ltr' id='par_1_101' title="bbox 543 5394 2111 5472">
     <span class='ocr_line' id='line_1_101' title="bbox 543 5394 2111 5472; baseline 0.013 -27"><span class='ocrx_word' id='word_1_703' title='bbox 543 5394 736 5448; x_wconf 83' lang='lat' dir='ltr'><strong>driam.</strong></span> <span class='ocrx_word' id='word_1_704' title='bbox 768 5395 833 5450; x_wconf 87' lang='lat' dir='ltr'><strong>Et</strong></span> <span class='ocrx_word' id='word_1_705' title='bbox 877 5413 943 5452; x_wconf 82' lang='lat' dir='ltr'><strong>ex</strong></span> <span class='ocrx_word' id='word_1_706' title='bbox 980 5400 1064 5454; x_wconf 88' lang='lat' dir='ltr'><strong>his</strong></span> <span class='ocrx_word' id='word_1_707' title='bbox 1113 5401 1196 5454; x_wconf 90' lang='lat' dir='ltr'><strong>alii</strong></span> <span class='ocrx_word' id='word_1_708' title='bbox 1230 5403 1446 5471; x_wconf 91' lang='lat' dir='ltr'><strong>quidem</strong></span> <span class='ocrx_word' id='word_1_709' title='bbox 1488 5404 1828 5472; x_wconf 70' lang='lat' dir='ltr'><strong>prml&#39;eCturis</strong></span> <span class='ocrx_word' id='word_1_710' title='bbox 1865 5413 2111 5465; x_wconf 88' lang='lat' dir='ltr'><strong>exornati</strong></span> 
     </span>
    </p>
   </div>
   <div class='ocr_carea' id='block_1_102' title="bbox 543 5489 2112 5564">
    <p class='ocr_par' dir='ltr' id='par_1_102' title="bbox 543 5489 2112 5564">
     <span class='ocr_line' id='line_1_102' title="bbox 543 5489 2112 5564; baseline 0.013 -29"><span class='ocrx_word' id='word_1_711' title='bbox 543 5495 690 5550; x_wconf 82' lang='lat' dir='ltr'><strong>sunt,</strong></span> <span class='ocrx_word' id='word_1_712' title='bbox 719 5489 912 5555; x_wconf 89' lang='lat' dir='ltr'><strong>quibus</strong></span> <span class='ocrx_word' id='word_1_713' title='bbox 943 5490 1276 5558; x_wconf 89' lang='lat' dir='ltr'><strong>publicarum</strong></span> <span class='ocrx_word' id='word_1_714' title='bbox 1304 5504 1358 5547; x_wconf 89' lang='lat' dir='ltr'><strong>et</strong></span> <span class='ocrx_word' id='word_1_715' title='bbox 1390 5495 1730 5564; x_wconf 82' lang='lat' dir='ltr'><strong>politicarum</strong></span> <span class='ocrx_word' id='word_1_716' title='bbox 1768 5515 1946 5554; x_wconf 82' lang='lat' dir='ltr'><strong>rerum</strong></span> <span class='ocrx_word' id='word_1_717' title='bbox 1982 5517 2112 5556; x_wconf 87' lang='lat' dir='ltr'><strong>cura</strong></span> 
     </span>
    </p>
   </div>
   <div class='ocr_carea' id='block_1_103' title="bbox 543 5579 2112 5650">
    <p class='ocr_par' dir='ltr' id='par_1_103' title="bbox 543 5579 2112 5650">
     <span class='ocr_line' id='line_1_103' title="bbox 543 5579 2112 5650; baseline 0.011 -18"><span class='ocrx_word' id='word_1_718' title='bbox 543 5579 851 5633; x_wconf 87' lang='lat' dir='ltr'><strong>concredita</strong></span> <span class='ocrx_word' id='word_1_719' title='bbox 886 5581 1012 5647; x_wconf 78' lang='lat' dir='ltr'><strong>fuit;</strong></span> <span class='ocrx_word' id='word_1_720' title='bbox 1041 5584 1129 5637; x_wconf 91' lang='lat' dir='ltr'><strong>alii</strong></span> <span class='ocrx_word' id='word_1_721' title='bbox 1161 5601 1290 5641; x_wconf 87' lang='lat' dir='ltr'><strong>vero</strong></span> <span class='ocrx_word' id='word_1_722' title='bbox 1323 5588 1639 5643; x_wconf 90' lang='lat' dir='ltr'><strong>bellicorum</strong></span> <span class='ocrx_word' id='word_1_723' title='bbox 1667 5593 1915 5647; x_wconf 88' lang='lat' dir='ltr'><strong>ordinum</strong></span> <span class='ocrx_word' id='word_1_724' title='bbox 1947 5595 2112 5650; x_wconf 86' lang='lat' dir='ltr'><strong>duces</strong></span> 
     </span>
    </p>
   </div>
   <div class='ocr_carea' id='block_1_104' title="bbox 541 5670 2112 5750">
    <p class='ocr_par' dir='ltr' id='par_1_104' title="bbox 541 5670 2112 5750">
     <span class='ocr_line' id='line_1_104' title="bbox 541 5670 2112 5750; baseline 0.011 -23"><span class='ocrx_word' id='word_1_725' title='bbox 541 5670 715 5736; x_wconf 72' lang='lat' dir='ltr'><strong>eﬂ&#39;ccti</strong></span> <span class='ocrx_word' id='word_1_726' title='bbox 749 5693 760 5728; x_wconf 96' lang='lat'>:</span> <span class='ocrx_word' id='word_1_727' title='bbox 794 5685 845 5728; x_wconf 81' lang='lat' dir='ltr'><strong>et</strong></span> <span class='ocrx_word' id='word_1_728' title='bbox 876 5675 929 5730; x_wconf 93' lang='lat' dir='ltr'><strong>hi</strong></span> <span class='ocrx_word' id='word_1_729' title='bbox 962 5693 1149 5733; x_wconf 87' lang='lat' dir='ltr'><strong>omnes</strong></span> <span class='ocrx_word' id='word_1_730' title='bbox 1179 5695 1206 5732; x_wconf 90' lang='lat' dir='ltr'><strong>a</strong></span> <span class='ocrx_word' id='word_1_731' title='bbox 1241 5681 1430 5746; x_wconf 86' lang='lat' dir='ltr'><strong>majori</strong></span> <span class='ocrx_word' id='word_1_732' title='bbox 1481 5693 1748 5750; x_wconf 84' lang='lat' dir='ltr'><strong>potestate</strong></span> <span class='ocrx_word' id='word_1_733' title='bbox 1790 5686 1854 5741; x_wconf 92' lang='lat' dir='ltr'><strong>ad</strong></span> <span class='ocrx_word' id='word_1_734' title='bbox 1906 5703 2112 5744; x_wconf 87' lang='lat' dir='ltr'><strong>memo-</strong></span> 
     </span>
    </p>
   </div>
   <div class='ocr_carea' id='block_1_105' title="bbox 538 5766 2108 5848">
    <p class='ocr_par' dir='ltr' id='par_1_105' title="bbox 538 5766 2108 5848">
     <span class='ocr_line' id='line_1_105' title="bbox 538 5766 2108 5848; baseline 0.011 -30"><span class='ocrx_word' id='word_1_735' title='bbox 538 5775 684 5818; x_wconf 81' lang='lat' dir='ltr'><strong>ratas</strong></span> <span class='ocrx_word' id='word_1_736' title='bbox 733 5766 1024 5836; x_wconf 82' lang='lat' dir='ltr'><strong>dignitates</strong></span> <span class='ocrx_word' id='word_1_737' title='bbox 1071 5772 1277 5836; x_wconf 79' lang='lat' dir='ltr'><strong>evecti;</strong></span> <span class='ocrx_word' id='word_1_738' title='bbox 1334 5782 1517 5838; x_wconf 87' lang='lat' dir='ltr'><strong>postea</strong></span> <span class='ocrx_word' id='word_1_739' title='bbox 1565 5790 1693 5830; x_wconf 88' lang='lat' dir='ltr'><strong>vero</strong></span> <span class='ocrx_word' id='word_1_740' title='bbox 1727 5778 1790 5829; x_wconf 87' lang='lat' dir='ltr'><strong>ad</strong></span> <span class='ocrx_word' id='word_1_741' title='bbox 1840 5779 2108 5848; x_wconf 82' lang='lat' dir='ltr'><strong>privatam</strong></span> 
     </span>
    </p>
   </div>
   <div class='ocr_carea' id='block_1_106' title="bbox 543 5858 2109 5940">
    <p class='ocr_par' dir='ltr' id='par_1_106' title="bbox 543 5858 2109 5940">
     <span class='ocr_line' id='line_1_106' title="bbox 543 5858 2109 5940; baseline 0.011 -29"><span class='ocrx_word' id='word_1_742' title='bbox 543 5858 904 5923; x_wconf 81' lang='lat' dir='ltr'><strong>conditionem</strong></span> <span class='ocrx_word' id='word_1_743' title='bbox 938 5861 1160 5927; x_wconf 82' lang='lat' dir='ltr'><strong>redacti,</strong></span> <span class='ocrx_word' id='word_1_744' title='bbox 1198 5863 1474 5920; x_wconf 80' lang='lat' dir='ltr'><strong>canalibus</strong></span> <span class='ocrx_word' id='word_1_745' title='bbox 1504 5863 1623 5934; x_wconf 81' lang='lat' dir='ltr'><strong>jure</strong></span> <span class='ocrx_word' id='word_1_746' title='bbox 1649 5868 1828 5926; x_wconf 85' lang='lat' dir='ltr'><strong>collati</strong></span> <span class='ocrx_word' id='word_1_747' title='bbox 1861 5882 2007 5940; x_wconf 77' lang='lat' dir='ltr'><strong>sunt,</strong></span> <span class='ocrx_word' id='word_1_748' title='bbox 2045 5876 2109 5929; x_wconf 87' lang='lat' dir='ltr'><strong>ad</strong></span> 
     </span>
    </p>
   </div>
   <div class='ocr_carea' id='block_1_107' title="bbox 2218 4667 3809 4746">
    <p class='ocr_par' dir='ltr' id='par_1_107' title="bbox 2218 4667 3809 4746">
     <span class='ocr_line' id='line_1_107' title="bbox 2218 4667 3809 4746; baseline 0.01 -29"><span class='ocrx_word' id='word_1_749' title='bbox 2218 4667 2529 4733; x_wconf 86' lang='grc' dir='ltr'>Αἰγυπτίων</span> <span class='ocrx_word' id='word_1_750' title='bbox 2573 4669 2860 4738; x_wconf 86' lang='grc' dir='ltr'>Ῥωμαίων</span> <span class='ocrx_word' id='word_1_751' title='bbox 2880 4669 3136 4742; x_wconf 83' lang='grc' dir='ltr'>ἄρχοντα.</span> <span class='ocrx_word' id='word_1_752' title='bbox 3175 4671 3272 4725; x_wconf 88' lang='grc' dir='ltr'>Διά</span> <span class='ocrx_word' id='word_1_753' title='bbox 3299 4672 3355 4726; x_wconf 83' lang='grc' dir='ltr'>δὲ</span> <span class='ocrx_word' id='word_1_754' title='bbox 3383 4674 3492 4725; x_wconf 90' lang='grc' dir='ltr'><strong>τῶν</strong></span> <span class='ocrx_word' id='word_1_755' title='bbox 3509 4675 3649 4729; x_wconf 58' lang='lat' dir='ltr'><strong>me</strong></span> <span class='ocrx_word' id='word_1_756' title='bbox 3695 4695 3809 4746; x_wconf 80' lang='grc' dir='ltr'>φα-</span> 
     </span>
    </p>
   </div>
   <div class='ocr_carea' id='block_1_108' title="bbox 2220 4757 3811 4839">
    <p class='ocr_par' dir='ltr' id='par_1_108' title="bbox 2220 4757 3811 4839">
     <span class='ocr_line' id='line_1_108' title="bbox 2220 4757 3811 4839; baseline 0.009 -31"><span class='ocrx_word' id='word_1_757' title='bbox 2220 4757 2436 4828; x_wconf 75' lang='grc' dir='ltr'>ράγγων</span> <span class='ocrx_word' id='word_1_758' title='bbox 2453 4759 2668 4829; x_wconf 86' lang='grc' dir='ltr'>νοήσεις</span> <span class='ocrx_word' id='word_1_759' title='bbox 2716 4760 3018 4829; x_wconf 82' lang='grc' dir='ltr'>ἐπιστήσας</span> <span class='ocrx_word' id='word_1_760' title='bbox 3045 4760 3138 4812; x_wconf 88' lang='grc' dir='ltr'>τὸν</span> <span class='ocrx_word' id='word_1_761' title='bbox 3177 4763 3320 4822; x_wconf 85' lang='grc' dir='ltr'>νοῦν,</span> <span class='ocrx_word' id='word_1_762' title='bbox 3364 4765 3439 4828; x_wconf 85' lang='grc' dir='ltr'>ὡς</span> <span class='ocrx_word' id='word_1_763' title='bbox 3477 4765 3646 4820; x_wconf 90' lang='grc' dir='ltr'>πάλαι</span> <span class='ocrx_word' id='word_1_764' title='bbox 3702 4767 3811 4839; x_wconf 81' lang='grc' dir='ltr'><strong>μὲν</strong></span> 
     </span>
    </p>
   </div>
   <div class='ocr_carea' id='block_1_109' title="bbox 2217 4844 3812 4929">
    <p class='ocr_par' dir='ltr' id='par_1_109' title="bbox 2217 4844 3812 4929">
     <span class='ocr_line' id='line_1_109' title="bbox 2217 4844 3812 4929; baseline 0.008 -27"><span class='ocrx_word' id='word_1_765' title='bbox 2217 4849 2333 4912; x_wconf 77' lang='grc' dir='ltr'>ἐνὸς</span> <span class='ocrx_word' id='word_1_766' title='bbox 2370 4852 2613 4920; x_wconf 88' lang='grc' dir='ltr'>ποταμοῦ</span> <span class='ocrx_word' id='word_1_767' title='bbox 2644 4852 2824 4923; x_wconf 81' lang='grc' dir='ltr'>ῥεῦμα</span> <span class='ocrx_word' id='word_1_768' title='bbox 2855 4852 3132 4921; x_wconf 85' lang='grc' dir='ltr'>μέγιστον,</span> <span class='ocrx_word' id='word_1_769' title='bbox 3162 4853 3229 4906; x_wconf 89' lang='grc' dir='ltr'><strong>δι’</strong></span> <span class='ocrx_word' id='word_1_770' title='bbox 3257 4847 3320 4908; x_wconf 80' lang='grc' dir='ltr'>οὗ</span> <span class='ocrx_word' id='word_1_771' title='bbox 3365 4857 3427 4910; x_wconf 87' lang='grc' dir='ltr'>τὸ</span> <span class='ocrx_word' id='word_1_772' title='bbox 3475 4859 3575 4929; x_wconf 85' lang='grc' dir='ltr'><strong>τῆς</strong></span> <span class='ocrx_word' id='word_1_773' title='bbox 3611 4844 3812 4929; x_wconf 54' lang='grc' dir='ltr'>Ἀἰγύ-</span> 
     </span>
    </p>
   </div>
   <div class='ocr_carea' id='block_1_110' title="bbox 2216 4934 3808 5015">
    <p class='ocr_par' dir='ltr' id='par_1_110' title="bbox 2216 4934 3808 5015">
     <span class='ocr_line' id='line_1_110' title="bbox 2216 4934 3808 5015; baseline 0.009 -22"><span class='ocrx_word' id='word_1_774' title='bbox 2216 4958 2349 4994; x_wconf 82' lang='grc' dir='ltr'>πτου</span> <span class='ocrx_word' id='word_1_775' title='bbox 2387 4943 2654 5013; x_wconf 84' lang='grc' dir='ltr'>βασίλειον</span> <span class='ocrx_word' id='word_1_776' title='bbox 2685 4934 2960 5015; x_wconf 70' lang='grc' dir='ltr'>έδηλοῦτο,</span> <span class='ocrx_word' id='word_1_777' title='bbox 2984 4944 3091 4998; x_wconf 90' lang='grc' dir='ltr'><strong>τῶν</strong></span> <span class='ocrx_word' id='word_1_778' title='bbox 3123 4946 3316 5000; x_wconf 81' lang='grc' dir='ltr'>αὐτόθι</span> <span class='ocrx_word' id='word_1_779' title='bbox 3361 4950 3578 5004; x_wconf 88' lang='grc' dir='ltr'>πάντων</span> <span class='ocrx_word' id='word_1_780' title='bbox 3629 4951 3808 5007; x_wconf 78' lang='grc' dir='ltr'>ἐθνῶν</span> 
     </span>
    </p>
   </div>
   <div class='ocr_carea' id='block_1_111' title="bbox 2215 5037 3805 5118">
    <p class='ocr_par' dir='ltr' id='par_1_111' title="bbox 2215 5037 3805 5118">
     <span class='ocr_line' id='line_1_111' title="bbox 2215 5037 3805 5118; baseline 0.007 -29"><span class='ocrx_word' id='word_1_781' title='bbox 2215 5038 2436 5106; x_wconf 70' lang='grc' dir='ltr'>ἐκράτει</span> <span class='ocrx_word' id='word_1_782' title='bbox 2458 5056 2470 5067; x_wconf 78' lang='grc' dir='ltr'><strong><em>ο</em></strong></span> <span class='ocrx_word' id='word_1_783' title='bbox 2504 5037 2874 5108; x_wconf 86' lang='grc' dir='ltr'>παταχθέντος</span> <span class='ocrx_word' id='word_1_784' title='bbox 2915 5039 2971 5091; x_wconf 75' lang='grc' dir='ltr'>δὲ</span> <span class='ocrx_word' id='word_1_785' title='bbox 3017 5041 3228 5095; x_wconf 81' lang='grc' dir='ltr'>ἐκείνου</span> <span class='ocrx_word' id='word_1_786' title='bbox 3258 5044 3350 5097; x_wconf 80' lang='grc' dir='ltr'>καὶ</span> <span class='ocrx_word' id='word_1_787' title='bbox 3381 5043 3652 5109; x_wconf 84' lang='grc' dir='ltr'>λυθέντος,</span> <span class='ocrx_word' id='word_1_788' title='bbox 3704 5065 3805 5118; x_wconf 84' lang='grc' dir='ltr'>με-</span> 
     </span>
    </p>
   </div>
   <div class='ocr_carea' id='block_1_112' title="bbox 2215 5130 3800 5210">
    <p class='ocr_par' dir='ltr' id='par_1_112' title="bbox 2215 5130 3800 5210">
     <span class='ocr_line' id='line_1_112' title="bbox 2215 5130 3800 5210; baseline 0.009 -30"><span class='ocrx_word' id='word_1_789' title='bbox 2215 5130 2357 5203; x_wconf 81' lang='grc' dir='ltr'>ρικοί</span> <span class='ocrx_word' id='word_1_790' title='bbox 2384 5147 2526 5195; x_wconf 87' lang='grc' dir='ltr'>τινες</span> <span class='ocrx_word' id='word_1_791' title='bbox 2568 5131 2826 5200; x_wconf 78' lang='grc' dir='ltr'>ἄρχοντες</span> <span class='ocrx_word' id='word_1_792' title='bbox 2871 5133 3049 5186; x_wconf 78' lang='grc' dir='ltr'>αὐτῶν</span> <span class='ocrx_word' id='word_1_793' title='bbox 3095 5135 3237 5189; x_wconf 88' lang='grc' dir='ltr'><strong>κατά</strong></span> <span class='ocrx_word' id='word_1_794' title='bbox 3261 5138 3485 5210; x_wconf 82' lang='grc' dir='ltr'>χρόνους</span> <span class='ocrx_word' id='word_1_795' title='bbox 3532 5139 3800 5209; x_wconf 85' lang='grc' dir='ltr'>ἡγοῦντο·</span> 
     </span>
    </p>
   </div>
   <div class='ocr_carea' id='block_1_113' title="bbox 2213 5223 3804 5303">
    <p class='ocr_par' dir='ltr' id='par_1_113' title="bbox 2213 5223 3804 5303">
     <span class='ocr_line' id='line_1_113' title="bbox 2213 5223 3804 5303; baseline 0.009 -29"><span class='ocrx_word' id='word_1_796' title='bbox 2213 5227 2259 5275; x_wconf 93' lang='grc' dir='ltr'><strong>οἰ</strong></span> <span class='ocrx_word' id='word_1_797' title='bbox 2294 5225 2389 5293; x_wconf 80' lang='grc' dir='ltr'>μὲν</span> <span class='ocrx_word' id='word_1_798' title='bbox 2420 5223 2489 5276; x_wconf 80' lang='grc' dir='ltr'><strong>τὰ</strong></span> <span class='ocrx_word' id='word_1_799' title='bbox 2518 5223 2728 5277; x_wconf 77' lang='grc' dir='ltr'>Λιϐύων</span> <span class='ocrx_word' id='word_1_800' title='bbox 2750 5224 3024 5289; x_wconf 85' lang='grc' dir='ltr'>διέποντες</span> <span class='ocrx_word' id='word_1_801' title='bbox 3057 5227 3218 5298; x_wconf 83' lang='grc' dir='ltr'>μέρη,</span> <span class='ocrx_word' id='word_1_802' title='bbox 3247 5231 3295 5281; x_wconf 84' lang='grc' dir='ltr'>οἰ</span> <span class='ocrx_word' id='word_1_803' title='bbox 3319 5229 3373 5282; x_wconf 81' lang='grc' dir='ltr'>δὲ</span> <span class='ocrx_word' id='word_1_804' title='bbox 3399 5231 3804 5303; x_wconf 78' lang='grc' dir='ltr'>ἀφωρισμένως</span> 
     </span>
    </p>
   </div>
   <div class='ocr_carea' id='block_1_114' title="bbox 2211 5315 3803 5391">
    <p class='ocr_par' dir='ltr' id='par_1_114' title="bbox 2211 5315 3803 5391">
     <span class='ocr_line' id='line_1_114' title="bbox 2211 5315 3803 5391; baseline 0.007 -23"><span class='ocrx_word' id='word_1_805' title='bbox 2211 5315 2280 5368; x_wconf 88' lang='grc' dir='ltr'><strong>τά</strong></span> <span class='ocrx_word' id='word_1_806' title='bbox 2327 5317 2599 5386; x_wconf 76' lang='grc' dir='ltr'>Θηϐαίων,</span> <span class='ocrx_word' id='word_1_807' title='bbox 2646 5318 2695 5369; x_wconf 84' lang='grc' dir='ltr'>οἰ</span> <span class='ocrx_word' id='word_1_808' title='bbox 2747 5317 2802 5369; x_wconf 84' lang='grc' dir='ltr'>δὲ</span> <span class='ocrx_word' id='word_1_809' title='bbox 2850 5319 3021 5388; x_wconf 78' lang='grc' dir='ltr'>αὐτῆς</span> <span class='ocrx_word' id='word_1_810' title='bbox 3077 5321 3354 5389; x_wconf 84' lang='grc' dir='ltr'>Αἰγύπτου</span> <span class='ocrx_word' id='word_1_811' title='bbox 3399 5327 3492 5377; x_wconf 80' lang='grc' dir='ltr'>καὶ</span> <span class='ocrx_word' id='word_1_812' title='bbox 3549 5325 3803 5391; x_wconf 77' lang='grc' dir='ltr'>Ἀλεξαν-</span> 
     </span>
    </p>
   </div>
   <div class='ocr_carea' id='block_1_115' title="bbox 2211 5410 3796 5490">
    <p class='ocr_par' dir='ltr' id='par_1_115' title="bbox 2211 5410 3796 5490">
     <span class='ocr_line' id='line_1_115' title="bbox 2211 5410 3796 5490; baseline 0.006 -27"><span class='ocrx_word' id='word_1_813' title='bbox 2211 5410 2408 5480; x_wconf 83' lang='grc' dir='ltr'>δρείας.</span> <span class='ocrx_word' id='word_1_814' title='bbox 2444 5413 2555 5464; x_wconf 68' lang='grc' dir='ltr'>Καὶ</span> <span class='ocrx_word' id='word_1_815' title='bbox 2599 5412 2803 5465; x_wconf 89' lang='grc' dir='ltr'>τούτων</span> <span class='ocrx_word' id='word_1_816' title='bbox 2850 5415 2898 5466; x_wconf 91' lang='grc' dir='ltr'>οἱ</span> <span class='ocrx_word' id='word_1_817' title='bbox 2957 5413 3055 5484; x_wconf 73' lang='grc' dir='ltr'><strong>μὲν</strong></span> <span class='ocrx_word' id='word_1_818' title='bbox 3089 5415 3407 5485; x_wconf 75' lang='grc' dir='ltr'>ἡγεμονίαις</span> <span class='ocrx_word' id='word_1_819' title='bbox 3448 5418 3796 5490; x_wconf 79' lang='grc' dir='ltr'>τετίμηνται,</span> 
     </span>
    </p>
   </div>
   <div class='ocr_carea' id='block_1_116' title="bbox 2209 5502 3798 5580">
    <p class='ocr_par' dir='ltr' id='par_1_116' title="bbox 2209 5502 3798 5580">
     <span class='ocr_line' id='line_1_116' title="bbox 2209 5502 3798 5580; baseline 0.007 -26"><span class='ocrx_word' id='word_1_820' title='bbox 2209 5502 2316 5554; x_wconf 90' lang='grc' dir='ltr'><strong>τῶν</strong></span> <span class='ocrx_word' id='word_1_821' title='bbox 2337 5502 2642 5574; x_wconf 84' lang='grc' dir='ltr'>δημοτικῶν</span> <span class='ocrx_word' id='word_1_822' title='bbox 2689 5503 2781 5556; x_wconf 78' lang='grc' dir='ltr'>καὶ</span> <span class='ocrx_word' id='word_1_823' title='bbox 2833 5505 3131 5558; x_wconf 86' lang='grc' dir='ltr'>πολιτικῶν</span> <span class='ocrx_word' id='word_1_824' title='bbox 3157 5507 3498 5578; x_wconf 87' lang='grc' dir='ltr'>πραγμάτων</span> <span class='ocrx_word' id='word_1_825' title='bbox 3542 5511 3798 5580; x_wconf 72' lang='grc' dir='ltr'>ἐγκεχει-</span> 
     </span>
    </p>
   </div>
   <div class='ocr_carea' id='block_1_117' title="bbox 2211 5594 3803 5670">
    <p class='ocr_par' dir='ltr' id='par_1_117' title="bbox 2211 5594 3803 5670">
     <span class='ocr_line' id='line_1_117' title="bbox 2211 5594 3803 5670; baseline 0.008 -26"><span class='ocrx_word' id='word_1_826' title='bbox 2211 5595 2457 5664; x_wconf 84' lang='grc' dir='ltr'>ρισμένοι</span> <span class='ocrx_word' id='word_1_827' title='bbox 2489 5594 2587 5666; x_wconf 83' lang='grc' dir='ltr'>τὴν</span> <span class='ocrx_word' id='word_1_828' title='bbox 2621 5595 2905 5665; x_wconf 74' lang='grc' dir='ltr'>φροντίδαο</span> <span class='ocrx_word' id='word_1_829' title='bbox 2964 5597 3013 5648; x_wconf 85' lang='grc' dir='ltr'><strong>οἱ</strong></span> <span class='ocrx_word' id='word_1_830' title='bbox 3061 5597 3118 5649; x_wconf 83' lang='grc' dir='ltr'>δὲ</span> <span class='ocrx_word' id='word_1_831' title='bbox 3170 5599 3572 5670; x_wconf 79' lang='grc' dir='ltr'>ἀφωρισμένως</span> <span class='ocrx_word' id='word_1_832' title='bbox 3632 5602 3803 5656; x_wconf 82' lang='grc' dir='ltr'>πάλιν</span> 
     </span>
    </p>
   </div>
   <div class='ocr_carea' id='block_1_118' title="bbox 2209 5685 3799 5759">
    <p class='ocr_par' dir='ltr' id='par_1_118' title="bbox 2209 5685 3799 5759">
     <span class='ocr_line' id='line_1_118' title="bbox 2209 5685 3799 5759; baseline 0.008 -23"><span class='ocrx_word' id='word_1_833' title='bbox 2209 5685 2315 5736; x_wconf 88' lang='grc' dir='ltr'><strong>τῶν</strong></span> <span class='ocrx_word' id='word_1_834' title='bbox 2347 5686 2751 5755; x_wconf 84' lang='grc' dir='ltr'>στρατιωτικῶν</span> <span class='ocrx_word' id='word_1_835' title='bbox 2776 5687 3141 5758; x_wconf 84' lang='grc' dir='ltr'>καθηγοῦνται</span> <span class='ocrx_word' id='word_1_836' title='bbox 3167 5691 3460 5759; x_wconf 84' lang='grc' dir='ltr'>ταγμάτων</span> <span class='ocrx_word' id='word_1_837' title='bbox 3483 5709 3493 5721; x_wconf 90' lang='grc'><strong>·</strong></span> <span class='ocrx_word' id='word_1_838' title='bbox 3535 5693 3628 5745; x_wconf 88' lang='grc' dir='ltr'><strong>καί</strong></span> <span class='ocrx_word' id='word_1_839' title='bbox 3650 5690 3799 5748; x_wconf 73' lang='grc' dir='ltr'>οῦτοι</span> 
     </span>
    </p>
   </div>
   <div class='ocr_carea' id='block_1_119' title="bbox 2212 5777 3801 5854">
    <p class='ocr_par' dir='ltr' id='par_1_119' title="bbox 2212 5777 3801 5854">
     <span class='ocr_line' id='line_1_119' title="bbox 2212 5777 3801 5854; baseline 0.006 -24"><span class='ocrx_word' id='word_1_840' title='bbox 2212 5777 2408 5842; x_wconf 81' lang='grc' dir='ltr'>πάντες</span> <span class='ocrx_word' id='word_1_841' title='bbox 2442 5779 2546 5832; x_wconf 80' lang='grc' dir='ltr'><strong>ὑπὸ</strong></span> <span class='ocrx_word' id='word_1_842' title='bbox 2583 5779 2680 5848; x_wconf 80' lang='grc' dir='ltr'>τῆς</span> <span class='ocrx_word' id='word_1_843' title='bbox 2722 5779 2967 5849; x_wconf 73' lang='grc' dir='ltr'>μείζονος</span> <span class='ocrx_word' id='word_1_844' title='bbox 3007 5779 3256 5843; x_wconf 79' lang='grc' dir='ltr'>ἐξουσίας</span> <span class='ocrx_word' id='word_1_845' title='bbox 3289 5784 3380 5835; x_wconf 74' lang='grc' dir='ltr'><strong>ἐπὶ</strong></span> <span class='ocrx_word' id='word_1_846' title='bbox 3409 5783 3507 5845; x_wconf 74' lang='grc' dir='ltr'><strong>τὰς</strong></span> <span class='ocrx_word' id='word_1_847' title='bbox 3537 5784 3801 5854; x_wconf 84' lang='grc' dir='ltr'>δηλωθεί-</span> 
     </span>
    </p>
   </div>
   <div class='ocr_carea' id='block_1_120' title="bbox 2214 5871 3800 5947">
    <p class='ocr_par' dir='ltr' id='par_1_120' title="bbox 2214 5871 3800 5947">
     <span class='ocr_line' id='line_1_120' title="bbox 2214 5871 3800 5947; baseline 0.004 -25"><span class='ocrx_word' id='word_1_848' title='bbox 2214 5886 2307 5932; x_wconf 65' lang='lat' dir='ltr'><strong>ea;</strong></span> <span class='ocrx_word' id='word_1_849' title='bbox 2339 5871 2509 5941; x_wconf 63' lang='grc' dir='ltr'>ἀρχὰς</span> <span class='ocrx_word' id='word_1_850' title='bbox 2557 5871 2945 5942; x_wconf 74' lang='grc' dir='ltr'>προαγόμενοι·</span> <span class='ocrx_word' id='word_1_851' title='bbox 2996 5874 3226 5928; x_wconf 68' lang='grc' dir='ltr'>κᾶπειτα</span> <span class='ocrx_word' id='word_1_852' title='bbox 3268 5875 3656 5943; x_wconf 72' lang='grc' dir='ltr'>ἰδιωτεύοντες,</span> <span class='ocrx_word' id='word_1_853' title='bbox 3693 5880 3800 5947; x_wconf 70' lang='grc' dir='ltr'>φά..</span> 
     </span>
    </p>
   </div>
  </div>
