4042 6406
229 403 325 459 181

1190 403 1694 461 COMMENTARIA
1731 401 1798 457 IN
1839 399 2097 459 ISAIAM.
2140 432 2209 443 —
2247 402 2400 458 CAP.
2442 401 2557 458 XII.

3427 403 3523 458 182

228 523 422 592 ραγξιν
451 523 682 586 εἰκότως
719 523 1171 595 παρεὸλήθησαν,
1203 524 1280 588 ὡς
1309 526 1367 576 ὲν
1402 523 1704 596 παραθέσει
1733 520 1822 574 τοῦ

1933 523 2399 592 comparationem
2475 519 2717 576 ﬂuminis
2775 519 2918 590 apud
2977 519 3097 576 illos
3151 533 3518 586 exundantis,

226 615 399 668 πάλαι
423 614 885 687 πλημμυροῦντος
911 616 1094 679 αὐτοῖς
1121 614 1391 686 ποταμοῦ,
1435 615 1579 683 λέγω
1731 610 1825 666 τοῦ

228 705 529 774 βασιλείου,
563 707 622 768 ὂς
645 705 709 776 δὴ
741 705 841 776 τὴν
891 707 1071 758 πᾶσαν
1123 705 1339 775 ἀθρόως
1372 705 1546 776 αὐτην
1571 721 1632 757 τε
1669 701 1832 772 Δίγυο

229 814 365 850 πτον
396 797 492 850 καὶ
531 795 602 850 τὰ
653 797 797 866 ἀμφὶ
842 796 1049 868 ταύτην
1101 794 1232 869 ἔθνη
1275 797 1356 849 ἐνὶ
1397 795 1632 868 ῥεύματι
1673 811 1829 866 περι-

225 889 458 954 έκλυξε·
512 890 615 962 μιᾷ
664 889 892 961 δυνάμει
941 888 1194 961 βασιλικῇ
1248 888 1672 962 κατακρατούσῃ
1704 888 1815 942 τῶν

224 983 386 1036 ὅλων.

147 1143 150 1146 γ
302 1092 322 1124 ι
354 1074 469 1127 Καὶ
498 1071 655 1127 ἔσται
681 1073 853 1137 δίοδος
885 1071 964 1143 τῷ
995 1070 1414 1142 καταλειφθέντι
1459 1091 1560 1144 μου
1607 1071 1722 1144 λαῷ
1768 1073 1828 1124 ἐν

225 1166 524 1238 Αἰγύπτῳ·
583 1168 678 1220 καὶ
729 1166 882 1220 ἔσται
916 1165 993 1235 τῷ
1032 1166 1254 1237 Ἰσραὴλ
1297 1165 1373 1229 ὡς
1415 1169 1448 1237 ἡ
1503 1166 1688 1236 ἡμέρα
1739 1167 1828 1218 ὅτε

226 1258 460 1327 ἐξῆλθεν
516 1259 581 1311 ἐκ
615 1260 718 1330 γῆς
768 1259 1082 1328 Αἰγύπτου·
1123 1279 1142 1310 ι
1184 1259 1259 1323 ὡς
1317 1257 1486 1330 βατὴν
1537 1253 1679 1310 εἶναι
1731 1256 1827 1310 τοῦ

224 1351 416 1405 λοιποῦ
456 1353 557 1422 τὴν
608 1350 886 1420 Αἴγυπτον
914 1355 1025 1416 τοῖς
1062 1352 1157 1405 τοῦ
1203 1349 1444 1423 Χριστοῦ
1493 1350 1828 1420 Εὑαγγέλιον

225 1445 581 1514 κηρύττουσι,
635 1444 864 1516 μηδενὸς
905 1444 1156 1515 ἐμποδὼν
1205 1444 1391 1507 αὐτοῖς
1446 1443 1826 1514 ἐνισταμένου,

225 1535 352 1606 μηδ’
401 1536 710 1590 ἐπιϐαίνειν
753 1537 1079 1603 κωλύοντος.
1117 1536 1320 1608 Διόπερ
1355 1536 1433 1599 ὡς
1473 1536 1672 1606 μηκέτι
1706 1554 1831 1590 συν-

221 1626 474 1699 ιστὼσης
488 1629 587 1700 τῆς
598 1628 909 1698 Αἰγυπτίων
932 1628 1241 1699 βασιλείας,
1267 1626 1343 1692 ὠς
1361 1627 1419 1680 δὲ
1451 1627 1551 1698 τῆς
1579 1626 1826 1697 δαιμονι-

221 1721 330 1790 κῆς
399 1722 683 1793 ἐνεργείας
735 1722 837 1791 τῆς
886 1724 947 1776 ἐν
1006 1723 1193 1785 αὐτοῖς
1254 1717 1716 1790 ἀποσϐεσθείσης,
1765 1720 1828 1773 τὸ

220 1815 491 1885 κήρυγμα
519 1815 583 1869 τὸ
625 1816 986 1886 εὐαγγελικδκ
1021 1816 1116 1869 ἐπὶ
1149 1813 1348 1884 σχολῆς
1405 1812 1594 1877 αὐτοῖς
1643 1816 1824 1886 ἐπηγ-

223 1905 471 1974 τέλλετο.

741 1995 1144 2049 ΚΕΦΑΛΑΙΟΝ
1205 1997 1306 2054 IB'.

295 2107 316 2139 ι
357 2088 476 2142 Καὶ
509 2089 744 2160 ἐρεῖςοέν
788 2091 853 2159 τῇ
890 2088 1073 2159 ἡμέρᾳ
1123 2089 1341 2163 ὲκείνῃο
1399 2090 1695 2160 Εὑλογήσω
1740 2103 1821 2153 σε,

217 2180 452 2251 Κύριε.»
479 2179 594 2252 (18)
610 2180 699 2243 Ὠς
739 2180 850 2252 γὰρ
881 2182 911 2234 ὁ
934 2179 1212 2243 Μωῦσέως
1227 2182 1355 2245 λαὸς
1384 2181 1533 2252 διέϐη
1572 2181 1701 2234 ποτὲ
1725 2180 1824 2250 τὴν

230 2271 508 2342 Ἐρυθρὰν
542 2271 820 2326 θάλασσαν
859 2270 934 2335 ὡς
972 2269 1060 2324 διὰ
1115 2272 1324 2343 ξηρᾶς·
1387 2271 1506 2326 εἷτα
1548 2273 1687 2344 μετὰ
1723 2274 1824 2344 τὴν
1885 2335 1903 2344 ί

214 2362 390 2416 δίοδον
417 2361 518 2433 τὴν
549 2362 692 2434 ᾠδὴν
729 2359 869 2441 ᾖσαν
921 2362 1194 2430 λέγοντες,
1235 2383 1252 2414 ι
1295 2366 1554 2437 ᾏσωμεν
1587 2363 1666 2435 τῷ
1713 2366 1824 2418 Κυ-

217 2453 341 2525 ρίῳ,
379 2451 609 2517 ἐνδόξως
647 2453 754 2526 γὰρ
787 2453 1132 2521 δεδόξασται’
1185 2473 1203 2504 ι
1261 2455 1351 2508 τὸν
1402 2457 1576 2510 αὑτὸν
1621 2456 1824 2527 τρόπον

217 2546 317 2599 καὶ
343 2547 393 2598 οἱ
421 2546 891 2616 προφητευόμενοι
947 2546 1043 2600 τοῦ
1093 2547 1348 2619 Σωτῆρος
1391 2548 1551 2617 ήμῶν
1592 2548 1823 2616 εὐαγγε-

214 2637 422 2702 λισταὶ,
449 2638 606 2690 αὐτοὶ
633 2638 791 2701 ὄντες
815 2640 864 2692 οἰ
886 2639 951 2692 ἐκ
976 2639 1072 2693 τοῦ
1104 2643 1305 2705 παντὸς
1338 2641 1608 2695 Ἰουδαίων
1636 2641 1821 2706 ἔθνους

214 2729 684 2801 περιλειφθέντες,
735 2728 1015 2784 ἀκώλυτον
1073 2731 1389 2802 ποιούμενοι
1442 2732 1534 2785 τὸν
1593 2733 1819 2804 δρόμον,

213 2824 316 2878 καὶ
343 2825 532 2876 πᾶσαν
574 2822 944 2895 διατρέχοντες
990 2822 1088 2896 τὴν
1137 2825 1452 2894 Αἰγυπτίων
1483 2825 1690 2897 χώραν,
1730 2829 1823 2882 καὶ

227 2913 516 2977 Ἰουδαίοις
557 2913 658 2983 μὲν
705 2913 1073 2984 κηρύττοντες
1114 2915 1176 2969 τὸ
1228 2916 1565 2985 Εὐαγγέλιον
1611 2919 1669 2972 ἐν
1703 2922 1823 2982 ταῖς

216 3008 573 3074 συναγωγαῖς
661 3007 862 3071 αὐτῶν,
905 3008 1205 3080 ἐκκλησίας
1259 3008 1316 3061 δὲ
1382 3009 1624 3081 Χριστοῦ
1694 3029 1817 3064 συν-

215 3097 484 3162 ιστῶντες
505 3098 572 3150 ἐκ
586 3097 686 3168 τῆς
716 3099 824 3152 τῶν
849 3100 1027 3153 ἐθνῶν
1059 3101 1415 3172 ἐπιστροφῆς,
1442 3101 1628 3155 καινὸν
1646 3099 1820 3175 ᾆσμα,

214 3191 480 3264 ἐμφερῶς
509 3195 622 3257 τοῖς
656 3195 750 3247 ἐπὶ
777 3196 1080 3261 Μωῡσέως,
1117 3196 1570 3270 ὲδίδασκον“ᾷδειν
1586 3200 1714 3263 τοὺς
1753 3199 1818 3252 δι’

213 3286 398 3340 αὐτῶν
420 3286 852 3358 ὠφελουμένους.
879 3288 1122 3343 Τοῦτοδέ
1145 3285 1213 3359 ἦν
1245 3289 1306 3343 τὸ
1330 3291 1688 3363 προφωνηθέν
1716 3293 1822 3347 ὑπὸ

213 3377 312 3432 τοῦ
345 3377 578 3449 Κυρίου,
635 3379 940 3450 φάσκοντος
977 3381 1064 3434 διὰ
1108 3380 1201 3434 τοῦ
1255 3382 1597 3453 προφητικοῦ
1625 3384 1815 3452 λόγουο

217 3487 243 3521 ι
283 3469 399 3523 Καὶ
421 3470 570 3542 ἐρεῖς
601 3473 659 3526 ἐν
685 3476 751 3543 τῇ
792 3474 976 3545 ἡμέρᾳ
1014 3473 1231 3544 ἐκείνῃ·
1268 3475 1562 3548 Εὐλογήσω
1590 3495 1670 3541 σε,
1711 3478 1819 3533 Κύ-

217 3576 327 3633 ριε,
353 3559 493 3614 διότι
545 3561 822 3633 ὼργίσθης
869 3580 980 3633 μοι,
1013 3564 1109 3616 καὶ
1149 3564 1500 3640 ἁπέστρεψας
1523 3567 1614 3620 τὸν
1648 3567 1820 3639 θυμόν

216 3671 340 3719 σου,
369 3655 467 3708 καὶ
501 3654 743 3726 ἡλέησάς
775 3673 863 3726 με.
900 3676 920 3708 ι

296 3765 316 3798 ι
363 3746 498 3800 Ἰδοὺ
533 3749 561 3800 ό
592 3746 726 3811 Θεός
754 3765 878 3818 μου,
914 3749 1108 3821 Σωτήρ
1154 3767 1278 3821 μου,
1320 3751 1600 3816 πεποιθὼς
1625 3752 1818 3824 ἔσομαι

216 3840 304 3892 ἐπ’
333 3837 508 3908 αὐτῷ,
538 3839 632 3891 καὶ
659 3839 721 3890 οὐ
759 3839 1141 3912 φοόηθήσομαι
1165 3859 1177 3872 ·
1210 3841 1342 3894 διότι
1373 3845 1404 3913 ἡ
1439 3842 1566 3906 δόξα
1599 3862 1701 3914 μου
1726 3846 1819 3898 καὶ

217 3932 249 4000 ἡ
279 3930 492 3992 αἵνεσίς
530 3946 633 3998 μου
647 3929 872 4001 Κύριος,
896 3933 989 3984 καὶ
1007 3931 1226 3999 ἐγένετό
1255 3950 1343 4003 μοι
1371 3935 1451 3996 εἰς
1485 3935 1813 4005 σωτηρίαν,›

217 4022 313 4074 καὶ
346 4020 382 4075 ξι
408 4021 767 4091 παρακατιὼν
800 4021 1035 4077 ἐνταῦθα
1054 4020 1293 4087 διέξεισι.
1330 4023 1404 4076 Τὸ
1427 4023 1579 4092 γοῦν,
1598 4044 1614 4076 ι
1653 4025 1822 4094 ὠργί-

218 4112 358 4183 σθης
418 4129 534 4182 μοι,
571 4131 590 4164 ι
629 4111 1018 4185 ἐξομολόγησιν
1068 4114 1353 4186 προτέρων
1403 4115 1820 4188 ἁμαρτημάτων

215 4203 586 4275 παρίστησιν·
621 4196 696 4258 ὧν
729 4205 895 4258 ἕνεκα
941 4203 1076 4257 Θεοῦ
1109 4205 1279 4275 ὀργῆς
1328 4201 1468 4277 ἦσαν
1521 4207 1661 4271 ἄξιοι
1713 4207 1820 4279 πρὸ

213 4297 316 4366 τῆς
347 4297 622 4368 σωτηρίου
656 4296 904 4367 κλήσεως
940 4297 989 4349 οἰ
1021 4297 1339 4364 Αἰγύπτιοιο
1375 4296 1438 4351 τὸ
1467 4298 1545 4363 δὲ,
1601 4318 1618 4350 ι
1685 4299 1818 4352 Ἀπ-

218 4387 498 4460 έστρεψας
527 4388 618 4441 τὸν
650 4387 820 4458 θυμόν
853 4405 945 4442 σου
973 4391 1069 4443 ἀπ’
1095 4392 1252 4462 ἐμοῦ,
1288 4391 1382 4445 καὶ
1407 4393 1646 4463 ηλέησάς
1683 4409 1770 4461 με,
1794 4411 1813 4443 ι

218 4480 318 4551 τὴν
348 4480 491 4552 μετὰ
526 4479 626 4552 τὴν
662 4480 852 4551 κλῆσιν
890 4482 1226 4554 δωρηθεῖσαν
1246 4485 1430 4548 αὐτοῖς
1462 4485 1656 4553 ἄφεσιν
1710 4483 1819 4535 τῶν

1933 616 2060 684 regii
2095 616 2238 681 dico,
2265 615 2410 684 quod
2457 629 2673 671 onmem
2720 628 2825 667 una
2863 612 3193 684 Egyptum,
3237 628 3302 668 ac
3360 614 3523 669 simul

1928 719 2120 777 gentes
2175 707 2617 779 circumpositas,
2663 722 2772 761 uno
2818 708 2975 762 alveo
3024 707 3357 774 inundabat,
3410 723 3518 761 una

1931 799 2077 869 regia
2146 807 2418 868 potestate
2478 798 2532 856 in
2600 799 2886 854 universos
2973 797 3310 853 dominatum
3377 799 3520 855 obti-

1929 901 2115 946 uente.

2002 1071 2165 1129 Vens.
2199 1071 2282 1130 16.
2316 1090 2334 1122 ι
2366 1070 2432 1127 Ει
2459 1072 2563 1126 erit
2596 1071 2860 1126 transitus
2890 1069 3150 1127 dereiicto
3176 1068 3373 1140 popqu
3401 1085 3522 1124 meo

1929 1165 1983 1218 in
2017 1164 2254 1234 Egypto
2289 1182 2303 1218 :
2334 1173 2390 1219 et
2434 1164 2540 1218 erit
2584 1163 2790 1231 lsraeli,
2819 1162 2974 1234 quasi
3023 1163 3158 1228 dies,
3197 1178 3303 1232 qua
3351 1165 3523 1216 exivit

1927 1270 1994 1309 ex
2037 1254 2306 1325 Aigypto;
2334 1273 2352 1306 ι
2390 1255 2462 1309 ita
2512 1266 2570 1309 ut
2615 1255 2872 1326 deinceps
2917 1253 3189 1326 Egyptus
3239 1256 3518 1327 Evangelii

1927 1347 2134 1402 Christi
2178 1348 2524 1418 praeconibus
2559 1348 2744 1417 pervia
2787 1348 2892 1414 sit,
2941 1348 3088 1402 nullo
3129 1349 3383 1403 obstante
3431 1348 3515 1403 vel

1931 1440 2237 1507 ingressum
2309 1439 2664 1508 prohibente.
2731 1439 3107 1510 Quapropter,
3167 1449 3354 1510 utpote
3401 1440 3513 1510 jam

1928 1513 2162 1585 sublato"
2193 1529 2572 1602 Egyptiorum
2620 1546 2806 1600 regno,
2856 1547 2922 1586 ac
2974 1533 3273 1586 daemonica
3324 1546 3516 1601 opera-

1930 1623 2079 1678 tione
2126 1622 2266 1693 apud
2316 1624 2467 1692 ipsos
2493 1623 2794 1691 exstincta,
2833 1624 3150 1696 evangelica
3199 1624 3518 1695 praedicatio

1929 1713 2114 1784 quiete
2146 1711 2592 1768 annuntiabatur.

2528 1981 2759 2039 CAPUT
2797 1981 2910 2038 XII.

1999 2071 2233 2128 Vensd.
2278 2072 2375 2128 «Et
2407 2076 2556 2131 dices
2582 2076 2635 2130 in
2664 2076 2750 2130 die
2794 2075 2906 2140 illa,
2942 2076 3265 2132 Benedicam
3297 2087 3367 2144 te,
3409 2076 3518 2133 Do-

1927 2165 2094 2220 mine.
2118 2185 2136 2218 ι
2166 2165 2636 2233 Quemadmodum
2675 2171 2820 2225 enim
2852 2169 3052 2242 Moysis
3093 2171 3322 2240 populus
3364 2187 3516 2227 mare

1917 2256 2204 2331 Ilubrum,
2237 2261 2392 2327 quasi
2444 2275 2541 2331 per
2574 2262 2804 2326 aridam,
2832 2263 2960 2316 olim
2991 2262 3204 2334 trajecit
3245 2281 3258 2318 :
3297 2279 3362 2322 ac
3396 2271 3518 2334 post

1930 2352 2239 2416 transitum,
2275 2355 2549 2408 canticum
2583 2354 2849 2409 cauebant
2881 2355 3151 2422 dicentes,
3189 2358 3517 2412 «Cantemus

1929 2444 2182 2508 Domino,
2234 2445 2473 2516 gloriose
2507 2446 2652 2501 enim
2696 2446 3033 2517 gloriﬁcatus
3087 2448 3274 2504 est":
3337 2448 3415 2503 sic
3463 2458 3517 2503 et

1926 2537 2278 2605 evangelista:
2307 2536 2609 2594 Salvatoris
2653 2541 2824 2594 noswi
2877 2539 2967 2609 qui
3013 2540 3066 2593 in
3116 2540 3401 2611 prophetia
3437 2538 3517 2595 1ο-

1929 2640 2159 2697 runtur,
2216 2631 2378 2687 iidem
2434 2633 2535 2702 ipsi
2589 2633 2839 2689 videlicet
2879 2634 2970 2702 qui
3022 2649 3088 2688 ex
3141 2643 3250 2688 tota
3285 2634 3515 2689 Judatca

1924 2733 2084 2795 gente
2127 2727 2298 2780 relicti
2353 2727 2600 2792 fuerant,
2649 2741 2772 2782 cum
2817 2728 2963 2780 nullo
3009 2729 3263 2784 obstante
3292 2745 3514 2785 cursum

1925 2831 2084 2869 suum
2117 2818 2473 2886 perﬁcerent,
2506 2832 2571 2873 ac
2619 2829 2787 2873 totam
2813 2819 3196 2891 Egyptiorum
3237 2821 3514 2891 regionem

1925 2909 2286 2978 pervaderent
2309 2951 2324 2975 ,
2353 2910 2554 2965 Judacis
2579 2912 2798 2982 quidem
2831 2913 3182 2983 Evangelium
3215 2914 3515 2985 pradican-

1927 3007 2006 3051 tes
2037 2998 2090 3052 in
2131 3002 2450 3070 synagogis,
2499 3016 2563 3055 ex
2592 3002 2833 3072 gentium
2869 3018 2999 3057 vero
3032 3005 3389 3059 conversione
3418 3002 3516 3057 Ec-

1925 3087 2120 3144 clesias
2173 3089 2375 3143 Christi
2437 3093 2873 3155 constituentes;
2948 3092 3226 3146 canticum
3287 3106 3511 3156 novum,

1927 3181 2149 3248 perinde
2186 3192 2350 3251 atque
2403 3182 2478 3236 illi
2537 3194 2780 3253 tempore
2820 3183 3049 3255 Moysis,
3100 3199 3300 3239 canere
3351 3185 3516 3238 doce-

1927 3277 2058 3326 hant
2086 3288 2214 3339 eos,
2242 3275 2334 3342 qui
2361 3288 2526 3342 opera
2565 3289 2661 3329 sua
2709 3274 2944 3330 fructum
2980 3285 3373 3346 perceperant;
3412 3276 3514 3331 hoc

1924 3365 2133 3421 scilicet
2188 3366 2460 3420 canticum
2494 3367 2625 3421 olim
2658 3383 2687 3421 a
2720 3368 2950 3423 Domino
2995 3382 3092 3436 per
3134 3369 3516 3438 propheticum

1923 3474 2230 3514 sermonem
2282 3461 2748 3528 pra'nnutiatum:
2789 3479 2808 3512 ι
2847 3461 2910 3515 Et
2953 3460 3104 3516 dices
3149 3461 3202 3515 in
3256 3461 3347 3516 die
3402 3461 3512 3525 illa,

1923 3553 2249 3608 Benedicam
2285 3564 2355 3619 te,
2389 3553 2639 3620 Domine,
2677 3553 2935 3624 quoniam
2971 3558 3148 3610 iratus
3178 3570 3239 3610 es
3273 3555 3429 3622 mihi,
3459 3537 3513 3610 et

1923 3645 2165 3700 avertisti
2200 3646 2438 3701 furorem
2488 3658 2665 3714 tuum,
2697 3657 2752 3703 et
2783 3647 3040 3703 misertus
3067 3664 3128 3703 es
3163 3649 3316 3722 mihi.
3345 3668 3364 3702 ι

1996 3738 2162 3796 Vens.
2193 3741 2248 3796 2.
2284 3761 2300 3790 ι
2329 3741 2466 3796 Ecce
2500 3741 2640 3798 Deus
2671 3759 2858 3808 meus,
2892 3743 3135 3798 salvator
3165 3759 3340 3808 meus,
3369 3742 3513 3797 ﬁdu-

1924 3834 2063 3887 ciam
2115 3833 2330 3888 habeho
2376 3835 2428 3888 in
2484 3835 2605 3899 illo,
2652 3844 2706 3891 et
2741 3851 2847 3891 non
2886 3837 3085 3891 timebo
3125 3855 3137 3890 :
3176 3837 3303 3905 quia
3336 3835 3510 3903 gloria

1924 3939 2041 3976 mea
2089 3933 2146 3978 et
2193 3922 2312 3979 laus
2344 3940 2461 3979 mea
2499 3925 2799 3992 Dominus,
2836 3936 2890 3980 et
2935 3924 3111 3980 factus
3145 3936 3228 3982 est
3267 3925 3400 3980 mihi
3456 3926 3510 3981 in

1922 4014 2175 4084 salutem,
2203 4034 2222 4068 ι
2260 4023 2315 4073 et
2351 4034 2473 4085 quae
2507 4019 2606 4073 sub
2643 4019 2754 4072 haec
2787 4020 3156 4088 prosequitur.
3187 4018 3324 4072 Illud
3351 4033 3510 4090 ergo,

1928 4111 2142 4164 «iratus
2190 4127 2252 4167 es
2304 4111 2455 4174 mihi,
2487 4131 2507 4165 ι
2565 4112 2921 4182 pristinorum
2979 4123 3326 4180 peccatorum
3376 4127 3510 4166 con-

1923 4198 2213 4256 fessionem
2255 4203 2477 4255 exhibet
2523 4218 2536 4256 :
2592 4217 2825 4271 quorum
2879 4217 3037 4256 causa
3087 4201 3335 4273 Aipyptii
3387 4211 3515 4257 ante

1922 4293 2217 4348 salutarem
2258 4296 2599 4350 vocationem
2661 4295 2738 4350 ira
2792 4295 2883 4348 Dei
2940 4294 3086 4364 (ligni
3137 4302 3338 4360 erant;
3380 4294 3513 4349 illud

1921 4392 2123 4444 autem,
2157 4403 2175 4435 ι
2203 4383 2460 4439 Avertisti
2497 4386 2731 4440 furorem
2763 4395 2913 4438 tuum
2959 4401 2987 4438 a
3018 4401 3102 4439 me
3123 4426 3138 4449 ,
3171 4395 3225 4440 et
3254 4387 3512 4442 misertus

1922 4493 1984 4531 es
2019 4478 2206 4542 mihi,»
2249 4489 2596 4547 peccatorum
2628 4481 3025 4546 remissionem,
3058 4481 3164 4536 illis
3195 4491 3316 4552 post
3350 4498 3511 4538 voca-

215 4569 641 4646 ἆμαρτημάτων
678 4575 953 4646 σημαίνει.
986 4575 1051 4629 Ἦ
1079 4577 1188 4646 γὰρ
1216 4579 1377 4649 χάρις
1404 4578 1494 4630 καὶ
1526 4579 1559 4648 ἡ
1592 4576 1818 4647 ἀλήθεια

1930 4569 2125 4621 tionem
2183 4584 2519 4634 concessam,
2572 4569 2862 4641 signiﬁcat.
2912 4569 3046 4626 Nam
3081 4575 3256 4642 gratia
3289 4584 3344 4628 et
3371 4575 3510 4629 veri-

219 4666 309 4719 διὰ
345 4667 522 4736 Ἰησοῦ
547 4666 785 4737 Χριστοῦ
815 4667 1081 4738 γενομένη
1139 4670 1233 4721 καὶ
1262 4670 1447 4731 αὐτοῖς
1478 4668 1816 4734 Αἰγυπτίοις,

221 4759 313 4813 καὶ
354 4761 494 4812 πᾶσι
523 4762 638 4822 τοῖς
686 4759 780 4812 τὸν
813 4760 942 4813 Υἱὸν
996 4759 1094 4813 τοῦ
1136 4759 1271 4813 Θεοῦ
1303 4761 1818 4832 παραδεδεγμένοις,

219 4850 442 4920 δεσμῶν
493 4849 647 4903 λύσιν
701 4852 795 4904 καὶ
858 4850 1146 4923 ἁμαρτιῶν
1205 4852 1553 4924 συγχώρησιν
1614 4853 1821 4923 ἐδωρή-

223 4961 374 4997 σατο.

298 5055 317 5088 ι
365 5035 482 5090 Καὶ
511 5035 812 5106 ἀντλήσατε
848 5034 994 5109 ὕδωρ
1047 5035 1163 5106 μετ’
1209 5035 1548 5106 εὐφροσύνης
1592 5038 1656 5089 ἐκ
1706 5037 1814 5090 τῶν

222 5129 422 5200 πηγῶν
458 5127 555 5180 τοῦ
583 5128 882 5199 Σωτηρίου.
920 5149 936 5180 ι
968 5128 1133 5181 Πάλιν
1159 5127 1533 5197 ἀλληγορικῶς
1582 5128 1816 5181 ἐνταῦθα

223 5219 598 5293 παραδεκτὲον
632 5219 693 5270 τὸ
725 5219 867 5292 ὕδωρ
901 5221 994 5272 καὶ
1020 5219 1126 5283 τὰς
1160 5218 1343 5288 πηγὰς
1378 5218 1469 5271 τοῦ
1511 5218 1811 5292 Σωτηρίου.

225 5316 459 5383 Νοήσεις
490 5312 547 5365 δὲ
578 5311 750 5365 ταῦτα
776 5312 940 5364 αὑτοῦ
973 5312 1222 5379 λέγοντος
1248 5311 1341 5364 τοῦ
1378 5312 1657 5382 Σωτῆροςο
1699 5331 1716 5361 ι
1752 5312 1819 5363 Εἴ

223 5422 305 5468 τις
336 5404 490 5474 διψᾷ,
521 5401 768 5473 ἐρχέσθω
793 5403 930 5474 πρὸς
977 5404 1065 5471 μὲ,
1102 5403 1196 5456 καὶ
1226 5403 1455 5455 πινέτω·
1488 5404 1516 5454 ὀ
1542 5401 1816 5455 πιστεύων

225 5500 303 5559 εἰς
330 5498 452 5569 ἐμὲ,
481 5515 500 5546 ι
527 5494 711 5558 καθὼς
728 5491 928 5564 εἶπενὴ
961 5496 1173 5567 Γραφὴ,
1203 5517 1220 5547 ι
1249 5495 1484 5564 ποταμοὶ
1503 5497 1564 5546 ἐκ
1586 5495 1685 5564 τῆς
1702 5513 1817 5547 κοι-

225 5593 343 5658 λίας
379 5595 546 5650 σῦτοῦ
572 5597 854 5667 ῥεύσουσιν
876 5595 1065 5659 ὓδατος
1097 5595 1313 5659 ζῶντος.
1369 5614 1384 5644 ι
1421 5593 1599 5662 Ιίηγαὶ
1637 5593 1815 5645 τοίνυν

298 5713 340 5743 ’⁸
376 5712 550 5767 Exod.
585 5728 677 5774 xv,
718 5714 762 5768 I.
842 5715 884 5742 ⁷²
921 5711 1077 5770 Jnau.
1112 5728 1216 5776 γη,
1253 5712 1343 5765 57.

1925 4669 2006 4712 tas
2044 4675 2138 4728 per
2170 4657 2356 4714 Jesum
2383 4659 2660 4715 Christum
2689 4663 2857 4730 facta,
2886 4681 3011 4719 cum
3047 4665 3175 4734 ipsis
3204 4665 3504 4736 Egyptiis,

1922 4761 2033 4803 tum
2067 4753 2320 4806 omnibus
2368 4753 2453 4815 iis,
2482 4754 2572 4821 qui
2615 4753 2811 4808 Filium
2851 4755 2941 4808 Dei
2979 4767 3354 4825 susceperant,
3389 4757 3511 4810 vin-

1919 4845 2161 4899 culorum
2198 4846 2547 4914 solutionem,
2589 4859 2644 4902 et
2678 4860 3024 4907 peccatorum
3061 4852 3271 4904 veniam
3301 4851 3470 4906 dedit.

1997 5027 2157 5083 Vens.
2189 5031 2241 5083 '5.
2281 5047 2298 5079 ι
2332 5030 2395 5083 Et
2427 5031 2644 5085 haurite
2672 5045 2868 5100 aquam
2898 5047 3020 5086 cum
3053 5033 3252 5102 gaudio
3283 5049 3352 5088 ex
3391 5033 3512 5088 fon-

1927 5121 2068 5174 tibus
2093 5121 2382 5176 Salutaris.
2415 5142 2434 5174 ›
2481 5122 2605 5176 Haec
2649 5123 2803 5186 item,
2833 5134 2940 5177 tam
2988 5142 3155 5195 aqua,
3195 5141 3360 5195 quam
3394 5126 3509 5180 fon-

1925 5223 2003 5268 tes
2028 5212 2314 5278 Salutaris,
2350 5217 2639 5285 allegorice
2667 5229 2794 5272 sunt
2819 5219 3152 5287 accipienda.
3193 5218 3319 5274 Haec
3343 5233 3509 5284 porro

1925 5307 2200 5377 intelligas
2253 5310 2367 5378 ipso
2400 5311 2692 5365 Servatore
2741 5314 2980 5375 dicente,
3033 5330 3050 5361 ‹
3086 5310 3142 5365 Si
3190 5312 3314 5379 quis
3366 5312 3508 5376 sitit,

1925 5402 2105 5456 veniat
2151 5403 2218 5455 ad
2257 5420 2359 5465 me,
2398 5417 2446 5460 et
2497 5405 2643 5458 bibat
2684 5422 2698 5459 :
2743 5407 2836 5474 qui
2888 5407 3062 5461 credit
3104 5407 3155 5461 in
3195 5422 3335 5470 me,»
3369 5409 3511 5462 sicut

1926 5497 2060 5550 dicit
2121 5495 2423 5565 Scriptura.
2467 5519 2485 5551 ι
2527 5499 2745 5553 ﬂumina
2793 5499 2858 5552 de
2924 5508 3114 5554 ventre
3174 5499 3294 5569 ejus
3339 5499 3508 5553 ﬂuent

1925 5604 2079 5659 aqua:
2123 5591 2257 5646 viva:
2299 5591 2408 5647 τ’.»
2444 5592 2644 5648 Fontes
2696 5592 2860 5663 igitur
2893 5591 3177 5658 Salutaris,
3225 5607 3507 5648 sermones

306 5857 416 5926 (I8)
470 5855 597 5914 Ilaec
660 5868 782 5912 item
844 5857 1240 5928 II‘eronymm,
1300 5857 1389 5911 sed
1450 5856 1666 5911 brevius
1721 5862 1996 5923 CXpI'lmll.
