4042 6440
591 448 689 503 183

1228 440 1495 498 EUSEBII
1538 437 2016 497 CESABIENSIS
2057 437 2207 495 OPP.
2248 435 2430 491 PARS
2467 435 2552 490 III.
2593 467 2658 478 —
2698 430 3101 492 EXEGETICA.

3736 428 3832 484 184

585 557 879 630 evangelici
942 568 1104 626 sunt,
1168 572 1232 614 ex
1304 557 1505 631 Spiritu
1564 565 1753 644 sancto
1814 571 1911 612 ceu
1966 556 2131 612 imbre

2267 553 2543 624 Σωτηρίου
2574 555 2722 624 λόγοι
2751 554 2887 607 εἰσὶν
2914 548 3277 620 εὐαγγελικοὶ,
3305 546 3366 614 ἐξ
3402 546 3560 617 ἁγίου
3591 545 3823 619 Πνεύμα-

583 666 783 708 emissi.

654 740 821 798 νιος.
850 742 906 805 4.
938 742 992 797 5;
1050 760 1068 792 ι
1096 739 1161 795 Et
1187 739 1335 794 dices
1373 740 1425 793 in
1460 738 1546 793 die
1590 738 1715 804 illa,
1745 736 1971 809 llymnis
2010 738 2153 794 celeo

581 829 735 886 brate
768 831 1071 895 Dominum,
1109 829 1339 885 clamate
1388 844 1585 884 nomen
1616 829 1733 898 ejus
1777 848 1792 884 :
1838 831 2151 884 annuntiate

582 920 834 991 gentibus
874 920 1104 991 gloriosa
1154 918 1287 989 ejus.
1327 917 1649 973 Mementote
1703 921 1955 987 quoniam
2002 919 2151 973 exal-

585 1020 754 1065 tatum
808 1020 892 1066 est
946 1024 1141 1065 nomen
1195 1008 1333 1080 ejus.
1386 1008 1611 1079 Hymnis
1645 1009 1915 1065 celebrate
1956 1025 2147 1065 nomen

584 1102 812 1168 Domini,
843 1101 967 1170 quia
1001 1100 1217 1156 excelsa
1250 1101 1378 1154 fecit
1409 1119 1421 1155 :
1454 1101 1773 1157 annuntiate
1804 1101 1918 1157 haec
1948 1102 1999 1157 in
2027 1103 2149 1156 uni-

580 1207 732 1248 versa
775 1202 941 1247 terra.
972 1211 991 1244 ι
1023 1192 1177 1258 Illud,
1217 1209 1236 1243 ι
1270 1192 1438 1253 dices.
1472 1209 1490 1244 ι
1540 1192 1766 1246 chorum
1790 1193 2146 1263 evangelista—

579 1301 699 1341 rum
726 1284 1028 1341 Salvatoris
1060 1284 1227 1339 nostri
1257 1282 1559 1352 compellat.
1588 1282 1643 1336 ln
1668 1282 1779 1347 illa,
1815 1284 2007 1354 inquit,
2036 1284 2143 1347 die,

578 1375 790 1431 scilicet
837 1385 1081 1444 tempore
1111 1375 1164 1429 in
1200 1374 1481 1443 prOphetia
1522 1375 1845 1446 signiﬁcato,
1883 1385 1938 1430 tu
1971 1389 2144 1444 praem

577 1464 837 1520 salutaris
883 1462 1190 1534 Evangelii,
1249 1461 1520 1535 Egyptiis
1567 1465 1657 1533 qui
1703 1465 2140 1535 praedicationem

575 1555 933 1626 susceperint,
980 1555 1149 1619 dices,
1195 1571 1213 1604 ι
1246 1552 1470 1625 Hymnis
1514 1556 1783 1611 celebrate
1832 1555 2138 1621 Dominum,

579 1648 815 1702 clamate
868 1646 1070 1701 nomini
1121 1644 1368 1709 Domini,
1421 1634 1837 1701 annuntiate'in
1891 1649 2139 1716 gentibus

575 1738 806 1800 gloriosa
859 1738 974 1807 ejus
1010 1753 1025 1791 :
1061 1747 1393 1797 mementote
1430 1736 1684 1806 quoniam
1722 1737 2019 1792 exaltatum
2058 1748 2140 1793 est

576 1842 767 1881 nomen
799 1826 934 1895 ejus.
967 1845 986 1878 ι
1030 1825 1154 1880 Haec
1182 1827 1376 1895 quippe
1421 1834 1498 1889 tu,
1529 1827 1731 1880 chorus
1787 1826 2133 1895 apostolicus,

2259 660 2348 708 τος
2376 644 2826 715 ἀνωμσρωμένοι.

2333 754 2353 788 ι
2394 738 2504 790 Καὶ
2527 739 2673 807 ἐρεῖς
2702 737 2761 789 ἐν
2782 736 2848 806 τῆ
2879 733 3062 806 ἡμέρᾳ
3085 732 3297 804 ἐκείνῃ·
3325 730 3576 801 ’Υμνεῖτε
3601 729 3827 802 Κύριον,

2256 822 2416 893 βοᾶτε
2446 823 2508 877 τδ
2537 824 2706 895 ὄνομα
2734 824 2921 885 αὐτοῦ,
2975 821 3332 892 ἀναγγείλατε
3380 823 3493 885 τοῖς
3539 818 3718 873 ἔθνεσι
3760 820 3829 875 τά

2255 914 2440 980 ἔνδοξα
2487 917 2675 980 αὐτοῦ,
2736 914 3126 987 μιμνήσκεσθε,
3182 915 3263 968 ὅτι
3308 912 3496 984 ὑψώθη
3551 912 3614 965 τὸ
3657 912 3829 983 ὄνομα

2255 1006 2442 1062 αὐτοῦ.
2480 1008 2788 1077 Ὑμνήσατε
2815 1009 2874 1061 τὸ
2894 1007 3061 1077 ὄνομα
3084 1006 3315 1076 Κυρίου,
3331 1007 3412 1059 ὃτι
3433 1005 3611 1077 ὑψηλά
3640 1006 3827 1077 ἐποίη-

2254 1112 2377 1149 σεν⁹
2414 1098 2771 1166 ἀναγγείλατε
2828 1098 3002 1152 ταῦτα
3038 1100 3097 1151 ὲν
3146 1098 3294 1169 πάσῃ
3332 1100 3399 1168 τῇ
3446 1100 3539 1169 γῇ.
3576 1116 3595 1148 ι
3627 1096 3703 1150 Τὸ
3746 1096 3825 1159 δὲ,

2257 1205 2274 1237 ι
2320 1190 2487 1258 ὲρεϊς,
2527 1208 2545 1239 ι
2599 1192 2910 1257 προσφωνεῖ
2954 1187 3032 1259 τῷ
3073 1187 3217 1259 χορῷ
3272 1188 3380 1241 τῶν
3423 1187 3826 1257 εὐαγγελιπῶ

2248 1278 2341 1332 τοῦ
2374 1280 2626 1352 Σωτῆρος
2659 1280 2836 1351 ἡμῶν.
2880 1279 2971 1333 Ἐν
3002 1282 3206 1352 ἐκείνῃ,
3232 1282 3385 1349 φησὶ,
3414 1284 3478 1352 τῇ
3512 1267 3715 1352 ἡμέρᾳ,
3736 1279 3825 1351 δη-

2247 1371 2379 1444 λαδὴ
2418 1375 2473 1426 ὲν
2502 1373 2578 1443 τῷ
2612 1374 3090 1445 προφητεύομένῳ,
3127 1374 3271 1444 ἐρεῖς
3310 1375 3396 1435 σὺ,
3429 1376 3458 1427 6
3501 1371 3676 1444 κήρυξ
3728 1370 3823 1426 τοῦ

2247 1463 2516 1535 σωτηρίου
2566 1463 2919 1531 Εὐαγγελίου,
2948 1465 3059 1527 τοῖς
3093 1463 3153 1515 τὸ
3201 1463 3463 1534 κήρυγμα
3515 1461 3823 1534 παραδεξα-

2249 1552 2433 1621 μένοις
2454 1553 2790 1621 Αἰγυπτίοις.
2823 1572 2839 1604 ι
2875 1553 3123 1623 ’Υμνεῖτε
3153 1552 3376 1623 Κύριον,
3413 1552 3571 1621 βοᾶτε
3599 1552 3678 1623 τῷ
3706 1552 3824 1605 ὀνό-

2246 1655 2375 1707 ματι
2402 1638 2605 1710 Κυρίου
2628 1655 2641 1667 ·
2701 1639 3057 1708 ἀναγγείλατε
3088 1640 3146 1692 ὲν
3189 1643 3300 1703 τοῖς
3326 1640 3503 1693 ἔθνεσι
3528 1642 3598 1695 τὰ
3636 1641 3824 1706 ἔνδοξα

2241 1730 2433 1784 αὐτοῦ·
2471 1732 2867 1801 μιμνήσκεσθε,
2900 1733 2981 1785 ὅτι
3016 1732 3202 1804 ὑψώθη
3249 1732 3313 1785 τὸ
3360 1732 3529 1802 ὄνομα
3568 1733 3754 1788 αὐτοῦ.
3796 1753 3819 1787 ι

2242 1822 2426 1875 Ταῦτα
2453 1821 2562 1892 γάρ
2587 1822 2675 1887 σὺ,
2695 1823 2722 1874 6
2755 1821 2915 1892 χορὸς
2938 1823 2967 1874 ό
3004 1821 3377 1887 ἀποστολικὸς,
3404 1822 3671 1875 διδάσκων
3695 1824 3823 1889 τοὺς

575 1932 697 1970 cum
753 1916 1047 1987 discipulos
1090 1916 1308 1971 docebis
1350 1926 1491 1979 tuos,
1527 1916 1787 1983 proferes.
1825 1916 2131 1985 praecipiens

2244 1913 2348 1966 ὐπὸ
2380 1914 2441 1966 σὲ
2478 1912 2969 1984 μαθητευομένους,
3001 1914 3164 1984 ὲρείς,
3214 1913 3609 1984 παραγγέλλων
3638 1914 3823 1978 αὐτοῖς

575 2005 701 2068 illis,
737 2015 797 2059 ut
824 2020 891 2059 ne
922 2004 1155 2069 sileant;
1203 2004 1294 2058 sed
1346 2003 1594 2059 salutaris
1632 2002 1875 2060 beneﬁcii
1910 2006 2138 2074 gratiam

572 2097 825 2153 omnibus
853 2098 1195 2161 annuntient,
1226 2096 1565 2164 clamentque
1588 2104 1645 2149 ut
1685 2096 1991 2152 audiantur.

646 2188 807 2245 Vsus.
844 2188 897 2244 6.
941 2207 960 2240 ι
989 2189 1264 2244 Exsultate
1306 2197 1361 2243 et
1405 2187 1699 2253 lzetamini,
1745 2189 1837 2256 qui
1883 2189 2140 2244 habitatis

574 2278 728 2345 Sion,
772 2280 898 2347 quia
949 2280 1213 2334 exaltatus
1263 2289 1346 2334 est
1384 2288 1603 2333 sanctus
1653 2278 1813 2334 Israel
1864 2279 1918 2333 in
1963 2283 2137 2337 medio

568 2369 705 2439 ejus.
728 2388 747 2420 ι
779 2367 895 2424 Jam
924 2368 1163 2438 pluribus
1189 2370 1445 2423 traditum
1470 2379 1554 2424 est
1581 2368 1798 2424 Sionem
1828 2386 1948 2427 esse
1970 2386 2137 2427 evan-

570 2459 795 2527 gelicum
826 2460 1070 2522 verbum,
1106 2461 1157 2511 in
1192 2474 1302 2528 quo
1334 2458 1581 2514 Ecclesia
1610 2459 1703 2513 Dei
1731 2460 1994 2514 :edilicata
2029 2470 2132 2515 est.

571 2548 833 2616 Quoniam
876 2550 1038 2621 igitur
1089 2561 1308 2605 sanctus
1345 2550 1508 2605 Israel
1554 2552 1606 2604 in
1653 2550 1827 2606 medio
1874 2552 2133 2609 Ecclesia

570 2641 839 2697 exaltatus
878 2652 987 2707 est;
1032 2644 1175 2713 jure,
1228 2642 1420 2711 inquit.
1467 2644 1738 2699 exsultate
1786 2655 1840 2699 et
1874 2645 2130 2701 laetantiui

569 2735 657 2801 qui
693 2734 744 2787 in
772 2734 858 2787 illa
908 2736 1061 2799 estis,
1092 2744 1276 2803 utpote
1321 2734 1409 2802 qui
1467 2744 1715 2790 sanctum
1743 2735 1901 2791 Israel
1934 2737 1985 2791 in
2020 2753 2133 2793 me-

569 2827 657 2879 dio
688 2835 923 2880 vestrum
970 2826 1240 2889 habeatis;
1288 2827 1583 2880 secundum
1616 2828 2028 2895 promissionem
2064 2830 2132 2884 ab

567 2918 683 2985 ipso
736 2915 933 2971 factam
972 2917 1056 2973 his
1089 2919 1289 2981 verbis,
1328 2937 1345 2970 ι
1377 2917 1478 2974 Ubi
1525 2920 1649 2984 duo,
1699 2918 1783 2974 vel
1848 2930 1959 2975 tres
2009 2934 2134 2975 con-

567 3008 769 3077 gregali
814 3008 1015 3063 fuerint
1048 3010 1099 3063 in
1152 3010 1370 3064 nomine
1418 3025 1558 3078 meo,
1603 3010 1713 3066 illic
1750 3026 1867 3066 sum
1915 3014 1967 3066 in
2018 3026 2131 3066 me-

567 3099 653 3153 dio
680 3114 865 3154 eorum
889 3100 952 3153 ⁷³.
987 3120 1005 3152 ι

1149 3192 1380 3249 CAPUT
1409 3194 1545 3253 XIII.

637 3278 802 3336 Vsus.
849 3280 903 3346 1,
947 3281 999 3335 3.
1068 3281 1302 3347 «Visio,
1354 3298 1515 3353 quam
1570 3283 1706 3338 vidit
1768 3284 1936 3340 Isaias
1986 3286 2127 3342 illius

564 3373 749 3436 Amos,
797 3383 985 3428 contra
1013 3373 1367 3447 Babylonem.
1414 3374 1584 3445 Super
1640 3384 1877 3431 montem
1920 3391 2129 3447 campe-

564 3473 731 3518 strem
778 3463 953 3519 levate
1006 3466 1261 3535 signum,
1321 3469 1554 3521 exaltate
1609 3480 1793 3521 vocem
1852 3467 2027 3536 ipsis:
2063 3483 2129 3524 ne

565 3556 824 3620 timeatis,
857 3557 1118 3612 advocate
1142 3558 1577 3626 manu,.aperite,
1604 3558 1897 3627 principes.
1926 3578 1943 3610 ι
1979 3560 2127 3615 Vat-i-

564 3642 885 3700 cinatus'ea
933 3662 1053 3716 qua:
1105 3646 1159 3701 in
1214 3648 1447 3702 adventu
1493 3647 1695 3702 Christi
1744 3648 1927 3702 futura
1979 3659 2124 3716 sunt,

565 3732 704 3790 aliud
748 3736 848 3791 init
889 3748 1264 3806 argumentum
1297 3749 1483 3793 contra
1515 3738 1842 3810 Babylonem
1881 3758 1895 3795 :
1934 3741 2129 3795 deinde

564 3826 853 3882 secundum
894 3830 1045 3883 addit
1076 3830 1142 3883 de
1174 3830 1499 3896 Philistzeis;
1530 3840 1714 3898 postea
1750 3833 1971 3887 tertium
1997 3846 2127 3887 con-

564 3928 647 3971 tra
681 3917 1019 3973 Moabitidem
1046 3958 1063 3985 ,
1113 3921 1238 3974 hinc
1286 3931 1473 3976 contra
1521 3921 1866 3986 Damascum,
1910 3934 1966 3977 et
2008 3934 2128 3992 post

564 4009 678 4063 haec
715 4010 955 4079 sequitur
995 4013 1131 4067 visio
1162 4010 1414 4082 Egypti;
1459 4021 1669 4083 sextum
1723 4013 1936 4077 deinde,
1989 4016 2126 4070 visio

564 4097 829 4162 Idumaeas,
861 4100 960 4154 sub
990 4100 1124 4163 haec,
1148 4099 1439 4170 assumptio
1464 4100 1675 4156 Arabia
1698 4118 1715 4168 ;
1742 4117 1903 4171 quam
1927 4104 2128 4174 excipit

567 4187 703 4241 visio
734 4189 892 4243 vallis
915 4188 1066 4254 Sion,
1105 4191 1319 4244 demum
1357 4191 1492 4246 visio
1517 4189 1666 4261 Tyri.
1709 4192 1803 4245 Hm
1838 4207 2000 4262 porro
2028 4196 2123 4249 de-

562 4294 681 4333 cem
734 4280 1031 4348 pmphetite
1078 4290 1263 4336 mutuo
1318 4282 1615 4344 cohaerent,
1673 4282 1739 4336 de
1802 4283 2125 4356 alienigenis

564 4369 815 4437 gentibus
855 4368 1094 4442 prolatae,
1146 4370 1472 4441 quibuscum
1510 4372 1698 4433 vallem
1743 4372 1925 4429 Siouis
1976 4390 2125 4428 com-

563 4460 839 4529 plectitur,
874 4476 994 4515 cum
1042 4462 1364 4534 alienigenis
1390 4464 1673 4521 Judaicum
1709 4471 1836 4523 Item
1870 4466 2123 4536 populum

2246 2002 2321 2073 μὴ
2356 2006 2568 2073 σιωπᾷν
2590 2022 2603 2036 ·
2629 2003 2972 2072 ἐξαγγέλλειν
2988 2005 3044 2058 δὲ
3068 2008 3178 2067 τοῖς
3208 2008 3342 2058 πᾶσι
3371 2006 3464 2059 καὶ
3491 2008 3569 2069 εἰς
3591 2006 3821 2072 ἑξάχουν

2243 2108 2367 2145 στον
2402 2093 2531 2163 βοᾷν
2561 2094 2658 2164 τῆς
2692 2093 2957 2165 σωτηρίου
2989 2094 3306 2165 εὐεργεσίας
3332 2095 3432 2166 τὴν
3456 2095 3638 2167 χάριν.

2320 2202 2339 2234 ι
2394 2184 2747 2253 ’Δγαλλιᾶσθε
2795 2187 2886 2238 καὶ⁵
2930 2186 3306 2258 εὐφραίνεσθε,
3339 2190 3389 2239 oi.
3433 2204 3822 2253 κατοικουντες

2240 2271 2395 2337 Σιὼν,
2414 2275 2495 2326 ὅτι
2521 2274 2706 2344 ὑψώθη
2729 2277 2758 2328 6
2785 2276 2940 2343 ἅγιος
2964 2276 3057 2329 τοῦ
3095 2278 3310 2349 Ἰσραὴλ
3334 2279 3391 2330 ἐν
3410 2279 3558 2349 μέσῳ
3587 2279 3779 2349 αὐτῆς.
3795 2300 3815 2331 ι

2242 2362 2380 2433 Ἤδη
2422 2364 2480 2416 δὲ
2517 2364 2604 2417 διὰ
2650 2365 2911 2419 πλειόνων
2963 2364 3101 2419 Σιὼν
3133 2368 3367 2438 ἀπεδόθη
3403 2370 3431 2421 6
3463 2369 3822 2437 εὐαγγελικὸς

2237 2451 2413 2521 λόγος,
2466 2454 2551 2524 ἐφ’
2596 2449 2656 2508 οὐ
2710 2458 2743 2527 ὴ
2781 2457 3075 2529 Ἐκκλησία
3115 2458 3210 2512 τοῦ
3258 2459 3394 2513 Θεοῦ
3446 2460 3816 2532 ᾠκοδόμηται.

2249 2544 2400 2595 Ἐπεὶ
2452 2545 2633 2597 τοίνυν
2684 2547 2712 2598 6
2756 2547 2908 2615 ἅγιος
2960 2547 3056 2601 τοῦ
3096 2549 3310 2621 Ἰσραὴλ
3354 2550 3540 2621 ὑψώθη
3575 2554 3633 2604 ὲν
3664 2551 3821 2625 μέσῳ

2232 2634 2331 2705 τῆς
2401 2636 2744 2708 Ἐκκλησίας,
2805 2639 3029 2704 εἰκότως
3099 2640 3448 2709 ἀγαλλιᾶσθε,
3505 2643 3659 2713 φησὶ,
3722 2646 3821 2699 καὶ

2238 2725 2618 2796 εὐφραίνεσθε,
2649 2732 2695 2781 οἱ
2734 2730 2791 2783 ὲν
2817 2732 2955 2801 αὐτῇ
2981 2748 2994 2762 ·
3026 2732 3120 2785 ἆτε
3143 2733 3206 2803 δὴ
3239 2735 3402 2803 μέσον
3422 2735 3584 2787 αὐτὸν
3598 2736 3820 2805 ἔχοντες

2233 2818 2325 2871 τὸν
2380 2818 2534 2887 ἅγιον
2586 2819 2681 2874 τοῦ
2740 2822 2972 2893 Ἰσραὴλ,
3025 2824 3163 2876 κατὰ
3218 2824 3316 2894 τὴν
3372 2826 3700 2895 ἐπαγγελίαν
3744 2827 3818 2900 ἣν

2236 2908 2399 2973 αὐτὸς
2433 2911 2723 2983 πεποίηται
2750 2915 2957 2984 φήσας·
3000 2934 3017 2965 ι
3056 2916 3228 2968 Ὅπου
3270 2916 3378 2968 εἰσ)⁵
3409 2916 3504 2969 δύο
3535 2918 3630 2970 καὶ
3662 2920 3815 2989 spei;

2236 3004 2566 3074 συνηγμένοι
2610 3006 2667 3059 ἐν
2717 3007 2795 3077 τῷ
2823 3007 3043 3077 ὀνόματί
3085 3025 3209 3079 μου,
3251 3010 3369 3063 ἐκεῖ
3411 3012 3527 3082 ειμι
3561 3012 3621 3064 ὲν
3660 3012 3815 3083 μέσῳ

2230 3111 2428 3148 αυτων.
2462 3114 2478 3147 Ι

2747 3188 3140 3243 ΚΕΦΑΛΔΙΟΝ
3179 3188 3277 3243 ΙΓ⁴.

2310 3296 2331 3328 ι
2377 3278 2606 3349 Ὀρασις
2650 3280 2715 3349 ὴν
2746 3275 2886 3333 εἶδεν
2920 3281 3145 3344 Ἡσαΐας
3172 3281 3283 3344 υίὸς
3320 3284 3502 3354 ’Δμὼς
3525 3285 3669 3339 κατά
3702 3286 3812 3340 Ba.

2231 3369 2490 3434 δυλῶνος.
2526 3372 2642 3423 Ἐπ’
2677 3373 2835 3442 ὅρους
2886 3371 3100 3424 πεδινοῦ
3140 3373 3309 3443 ἄρατε
3363 3378 3610 3447 σημεῖον,
3662 3377 3814 3448 ὑψώ-

2231 3478 2359 3515 σατε
2384 3462 2482 3533 τὴν
2518 3463 2699 3534 φωνὴν
2735 3465 2916 3526 αὐτοῖς
2936 3480 2947 3491 ·
2985 3464 3060 3536 μὴ
3109 3466 3378 3535 φοϐεῖσθε,
3429 3468 3812 3541 παρακαλεῖτε

2227 3553 2294 3621 τῇ
2361 3550 2526 3622 χειρὶ,
2581 3553 2848 3618 ἀνοίξατε,
2885 3555 2936 3607 oi
2985 3556 3262 3626 ἄρχοντες.
3312 3576 3331 3609 ι
3382 3560 3493 3614 Καὶ
3553 3561 3690 3632 μετά
3737 3562 3813 3617 τὰ

2228 3642 2585 3697 θεσπισθέντα
2613 3643 2678 3696 τὰ
2706 3646 2799 3697 ἐπὶ
2830 3645 2929 3715 τῆς
2956 3648 3255 3716 παρουσίας
3281 3648 3373 3701 τοῦ
3418 3651 3653 3721 Χριστοῦ
3710 3669 3803 3722 γε·

2227 3734 2499 3804 νησύμενα
2524 3736 2713 3805 ἑτέρας
2750 3737 2976 3807 ἄρχεται
3011 3723 3315 3803 ὑποθέσεως
3339 3741 3442 3811 τῆς
3465 3744 3607 3796 κατά
3633 3744 3812 3799 Βαϐυ-

2227 3822 2423 3887 λῶνος·
2458 3820 2557 3876 εἶθ’
2586 3825 2711 3895 ἑξῆς
2735 3827 2991 3898 δευτέραν
3039 3830 3219 3901 τίθησι
3263 3832 3362 3902 τὴν
3393 3833 3520 3903 περὶ
3554 3833 3659 3887 τῶν
3694 3837 3807 3890 Φυ-

2227 3914 2502 3968 λιστιαίων
2536 3932 2549 3945 ·
2586 3918 2703 3986 μεθ’
2736 3918 2801 3988 ἣν
2840 3920 3021 3989 τρίτον
3059 3921 3177 3977 ἐστὶ
3200 3922 3260 3975 τὸ
3290 3923 3432 3977 κατά
3458 3925 3557 3995 τῆς
3588 3927 3812 3981 Μωαϐί-

2225 4005 2367 4069 τιδος
2393 4024 2405 4037 ·
2434 4003 2551 4059 εἶτα
2582 4010 2676 4060 καὶ
2713 4010 2774 4062 τὸ
2806 4012 2947 4064 κατά
2975 4014 3287 4083 Δαμασκοῦ,
3330 4017 3422 4069 καὶ
3450 4018 3589 4087 μετά
3626 4018 3807 4075 ταῦτα

2226 4096 2419 4162 ὅρασις
2468 4097 2777 4167 Αἰγύπτου·
2814 4096 2913 4153 εἷθ’
2967 4101 3123 4155 ἕκτον
3170 4104 3233 4156 τὸ
3265 4106 3449 4176 ὅραμα
3496 4107 3595 4177 τῆς
3645 4109 3807 4164 Ἰδου-

2231 4188 2427 4257 μαίας·
2490 4188 2679 4241 ἔπειτα
2726 4190 2916 4261 λῆμμα
2968 4196 3034 4264 τῇ
3088 4194 3351 4267 Ἀραδίᾳο
3405 4191 3449 4264 ᾧ
3500 4199 3689 4253 ἕπεται
3741 4200 3808 4256 τὸ

2227 4278 2415 4349 ὅραμα
2439 4279 2538 4349 τῆς
2571 4281 2852 4352 φάραγγος
2878 4283 3015 4337 Σιών
3036 4302 3048 4315 ·
3087 4288 3177 4339 καὶ
3207 4289 3299 4342 ἐπὶ
3328 4290 3463 4342 πᾶσι
3512 4291 3572 4344 τὸ
3619 4292 3808 4363 ὅραμα

2228 4372 2423 4442 Τύρου.
2460 4372 2598 4426 Δέκα
2633 4374 2690 4427 δὲ
2733 4367 2892 4427 αὗται
2948 4377 3041 4441 καὶ
3094 4381 3438 4450 συνημμέναι
3474 4384 3804 4453 τυγχάνουσι

2231 4466 2554 4533 προφητεῖαι
2578 4465 2704 4536 περὶ
2736 4465 2844 4519 τῶν
2886 4465 3195 4537 ἀλλοφύλων
3229 4470 3419 4535 ὲθνῶν,
3442 4466 3529 4534 αἷς
3558 4473 3652 4525 καὶ
3700 4474 3807 4547 τὴν

560 4566 811 4606 evocans.
849 4550 959 4607 Cur
1004 4566 1180 4608 autem
1209 4554 1397 4608 horum
1434 4566 1641 4610 tantum
1665 4558 1819 4626 quasi
1866 4572 1931 4612 ex
1980 4568 2125 4611 sorte

2235 4554 2489 4624 φάραγγα
2552 4555 2688 4609 Σιὼν
2719 4558 3167 4630 συμπεριείληφε,
3193 4563 3306 4625 τοίς
3348 4562 3663 4633 ἀλλοφύλοις
3706 4567 3805 4621 καὶ

561 4643 795 4711 quadam
829 4645 1108 4712 meminit,
1141 4647 1365 4701 aliarum
1410 4663 1538 4703 vero
1588 4651 1828 4719 gentium
1875 4650 2129 4704 minimc?

564 4732 975 4800 Respondemus
1024 4734 1196 4789 nullas
1249 4736 1381 4790 alias
1430 4745 1556 4792 tunc
1610 4737 1869 4807 temporis
1916 4736 2131 4793 Judaeu—

564 4834 682 4873 rmn
739 4819 931 4889 populo
985 4821 1208 4876 infestas
1255 4822 1441 4889 fuisse,
1478 4826 1579 4880 nisi
1612 4841 1774 4896 supra
1806 4828 2123 4890 recensitas.

562 4927 683 4981 qum
734 4911 1049 4981 frequenter
1094 4923 1283 4968 contra
1334 4916 1457 4971 illos
1513 4918 1914 4990 iusurgebant:
1965 4919 2128 4975 modo

562 5002 783 5070 quidem
822 4999 1215 5074 Jerosolymam
1263 5006 1580 5072 expilautes,
1623 5012 1779 5063 modo
1816 5025 2009 5065 eorum
2042 5026 2129 5067 re.

562 5093 773 5161 gionem
801 5103 1100 5149 vastantes.
1147 5094 1507 5161 Quamobrem
1538 5113 1656 5163 eos,
1683 5100 1772 5169 qui
1804 5102 2126 5156 obsideban-

562 5195 671 5249 tur,
708 5186 1016 5241 necessario
1052 5185 1329 5256 Scriptura
1357 5188 1514 5244 docet
1543 5204 1603 5243 ea
1625 5231 1640 5255 ,
1674 5207 1798 5261 qua:
1824 5192 2127 5247 obsidenti-

561 5276 664 5330 bus
706 5285 963 5331 eventura
1006 5287 1180 5332 erant.
1230 5279 1363 5349 Ipsis
1398 5295 1527 5335 vero
1559 5296 1681 5335 cum
1717 5283 2001 5338 scientiam
2033 5299 2130 5354 per

564 5365 836 5421 Christum
860 5368 1273 5434 conciliandam,
1300 5381 1412 5425 tum
1440 5371 1706 5427 bonorum
1735 5377 2121 5443 promissiones

562 5458 847 5513 annuntiat
878 5477 893 5513 :
928 5460 1283 5530 omnibusque
1325 5461 1620 5518 universim
1674 5466 1739 5520 de
1780 5467 1987 5537 judicio
2022 5468 2116 5524 Dei

564 5548 723 5603 verba
754 5549 901 5613 facit,
934 5566 1120 5606 omnes
1154 5553 1396 5609 homines
1422 5556 1707 5612 cohortans
1731 5558 1797 5610 ad
1830 5558 1916 5627 pie
1939 5559 2119 5613 viven-

564 5638 711 5705 dum,
747 5638 839 5695 Dei
866 5642 1146 5697 tribunalis
1179 5656 1463 5701 memores.
1504 5642 1739 5701 Primam
1766 5645 1929 5717 igitur
1957 5646 2111 5703 visio-

633 5813 679 5847 "
707 5815 894 5871 Matth.
925 5832 1076 5887 mn,
1108 5818 1197 5875 20.

2228 4644 2316 4697 τὸν
2358 4644 2465 4697 τῶν
2502 4646 2769 4700 Ἰουδαίων
2820 4649 3160 4717 συγκαλέσας
3196 4650 3342 4706 λαόν.
3378 4653 3442 4705 Τί
3491 4654 3689 4725 δήποτε
3742 4657 3804 4710 δὲ

2226 4735 2428 4788 τούτων
2454 4736 2631 4806 μόνων
2656 4736 2844 4809 ὥσπερ
2869 4740 3333 4810 ἀποκληρωτικῶς
3359 4744 3650 4813 μέμνηται,
3675 4746 3803 4816 οὐχὶ

2225 4826 2282 4879 δὲ
2318 4827 2411 4879 καὶ
2458 4827 2657 4897 ἑτέρων
2692 4828 2898 4894 ἐθνῶνς
2939 4831 3223 4902 Ἐροῦμεν,
3250 4833 3332 4885 ὅτι
3380 4834 3597 4890 οὐδένες
3645 4835 3801 4890 ἄλλοι

2227 4918 2347 4971 κατ’
2378 4920 2552 4971 ὲκεῖνο
2577 4919 2771 4991 καιροῦ
2803 4922 3175 4992 παρηνόχλουν
3198 4926 3311 4988 τοῖς
3348 4926 3620 4990 Ἰουδαίοις
3671 4926 3705 4999 ἢ
3746 4931 3799 4983 oi

2228 5010 2674 5080 καταλεχθέντες,
2711 5012 2950 5082 συνεχῶς
2979 5014 3161 5078 αὐτοῖς
3195 5017 3615 5087 ἐπανιστάμενοι
3636 5035 3649 5048 ·
3700 5020 3801 5073 καὶ

2228 5102 2355 5155 ποτὲ
2386 5103 2482 5171 μὲν
2510 5102 2608 5174 τὴν
2651 5104 3003 5174 Ἰερουσαλὴμ
3040 5105 3389 5177 πορθοῦντες,
3424 5109 3554 5162 ποτὲ
3591 5110 3649 5163 δὲ
3694 5114 3800 5183 τὴν

2228 5193 2408 5265 χώραν
2427 5197 2604 5250 αὐτῶν
2637 5195 2911 5268 δῃοῦντες.
2948 5198 3141 5271 Διόπερ
3168 5199 3197 5251 6
3240 5199 3397 5268 λόγος
3418 5204 3541 5266 τοὺς
3572 5204 3799 5275 πολιορ-

2228 5286 2525 5356 κουμένους
2556 5289 2875 5356 ἀναγκαίως
2911 5290 3155 5343 ἐδίδασκε
3185 5291 3253 5344 τὰ
3276 5291 3661 5364 συμϐησόμενα
3683 5299 3799 5359 τοῖς

2229 5374 2410 5439 αὐτοῖς
2444 5378 2811 5449 πολιορκοῦσι.
2848 5381 3049 5434 Γνῶσιν
3079 5384 3135 5435 δὲ
3182 5384 3367 5445 αὐτοῖς
3404 5384 3500 5455 τὴν
3533 5386 3623 5439 διὰ
3654 5389 3797 5445 Χρι-ι

2228 5466 2353 5519 στοῦ
2375 5469 2469 5522 καὶ
2495 5470 2717 5537 ἀγαθῶν
2756 5474 3085 5541 ἐπαγγελίας
3114 5474 3550 5545 εὐαγγελίζεται·
3588 5497 3801 5551 κηρυτο

2224 5575 2306 5611 τει
2346 5576 2404 5612 τε
2434 5560 2732 5626 καθολικῶς
2780 5568 2891 5628 τοῖς
2931 5568 3064 5619 πᾶσι
3096 5567 3185 5620 τὸν
3231 5570 3355 5639 περὶ
3389 5569 3487 5638 τῆς
3533 5571 3626 5624 τοῦ
3657 5572 3796 5627 Θεοῦ

2231 5648 2462 5720 κρίσεως
2486 5651 2660 5721 λόγον,
2691 5655 3011 5726 προτρέπων
3048 5658 3290 5721 ἅπαντας
3329 5657 3649 5731 ἀνθρώπους
3680 5661 3794 5717 θεο-
