4042 6428
186 431 282 486 ης

1146 435 1657 515 COSIHENTANA
1693 440 1764 496 ΙΝ
1804 441 2067 497 lSAlAM.
2122 474 2180 484 —
2219 441 2375 498 CAP.
2416 441 2558 500 XIII.

3379 446 3483 501 186

184 546 354 608 σεϐῶς
381 543 525 634 ζῇν,
545 545 643 600 τοῦ
663 546 1051 618 δικαιωτηρίου
1084 548 1179 602 τοῦ
1201 548 1341 603 Θεοῦ
1373 553 1780 623 μεμνημένους.

1900 571 2016 610 nem
2062 554 2219 611 effert
2268 568 2465 614 contra
2512 556 2887 629 Babylonem,
2934 570 3221 631 postquam
3264 563 3317 617 in
3366 564 3485 634 ipso

186 635 413 709 Πρώτην
465 633 560 693 ὥν
604 638 785 708 τίθησι
838 639 939 709 τὴν
986 639 1132 695 κατά
1180 641 1504 707 Βαϐυλῶνος
1561 645 1776 716 ὅρασιν,

185 726 462 798 προειπὼν
506 729 567 781 ἐν
611 728 751 800 ἀρχῇ
790 729 893 799 τῆς
938 729 1068 801 ὅλης
1126 729 1312 802 βίϐλου
1359 732 1460 804 τὴν
1505 732 1648 787 κατά
1682 734 1781 805 τῆς

196 819 573 891 Ἰερουσαλήμ.
631 822 849 893 Ἐπειδὴ
884 824 993 894 γάρ
1042 825 1119 895 μή
1168 825 1288 878 ἐστι
1344 829 1782 901 προσωποληψία

188 912 336 982 παρὰ
367 910 448 981 τῷ
476 913 618 983 Θεῷ,
652 914 748 966 ἀπ’
787 914 969 969 αὐτῶν
1018 913 1225 987 ἠρξατο
1253 916 1361 970 τῶν
1405 918 1646 981 οἰκείων.
1685 922 1783 975 καὶ

186 1005 261 1067 είς
292 1004 498 1069 αὐτοὺς
523 1006 687 1059 πάλιν
710 1005 1043 1077 ἀναστρέφει
1076 1007 1168 1062 τὸν
1192 1007 1353 1077 λόγον
1373 1026 1384 1037 ’
1415 1010 1524 1063 τῶν
1542 1010 1599 1064 δέ
1625 1011 1783 1065 ἀλλο-

185 1093 365 1165 φύλων
388 1095 564 1149 ἐθνῶν
585 1095 685 1166 τὴν
732 1096 1028 1150 Βαϐυλῶνα
1071 1098 1393 1169 προτάσσει.
1422 1100 1684 1171 Βασιλικὴ
1723 1100 1782 1156 δὲ

183 1184 324 1256 αὕτη
344 1186 457 1240 τῶν
486 1186 793 1259 ’Δσσυρίων
824 1187 999 1251 πόλις,
1029 1190 1262 1261 μεγίστη
1289 1191 1384 1243 καὶ
1406 1191 1779 1264 δυνατωτάτη.

184 1276 449 1347 Δέγονται
481 1277 541 1331 δὲ
577 1278 856 1350 Ἀσσύριοι
900 1279 1107 1351 πρῶτοι
1135 1280 1239 1349 τῆς
1267 1283 1596 1353 οἰκουμένης
1645 1300 1784 1354 κρα-

180 1368 345 1438 τῆσαι
380 1368 467 1436 ἐφ’
493 1367 637 1431 ὅλοις
663 1368 856 1437 χιλίοις
898 1369 994 1422 καὶ
1047 1371 1388 1441 τριακοσίοις
1429 1372 1575 1425 ἔτεσι
1620 1373 1785 1443 μέχρι

193 1458 291 1510 τῶν
326 1458 766 1530 πολιορκούντων
816 1461 916 1529 τὴν
955 1460 1336 1533 Ἰερουσαλὴμ,
1381 1464 1478 1516 καὶ
1508 1463 1617 1516 τῶν
1650 1466 1782 1517 ἰου-

182 1548 351 1602 δαίων
410 1550 505 1603 τὸν
553 1550 682 1604 λαὸν
738 1550 1087 1621 αἰχμάλωτον
1160 1553 1481 1622 ἀγαγόντων
1549 1557 1631 1619 είς
1681 1556 1784 1629 τὴν

184 1639 367 1693 αὐτῶν
429 1637 636 1711 χώραν.
678 1641 803 1693 Ἐπὶ
848 1640 1021 1727 ταύτῃ
1068 1642 1179 1713 γὰρ
1215 1646 1280 1713 τῇ
1325 1644 1437 1705 τῶν
1481 1645 1783 1716 Ἀσσυρίων

183 1730 403 1801 πράξει,
442 1731 643 1785 αὐτίκα
668 1732 764 1785 καὶ
783 1732 881 1785 οὐκ
905 1735 987 1797 είς
1017 1734 1261 1806 μακρὰν,
1292 1734 1353 1788 τὸ
1379 1736 1582 1807 κράτος
1603 1736 1783 1791 αὐτῶν

185 1824 482 1895 κατελύθη.

1893 647 2017 702 libri
2048 647 2276 703 exordio
2313 649 2581 706 visionem
2628 663 2825 707 contra
2856 651 3159 709 Jerusalem
3214 657 3488 723 premisc-

1891 750 1999 794 rat.
2032 739 2168 807 Quia
2195 741 2341 795 enim
2375 741 2520 796 nulla
2548 754 2634 799 est
2664 760 3031 813 personarum
3063 747 3309 817 acceptio
3340 750 3485 817 apud

1891 834 2089 895 Deum,
2136 848 2165 887 a
2200 833 2603 891 contribulibus
2643 838 2764 891 suis
2788 852 2972 898 orsus,
3010 837 3061 890 in
3112 839 3333 891 eosdem
3363 853 3488 890 rur-

1889 942 2006 981 sum
2036 942 2346 981 sermonem
2378 930 2655 983 convertit
2681 945 2697 994 ;
2723 928 3047 999 alienigenis
3077 943 3208 983 vero
3233 930 3486 997 gentilms

1892 1021 2219 1093 Babylonem
2265 1023 2568 1094 pnemittit.
2608 1022 2777 1093 Regia
2809 1030 2989 1076 autem
3022 1020 3108 1075 illa
3138 1022 3484 1094 Assyriorum

1892 1118 2022 1172 urbs
2057 1126 2210 1185 erat,
2258 1120 2494 1172 maxima
2543 1126 2709 1185 atque
2767 1116 3168 1185 potentissima.
3224 1117 3489 1173 Dicuntur

1891 1223 2058 1278 porro
2099 1209 2312 1279 Assyrii
2362 1209 2523 1275 primi
2576 1206 2822 1261 omnium
2857 1207 2979 1261 orbi
3014 1207 3313 1278 imperasse
3343 1218 3487 1264 totos

1892 1299 2042 1355 mille
2074 1310 2130 1354 et
2173 1307 2449 1357 trecentos
2494 1316 2668 1355 annos
2693 1341 2709 1362 .
2756 1315 2931 1370 usque
2973 1301 3044 1353 ad
3084 1314 3181 1355 eos
3211 1301 3301 1369 qui
3328 1299 3486 1356 εἰει-ο-

1896 1393 2166 1462 solymam
2192 1393 2550 1457 obsederunt,
2582 1406 2647 1444 ac
2674 1389 2989 1446 Judteorum
3019 1391 3275 1461 pepuium
3308 1394 3485 1460 capti-

1891 1497 2018 1535 vum
2068 1481 2419 1536 abduxerunt
2462 1480 2515 1534 in
2569 1481 2848 1561 regionem
2892 1496 3071 1536 suam.
3118 1481 3349 1551 Propter
3384 1483 3487 1537 boc

1890 1572 2039 1627 enim
2083 1570 2429 1642 Assyriorum
2486 1569 2739 1638 facinus,
2783 1586 2886 1627 nec
2925 1573 3018 1627 diu
3072 1583 3260 1644 postea
3292 1586 3487 1631 eorum

1892 1663 2180 1735 imperium
2223 1663 2460 1719 solutum
2496 1672 2598 1721 est.

255 1934 274 1967 ι
330 1888 637 1981 Ἀνοίξατε,
686 1919 734 1970 οί
767 1888 1047 1990 ἄρχοντες.
1087 1937 1106 1970 s
1138 1919 1326 1973 Ταῦτα
1376 1920 1434 1974 δὲ
1484 1921 1542 1975 τὸ
1596 1924 1652 1976 ἐν
1710 1923 1789 1995 τῷ

1972 1934 1991 1968 ι
2022 1914 2247 1984 Aperite
2269 1916 2567 1985 principes.
2598 1934 2615 1967 ι
2647 1914 2786 1986 ιΗτρο
2819 1929 2984 1983 porro
3008 1914 3249 1985 Spiritus
3271 1915 3493 1970 divinus

184 2010 438 2079 προφήτῃ
464 2006 695 2078 Πνεῦμα
725 2007 865 2063 θεῖον
896 2011 961 2063 ἐκ
988 2009 1285 2081 προσώπου
1318 2012 1413 2065 τοῦ
1448 2013 1585 2066 Θεοῦ
1612 2015 1788 2083 Λόγου

183 2100 472 2173 προφέρει.
512 2101 680 2164 Αὐτὸς
704 2102 888 2155 τοίνυν
916 2105 945 2155 6
972 2105 1481 2175 παρακελευόμενος
1510 2110 1622 2170 τοῖς
1648 2109 1788 2179 ἀμφ’

182 2189 343 2243 αὐτὸν
366 2191 629 2259 ἀγγέλοις
661 2192 871 2259 ἀνοῖξαι
903 2192 1074 2265 θύρας
1107 2195 1525 2264 κεκλεισμένας,
1558 2198 1651 2251 καὶ
1686 2217 1790 2252 πσ-

182 2282 626 2353 ρακελεύσασθαι
660 2287 772 2348 τοῖς
808 2286 956 2339 ἔνδον
1001 2282 1119 2340 οὖσι
1170 2288 1452 2359 προϊέναι,
1490 2290 1647 2361 ἥκειν
1694 2292 1789 2345 καὶ

182 2374 441 2428 σπεύδειν
466 2376 563 2428 ἐπὶ
580 2376 681 2443 τὴν
701 2377 811 2429 τῶν
831 2377 1045 2431 ἀσεϐῶν
1068 2378 1361 2451 τιμωρίαν.
1406 2375 1574 2451 υίμαι
1605 2381 1661 2435 δὲ
1700 2382 1789 2435 διὰ

179 2472 387 2522 τούτων
427 2469 722 2540 δηλοῦσθαι
749 2468 848 2539 τὴν
884 2471 1276 2542 ἀφωρισμένην
1315 2474 1437 2535 ταῖς
1478 2473 1790 2545 ἀντικειμέ-

180 2576 301 2623 ναις
326 2560 625 2631 δυνάμεσιν
645 2578 657 2591 ·
688 2563 748 2614 ὲν
869 2561 1058 2633 ὥσπερ
1093 2563 1150 2615 ἐν
1174 2562 1535 2635 δεσμωτηρίῳ
1572 2564 1790 2638 καθειρ-

180 2654 387 2727 γμέναι
418 2655 772 2724 τυγχάνουσι.
800 2653 912 2707 Καὶ
942 2656 1151 2725 μήποτε
1189 2655 1326 2727 αὕτη
1364 2657 1511 2709 ἐστὶν
1536 2659 1569 2727 ὴ
1597 2658 1789 2711 καλου-

182 2726 323 2816 μένη
348 2743 611 2808 ἄϐυσσος,
638 2744 1109 2817 ἐμπεπληρῶσθαι
1130 2745 1186 2799 δὲ
1210 2726 1522 2817 δρακόντων
1547 2726 1788 2804 διδάσκει

179 2837 208 2889 ό
234 2838 470 2906 φάσκων
501 2835 681 2905 λόγος,
718 2856 735 2887 t
772 2836 1079 2907 Δράκοντες
1107 2839 1203 2891 καὶ
1245 2840 1416 2892 πᾶσαι
1459 2839 1723 2907 ἀϐυσσοι;
1763 2862 1782 2895 s

183 2928 350 2982 '06sv
383 2930 481 2983 καὶ
520 2928 613 2982 τόν
659 2930 890 3001 Σωτῆρα
922 2931 1267 3002 παρεκάλουν
1311 2934 1358 2985 οί
1393 2933 1676 3004 δαίμονες,
1712 2934 1788 3006 μὴ

184 3020 404 3090 πέμψαι
432 3022 652 3085 αὐτοὺς,
677 3022 915 3091 ὁπηνίκα
944 3021 1099 3091 ἔλεγε
1128 3023 1211 3085 τὸ,
1245 3041 1263 3074 ι
1294 3018 1501 3088 *Ηλθες
1528 3024 1635 3096 πρὸ
1664 3042 1789 3079 και-

185 3113 285 3184 ροῦ
326 3113 619 3183 βασανίσαι
656 3114 822 3184 ἡμᾶς.
862 3114 991 3170 ι.οὺ
1031 3113 1142 3185 γὰρ
1173 3115 1405 3183 ἠγνόουν
1442 3117 1633 3187 καιρόν
1664 3134 1791 3172 τινα

179 3204 407 3259 ισεσθαι
433 3206 618 3268 αὐτοῖς
646 3205 745 3276 τῆς
768 3206 848 3268 εἰς
886 3205 985 3277 τὴν
1013 3205 1251 3260 ἄϐυσσον
1286 3205 1643 3278 καθείρξεως.

1902 2010 1956 2064 in
1993 2010 2256 2078 prepbeta
2304 2010 2575 2064 exsistens
2605 2024 2671 2064 ex
2720 2023 2953 2079 persona
3005 2008 3099 2062 Dei
3148 2006 3311 2063 Verbi
3363 2024 3493 2079 pro-

1898 2101 2024 2156 fert.
2050 2101 2192 2157 Idem
2228 2102 2394 2171 igitur
2432 2101 2549 2169 ipse
2573 2108 2658 2156 est
2696 2100 2786 2169 qui
2832 2099 3041 2169 angelis
3082 2099 3494 2153 circumstanti-

1907 2194 2012 2248 bus
2034 2194 2303 2263 praecipit,
2336 2202 2395 2247 ut
2426 2192 2646 2261 clausas
2674 2201 2861 2261 portas
2884 2191 3156 2260 aperiant,
3179 2204 3246 2245 ac
3264 2190 3495 2259 jubeant

1895 2301 1991 2340 eos
2022 2288 2114 2354 qui
2144 2287 2285 2340 intra
2324 2296 2454 2341 sunt
2476 2286 2714 2357 prodire,
2743 2271 3087 2340 accedere'et
3120 2284 3386 2340 festinam
3422 2286 3493 2339 ad

1896 2378 2193 2448 impiorum
2222 2379 2571 2449 supplicium.
2604 2376 2843 2433 ,Εειίωο
2871 2388 3053 2432 autem
3079 2377 3166 2432 his
3194 2374 3493 2446 significari

1898 2472 2168 2526 ultionem
2196 2486 2319 2541 qua:
2350 2472 2683 2526 adversariis
2732 2471 3101 2540 potestatibus
3134 2470 3440 2525 destinatur
3474 2487 3490 2523 :

1898 2566 1950 2619 in
1976 2580 2080 2634 qua
2121 2579 2221 2620 ceu
2253 2567 2305 2618 in
2336 2580 2559 2620 carcere
2590 2564 3009 2620 concluduntur.
3052 2560 3191 2616 Num
3226 2561 3369 2617 forte
3403 2561 3493 2616 illa

1898 2657 2064 2711 fuerit
2094 2656 2351 2728 abyssus,
2395 2667 2453 2711 ut
2486 2667 2739 2719 vocatur,
2785 2670 2953 2726 quam
3000 2656 3332 2710 draconibus
3374 2654 3493 2724 ple—

1898 2765 2027 2805 nam
2063 2752 2139 2804 ait
2173 2750 2458 2817 Scriptura
2499 2751 2587 2805 bis
2611 2750 2819 2812 verbis,
2866 2768 2885 2799 ι
2919 2747 3193 2803 Dracones
3222 2756 3281 2803 et
3300 2761 3496 2801 omnes

1898 2841 2079 2913 abyssi
2102 2840 2194 2893 ἰτ
2224 2859 2243 2893 ι
2301 2838 2456 2895 Unde
2495 2850 2552 2893 et
2582 2838 2926 2893 Salvatorem
2968 2840 3241 2907 rogabant
3288 2837 3495 2890 demo-

1898 2948 2019 2996 nes,
2053 2949 2123 2988 ne
2152 2946 2213 2988 se
2253 2931 2346 2985 illo
2390 2931 2653 2998 mitteret,
2716 2944 2841 2985 cum
2888 2929 3167 2993 dicebant,
3234 2946 3253 2979 ι
3285 2925 3494 2980 Venisti

1898 3036 2024 3080 ante
2054 3038 2268 3095 tempus
2300 3035 2555 3094 torquere
2576 3039 2674 3078 nos
2694 3024 2761 3076 ".
2797 3041 2816 3074 ι
2848 3021 2962 3077 Non
2993 3022 3320 3093 ignorabant
3347 3022 3494 3075 enim

1900 3116 2141 3171 futurum
2184 3127 2394 3187 tempus
2441 3132 2566 3174 esse
2607 3132 2717 3187 quo
2781 3115 2836 3171 in
2886 3117 3087 3186 abysso
3132 3113 3496 3170 concludendi

1899 3219 2075 3264 erant.

256 3316 278 3349 ι
328 3296 473 3365 Ἐγὼ
500 3298 782 3350 συντάσσω
809 3298 903 3350 καὶ
927 3296 1041 3366 ἐγὼ
1066 3296 1185 3366 ἄγω
1215 3298 1437 3362 αὐτούς.
1476 3318 1495 3351 ι
1542 3300 1702 3364 Τίνες
1731 3299 1788 3354 δέ

1974 3300 2141 3371 Vsus.
2182 3302 2238 3361 5.
2284 3321 2303 3355 ι
2330 3302 2441 3372 Ego
2470 3301 2668 3356 ordino
2697 3310 2754 3356 et
2775 3314 2876 3367 ego
2903 3300 3044 3355 duco
3072 3312 3223 3355 eos.»
3260 3296 3493 3365 Quinam

180 3390 326 3443 ιίσιν
367 3382 518 3442 οὗτοι
568 3388 698 3459 ἑξῆς
743 3389 1043 3460 παρίστησι
1085 3388 1366 3459 διασαφῶν
1431 3392 1530 3444 καὶ
1583 3391 1786 3461 λέγων’

191 3498 210 3531 ι
258 3480 525 3548 Γίγαντες
567 3479 820 3552 ἔρχονται
860 3480 1145 3551 πληρῶσαι
1169 3482 1262 3534 τὸν
1294 3480 1466 3553 θυμόν
1498 3500 1634 3554 μου,
1669 3484 1794 3555 χαί-

182 3585 379 3644 ροντες
429 3571 549 3641 ἅμα
593 3572 689 3624 καὶ
734 3570 1070 3643 ὑϐρίζοντες.
1133 3592 1152 3624 t
1205 3573 1522 3645 Συμφώνως
1570 3575 1629 3629 δὲ
1676 3579 1792 3640 τοῖς

190 3660 606 3731 Ἐϐδομήκοντα
634 3661 985 3734 ὴρμήνευσεν
1010 3662 1039 3713 6
1067 3660 1361 3717 Θεοδοτίων
1386 3662 1558 3718 εἰπών
1578 3680 1593 3696 ο
1625 3684 1644 3715 t
1681 3663 1792 3717 Καί

180 3769 246 3820 γε
289 3751 535 3807 ἐκάλεσα
587 3753 714 3816 τοὺς
740 3751 1004 3822 γίγαντάς
1038 3770 1169 3822 μου·
1220 3773 1238 3806 t
1282 3756 1311 3808 6
1336 3755 1396 3810 δὲ
1431 3756 1663 3819 ’Δκύλας
1700 3756 1793 3809 καὶ

181 3847 212 3898 6
251 3844 556 3916 Σύμμαχος
589 3845 711 3899 ἀντῖ⁵
741 3846 859 3910 τοῦ,
903 3865 921 3897 ι
969 3846 1253 3916 γίγαντας,
1308 3866 1429 3899 ι--ι
1455 3849 1717 3911 δυνατοὺς
1766 3866 1785 3900 t

182 3939 567 4011 ἡρμήνευσαν.
600 3937 759 3992 οὕτω
785 3938 842 3993 δὲ
882 3939 1038 3993 καλεῖ
1080 3939 1181 4004 τὰς
1206 3939 1591 4012 τιμωρητικάς
1630 3940 1793 3994 δυνά-

187 4048 332 4103 μεις,
372 4031 441 4085 δι’
483 4023 560 4084 ὧν
610 4030 679 4083 τὰ
705 4030 807 4101 τῆς
853 4032 997 4086 κατά
1037 4032 1148 4086 τῶν
1193 4032 1410 4091 ἀσεϐῶν
1452 4034 1623 4105 ὀργῆς
1655 4034 1793 4107 πλη-

185 4124 407 4196 ροῦται.
450 4124 829 4197 Ἐπιχαίρουσι
856 4127 1017 4181 κακοί
1049 4145 1217 4192 τινες,
1246 4124 1394 4182 οὗτοι
1422 4130 1473 4181 oi.
1507 4129 1793 4201 λεγόμενοι

182 4219 470 4288 γίγαντες,
502 4217 693 4291 ὥσπερ
718 4221 787 4274 τά
825 4224 947 4273 κατ’
979 4221 1148 4291 εὐχὰς
1176 4223 1509 4293 πράττοντες
1532 4240 1544 4253 ·
1574 4223 1794 4296 χαίρον-

179 4327 278 4375 τες
302 4310 402 4363 ἐπὶ
424 4311 504 4382 τῷ
531 4310 775 4383 ὑϐρίζειν
800 4313 905 4367 καὶ
921 4313 1172 4379 κολάζειν
1192 4316 1319 4379 τοὺς
1345 4315 1585 4383 ἀσεϐεῖς,
1607 4316 1703 4370 ἆτε
1726 4316 1792 4371 δὴ

186 4400 263 4472 μὴ
298 4399 520 4471 ἔχοντες
549 4401 829 4472 σπλάγχνα
856 4402 1178 4475 οἰκτιρμῶν.

264 4510 284 4541 ι
316 4489 477 4561 Φωνὴ
504 4489 674 4545 ἐθνῶν
708 4491 919 4546 πολλῶν
950 4494 1043 4546 ἐπὶ
1073 4494 1182 4547 τῶν
1211 4494 1407 4566 ὀρέων,
1432 4495 1594 4566 ὁμοία
1620 4494 1793 4550 ἐθνῶν

185 4583 428 4637 πολλῶν.
476 4582 634 4654 Φωνὴ
674 4583 939 4654 βασιλέων
971 4585 1066 4639 καὶ
1115 4586 1287 4639 ἐθνῶν
1331 4588 1709 4658 συνηγμένων.
1767 4608 1786 4641 ι

186 4677 253 4729 οί
286 4675 576 4747 μέλλοντες
612 4676 735 4728 τότε
776 4679 841 4748 τῇ
875 4677 1122 4749 τιμωρίᾳ
1170 4678 1565 4748 παραδίδοσθαι
1608 4679 1793 4747 φωνὰς
1827 4660 1871 4713 D

185 4768 489 4839 ἀφήσουσι,
518 4767 588 4821 τὰ
612 4767 821 4822 ἐαυτῶν
849 4769 1334 4841 ἐξομολογούμενοι
1365 4771 1515 4824 κακά
1533 4789 1545 4801 ·
1573 4771 1709 4842 ὁμοῦ
1737 4772 1794 4825 δὲ

187 4862 284 4914 καὶ
316 4858 465 4913 κατά
492 4859 688 4913 ταύτὸν
715 4860 786 4914 τά
812 4861 939 4933 ἔθνη
973 4863 1171 4930 πάντα,
1205 4863 1301 4917 καὶ
1328 4867 1377 4917 oi
1403 4864 1611 4917 τούτων
1639 4864 1795 4934 βασι-

187 4953 324 5019 λεῖς,
371 4954 505 5026 μίαν
544 4952 644 5023 τὴν
684 4953 854 5025 αὐτὴν
897 4956 1240 5009 ἀποδώσουσι
1287 4957 1493 5029 φωνὴν,
1533 4958 1797 5028 ὀλοφυρό-

194 5041 490 5113 μενοιτάς
530 5042 738 5095 ἑαυτῶν
778 5045 1085 5117 συμφοράς.
1127 5046 1189 5099 Oi
1222 5046 1279 5099 δὲ
1316 5046 1576 5121 ἀνωτέρω
1606 5048 1799 5116 γίγαν-

187 5145 281 5195 τες
370 5131 770 5202 ὀνομασθέντες
845 5133 1149 5205 δπλομάχοι
1206 5136 1443 5192 ἐνταῦθα
1512 5138 1796 5207 λέγονται,

193 5223 420 5297 μακράν
446 5224 600 5287 ὄντες
634 5224 822 5289 πάλαι,
846 5226 943 5279 καὶ
967 5216 1157 5299 ὥσπερ
1191 5230 1251 5283 ἐν
1272 5228 1541 5300 θεμελίοις
1582 5229 1677 5284 τοῦ
1704 5232 1795 5285 οὐ-

192 5318 361 5390 ρανοῦ
388 5317 897 5388 ἀποκεκλεισμένοι·
927 5318 1043 5385 οὓς,
1076 5322 1167 5374 ὅτε
1201 5320 1391 5395 καιρὸς
1424 5322 1598 5390 καλεί,
1628 5340 1795 5395 προσ-

187 5411 380 5463 τάττει
405 5407 665 5480 έρχεσθαι
689 5410 719 5462 6
742 5410 851 5464 τῶν
880 5412 1018 5466 ὅλων
1048 5413 1241 5485 κριτὴς
1270 5414 1363 5466 ἐπὶ
1386 5413 1466 5485 τῷ
1500 5414 1798 5485 καταφθεῑο

198 5518 288 5571 ραι
318 5502 507 5555 πᾶσαν
540 5498 640 5571 τὴν
662 5500 772 5554 τῶν
799 5502 988 5556 κακῶν
1010 5504 1356 5576 οἰκουμένην,
1387 5506 1524 5575 μετά
1546 5506 1640 5559 τὸν
1668 5508 1795 5576 ἀφο-

198 5591 391 5662 ρισμδν
426 5588 538 5641 τῶν
570 5589 815 5644 δικαίων.
863 5593 1017 5646 Ἐπεὶ
1058 5594 1153 5646 καὶ
1194 5595 1252 5646 ἐν
1289 5598 1402 5659 τοῖς
1439 5596 1793 5665 Εὐαγγελίοις

194 5688 224 5739 6
263 5687 390 5750 Υἱὸς
423 5683 520 5738 τοῦ
568 5684 861 5757 ἀνθρώπου
910 5688 1219 5761 καθήμενος
1260 5690 1354 5743 ἐπὶ
1403 5690 1592 5761 θρόνου
1636 5691 1791 5764 δόξης

269 5866 316 5899 ’⁸
356 5867 502 5925 Paul.
559 5883 791 5936 curnt,
830 5868 883 5924 7.
961 5870 1005 5903 ”
1043 5868 1237 5926 Matth.
1270 5885 1389 5939 νιιι,
1425 5870 1517 5929 29.

1900 3396 1936 3451 ii
1996 3400 2107 3451 sint
2148 3394 2251 3451 sub
2296 3396 2412 3449 lucc
2466 3394 2709 3449 declarat
2758 3392 2842 3447 bis
2898 3390 3102 3454 verbis,
3181 3406 3201 3441 ι
3232 3389 3496 3459 Gigantes

1899 3489 2124 3543 veniunt
2172 3488 2240 3541 ad
2282 3472 2618 3557 implendum
2663 3483 2905 3539 furorem
2946 3498 3153 3546 meum,
3194 3481 3497 3552 gaudentes

1899 3580 2061 3635 simul
2092 3589 2147 3635 et
2175 3578 2541 3634 contumelias
2570 3577 2891 3633 inferentes.
2924 3596 2944 3631 ι
2976 3574 3284 3631 Tbeodotio
3310 3584 3492 3629 autem

1900 3664 2127 3742 perinde
2163 3685 2227 3723 ac
2269 3667 2415 3724 L'XX
2464 3671 2544 3723 sic
2603 3666 2996 3737 interpretatus
3045 3673 3151 3728 est,
3208 3663 3321 3719 (Et
3364 3677 3497 3717 vero

1917 3762 2106 3817 vocavi
2133 3764 2383 3832 gigantes
2416 3760 2647 3823 meos”
2686 3758 2879 3828 Aquila
2915 3768 3099 3813 autem
3140 3764 3195 3812 et
3236 3754 3493 3827 Symma-

1900 3856 2055 3920 cbus,
2083 3869 2182 3924 pro
2208 3855 2320 3919 illo,
2363 3872 2382 3905 ι
2408 3854 2683 3924 gigantes,
2714 3870 2734 3904 ι
2778 3850 3120 3920 interpretati
3152 3859 3301 3914 sunt,
3330 3866 3351 3901 ι
3380 3848 3495 3904 for-

1904 3959 2005 4004 tes.
2038 3967 2057 4000 ι
2091 3947 2186 4003 Sic
2210 3962 2376 4017 porro
2404 3956 2566 3999 vocat
2597 3946 2823 4001 ultrices
2854 3945 3105 4009 virtutes,
3133 3942 3292 4012 queis
3328 3941 3410 3995 ira
3440 3949 3497 3994 et

1901 4039 2039 4092 ultio
2079 4046 2271 4092 contra
2299 4036 2497 4107 impios
2524 4047 2837 4091 exercetur.
2884 4033 3136 4089 Gaudent
3177 4032 3350 4100 igitur
3380 4046 3497 4085 ma-

1903 4130 2033 4199 ligni
2075 4128 2322 4198 quidam,
2358 4129 2606 4199 gigantes
2649 4128 2867 4191 vocati,
2904 4126 3061 4196 quasi
3095 4139 3208 4179 rem
3241 4138 3341 4192 pro
3368 4134 3497 4178 voto

1901 4228 2087 4290 agant,
2120 4219 2173 4273 in
2208 4220 2543 4275 contumelia
2571 4227 2629 4274 et
2672 4219 2940 4288 supplicio
2982 4217 3163 4286 impiis
3210 4214 3497 4272 inferendo

1903 4311 2013 4368 lati
2033 4321 2272 4383 ;gutpote
2300 4312 2394 4381 qui
2421 4311 2632 4367 viscera
2671 4312 3065 4367 misericordiae
3091 4325 3200 4365 non
3232 4310 3494 4366 habeant.

1978 4489 2142 4545 Vens.
2181 4489 2237 4544 4.
2287 4507 2306 4541 t
2336 4490 2450 4545 Vox
2481 4490 2720 4560 gentium
2755 4487 3045 4544 multarum
3094 4489 3148 4543 in
3199 4488 3498 4556 montibus,

1902 4586 2097 4640 similis
2124 4585 2377 4654 gentibus
2414 4584 2618 4638 multis.
2664 4583 2778 4639 Vox
2811 4599 2997 4652 regum
3013 4593 3067 4638 et
3093 4584 3337 4654 gentium
3369 4598 3497 4638 con-

1902 4688 2324 4748 gregatarum.»
2390 4674 2491 4742 Qui
2556 4686 2686 4729 tunc
2748 4675 3017 4745 supplicio
3065 4675 3314 4730 tradendi
3347 4684 3495 4740 sunt,

1902 4784 2065 4824 voces
2127 4768 2403 4835 emitteut,
2474 4768 2614 4822 mala
2671 4782 2768 4822 sua
2828 4772 3191 4823 conﬁtentes:
3227 4766 3499 4837 simulque

1901 4860 2094 4914 θοόθιιι
2123 4869 2371 4928 tempore
2395 4868 2587 4927 gentes
2602 4874 2794 4914 omnes
2821 4867 2879 4914 et
2908 4874 3097 4913 earum
3124 4873 3304 4929 reges,
3334 4873 3497 4912 unam

1901 4962 1958 5006 et
1985 4951 2236 5006 eamdem
2271 4952 2479 5005 dabunt
2510 4965 2699 5006 vocem
2728 4990 2744 5015 ,
2784 4951 3125 5006 calamitates
3154 4964 3283 5005 suas
3304 4950 3498 5020 lugen-

1904 5053 2008 5097 tes.
2032 5042 2111 5097 llli
2153 5056 2285 5097 vero
2316 5043 2562 5113 ιιι-εὐεριί
2612 5043 2881 5113 gigantes,
2922 5044 3013 5099 bic
3051 5044 3253 5098 armati
3292 5043 3491 5100 dicun-

1904 5144 2013 5198 tur,
2041 5135 2133 5204 qui
2167 5135 2296 5189 olim
2338 5134 2531 5206 procul
2573 5147 2754 5205 erant,
2785 5147 2840 5192 et
2862 5137 3023 5207 quasi
3049 5138 3105 5191 in
3130 5137 3255 5193 ειειί
3294 5138 3495 5192 funda-

1903 5229 2104 5283 mentis
2146 5228 2365 5295 inclusi,
2393 5246 2531 5301 quos
2562 5232 2652 5286 ubi
2683 5242 2898 5301 tempus
2943 5240 3155 5297 evocat,
3181 5231 3339 5303 jubet
3374 5231 3498 5286 uni-

1901 5337 2184 5377 versorum
2230 5322 2396 5392 judex
2456 5323 2741 5389 accedere,
2790 5335 2851 5380 ut
2902 5334 3074 5379 totum
3114 5323 3495 5395 improborum

1901 5412 2120 5477 orbem,
2172 5422 2297 5481 post
2338 5413 2611 5483 iustorum
2673 5416 3137 5486 segregationem,
3186 5418 3490 5472 destruant.

1901 5504 2354 5576 Quandoquidem
2428 5516 2484 5561 et
2534 5508 2590 5561 in
2664 5507 2974 5578 Evangeliis
3023 5506 3193 5564 Filius
3250 5509 3492 5563 bomiuis

1901 5600 2103 5655 sedens
2131 5600 2185 5654 in
2217 5601 2414 5655 tbrono
2438 5598 2624 5669 glorias
2656 5615 2788 5666 suae,
2826 5617 2923 5656 eos
2948 5602 3041 5672 qui
3070 5617 3101 5658 a
3134 5603 3342 5657 dextris
3364 5613 3495 5658 sunt

1908 5692 2131 5765 primos
2152 5692 2221 5751 ad
2243 5701 2493 5765 paratum
2536 5694 2669 5767 ipsis
2709 5709 2934 5766 regnum
2980 5708 3109 5752 ante
3145 5697 3493 5754 constitutio-
