4042 6434
626 434 734 497 13⁸)

1299 430 1569 487 EUSEBII
1606 424 2079 486 CESARIENSIS
2114 421 2265 482 OPP.
2307 418 2487 476 PARS
2524 416 2618 472 Ill.
2651 448 2724 466 -ν
2764 413 3175 472 EXEGETICA.

3782 409 3882 465 188

632 574 751 612 nem
774 557 980 622 mundi,
999 564 1153 611 vocat
1184 572 1198 610 :
1225 556 1423 625 quibus
1453 555 1743 622 assumptis
1765 560 1820 605 et
1838 552 1905 605 ad
1926 549 2174 619 promissa

2293 540 2459 597 αὑτοῦ
2489 541 2619 602 τοὺς
2657 552 2725 595 εκ
2762 537 2952 602 δεξιῶν
2994 550 3246 604 πρωτους
3283 532 3376 584 επὶ
3411 530 3509 601 τὴν
3544 530 3881 600 ἡτοιμασμέ-

623 649 892 711 deductis,
950 648 1002 702 in
1040 647 1275 716 reliquas
1326 656 1522 731 gentes
1569 661 1599 700 a
1640 642 1879 701 sinistris
1919 649 2186 711 repertas,

624 743 765 812 ignis
796 740 1150 796 comminatio
1180 738 1436 794 infertur.

692 1000 853 1056 Vsus.
870 998 925 1062 6,
948 999 1002 1051 7.
1028 1016 1045 1048 ι
1075 996 1303 1060 Ululate,
1346 1010 1514 1064 prope
1553 994 1695 1049 enim
1742 994 1855 1048 dies
1882 992 2190 1057 Domini.et

621 1093 880 1149 contritio
911 1106 939 1144 a
971 1089 1201 1144 Domino
1245 1090 1441 1149 veniet.
1486 1089 1712 1157 Propter
1741 1088 1841 1141 lioc
1866 1087 2044 1141 omnis
2074 1103 2186 1139 ma-

622 1202 726 1242 nus
745 1185 1095 1245 dissolvetur,
1146 1192 1198 1236 et
1227 1180 1402 1235 omnis
1444 1180 1622 1232 anima
1654 1178 1890 1262 liominis
1920 1180 2185 1234 formida-

620 1281 741 1334 bit:
781 1277 1144 1332 turbabuntur
1177 1273 1373 1343 legati,
1421 1281 1477 1326 et
1521 1271 1735 1326 dolores
1774 1272 1919 1339 ipsos
1953 1287 2188 1343 occupa-

616 1372 770 1432 bunt,
796 1367 953 1437 quasi
994 1366 1232 1420 mulieris
1272 1362 1646 1433 parturientis.
1675 1382 1695 1415 ι
1740 1361 1985 1417 Nondum
2027 1379 2183 1432 ergo,

627 1460 723 1526 ait,
764 1462 968 1513 instant
995 1474 1055 1511 ea
1082 1473 1200 1526 quae
1227 1457 1279 1509 in
1306 1455 1727 1531 comminatione
1772 1454 2054 1516 feruntur;
2088 1455 2183 1507 sed

614 1551 1013 1621 quamprimum
1070 1557 1291 1602 ventura
1348 1556 1493 1602 sunt.
1554 1547 1736 1612 Quare
1799 1556 2185 1615 prmvertentes

618 1643 729 1706 illa,
771 1639 931 1703 ﬂetu,
992 1638 1244 1691 lamentis
1291 1647 1348 1692 et
1400 1636 1610 1690 ululatu
1660 1635 1825 1691 Deum
1881 1635 2182 1705 placantes,

616 1733 754 1786 mala
792 1731 1021 1785 avertite
1053 1746 1082 1782 a
1117 1730 1268 1785 vobis
1294 1743 1309 1783 :
1333 1728 1554 1798 jamjam
1592 1729 1737 1783 enim
1780 1728 2035 1797 praedicta
2064 1728 2181 1781 dies

2291 650 2389 704 νην
2426 632 2607 692 αὐτοῖς
2644 629 2922 698 βασιλείαν
2966 627 3073 698 πρὸ
3107 624 3413 695 καταϐολῆς
3448 623 3658 691 κόσμου
3690 621 3877 674 καλεῖ·

2287 719 2362 779 ῶν
2396 721 2864 794 παραληφθέντων
2898 721 2989 774 xui
3018 718 3375 787 εἰσαχθέντων
3405 716 3498 767 ἐπὶ
3519 714 3621 783 τὴν
3650 714 3883 796 ἐπαγγε-

2289 814 2426 877 λίαν,
2459 814 2551 865 ἐπὶ
2588 828 2660 866 τα
2696 813 2859 866 λοιπά
2888 810 3014 881 ἔθνη
3046 808 3112 861 τά
3147 810 3204 861 έν
3244 810 3355 870 τοῖς
3390 806 3701 877 ἀριστεροῖς
3730 805 3882 875 εὑρε-

2288 904 2567 977 θησόμενα
2599 907 2633 974 ἡ
2662 904 2859 975 ἀπειλὴ
2891 901 2985 955 τοῦ
3014 900 3186 971 πυρὸς
3220 899 3587 969 ἐξενήνεκται.

2364 1016 2384 1048 ι
2445 995 2757 1060 ὐλολύζετε
2776 1014 2789 1025 ·
2823 995 2989 1063 ἐγγὺς
3013 993 3123 1063 γάρ
3158 992 3340 1063 ἡμέρα
3364 988 3591 1059 Κυρίου,
3619 986 3715 1041 xui
3754 1004 3881 1039 συν-

2286 1087 2447 1158 τριϐὴ
2482 1084 2633 1155 παρὰ
2664 1084 2756 1137 τοῦ
2798 1081 3003 1163 Κυρίου
3046 1078 3186 1149 ἥξει.
3237 1077 3336 1130 Διά
3370 1076 3527 1130 τοῦτο
3568 1076 3720 1126 πᾶσα
3756 1075 3879 1144 χεὶρ

2287 1177 2677 1246 ὲκλυθήσεται.
2710 1176 2803 1227 xui
2854 1174 3002 1225 πᾶσα
3050 1170 3196 1240 ψυχὴ
3250 1166 3538 1237 ἀνθρώπου
3573 1164 3874 1217 δειλιάσειο

2286 1268 2722 1339 ταραχθήσονται
2753 1266 2801 1317 oi
2839 1262 3114 1335 πρέσϐεις,
3143 1262 3236 1313 καὶ
3276 1259 3464 1322 ὠδῖνες
3498 1259 3696 1321 αὐτοὺς
3729 1257 3881 1323 ἐξου-

2289 1378 2392 1424 σιν,
2439 1360 2515 1423 ὼς
2560 1359 2817 1427 γυναικὸς
2865 1355 3176 1423 τικτούσης.
3230 1372 3248 1404 ι
3301 1350 3467 1405 Οὔπω
3516 1346 3632 1415 οὖν,
3685 1352 3873 1421 φησὶν,

2285 1454 2486 1524 ἐπέστη
2537 1452 2605 1505 τά
2654 1450 3029 1521 ὴπειλημένα·
3079 1446 3259 1518 μέλλει
3309 1444 3366 1498 δὲ
3406 1445 3532 1498 ὅσον
3564 1443 3737 1496 οὕπω.
3782 1444 3879 1495 Διὸ

2288 1544 2669 1615 προλαϐόντες,
2718 1539 2979 1610 κλαυθμῷ
3006 1539 3102 1591 καὶ
3136 1538 3341 1609 θρήνῳ,
3382 1537 3477 1589 xui
3514 1536 3744 1605 ὀλολυγῇ
3783 1533 3876 1599 ἐξ-

2289 1635 2580 1691 ιλεώσασθε
2600 1634 2668 1687 τά
2692 1633 2900 1686 ἑαυτῶν
2919 1630 3082 1683 κακά’
3113 1628 3292 1698 μέλλει
3319 1626 3427 1698 γάρ
3454 1629 3486 1698 ή
3511 1625 3875 1697 προλεχθεῖσα

2285 1728 2468 1801 ἡμέρα
2516 1729 2615 1796 τῆς
2647 1726 2817 1796 ὀργῆς
2841 1723 2933 1776 τοῦ
2964 1720 3099 1775 Geo;
3122 1719 3466 1789 ἐφίστασθαι.
3503 1719 3575 1771 ’Ἡ
3611 1717 3876 1790 πρέσϐεις

616 1831 710 1883 ira;
759 1828 851 1881 Dei
897 1823 1124 1880 aﬁutura
1173 1834 1277 1881 est.
1328 1823 1555 1893 Legatos
1598 1831 1774 1877 autem
1823 1822 1909 1875 hic
1952 1820 2174 1876 fortasse

2286 1821 2517 1875 ἐνταῦθα
2544 1818 2697 1871 καλεῖ
2721 1817 2847 1880 τοὺς
2873 1813 3307 1888 προϊσταμένους
3328 1811 3433 1864 τῶν
3453 1809 3554 1880 τῆς
3577 1810 3874 1881 ἀθεότητος

612 1928 771 1974 vocat
798 1933 914 1981 eos,
940 1917 1029 1986 qui
1052 1916 1214 1970 dictis
1244 1890 1523 1969 atheorum
1544 1915 1951 1983 [latrocinantur
1980 1932 1993 1968 :
2022 1924 2174 1983 atque

2286 1912 2489 1981 λόγων,
2520 1911 2615 1964 xui
2660 1910 2785 1971 τοὺς
2825 1905 3225 1979 πρεσϐεύοντας
3262 1903 3401 1976 ὑπὲρ
3447 1904 3549 1973 τῆς
3589 1901 3875 1956 εἰδωλολα-

611 2026 706 2064 eos
742 2010 835 2079 qui
866 2008 1185 2063 idololatriae
1220 2022 1461 2060 errorem
1495 2014 1738 2069 tuentur,
1771 2020 1979 2059 necnon
2001 2004 2187 2060 docto-

615 2118 703 2156 res
721 2103 1003 2156 atheorum
1027 2109 1080 2153 et
1114 2099 1399 2165 impiorum
1436 2099 1748 2169 dogmatum
1774 2134 1792 2162 ,
1826 2112 1963 2167 quos
1993 2112 2183 2151 recen—

610 2192 713 2247 sita
747 2188 928 2244 omnia
970 2186 1243 2241 invadent.

680 2281 843 2335 Vns.
883 2278 1074 2333 ιο-ιε.
1120 2296 1139 2329 ι
1169 2276 1304 2331 Nam
1336 2274 1509 2329 stella:
1543 2272 1687 2341 caeli,
1723 2273 1889 2330 Orion
1918 2282 1971 2328 et
2002 2275 2184 2330 omnis

606 2380 832 2427 ornatus
854 2371 997 2435 cmli,
1028 2370 1201 2425 lucem
1234 2384 1339 2423 non
1375 2368 1618 2432 dabunt,
1650 2376 1715 2420 et-
1737 2368 2183 2421 obtenebrabitur

607 2461 723 2515 sole
752 2460 963 2515 oriente
986 2501 1001 2524 ,
1036 2468 1089 2513 et
1121 2459 1245 2513 luna
1294 2471 1402 2511 non
1432 2456 1578 2512 dabit
1607 2456 1947 2524 splendorem
1998 2473 2178 2513 suum.

609 2556 675 2608 Et
700 2552 968 2608 mandabo
996 2536 1113 2606 orbi
1144 2551 1398 2606 universo
1442 2549 1582 2603 mala
1608 2589 1623 2613 ,
1656 2560 1711 2604 et
1744 2549 1926 2617 impiis
1956 2558 2177 2619 peccata

606 2658 819 2699 eorum.
846 2642 915 2697 Et
939 2643 1156 2712 perdam
1199 2642 1449 2707 iniuriam
1488 2640 1795 2708 iniquorum
1815 2649 1870 2693 et
1898 2651 2178 2694 contume-

606 2734 734 2787 liam
771 2735 1129 2803 superborum
1166 2731 1486 2800 deprimam.
1520 2750 1539 2783 ι
1584 2731 1792 2787 Etenim
1834 2746 2178 2787 consumma-

609 2824 769 2880 tionis
793 2833 1034 2893 tempore
1068 2838 1244 2893 neque
1285 2823 1386 2887 sol,
1429 2838 1602 2893 neque
1633 2823 1759 2878 luna
1781 2864 1797 2890 ,
1834 2839 2009 2894 neque
2042 2825 2177 2878 stel-

605 2916 688 2977 ιω,
726 2915 813 2979 iis,
849 2916 940 2985 qui
972 2916 1312 2986 castigationi
1346 2924 1401 2969 et
1432 2915 1695 2983 supplicio
1738 2916 1983 2971 tradendi
2012 2926 2175 2983 sunt,

606 3008 786 3079 impiis
832 3007 1007 3062 lucem
1056 3022 1209 3061 suam
1259 3007 1486 3062 dabunt.
1542 3006 1858 3061 Luminaria
1906 3018 2087 3063 autem
2146 3024 2175 3063 a

606 3100 909 3156 ministerio
940 3116 1038 3155 suo
1075 3111 1255 3153 amota
1308 3099 1375 3152 ad
1433 3098 1593 3152 aliam
1632 3100 2019 3169 melioremque
2051 3115 2177 3155 sor-

2286 2002 2469 2074 τρείας
2502 2001 2730 2071 πλάνης,
2768 1998 2893 2062 τούς
2925 2014 2987 2051 τε
3028 1997 3378 2059 διδασκάλους
3406 1996 3515 2048 τῶν
3557 1996 3735 2049 ἀθέων
3777 1996 3877 2049 xui

2286 2093 2495 2147 ἀσεϐῶν
2530 2093 2840 2162 δογμάτων,
2879 2089 2975 2154 οὓς
3007 2086 3389 2161 μετελεύσεται
3425 2087 3495 2141 τά
3526 2086 3877 2159 κατηριθμη-

2288 2186 2423 2255 μένα
2458 2185 2657 2237 πάντα.

2360 2294 2379 2327 ι
2419 2277 2483 2327 Ui
2521 2274 2631 2345 γὰρ
2662 2273 2892 2345 ἀστέρες
2921 2273 3014 2327 τοῦ
3043 2270 3292 2345 οὐρανοῦ,
3334 2270 3429 2325 xui
3455 2271 3485 2323 6
3528 2267 3745 2340 Ὠρίων,
3778 2270 3875 2322 xui

2282 2367 2390 2428 πᾶς
2419 2366 2447 2416 6
2483 2364 2686 2434 κόσμος
2718 2364 2809 2416 τοῦ
2852 2361 3107 2434 οὐρανοῦ,
3137 2361 3198 2415 τὸ
3231 2361 3346 2431 φῶς
3379 2361 3439 2414 οὐ
3478 2360 3710 2414 δώσουσι
3730 2401 3745 2424 ,
3779 2360 3874 2412 xui

2282 2457 2697 2528 σκοτισθήσεται
2725 2456 2818 2510 τοῦ
2854 2458 3005 2528 ἡλίου
3040 2458 3440 2523 ἀνατέλλοντος,
3478 2456 3573 2509 xui
3604 2457 3637 2527 ή
3673 2456 3872 2527 σελήνη

2278 2552 2339 2604 οὐ
2380 2549 2541 2604 δώσει
2579 2550 2639 2603 τὸ
2676 2550 2880 2620 φέγγος
2922 2547 3114 2620 αὐτῆς.
3159 2551 3271 2605 Καὶ
3309 2549 3630 2619 ἐντελοῦμαι
3682 2551 3750 2620 τῇ
3796 2551 3873 2602 oi.-

2280 2642 2515 2713 κουμένῃ
2548 2641 2645 2714 ὅλῃ
2679 2641 2855 2705 κακά,
2900 2643 2993 2695 xui
3040 2644 3154 2704 τοῖς
3196 2640 3420 2695 ἀσεϐέσι
3461 2640 3559 2703 τάς
3596 2639 3873 2710 ἁμαρτίας

2276 2730 2486 2784 αὐτῶν·
2525 2731 2619 2783 xui
2660 2731 2844 2784 ἀπολῶ
2875 2729 3033 2799 ὕϐριν
3069 2731 3305 2802 ἀνόμων,
3340 2730 3437 2783 xui
3484 2729 3642 2801 ὓϐριν
3701 2730 3875 2800 ὑπερ-

2278 2823 2499 2892 ηφάνων
2526 2821 2865 2877 ταπεινώσω.
2910 2841 2929 2874 ι
2969 2822 3126 2876 Κατά
3168 2824 3276 2894 γάρ
3310 2822 3401 2875 τὸν
3418 2823 3521 2892 τῆς
3559 2822 3875 2886 συντελείας

2278 2915 2467 2985 καιρὸν
2497 2914 2610 2966 οὔθ’
2644 2917 2672 2967 6
2717 2914 2888 2984 ἥλιος,
2920 2912 3032 2967 οὔθ’
3073 2916 3105 2985 ὴ
3147 2913 3365 2985 σελήνη,
3402 2911 3514 2965 οὗθ’
3555 2914 3605 2966 oi
3639 2913 3875 2984 ἀστέρες

2275 3008 2389 3069 τοῖς
2424 3004 2642 3058 κολάσει
2674 3007 2769 3059 xui
2799 3006 3037 3078 τιμωρίᾳ
3072 3004 3605 3076 παραδοθησομένοις
3645 3005 3872 3058 ἀσεϐέσι

2275 3098 2337 3151 τὸ
2367 3097 2573 3151 ἑαυτῶν
2602 3097 2717 3167 φῶς
2750 3099 2811 3151 οὑ
2846 3098 3096 3152 δώσουσι.
3131 3096 3574 3159 Μεταϐάλλοντες
3602 3096 3661 3150 δὲ
3691 3097 3789 3150 xui
3821 3098 3875 3149 oi.

608 3206 714 3246 tem
766 3192 1091 3255 transibunt,
1140 3190 1296 3258 quasi
1354 3191 1822 3261 regenerationem
1878 3192 2171 3260 quamdam

2281 3191 2563 3261 φωστῆρες
2613 3190 2723 3243 ἀπὸ
2764 3190 2866 3261 τῆς
2920 3189 3128 3242 ἑαυτῶν
3165 3188 3473 3260 ὑπηρεσίας
3527 3190 3623 3241 ἐπὶ
3672 3187 3870 3259 ἑτέραν

601 3293 955 3339 consecutura
977 3321 992 3345 ,
1061 3297 1235 3350 neque
1275 3281 1413 3335 ultra
1443 3298 1736 3353 corporum
1787 3282 2018 3337 vanitati
2052 3298 2173 3339 ser-

604 3373 808 3429 vientia
830 3387 845 3437 ;
877 3372 971 3427 sed
996 3370 1225 3425 liberata
1246 3385 1275 3423 ε
1296 3372 1559 3425 servitute
1581 3372 1965 3441 corruptionis,
1985 3389 2175 3429 secun-

601 3466 731 3519 dum
758 3463 1111 3533 apostolicum
1147 3464 1394 3518 verbum.
1435 3462 1645 3518 Cretum
1675 3465 1855 3534 itaque
1890 3479 2047 3521 vocat
2079 3479 2175 3523 aut

606 3558 858 3612 caelestes
916 3565 1230 3626 potestates,
1288 3565 1381 3610 aut
1435 3557 1606 3626 ipsam
1666 3568 2016 3624 creaturam,
2069 3576 2171 3614 una

607 3665 728 3703 cum
782 3649 889 3702 Deo
944 3648 1313 3719 indignantem
1364 3664 1529 3718 super
1578 3649 1809 3713 insania,
1865 3646 2172 3721 arrogantia

605 3748 661 3792 et
689 3738 983 3807 impietate.

673 3911 833 3967 Vens.
875 3914 963 3978 l3,
1006 3915 1093 3969 Η.
1139 3932 1158 3966 ι
1188 3914 1253 3969 Ει
1298 3921 1457 3968 erunt
1504 3915 1705 3969 residui
1742 3917 1896 3985 quasi
1946 3917 2162 3972 damula

602 4007 850 4077 fugiens,
886 4017 942 4063 et
979 4010 1131 4078 quasi
1166 4010 1284 4064 ovis
1321 4023 1513 4065 errans
1578 4020 1631 4064 et
1664 4025 1769 4068 non
1797 4012 1901 4065 erit
1924 4013 2016 4081 qui
2051 4027 2175 4066 con-

603 4109 808 4169 greget,
839 4100 910 4153 ita
938 4109 995 4156 ut
1022 4101 1185 4156 homo
1217 4106 1281 4157 ad
1310 4103 1562 4174 populum
1592 4119 1748 4158 suum
1773 4114 2125 4159 convertatur
2155 4126 2167 4159 :

601 4203 656 4245 et
714 4195 876 4247 homo
933 4193 1001 4248 ad
1070 4197 1346 4263 regionem
1413 4212 1563 4250 suam
1634 4196 1878 4266 fugiet.»
1944 4198 2174 4268 Fugient

599 4282 800 4353 quippe
832 4284 891 4349 ii,
934 4293 994 4339 ut
1038 4285 1320 4340 dexterum
1351 4286 1634 4355 quidpiam
1670 4299 2051 4357 assequamur,
2088 4290 2175 4343 vel

600 4386 658 4428 ut
687 4374 990 4445 perfugium
1025 4378 1165 4447 apud
1200 4380 1511 4448 quempiam
1554 4394 1619 4433 ex
1664 4379 1807 4435 notis
1841 4382 2119 4438 inveniant
2153 4398 2170 4438 :

597 4470 689 4526 sed
724 4485 830 4524 non
870 4470 1146 4525 invenient
1175 4489 1190 4525 :

2276 3282 2465 3355 ἥξουσι
2498 3281 2784 3352 κρείττονα
2816 3279 2989 3350 λῆξιν,
3025 3279 3216 3351 ὥσπερ
3257 3280 3399 3345 τινὸς
3446 3278 3870 3348 παλιγγενεσίας

2273 3372 2619 3443 τευξόμενοι,
2658 3374 2751 3425 xui
2802 3372 2998 3442 μηκέτι
3044 3371 3142 3441 μὲν
3174 3374 3240 3441 τῇ
3284 3370 3395 3425 τῶν
3428 3372 3696 3442 σωμάτων
3742 3372 3869 3427 δου-

2273 3465 2520 3528 λεύοντες
2556 3465 2898 3537 ματαιότητι,
2930 3460 3376 3536 ἐλευθερούμενοι
3400 3464 3458 3517 δὲ
3481 3465 3591 3518 ἀπὸ
3616 3466 3717 3535 τῆς
3743 3465 3871 3520 δου-

2273 3558 2420 3620 λείας
2473 3558 2574 3628 τῆς
2630 3557 2868 3629 φθορᾶς,
2923 3556 3067 3610 κατά
3127 3556 3220 3609 τὸν
3274 3557 3629 3610 ἀποστολικὸν
3685 3557 3868 3626 λόγον.

2274 3647 2515 3717 Οὐρανὸν
2556 3648 2847 3718 τοιγαροῦν
2877 3647 3027 3715 λέγει
3074 3647 3106 3717 ἢ
3148 3646 3247 3709 τὰς
3279 3648 3539 3718 οὐρανίας
3580 3649 3867 3720 δυνάμεις,

2273 3738 2308 3808 ἢ
2349 3740 2442 3791 xui
2490 3739 2662 3809 αὐτὴν
2699 3738 2799 3810 τὴν
2846 3738 3023 3791 κτίσιν
3068 3738 3582 3807 συναγανακτοῦσαν
3610 3739 3690 3811 τῷ
3744 3740 3872 3812 Θεῷ

2274 3831 2368 3885 ἐπὶ
2400 3832 2648 3902 ἀπονοία,
2690 3833 2785 3884 xui
2817 3831 3125 3902 ἀλαζονείᾳ,
3166 3831 3260 3883 xui
3287 3831 3557 3901 ἀθεότητι.

2351 3942 2369 3974 ι
2423 3923 2534 3976 Καὶ
2569 3923 2781 3977 ἔσονται
2821 3925 2870 3976 oi
2915 3922 3400 3992 καταλελειμμένοι
3450 3923 3528 3987 ὡς
3581 3924 3871 3995 δορκάδιον

2274 4014 2495 4085 φεῦγον,
2527 4014 2621 4067 xui
2650 4014 2726 4078 ὡς
2754 4014 3024 4087 πρόϐατον
3060 4013 3435 4085 πλανώμενον,
3463 4016 3558 4068 καὶ
3581 4016 3681 4068 οὐκ
3704 4015 3871 4069 ἔσται

2274 4109 2303 4159 6
2351 4107 2635 4174 συνάγων·
2692 4106 2833 4160 ὥστε
2892 4106 3179 4179 ἄνθρωπον
3228 4108 3309 4171 είς
3363 4107 3454 4159 τὸν
3507 4107 3636 4160 λαὸν
3689 4109 3871 4162 αὐτοῦ

2276 4195 2714 4267 ἀποστραφῆναι,
2765 4196 2858 4248 xui
2889 4195 3176 4267 ἄνθρωπος
3219 4198 3299 4258 είς
3341 4195 3439 4266 τὴν
3475 4195 3662 4268 χώραν
3693 4198 3870 4250 αὑτοῦ

2276 4286 2549 4356 φεύξεται.
2596 4307 2614 4338 ι
2651 4286 2941 4351 Φεύξονται
2976 4288 3074 4358 μὲν
3103 4289 3213 4357 γάρ
3243 4288 3294 4339 οἱ
3335 4287 3649 4356 φεύγοντες,
3681 4288 3869 4355 δεξιοῦ

2273 4398 2415 4443 τινος
2449 4383 2651 4451 τυχεῖν,
2692 4381 2723 4451 ἢ
2766 4380 3083 4452 καταφυγὴν
3125 4380 3391 4452 εὑράσθαι
3428 4381 3577 4452 παρά
3605 4399 3712 4434 τινι
3751 4383 3866 4436 τῶν

2272 4473 2583 4544 γνωρίμων,
2617 4474 2677 4525 οὐ
2714 4472 2818 4543 μὴν
2850 4473 3177 4543 εὑρήσουσιο

672 4562 834 4616 Vsus.
879 4562 966 4615 l5.
1011 4580 1029 4614 ι
1060 4561 1175 4617 Νοη
1225 4562 1330 4616 erit
1380 4562 1523 4616 enim
1568 4563 1660 4633 qui
1708 4574 2000 4636 congi‘eget
2052 4582 2166 4623 eos.

2348 4584 2365 4615 ‹
2405 4565 2518 4618 Οὐκ
2560 4564 2711 4617 ἔσται
2743 4564 2851 4634 γάρ
2895 4566 2923 4616 6
2972 4566 3218 4630 συνάγων
3266 4565 3482 4628 αὐτούς.
3529 4567 3624 4627 Ὃς
3650 4565 3761 4637 γάρ
3796 4567 3871 4620 ἂν

599 4652 733 4706 Nam
769 4653 861 4721 qui
892 4664 1082 4721 captus
1126 4654 1310 4719 fuerit,
1342 4655 1699 4724 opprimetur,
1736 4666 1792 4710 et
1816 4658 1907 4724 qui
1940 4672 2169 4729 congre-

598 4743 705 4811 gati
745 4750 893 4805 sunt,
944 4742 1120 4812 gladio
1163 4744 1376 4798 cadent.
1413 4763 1431 4796 ι
1476 4743 1756 4810 Quamvis,
1816 4746 1925 4809 ait,
1978 4762 2167 4801 eorum

598 4830 816 4899 quidam
854 4831 978 4901 fuga
1010 4831 1237 4885 salutem
1266 4835 1522 4902 consequi
1554 4844 1844 4898 conentur,
1878 4835 1930 4888 hi
1955 4850 2168 4905 quoque

598 4930 755 4989 captu
784 4921 970 4977 faciles
1000 4932 1178 4985 erunt,
1214 4938 1316 4976 non
1341 4924 1514 4977 damis
1533 4923 1789 4991 perfeCtis
1820 4925 2163 4991 salientibus,

598 5027 720 5077 qua:
754 5011 925 5065 levem
975 5012 1320 5083 velocemque
1372 5029 1592 5068 cursum
1630 5016 1867 5083 habent,
1919 5018 2165 5084 similes;

597 5103 689 5157 sed
722 5104 969 5159 damulis.

672 5192 835 5245 Vsus.
877 5193 964 5246 16.
1008 5192 1119 5247 «Et
1160 5193 1298 5248 iiiios
1340 5210 1527 5250 eorum
1574 5197 1880 5267 discerpent
1919 5200 1969 5254 in
2030 5215 2166 5256 con-

600 5292 785 5347 spectu
816 5295 1024 5346 eorum,
1070 5294 1122 5337 et
1168 5286 1362 5339 domus
1393 5301 1581 5340 eorum
1618 5290 1925 5354 vastabuut,
1964 5299 2018 5344 et
2047 5305 2166 5345 mu-

599 5372 756 5426 lieres
791 5388 977 5427 eorum
1011 5375 1304 5430 habebunt.
1339 5397 1357 5430 ι
1404 5379 1637 5433 Perinde
1680 5394 1843 5449 atque
1872 5383 2018 5437 viros
2043 5399 2164 5452 sup.

602 5460 759 5530 plicio
789 5462 1029 5528 affectos,
1069 5467 1327 5521 mulieres
1354 5484 1568 5537 quoque
1612 5470 1945 5540 irreligiosus
1976 5482 2031 5526 et
2062 5474 2163 5527 im-

601 5554 735 5615 pias,
779 5569 899 5622 quae
950 5557 1152 5625 prolem
1186 5558 1506 5623 ediderant,
1556 5561 1777 5629 paribus
1829 5565 2164 5620 cruciatibus

602 5644 1352 5716 allicient:quemadmodum
1410 5662 1466 5706 et
1516 5651 1652 5707 ﬁlios
1698 5668 1885 5709 eorum
1936 5657 2163 5723 impios,

599 5750 828 5802 quorum
875 5740 1086 5802 animm,
1141 5752 1400 5807 quantum
1453 5744 1518 5801 ad
1568 5761 1777 5813 mores,
1846 5751 2161 5819 parentibus

606 5827 807 5883 malitia
846 5830 1043 5885 similes
1069 5840 1211 5887 sunt.

2275 4652 2406 4723 ἁλῷ,
2437 4654 2827 4725 ήττηθήσεται,
2875 4653 2970 4707 καὶ
3004 4654 3197 4717 οἵτινες
3227 4655 3555 4726 συνηγμένοι
3587 4656 3715 4717 εἰσὶ,
3766 4675 3868 4709 πε-

2277 4744 2491 4797 σοῦνται
2526 4745 2792 4815 μαχαίρᾳ.
2833 4762 2851 4794 ι
2889 4742 3008 4795 Κάν
3037 4760 3181 4806 τινες
3210 4740 3323 4808 οὖν,
3362 4744 3549 4814 φησὶν,
3588 4744 3645 4796 ἐν
3674 4746 3866 4811 αὐτοῖς

2274 4834 2581 4905 πειραθεῖεν
2615 4836 2760 4905 φυγῇ
2792 4833 2892 4905 τὴν
2924 4834 3198 4904 σωτηρίαν
3232 4834 3563 4905 πορίσασθαι
3585 4851 3598 4865 ⁸
3640 4836 3735 4888 καὶ
3767 4832 3864 4890 οὗ-

2271 4944 2351 4980 τοι
2386 4927 2643 4980 εὐάλωτοι
2670 4929 3009 4998 γενήσονται,
3043 4930 3102 4981 οὐ
3132 4927 3343 4997 δόρκοις
3372 4928 3598 4991 τελείοις
3632 4931 3863 4999 ἀποπη-

2273 5016 2422 5081 δῶσι,
2460 5017 2659 5087 κοῦφόν
2694 5036 2752 5070 τε
2793 5018 2887 5071 καὶ
2929 5021 3099 5089 ταχὺν
3132 5020 3475 5090 ποιουμένοις
3523 5019 3613 5073 τὸν
3654 5019 3863 5091 δρόμον

2273 5110 2530 5176 ἐοικότες,
2566 5109 2703 5162 ἀλλά
2733 5109 3054 5181 δορκαδίοις.

2348 5223 2365 5253 ‹
2413 5204 2523 5256 Καὶ
2561 5202 2630 5255 τὰ
2668 5204 2833 5256 τέκνα
2866 5204 3043 5256 αὐτῶν
3088 5202 3338 5275 ρήξουσιν
3374 5202 3602 5257 ἐνώπιον
3651 5207 3860 5271 αὐτῶν,

2270 5294 2361 5346 xui
2399 5296 2495 5358 τὰς
2531 5295 2708 5357 οίκίας
2753 5294 2933 5347 αὐτῶν
2978 5295 3430 5365 προνομεύσουσι,
3478 5298 3573 5348 xui
3614 5298 3712 5360 τὰς
3757 5318 3860 5367 γυ-

2270 5388 2461 5448 ναῖκας
2490 5386 2669 5440 αὐτῶν
2696 5386 2925 5450 ἕξουσιν.
2962 5406 2980 5437 ›
3023 5388 3250 5457 Ὁμοίως
3276 5387 3385 5458 γὰρ
3415 5386 3523 5458 ἄρα
3538 5393 3658 5451 ,τοῖς
3694 5392 3859 5445 κολα-

2272 5478 2519 5547 ζομένοις
2551 5478 2775 5547 ἀνδράσι
2825 5480 2915 5531 xui
2964 5480 3061 5543 τὰς
3103 5479 3305 5532 τούτων
3346 5483 3610 5547 γυναῖκας
3656 5484 3858 5548 ἀθέους

2274 5570 2367 5622 xui
2396 5570 2612 5633 ἀσεϐεῖς
2648 5572 2739 5623 xui
2775 5571 2871 5633 τάς
2906 5572 3235 5642 γειναμένας
3266 5575 3386 5635 ταῖς
3434 5574 3578 5637 ίσαις
3609 5574 3853 5630 ὑποϐάλὶ

2272 5659 2418 5713 λουσι
2446 5662 2765 5731 τιμωρίαις,
2798 5661 2985 5734 ὥσπερ
3013 5660 3106 5717 οὖν
3136 5665 3227 5715 xui
3255 5664 3324 5717 τὰ
3354 5665 3518 5718 τέκνα
3556 5667 3737 5718 αὐτῶν
3785 5670 3857 5723 τὰ

2271 5753 2463 5821 ἀσεϐῆ,
2486 5754 2581 5817 τὰς
2600 5753 2825 5817 οἰκείας,
2860 5757 2951 5807 καὶ
2974 5759 3036 5826 τῇ
3066 5757 3172 5810 τῶν
3201 5757 3414 5826 τρόπων
3441 5757 3620 5811 αὐτῶν
3646 5760 3854 5833 μοχθη-

2276 5846 2365 5917 ρίᾳ
2394 5845 2821 5911 ἐξοικειωθείσας
2850 5850 2939 5903 καὶ
2970 5851 3439 5921 παρομοιωθείσας
3462 5850 3656 5920 ψυχάς.
