4042 6420
212 394 315 452 189

1174 398 1690 456 COMMENTARIA
1724 401 1793 456 IN
1831 400 2090 457 ISAIAM.
2131 416 2198 443 -'—-
2241 399 2400 457 CAP.
2440 397 2583 454 xm.

3408 392 3517 452 ἔω

281 529 302 564 ι
367 514 504 569 Ἰδοὺ
551 515 808 588 δπεγερῶ
844 514 974 586 ὑμῖν
1020 515 1149 580 τοὺς
1190 517 1430 588 Μήδους,
1473 518 1523 570 οἰ
1566 519 1625 571 ού
1659 520 1795 588 λογί-

1986 518 2156 575 Vens.
2198 519 2288 574 17.
2337 537 2357 572 ι
2387 517 2529 574 Ecce
2581 513 2861 573 suscitabo
2925 514 3084 570 vobis
3141 513 3352 578 Medos,
3414 514 3506 582 qui

206 603 389 670 ζονται
423 609 710 679 ἀργύριον,
743 607 866 661 οὐδὲ
900 607 1125 678 χρυσίου
1158 609 1347 680 χρείαν
1379 610 1583 679 ἔχουσι,
1615 610 1805 675 τοξεύ-

208 714 353 769 ματα
394 699 699 753 νεανίσκων
738 698 1114 770 συντρίψουσι.
1168 720 1189 754 ι
1238 701 1398 768 Μέγα
1440 699 1539 771 μὲν
1563 701 1673 775 γὰρ
1703 703 1804 755 αύ-

202 791 314 852 τοῖς
347 791 447 843 ἐπὶ
481 793 606 855 ταῖς
633 791 869 856 τοξείαις
898 792 959 844 τὸ
989 793 1238 864 φύσημα,
1267 793 1362 846 καὶ
1385 793 1446 846 τὸ
1468 793 1720 864 εὐτεχνὲς
1748 795 1806 847 ὲν

200 882 416 947 τούτοις
455 884 738 941 ποιοῦνται
777 886 908 957 περὶ
943 886 1141 940 πολλοῦ
1163 903 1177 917 ·
1214 887 1331 940 ἀλλ’
1361 888 1561 957 ἥττους
1591 889 1805 942 ἔσονται

198 971 310 1026 τῶν
349 975 588 1047 ἐχθρῶν.
637 976 876 1049 Σκληροὶ
910 976 967 1029 δὲ
1007 977 1149 1031 οὕτω
1193 978 1287 1030 καὶ
1327 978 1805 1050 άφιλοικτίρμονες

197 1064 248 1117 οἰ
278 1067 654 1136 νενικηκότες,
683 1068 759 1132 ὼς
797 1069 932 1139 μηδὲ
964 1069 1063 1138 τῆς
1097 1069 1338 1139 ἐλεεινῆς
1375 1068 1593 1140 ἡλικίας
1637 1067 1804 1138 φειδὼ

197 1157 480 1212 ποιεῖσθαί
519 1175 658 1212 τινα.
697 1159 789 1230 Τῷ
821 1161 878 1214 δὲ
912 1161 1174 1231 φάσκοντι
1224 1161 1390 1232 λόγῳ,
1423 1180 1443 1213 ι
1509 1162 1640 1216 Ἰδοὺ
1676 1164 1805 1215 ἐπε-

194 1249 348 1320 γερῶ
378 1250 514 1322 ὑμῖν
539 1254 664 1316 τοὺς
697 1253 939 1324 Μήδους,
980 1273 998 1304 ι
1049 1257 1322 1325 μαρτυρεί
1365 1255 1523 1327 ὴτῆς
1561 1255 1803 1327 ἱστορίας

194 1345 450 1411 ἔκϐασις,
492 1348 848 1420 ἀνάγραπτος
883 1345 1018 1402 οὖσα
1064 1349 1216 1420 παρὰ
1260 1353 1376 1413 τοῖς
1433 1349 1701 1421 Ἑλλήνων
1734 1350 1802 1402 τὰ

193 1437 490 1508 Χαλδαῖκά¹
529 1440 624 1494 καὶ
659 1441 730 1494 τά
771 1441 1109 1513 ’Δσσυριακὰ
1152 1441 1655 1513 συγγραψαμένοις,
1692 1445 1804 1506 τοῖς

192 1545 251 1582 τε
285 1530 357 1584 τὰ
406 1531 633 1602 Μηδικά
678 1533 1046 1604 ἰστορηκόσιν·
1091 1526 1166 1586 ὧν
1211 1535 1305 1586 καὶ
1354 1535 1515 1604 ἡμεῖς
1541 1535 1802 1598 πλείστας

191 1623 574 1695 ἀκλεξάμεθα
595 1625 901 1698 μαρτυρίας
925 1629 981 1678 ἐν
1010 1629 1124 1690 τοῖς
1155 1626 1467 1697 πονηθεῖσιν
1496 1629 1628 1698 ἡμῖν
1655 1629 1801 1696 Χρο-

191 1716 392 1783 νικοῖς
417 1720 839 1790 συγγράμμασι.
899 1719 1187 1774 Φαίνονται
1241 1720 1423 1774 τοίνυν
1471 1719 1657 1790 Μῆδοι
1700 1720 1800 1791 τὴν

203 1809 519 1880 ⁹Δσσυρίων
543 1810 867 1878 καθελόντες
894 1813 1091 1884 ἀρχήν·
1124 1812 1348 1877 τούτους
1372 1830 1432 1866 τε
1463 1811 1647 1884 Κῦρος
1675 1813 1802 1866 ὐπο-

1912 621 2199 683 argentum
2233 627 2339 668 non
2374 620 2593 676 curant,
2621 624 2721 664 nec
2753 623 2890 664 auro
2912 623 3051 678 Opus
3093 607 3320 672 habent,
3347 621 3512 660 arcus

1906 703 2170 774 iuvenum
2219 712 2529 759 conterent.
2565 720 2586 753 ι
2636 699 2864 770 Magnus
2907 699 3130 770 quidem
3168 697 3276 754 illis
3325 708 3504 752 tumor

1909 796 2054 850 inest
2099 798 2169 852 ob
2213 797 2508 864 sagittandi
2546 795 2800 866 peritiam
2828 834 2846 860 ,
2897 808 3081 863 quam.
3109 801 3287 846 artem
3337 790 3512 860 pluris

1909 889 2153 956 faciunt,
2204 890 2298 944 sed
2360 891 2598 946 inimicis
2656 889 2948 944 inferiores
3010 895 3197 940 erunt.
3257 883 3512 940 Victores

1909 997 2072 1052 porro
2103 991 2253 1035 tanta
2280 983 2483 1037 duritie
2508 995 2562 1038 et
2590 983 2936 1037 immanitate
2977 988 3176 1042 erunt,
3208 987 3268 1032 ut
3294 991 3363 1031 ne
3387 979 3510 1047 qni-

1907 1075 2028 1129 dem
2058 1083 2258 1131 tenerae
2281 1085 2337 1128 et
2364 1077 2430 1130 ad
2462 1074 2902 1130 misericordiam
2928 1073 3168 1128 moventi
3204 1072 3352 1126 artati
3380 1086 3511 1140 par—
3581 1099 3598 1111 ο

1906 1174 2052 1220 cant.
2109 1165 2246 1221 Huic
2295 1177 2490 1221 autem-
2531 1168 2714 1232 dicto,
2787 1185 2806 1218 ι
2837 1166 2978 1222 Ecce
3021 1165 3304 1221 suscitabo
3350 1163 3509 1217 vobis

1905 1258 2117 1322 Medos,
2148 1279 2167 1313 ι
2203 1261 2318 1329 ipse
2349 1260 2591 1314 historiae
2615 1268 2844 1315 eventus
2890 1257 3264 1314 testimonium
3304 1256 3457 1310 addit
3488 1267 3506 1308 :

1904 1366 2027 1420 qua:
2057 1353 2282 1406 historia
2304 1353 2444 1422 apud
2471 1351 2714 1416 Graecos,
2747 1353 2839 1421 qui
2859 1351 3179 1414 Chaldaica,
3203 1348 3498 1420 Assyriaca

1904 1454 1962 1496 et
2032 1441 2238 1498 Medica
2317 1445 2658 1513 scripserunt
2726 1443 3332 1512 reperitur:quorum
3405 1456 3508 1496 nos

1905 1536 2076 1590 multa
2115 1536 2425 1591 testimonia
2460 1536 2782 1606 collegimus
2825 1536 2878 1590 in
2926 1535 3206 1591 Cltronicis
3240 1549 3366 1605 quae
3391 1533 3510 1588 edi-

1903 1628 2105 1682 dimus.
2164 1627 2302 1682 Medi
2360 1629 2543 1698 itaque
2592 1628 2940 1699 Assyriorum
2979 1628 3271 1698 imperium
3301 1637 3511 1681 everte-

1907 1730 2035 1774 runt
2062 1737 2076 1774 :
2108 1719 2229 1775 illos
2259 1734 2391 1775 vero
2423 1720 2526 1775 sibi
2570 1721 2803 1788 subjecit
2831 1719 3031 1789 Cyrus,
3069 1719 3280 1790 primus
3310 1717 3506 1773 Persa-

1907 1827 2026 1866 rum
2055 1827 2168 1872 rex.
2206 1812 2301 1882 qui
2343 1811 2656 1868 Judreorum
2700 1813 3078 1884 captivitatem
3118 1811 3328 1866 dimisit
3359 1827 3374 1864 :
3412 1810 3507 1864 de-

190 1901 360 1969 τάξας
387 1906 420 1957 ὁ
453 1903 684 1976 Περσῶν
712 1905 965 1976 βασιλεὺς
1002 1905 1238 1977 πρῶτος,
1276 1908 1304 1960 ὁ
1343 1907 1437 1960 καὶ
1470 1907 1569 1974 τὴν
1597 1908 1795 1977 αἰχμα-

1904 1903 2090 1973 dilqtte
2127 1901 2332 1959 Iudaeis
2367 1920 2466 1974 pro
2505 1905 2676 1960 lubitu
2721 1905 2774 1959 in
2809 1905 3088 1976 regionem
3134 1917 3293 1958 suam
3339 1901 3508 1958 remi-

191 1993 397 2049 λωσίαν
436 1995 550 2049 τῶν
591 1997 863 2051 Ἰουδαίων
895 1999 1072 2062 άνείς·
1121 2000 1216 2052 καὶ
1248 1998 1370 2062 δοὺς
1405 1997 1655 2063 ἐξουσίαν
1683 2001 1796 2063 τοῖς

190 2086 444 2142 θέλουσιν
480 2089 662 2143 αὐτῶν
686 2092 768 2154 εἰς
795 2091 894 2162 τὴν
927 2091 1133 2145 οἰκείαν
1167 2091 1450 2146 ἐπανιέναι
1481 2090 1796 2166 χώραν,κα⁶ι

189 2181 505 2252 ἀνεγείρειν
539 2181 632 2235 τὸν
663 2182 790 2235 ναὸν
818 2182 910 2235 τοῦ
946 2182 1099 2237 Θεοῦ.

265 2292 284 2324 ι
317 2274 439 2326 Καὶ
468 2273 624 2328 ἔσται
657 2273 936 2338 Βαϐυλὼν,
958 2275 993 2346 ἠ
1034 2275 1279 2330 καλεῖται
1314 2275 1524 2341 ἔνδοξος
1553 2276 1665 2330 ἀπὸ
1695 2275 1794 2347 βα-

189 2363 390 2430 σιλέως
418 2365 725 2430 Χαλδαίων,
759 2366 820 2420 δν
846 2367 1047 2440 τρόπον
1076 2368 1448 2440 κατέστρεψεν
1481 2371 1510 2422 ὁ
1539 2369 1671 2433 Θεὸς
1699 2370 1796 2422 Σό-

187 2457 329 2529 δομα
394 2457 494 2511 καὶ
554 2457 847 2530 Γόμορρα,
909 2459 972 2511 ού
1032 2459 1497 2530 κατοικηθήσεται
1561 2462 1640 2524 εἰς
1703 2461 1794 2514 τὸν

187 2546 380 2602 αἰῶνα.
430 2565 452 2599 ι
505 2547 787 2619 ’Δοίκητος
823 2548 880 2601 δὲ
921 2547 1017 2601 καὶ
1061 2547 1341 2612 παντελῶς
1385 2549 1591 2620 ἕρημος
1624 2549 1792 2603 εἰσέτι

187 2639 283 2694 καὶ
313 2639 417 2693 νῦν
449 2641 646 2710 δρᾶται
676 2642 709 2712 ἡ
757 2639 1018 2694 Βαϐυλών
1037 2657 1050 2669 ·
1099 2640 1378 2713 μάρτυρες
1420 2641 1478 2694 δὲ
1506 2641 1710 2695 τούτων
1741 2643 1794 2695 οἰ

185 2735 248 2786 ἐκ
281 2730 398 2786 τῶν
431 2729 617 2784 τόπων
649 2731 876 2785 ἐκείνων
911 2730 1048 2802 πρὸς
1085 2732 1234 2802 ἡμᾶς
1274 2732 1680 2804 ἀφικνούμενοι.

257 2839 279 2875 ι
338 2821 472 2876 Οὐδ’
519 2821 582 2875 οὐ
630 2821 704 2891 μὴ
755 2820 1073 2874 εἰσέλθωσιν
1119 2824 1200 2884 εἰς
1232 2822 1403 2894 αὐτὴν
1447 2823 1536 2876 διὰ
1580 2825 1793 2880 πολλῶν

185 2913 416 2982 γενεῶν,
451 2912 563 2966 οὐδ’
589 2912 650 2966 ού
695 2913 770 2984 μὴ
815 2911 1096 2967 διέλθωσιν
1139 2913 1311 2984 αὐτὴν
1354 2914 1624 2984 Ἄραϐες,
1671 2915 1792 2970 οὐδὲ

185 3005 458 3076 ποιμένες
485 3003 549 3057 ού
593 3002 667 3075 μὴ
697 3001 1120 3058 άναπαύσωνται
1151 3005 1210 3056 ὲν
1245 3005 1407 3075 αὐτῇ.
1453 3025 1470 3057 ι
1511 3004 1670 3059 Οὕτω
1699 3007 1793 3080 δη-

183 3096 495 3168 λουμένων,
525 3096 600 3160 ὡς
626 3092 802 3167 οἶμαι,
835 3095 947 3149 τῶν
977 3097 1109 3167 παρ’
1135 3099 1268 3169 ἡμῖν
1305 3097 1656 3170 καλουμένων
1689 3101 1796 3155 Σα-

185 3188 470 3262 ρακηνῶν,
507 3188 580 3252 οἶ,
607 3188 707 3252 τὰς
747 3189 1138 3261 πραγματείας
1183 3191 1533 3263 ποιούμενοι,
1563 3195 1660 3249 καὶ
1704 3196 1792 3249 ἐπ’

183 3281 360 3351 αὐτῆς
390 3279 714 3343 Βαϐυλῶνος
734 3281 796 3334 τὸ
819 3281 1048 3335 παλαιὸν
1069 3282 1538 3352 ὲσκηνοποιοῦντο.
1565 3287 1801 3352 Φευκτὸς

181 3373 237 3426 δὲ
265 3371 420 3425 οὕτω
447 3371 544 3425 καὶ
573 3375 685 3436 τοῖς
714 3374 959 3447 ὁμόροις,
990 3376 1082 3428 καὶ
1119 3378 1234 3438 τοῖς
1257 3375 1317 3440 ἐξ
1350 3376 1540 3443 ἔθνους
1579 3380 1796 3452 μακροῦ

183 3463 608 3536 περινοστοῦσιν
655 3465 858 3537 αὐτὴν,
911 3466 988 3530 ὡς
1047 3468 1184 3540 μηδὲ
1236 3470 1504 3540 ποιμένας
1559 3475 1687 3535 τοὺς
1739 3472 1799 3538 ἐξ

196 3554 461 3626 Ἀράϐων
495 3555 881 3627 ητανεμῆσαί
919 3573 973 3610 τι
1022 3557 1131 3611 τῶν
1173 3558 1319 3612 ἰδίων
1361 3559 1696 3632 θρεμμάτων
1740 3565 1797 3616 ἐν

183 3646 350 3717 αὐτῇ,
386 3645 482 3698 διά
526 3662 610 3698 τοι
643 3646 704 3699 τὸ
749 3646 1083 3731 ἠρημῶσθαι
1118 3649 1420 3714 παντελῶς.
1487 3651 1685 3705 ’ἰστέον
1716 3653 1794 3717 δὲ,

182 3737 262 3789 ὃτι
293 3735 368 3788 τὰ
409 3735 749 3808 Σαρακηνῶν
782 3736 933 3809 ἔθνη,
964 3740 1060 3792 καὶ
1096 3741 1290 3810 μέχρις
1336 3740 1509 3811 αὐτῆς
1540 3742 1798 3813 διήκοντα

183 3827 281 3898 τῆς
329 3825 638 3896 ’Δσσυρίων
675 3826 770 3880 καὶ
803 3827 904 3898 τὴν
955 3829 1214 3883 ἐσωτάτω
1243 3830 1518 3901 νεμόμενα
1564 3832 1793 3904 ἔρημον,

187 3917 444 3992 ⁹Αραθας
471 3915 760 3990 ὀνομάζει·
799 3918 1017 3988 γείτονα
1046 3919 1157 3991 γὰρ
1192 3920 1376 3992 ἔχουσι
1408 3922 1507 3994 τὴν
1548 3923 1797 3995 Ἀράϐων

191 4011 270 4082 χώ
278 4029 402 4084 ραν.

259 4123 278 4156 ι
315 4103 431 4157 Καὶ
476 4102 885 4157 ἀναπαύσονται
928 4105 1047 4158 ἐκεῖ
1092 4104 1290 4178 θηρία·
1343 4107 1436 4162 καὶ
1469 4108 1794 4182 ἐμπλησθή-

183 4208 376 4245 σονται
408 4191 468 4244 αἰ
500 4190 668 4245 οἰκίαι
697 4192 832 4264 ἧχου
852 4210 866 4223 ·
903 4195 995 4248 καὶ
1023 4197 1434 4252 ἀναπαύσονται
1467 4201 1582 4253 ἐκεῖ
1617 4202 1797 4272 σειρῆ-

181 4301 297 4348 νες,
335 4284 436 4338 καὶ
459 4282 712 4355 δαιμόνια
741 4287 862 4339 ἐκεῖ
891 4287 1243 4358 ὀρχήσονται,
1281 4292 1376 4344 καὶ
1415 4291 1794 4366 ὀνοκένταυροι

183 4380 304 4431 ἐκεῖ
344 4379 808 4450 κατοικήσουσιν·
853 4380 951 4432 καὶ
999 4385 1484 4454 νοσσοποιήσουσιν
1533 4388 1698 4457 ἐχῖνοι
1736 4389 1795 4441 ὲν

182 4474 298 4536 τοῖς
340 4469 518 4534 οἴκοις
557 4470 757 4536 αὐτῶν,
812 4473 948 4544 ταχὺ
1001 4473 1220 4548 ἔρχεται
1254 4478 1350 4531 καὶ
1395 4479 1456 4530 οὐ
1504 4483 1726 4550 χρονιεῖ.
1769 4500 1788 4532 ι

184 4563 311 4616 Τῶν
349 4563 454 4634 μὲν
482 4559 576 4617 οὖν
606 4565 834 4636 ἡμέρων
861 4566 956 4619 καὶ
989 4565 1224 4635 λογικῶν
1259 4568 1414 4633 ζώων
1449 4571 1656 4642 ἔρημον
1693 4591 1794 4628 κα-

182 4658 468 4730 ταστήσας
519 4657 617 4729 τὴν
641 4659 978 4727 ιΒαὸυλῶνα,
1023 4662 1176 4716 οὐδὲν
1210 4666 1453 4735 οἰκήσειν
1500 4666 1787 4732 θεσπίζει·

184 4750 355 4824 θηρία
390 4751 450 4804 δέ
498 4767 626 4805 τινα
669 4751 845 4824 άδηλα
875 4756 1011 4826 ἡμῖν
1060 4755 1154 4809 καὶ
1205 4757 1480 4826 ἄγνωστα,
1529 4757 1790 4830 δαίμονάς

181 4862 338 4908 τινας
361 4845 460 4898 καὶ
491 4844 782 4915 πνεύματά
806 4864 927 4900 τινα
959 4847 1145 4918 ἀπηνῆ
1168 4849 1262 4902 καὶ
1287 4851 1540 4924 ἀνήμερα
1567 4851 1788 4907 ἔσεσθαι

183 4937 238 4988 ιν
271 4936 416 5005 αὐτῇ
469 4950 624 5003 φησι.
673 4934 762 4987 Διὸ
812 4936 932 4988 ἀντὶ
973 4937 1091 5002 τοῦ,
1143 4958 1161 4990 ι
1191 4939 1374 5010 θηρία,
1401 4959 1420 4993 ι
1449 4961 1466 4992 ι
1491 4943 1655 4995 σείειν
1679 4963 1697 4994 ι
1741 4945 1790 4997 οἰ

181 5028 365 5081 λοιποὶ
397 5027 734 5098 ἑρμηνευταί
761 5027 1091 5084 ἐπιδεδώκασι
1112 5047 1124 5060 ·
1157 5032 1251 5084 καὶ
1278 5033 1398 5085 ἀντὶ
1420 5033 1533 5099 τοῦ,
1565 5054 1584 5085 ι
1614 5036 1792 5106 σειρῆ-

182 5137 294 5184 νες,
337 5139 356 5169 ι
393 5137 412 5169 ‹
457 5119 994 5192 στρουθοκαμήλους,
1035 5142 1052 5172 ι
1079 5125 1368 5193 εἰρήκασι·
1405 5126 1498 5178 καὶ
1524 5128 1646 5179 ἀντὶ
1667 5127 1787 5194 τοῦ,

190 5237 207 5261 ι
246 5209 657 5280 ὁνοκένταυροι,
702 5229 720 5261 ›
765 5204 784 5260 ι
825 5209 1010 5274 σείειν,
1053 5232 1069 5262 ι
1110 5215 1446 5286 ἀνέγραψαν,
1478 5217 1615 5288 αὐτῇ
1650 5236 1788 5290 χρη-

185 5304 415 5374 σάμενοι
556 5300 799 5372 Ἐϐραΐδι
844 5306 996 5373 φωνῇ
1028 5303 1115 5356 διὰ.
1143 5305 1204 5357 τὸ
1239 5307 1433 5379 ἄδηλον
1468 5309 1566 5377 τῆς
1610 5312 1787 5382 ἑρμη-

181 5395 352 5456 νείας·
386 5392 529 5446 ἀλλὰ
562 5394 656 5447 καὶ
682 5395 822 5459 ἀντὶ,
855 5396 1346 5468 σὲχίνων,ιύμοίως
1360 5404 1407 5454 οἰ
1441 5407 1585 5472 τρεῖς
1616 5405 1790 5476 ἑρμη-

181 5487 393 5546 νευταὶ,
432 5504 450 5535 ι
485 5485 776 5555 σειρῆνας,
815 5507 834 5538 ι
864 5490 1215 5558 ἡρμήνευσαν
1240 5509 1253 5520 ·
1305 5493 1446 5564 τάχα
1463 5513 1562 5547 που
1593 5495 1682 5548 διὰ
1729 5497 1791 5549 τὸ

169 5578 469 5649 "anan;le
493 5577 602 5630 τῶν
630 5578 888 5632 τοιούτων
911 5579 1202 5652 δαιμόνων.
1248 5585 1400 5639 Ἐπεὶ
1429 5588 1558 5657 παρ’
1597 5588 1790 5659 Ἕλλη..

186 5686 270 5722 σιν
317 5668 596 5740 ἡδύφωνοί
639 5686 783 5732 τιν-ς
818 5667 978 5725 αὗται
1010 5675 1104 5728 καὶ
1141 5675 1408 5748 ἁπατηλοὶ
1461 5679 1788 5748 γεγενῆσθαι

191 5762 649 5831 μνημονεύονται.
699 5781 717 5812 ι
767 5761 918 5833 Ταχὺ
963 5764 1200 5835 ἔρχεται,
1252 5768 1346 5822 καὶ
1391 5770 1452 5820 ού
1500 5774 1723 5841 χρονιεῖ.
1767 5794 1783 5824 ι

190 5855 368 5919 Ἀἶας
388 5872 450 5923 γε
486 5855 594 5926 μὴν
637 5857 727 5908 καὶ
762 5856 1110 5928 νομιζόμενος
1149 5861 1293 5933 παρὰ
1329 5862 1634 5933 ἀνθρώποις
1688 5885 1792 5937 μα.-

1903 1993 2094 2062 grandi
2120 2010 2186 2050 ac
2228 1995 2411 2064 templi
2448 1995 2540 2051 Dei
2567 1996 2917 2050 restaurandi
2945 1993 3288 2050 facultatem.

1977 2262 2141 2318 Vens.
2182 2261 2273 2318 i9.
2321 2280 2340 2314 ι
2369 2260 2435 2315 Et
2487 2260 2592 2316 erit
2643 2259 2914 2330 Babylon,
2968 2275 3090 2329 qua:
3134 2266 3363 2313 vocatur
3392 2257 3507 2328 glo-

1901 2357 2045 2412 riosa
2087 2372 2116 2410 a
2168 2371 2297 2426 rege
2343 2354 2749 2420 Chaldaeorum,
2803 2353 3264 2424 quemadmodum
3306 2352 3508 2407 evertit

1902 2452 2044 2506 Deus
2077 2449 2372 2506 Sodomam
2401 2458 2454 2503 et
2485 2447 2852 2504 Gomorrham
2872 2491 2887 2515 ,
2916 2464 3025 2504 non
3065 2447 3413 2503 habitabitur
3444 2448 3501 2502 in

1900 2544 2181 2599 mculum.
2214 2561 2232 2595 ι
2288 2539 2594 2596 lnbabitata
2626 2553 2680 2597 et
2711 2542 2984 2597 hactenus
3024 2542 3239 2596 deserta
3275 2550 3358 2594 est
3398 2536 3507 2593 Ba-

1904 2636 2087 2708 bylon,
2132 2650 2294 2702 quam
2327 2650 2444 2691 rem
2481 2633 2848 2689 testiﬁcantur
2886 2634 2980 2706 qui
3013 2627 3262 2690 ex‘locis
3296 2631 3405 2688 illis
3436 2634 3506 2686 ad

1899 2741 2000 2783 nos
2041 2727 2287 2780 veniunt.

1978 2838 1996 2870 ι
2023 2818 2142 2874 Non
2197 2817 2578 2889 ingredientur
2621 2817 2675 2872 in
2712 2833 2833 2873 eam
2883 2833 2979 2889 per
3022 2817 3222 2873 multas
3271 2831 3507 2888 genera-

1899 2909 2102 2973 tiones,
2158 2923 2339 2978 neque
2388 2908 2702 2964 transibunt
2744 2922 2843 2977 per
2889 2922 3011 2961 eam
3048 2906 3292 2969 Arabes,
3327 2920 3506 2972 neque

1898 3017 2148 3076 pastores
2207 3003 2560 3072 requiescent
2620 3001 2676 3056 in
2741 3016 2828 3056 ea.
2879 3021 2898 3056 ι
2963 3000 3131 3067 Queis
3183 2998 3505 3070 signiﬁcan-

1901 3105 2010 3160 tur,
2050 3104 2108 3148 ut
2137 3094 2382 3157 aestimo,
2432 3094 2493 3158 ii,
2528 3093 2621 3163 qui
2674 3093 2818 3164 apud
2860 3107 2960 3147 nos
2995 3091 3256 3148 Saraceni
3303 3105 3506 3144 vocan-

1901 3198 2010 3252 tur,
2047 3185 2142 3256 qui
2179 3187 2610 3257 negotiationem
2641 3195 2931 3250 exercent,
2977 3194 3034 3240 et
3077 3183 3131 3239 in
3172 3185 3291 3254 ipsa
3319 3184 3502 3256 Baby-

1828 3259 1870 3318 C
1904 3279 2028 3332 lone
2077 3277 2210 3332 olim
2274 3279 2509 3332 tentoria
2570 3280 2867 3348 ponebant.
2900 3275 3087 3348 Usque
3135 3277 3272 3332 adeo
3318 3283 3503 3330 autem

1899 3385 2092 3442 perosa
2129 3379 2251 3425 erat
2281 3381 2393 3425 tum
2429 3372 2630 3426 vicinis
2654 3410 2670 3435 ,
2725 3381 2841 3425 tum
2877 3371 3196 3440 longinquis
3247 3379 3303 3424 ct
3345 3385 3504 3439 pere-

1898 3464 2252 3534 grinantibus
2285 3463 2539 3534 gentibus
2562 3503 2577 3528 ,
2609 3472 2667 3518 ut
2708 3478 2778 3518 ne
2820 3475 3070 3533 pastores
3105 3462 3326 3533 quidem
3362 3461 3504 3516 Ara-

1897 3553 2026 3608 bum
2088 3567 2286 3624 pecora
2345 3567 2445 3609 sua
2507 3553 2620 3608 illic
2667 3553 2926 3624 pascendi
2987 3567 3156 3608 causa
3213 3552 3500 3616 ducerent,

1897 3649 2027 3719 quia
2097 3651 2318 3719 penitus
2377 3650 2594 3704 deserta
2650 3657 2706 3703 et
2759 3648 2964 3704 inculta
3013 3655 3149 3704 erat.
3203 3643 3500 3700 Sciendum

1897 3749 2081 3794 autem
2133 3750 2221 3794 est
2273 3737 2682 3794 Saracenorum
2741 3747 2962 3808 gentes,
3018 3752 3143 3808 quae
3196 3748 3372 3804 usque
3432 3735 3501 3790 ad

1899 3834 2072 3902 ipsam
2103 3833 2457 3905 Assyriorum
2490 3841 2696 3888 terram
2734 3831 3076 3902 pertingunt,
3127 3838 3294 3898 atque
3351 3829 3497 3884 inte-

1898 3927 2102 3979 riorem
2138 3925 2490 3980 solitudinem
2522 3925 2790 3985 incolunt,
2819 3924 3033 3977 Arabas
3075 3923 3163 3977 hic
3187 3921 3498 3992 nominari;

1895 4033 2023 4073 nam
2053 4017 2297 4072 Arabum
2331 4017 2608 4086 regionem
2654 4016 2949 4070 ﬁnitimam
2985 4015 3212 4069 habent.
3289 4001 3296 4008 ’

1968 4110 2137 4166 Vens.
2177 4110 2271 4177 2t,
2312 4109 2406 4162 ‘22.
2473 4108 2585 4163 «Et
2641 4107 2988 4163 accubabant
3043 4108 3115 4162 tbi
3170 4109 3396 4174 bestne;
3445 4117 3502 4164 et

1896 4203 2260 4274 replebunlur
2287 4203 2486 4256 domus
2511 4202 2718 4257 sonitu.
2753 4201 2820 4256 Et
2858 4201 3206 4271 requiescent
3249 4201 3322 4255 ibi
3358 4207 3499 4256 sire-

1896 4311 2018 4360 nes,
2081 4305 2139 4349 et
2187 4295 2460 4349 daemonia
2495 4294 2569 4348 ibi
2633 4294 2937 4360 saltabunt,
2988 4293 3346 4348 onocentauri
3386 4293 3502 4349 illic

1895 4386 2230 4442 babitabunt
2260 4405 2274 4441 :
2310 4396 2366 4442 et
2403 4385 2762 4441 nidiﬁcabunt
2821 4386 3093 4444 berinacii
3142 4386 3196 4440 in
3247 4387 3504 4443 domibus

1894 4493 2108 4542 eorum,
2155 4479 2265 4533 cito
2314 4479 2516 4544 veniet,
2561 4485 2623 4532 et
2658 4493 2766 4531 non
2825 4478 3082 4533 tardabit.
3116 4495 3134 4528 ι
3199 4477 3498 4546 Postquam

1901 4580 2318 4627 mansuetorum
2361 4579 2416 4626 et
2472 4570 2881 4625 rationabilium
2923 4570 3241 4624 animalium
3267 4586 3498 4626 vacuam

1900 4665 2238 4737 Babylonem
2283 4667 2674 4729 constituerat,
2723 4681 2752 4718 a
2803 4664 2951 4719 nullo
2990 4663 3342 4720 habitandam
3378 4681 3501 4722 esse

1900 4759 2267 4823 vaticinatur;
2318 4758 2415 4812 sed
2464 4758 2729 4826 quasdam
2765 4757 2981 4827 ignotas
3016 4759 3177 4814 nobis
3219 4757 3400 4824 feras,
3445 4769 3503 4812 et

1902 4851 2182 4904 daemones
2209 4849 2482 4919 quosdam
2513 4848 2853 4919 spiritusque
2873 4849 3128 4905 crudeles
3153 4861 3207 4904 et
3232 4852 3502 4908 immanes

1903 4942 1980 4996 ibi
2020 4939 2242 4997 futuros
2273 4956 2396 4996 esse
2421 4940 2517 4995 ait.
2551 4941 2735 5007 Quare
2759 4959 2858 5013 pro
2885 4942 2976 4999 illo
3012 4962 3031 4995 ι
3060 4943 3269 5008 bestias,
3296 4962 3315 4996 ι
3369 4945 3497 5000 reli-

1901 5035 1993 5105 qui
2029 5035 2382 5102 interpretes,
2445 5055 2464 5087 ‹
2489 5036 2593 5091 siin
2624 5054 2643 5087 ι
2701 5035 3028 5102 ediderunt;
3060 5045 3116 5093 et
3165 5037 3284 5091 loco
3327 5037 3498 5098 illius.

1902 5146 1922 5180 ι
1945 5129 2176 5193 sirenes,
2206 5146 2224 5179 ι
2259 5147 2278 5180 ι
2303 5128 2816 5194 ειτυιιιοοοιηειοε,ι
2840 5129 3135 5195 dixerunt;
3169 5145 3232 5184 ac
3260 5145 3358 5200 pro
3385 5129 3496 5196 illo,

1913 5239 1931 5270 ι
1959 5221 2334 5283 onocentauri,
2370 5228 2504 5284 Et”?
2545 5221 2690 5287 siim,
2717 5241 2736 5274 ι
2781 5224 2910 5278 item
2961 5222 3304 5291 interpretati
3347 5237 3497 5287 sunt,

1898 5311 2015 5380 ipsa
2049 5311 2131 5366 usi
2170 5310 2440 5367 Hebraica
2477 5327 2632 5377 voce,
2679 5314 2750 5368 ob
2802 5315 3150 5384 significatus
3192 5317 3496 5372 obscurita-

1898 5413 2029 5467 tem,
2065 5407 2176 5459 imo
2209 5406 2376 5459 etiam
2427 5422 2530 5475 pro
2577 5425 2596 5457 ‹
2629 5406 2946 5472 lierinaciis,
2997 5418 3108 5463 tres
3168 5409 3498 5477 interpretes

1896 5497 2141 5565 pariter,
2202 5515 2221 5547 ι
2255 5499 2464 5552 sirenes
2494 5539 2509 5559 ,
2551 5518 2568 5550 ι
2648 5499 3007 5555 reddiderunt
3056 5521 3071 5556 :
3124 5502 3379 5557 fortassis
3427 5506 3498 5560 ob

1898 5589 2088 5643 talium
2116 5590 2425 5644 daemonum
2461 5593 2914 5647 fraudulentiam.
2949 5594 3082 5648 Nam
3110 5599 3249 5666 apud
3275 5597 3498 5655 Graecos

1897 5681 2118 5737 Sirenes
2193 5683 2493 5738 dulcisonae
2553 5694 2608 5739 et
2663 5683 2887 5742 fallaces
2951 5686 3120 5743 fuisse
3171 5701 3494 5744 narrantur.

1907 5790 1924 5822 ι
1955 5770 2078 5826 Cito
2116 5772 2318 5832 veniet.
2365 5783 2419 5826 et
2453 5788 2561 5828 non
2592 5776 2850 5830 tardabit.
2888 5796 2905 5828 ι
2967 5778 3208 5843 Quodvis
3260 5789 3495 5846 tempus,

1903 5865 2118 5923 etiamsi
2156 5866 2532 5937 longissimum
2573 5869 2714 5939 apud
2763 5870 3015 5928 homines
3069 5886 3188 5926 esse
3247 5879 3493 5939 putetur,
