4042 6438
586 437 684 495 ⁸91

1250 429 1517 487 EUSEBII
1553 427 2031 487 CESARIENSIS
2069 424 2219 483 OPP.
2256 424 2434 480 PARS
2474 423 2562 480 Ill.
2600 454 2671 465 —
2709 419 3117 479 EXEGETICA.

3745 413 3844 473 l9!

587 548 961 604 brevissimum
995 557 1173 602 tamen
1217 546 1355 615 apud
1418 545 1582 599 Deum
1619 544 1859 611 iudicem
1904 543 2147 598 habetur.

2261 538 2521 608 κρότατος
2542 532 2677 591 εἶναι
2699 535 2886 607 χρόνος
2908 533 3245 604 βραχύτατος
3273 528 3424 602 παρά
3442 526 3523 599 τῷ
3541 526 3840 600 Θεῷκριτῇ

585 640 797 697 Etenim
833 638 978 694 mille
1002 638 1128 692 anni
1154 638 1205 691 in
1238 645 1534 704 conspectu
1563 635 1703 705 ejus,
1748 644 2005 703 tanquam
2036 632 2154 687 dies

588 734 845 785 hesterna
885 718 1221 801 rep‘utantur,
1252 736 1308 782 et
1345 722 1601 796 tanquam
1633 726 1876 781 custodia
1897 728 1949 779 in
1974 735 2150 779 nocte.

588 824 839 885 Attamen
893 838 995 875 non
1032 829 1152 889 post
1193 819 1392 873 multas
1422 834 1688 872 annorum
1736 818 1989 885 periodos
2019 819 2157 870 vati-

586 913 788 967 cinium
824 912 1097 980 impleYum
1145 920 1269 966 est:
1302 911 1569 981 siquidem
1623 908 1860 981 Babylon
1904 911 2007 964 sub
2041 908 2154 966 Me-

589 1006 777 1059 dorum
803 1004 1027 1073 imperio
1052 1018 1213 1073 supra
1255 1012 1551 1057 memorata
1578 1015 1830 1071 perpessa
1860 1012 1967 1055 est.

1150 1093 1380 1149 CAPUT
1450 1091 1589 1148 XIV.

660 1183 825 1245 Vens.
867 1186 919 1251 ί,
958 1185 1017 1240 2.
1067 1203 1086 1234 r
1116 1184 1181 1239 Et
1214 1184 1562 1239 miserebitur
1589 1184 1849 1239 Dominus
1872 1182 2061 1249 Jacob,
2101 1195 2157 1239 et

586 1279 747 1348 eliget
795 1280 1047 1333 lsraelem
1087 1289 1184 1338 :et
1235 1278 1584 1347 requiescent
1631 1278 1683 1332 in
1733 1288 1878 1332 terra
1924 1294 2044 1345 sua,
2104 1287 2159 1332 et

587 1374 789 1426 advena
812 1372 1130 1440 adiungetur
1156 1370 1271 1434 eis,
1298 1379 1353 1423 et
1377 1370 1703 1439 adiungetur
1732 1369 1912 1423 domui
1944 1367 2138 1425 Jacob.

590 1462 653 1517 Et
681 1462 948 1530 accipient
968 1476 1063 1515 eos
1090 1471 1297 1531 gentes,
1324 1469 1380 1514 et
1406 1461 1661 1516 inducent
1689 1462 1739 1514 in
1765 1460 1939 1513 locum
1964 1472 2154 1514 suum:

585 1564 641 1608 et
662 1554 1011 1625 possidebunt
1038 1563 1094 1607 et
1128 1553 1640 1623 multiplicabuntur
1671 1567 1835 1621 super
1860 1564 2059 1607 terram
2102 1555 2154 1609 in

2255 629 2579 696 λελόγισται.
2616 628 2777 681 Χίλια
2809 622 2903 680 οὖν
2941 625 3037 695 ἑτη
3072 622 3304 677 ἐνώπιον
3341 620 3509 675 αὑτοῦ
3541 619 3619 683 ὡς
3662 620 3845 690 ἡμέρα

2255 718 2289 785 ὴ
2316 715 2441 785 χθὲς
2463 714 2791 782 λελόγισται,
2815 712 2910 767 καὶ
2936 712 3011 776 ὡς
3039 711 3254 784 φυλακὴ
3281 713 3339 765 ἑν
3365 709 3539 767 νυκτί.
3571 708 3736 763 Ἀλλά
3750 714 3845 763 καὶ

2255 810 2355 862 οὐκ
2390 809 2470 871 είς
2500 809 2745 878 μακροὺς
2785 806 2895 861 τῶν
2926 806 3136 876 χρόνων
3168 804 3399 868 κύκλους
3434 803 3536 874 τῆς
3563 801 3845 867 ἑκϐάσεως

2255 901 2326 953 τά
2350 899 2708 953 θεσπισθέντα
2735 899 2913 970 ἑτυχε,
2937 896 3005 951 τὰ
3036 895 3419 969 προρρηθέντα
3443 893 3725 965 παθούσης
3742 892 3843 964 τῆς

2258 994 2574 1058 Βαϐυλῶνος
2605 996 2698 1048 ἐπὶ
2731 994 2829 1065 τῆς
2863 993 3062 1064 Μήδων
3089 992 3285 1062 ἀρχῆς.

2790 1083 3187 1137 ΚΕΦΑΛΑΙΟΝ
3211 1084 3305 1136 ΙΔ’.

2333 1196 2352 1229 ι
2402 1175 2514 1229 Καὶ
2556 1177 2769 1247 ἑλεήσει
2812 1175 3017 1248 Κύριος
3054 1175 3145 1227 τὸν
3190 1172 3402 1233 Ἰακὼϐ,
3435 1172 3530 1226 καὶ
3564 1172 3845 1239 ἑκλέξεται

2259 1269 2338 1321 ἑτι
2370 1268 2460 1322 τὸν
2504 1269 2742 1340 Ἰσραὴλ,
2779 1269 2874 1321 καί
2906 1267 3311 1321 ἀναπαύσονται
3358 1266 3449 1319 ἑπὶ
3474 1265 3573 1335 τῆς
3608 1264 3715 1334 γῆς
3747 1264 3846 1317 αύ-

2256 1360 2387 1425 τῶν,
2418 1360 2514 1415 καὶ
2543 1344 2572 1413 ό
2595 1358 2833 1432 γειὼρας
2860 1358 3291 1433 προστεθήσεται
3316 1355 3456 1428 πρὸς
3488 1356 3687 1419 αὐτούς
3706 1373 3718 1385 ·
3752 1356 3846 1409 καὶ

2260 1452 2692 1523 προστεθήσεται
2728 1452 2866 1523 πρὸς
2896 1452 2987 1504 τὸν
3011 1446 3159 1504 οἷκον
3199 1450 3410 1504 Ἰακώϐ.
3444 1450 3554 1502 Καὶ
3582 1448 3844 1520 λήψονται

2259 1539 2455 1602 αὐτοὺς
2479 1538 2628 1605 ἔθνη,
2659 1540 2753 1592 καὶ
2777 1539 3082 1605 είσάξουσιν
3112 1542 3190 1601 είς
3210 1539 3301 1602 τὸν
3330 1539 3494 1593 τόπον
3516 1530 3717 1603 αὐτῶν,
3749 1538 3847 1591 καὶ

586 1659 773 1699 servos
814 1654 870 1698 et
904 1644 1150 1707 ancillas,
1210 1654 1263 1699 et
1318 1652 1475 1698 erunt
1523 1643 1725 1711 captivi
1784 1644 1876 1712 qui
1918 1646 2147 1713 captiv0t

2262 1630 2910 1701 κατακληρονομήσουσι,
2957 1631 3050 1683 καὶ
3096 1630 3562 1701 πληθυνθήσονται
3607 1631 3699 1683 ἑπὶ
3747 1630 3847 1701 τῆς

586 1745 844 1803 ceperant
871 1750 986 1799 eos,
1020 1745 1076 1790 et
1102 1735 1400 1789 dominatui
1438 1750 1629 1789 eorum
1665 1735 2020 1802 subjicientur
2068 1740 2156 1805 qui

584 1827 915 1882 dominatum
938 1828 1287 1882 obtinuerant
1316 1829 1368 1881 in
1393 1844 1507 1881 eos.
1537 1847 1557 1880 ι
1612 1826 2021 1897 Cousequenter
2055 1831 2156 1899 igi-

586 1927 671 1972 tur
700 1931 819 1987 post
841 1933 926 1985 ea,
950 1936 1070 1990 quae
1099 1931 1287 1975 contra
1337 1921 1660 1992 Babylonem
1694 1923 1839 1977 dicta
1875 1932 2003 1979 sunt
2025 1966 2040 1990 ,
2072 1928 2155 1982 bis

583 2004 798 2063 Judaici
829 2010 1009 2079 pepuli
1042 2026 1106 2064 ex
1138 2010 1352 2065 inimica
1378 2021 1522 2064 terra
1560 2014 1611 2067 in
1639 2011 1938 2068 Jerusalem
1972 2032 2158 2071 rever-

583 2100 810 2163 sionem,
847 2118 969 2169 qua:
995 2104 1095 2156 sub
1135 2103 1278 2173 Cyro
1315 2105 1567 2175 contigit,
1616 2106 1891 2176 signiﬁcat
1922 2125 1934 2161 :
1967 2109 2154 2162 decla-

554 2207 712 2247 .rans
740 2192 857 2249 fore
891 2194 1052 2273 ut‘illi
1080 2209 1204 2264 post
1244 2196 1476 2249 reditum
1512 2199 1563 2249 in
1606 2201 1828 2266 regione
1868 2214 1963 2254 sua
2000 2201 2156 2270 quie-

581 2292 759 2349 scunt,
789 2293 843 2337 et
869 2285 1077 2340 advena
1107 2287 1239 2355 ipsis
1276 2287 1624 2357 adjungatur.
1674 2291 1778 2345 Pro
1816 2290 1908 2345 illo
1950 2301 2153 2357 autem,

586 2391 606 2425 ι
629 2375 856 2442 advena,
886 2395 905 2428 ι
934 2376 1125 2447 reliqui
1157 2382 1501 2445 Interpretes,
1543 2399 1563 2433 r
1589 2381 1897 2453 proselytus
1926 2402 1946 2436 ι
1982 2387 2154 2440 inter-

582 2467 778 2536 pretati
809 2477 952 2524 sunt.
997 2467 1093 2525 Sic
1133 2474 1279 2526 enim
1312 2475 1387 2529 ait
1424 2491 1517 2531 eos
1572 2479 1624 2531 iu
1690 2489 1832 2531 terra
1884 2492 1979 2533 sua
2037 2494 2151 2534 rem

582 2571 841 2626 prospere
895 2572 1162 2633 gesturos,
1224 2576 1284 2620 ut
1330 2569 1491 2620 etiam
1532 2568 1850 2640 alienigena:
1910 2571 2150 2641 ipsorum

585 2646 897 2714 religionem
930 2652 1341 2723 amplectantur,
1371 2672 1437 2711 ac
1459 2659 1716 2731 proselyti
1754 2661 1908 2730 ilaut,
1941 2664 2152 2720 domui-

579 2749 687 2809 que
710 2737 881 2795 Jacob
910 2741 1260 2811 adjiciantur.

648 2997 820 3056 ναις.
856 3000 911 3064 5,
953 2999 1007 3056 4.
1054 3021 1072 3053 ι
1102 3002 1167 3059 Ει
1197 3005 1303 3060 erit
1350 3005 1403 3059 in
1450 3006 1538 3061 die
1579 3008 1667 3063 illa
1718 3012 2067 3081 requiescere
2100 3023 2153 3072 te

582 3090 752 3148 faciet
786 3094 929 3148 Deus
961 3109 992 3147 a
1024 3097 1212 3151 dolore
1242 3107 1334 3162 tuo
1357 3108 1411 3153 et
1442 3100 1510 3153 ab
1540 3100 1618 3153 ira
1652 3112 1739 3155 tua
1760 3142 1775 3167 ,
1807 3112 1864 3157 et
1899 3121 1930 3157 a
1976 3106 2149 3161 servi-

582 3194 693 3241 tute
712 3193 804 3241 ωδ
832 3187 987 3252 dura,
1015 3203 1119 3259 qua
1150 3190 1418 3243 servivisti
1442 3192 1522 3246 eis
1545 3208 1561 3244 :
1583 3204 1636 3247 et
1664 3210 1846 3248 sumes
1872 3195 2145 3261 planctum

2262 1721 2363 1791 γῆς
2392 1722 2467 1783 είς
2500 1719 2719 1782 δούλους
2752 1719 2847 1773 καὶ
2882 1719 3093 1785 δούλας.
3130 1721 3225 1774 καὶ
3258 1720 3468 1773 ἔσονται
3508 1720 3845 1791 αἰχμάλωτοι

2263 1812 2312 1864 οί
2344 1811 2886 1882 αἰχμαλωτεύσαντες
2929 1814 3148 1877 αὐτοὺς,
3181 1814 3276 1866 καὶ
3314 1812 3763 1885 κυριευθήσονται
3796 1815 3847 1867 oi

2265 1902 2649 1975 κυριεύσαντες
2689 1902 2907 1966 αύτούς.
2946 1922 2965 1955 ι
3019 1903 3350 1967 Ἀκολούθως
3385 1903 3565 1957 τοίνυν
3602 1904 3743 1974 μετά
3777 1902 3848 1956 τὰ

2259 1992 2625 2062 προλεχθέντα
2672 1992 2815 2045 κατά
2851 1992 2950 2062 τῆς
2978 1990 3331 2056 Βαϐυλῶνος,
3361 1991 3452 2045 διὰ
3494 1990 3705 2045 τούτων
3747 1988 3848 2061 τὴν

2257 2089 2350 2141 ἑπὶ
2382 2088 2566 2159 Κύρου
2600 2089 2897 2159 γενομένην
2929 2086 3266 2158 ἐπιστροφὴν
3292 2070 3391 2140 τοῦ
3416 2086 3528 2140 τῶν
3569 2084 3846 2139 Ἰουδαίων

2256 2178 2385 2233 λαοῦ
2411 2180 2507 2249 τὴν
2531 2180 2639 2232 ἀπὸ
2661 2180 2759 2249 τῆς
2792 2180 3057 2247 πολεμίας
3082 2180 3176 2233 ἐπὶ
3201 2179 3301 2251 τὴν
3354 2179 3717 2253 Ἰερουσαλὴμ
3748 2195 3849 2251 ση-

2259 2272 2457 2343 μαίνει,
2489 2270 2776 2335 διδάσκων,
2818 2271 2895 2334 ὼς
2938 2271 3341 2326 ἀναπαύσονται
3380 2272 3473 2325 ἑπὶ
3504 2272 3605 2342 τῆς
3634 2271 3849 2327 ἑαυτῶν

2255 2358 2436 2431 χώρας
2462 2358 2879 2423 ἐπανελθόντες,
2913 2360 3010 2413 καὶ
3040 2360 3117 2424 ῶς
3160 2361 3187 2412 ὁ
3209 2360 3445 2430 γειώρας
3480 2359 3850 2431 προστεθήσε-

2253 2467 2341 2503 ται
2379 2452 2579 2515 αύτοῖς.
2627 2452 2774 2504 Ἀντί
2815 2450 2871 2505 δὲ
2902 2451 3021 2516 τοῦ,
3071 2471 3090 2503 ι
3130 2453 3159 2504 ὀ
3199 2450 3458 2523 γειώρας,
3514 2470 3533 2503 ι
3574 2452 3624 2504 oi
3660 2449 3849 2506 λοιποὶ

2252 2544 2617 2615 ἑρμηνευταὶ,
2656 2562 2675 2595 ι
2735 2544 2764 2596 ὁ
2812 2544 3153 2615 προσήλυτος
3199 2564 3217 2596 ι
3259 2546 3630 2616 ήρμήνευσαν.
3684 2542 3849 2607 Οὕτω

2253 2636 2362 2706 γὰρ
2404 2631 2462 2689 εὖ
2504 2635 2732 2707 πράξειν
2756 2638 2952 2701 αὐτοὺς
2986 2638 3081 2691 ἑπὶ
3125 2636 3224 2706 τῆς
3259 2637 3467 2690 ἑαυτῶν
3506 2636 3609 2707 γῆς
3650 2653 3844 2707 φησιν,

2253 2726 2329 2788 ὡς
2362 2727 2456 2779 καὶ
2493 2725 2823 2794 ἀλλοφύλους
2862 2726 3280 2797 ἀντιποιηθῆναι
3308 2727 3407 2797 τῆς
3451 2726 3629 2781 αὐτῶν
3665 2726 3847 2781 θεοσι·

2254 2818 2426 2880 ϐείας,
2471 2817 2726 2886 γενέσθαι
2767 2835 2826 2871 τε
2870 2817 3275 2890 προσηλύτους,
3329 2820 3425 2872 καὶ
3472 2818 3843 2891 προστεθῆναι

2252 2908 2330 2978 τῷ
2353 2909 2484 2978 οἴκῳ
2524 2907 2737 2963 Ἰακώϐ.

2332 3019 2350 3051 ι
2394 3001 2503 3053 Καὶ
2522 3000 2675 3053 ἔσται
2710 3003 2768 3053 ἑν
2806 3002 2873 3071 τῇ
2912 3001 3095 3070 ἡμέρᾳ
3138 3000 3356 3071 ἑκείνῃ,
3392 2998 3699 3053 ἀναπαύσει
3733 3000 3844 3053 Κύ-

2256 3093 2371 3164 ριός
2412 3110 2470 3146 σε
2506 3093 2615 3146 ἀπὸ
2641 3093 2738 3163 τῆς
2767 3092 2961 3163 ὀδύνης
2997 3093 3090 3145 καὶ
3120 3092 3214 3145 τοῦ
3257 3091 3432 3162 θυμοῦ
3476 3092 3705 3154 comata}.
3740 3094 3843 3165 τῆς

2253 3185 2493 3247 δουλείας
2523 3200 2615 3236 σου
2659 3183 2756 3253 τῆς
2810 3182 3085 3253 σκληρᾶς,
3113 3178 3181 3255 ἧς
3220 3182 3542 3247 ἑδούλευσας
3567 3223 3583 3247 ,
3613 3184 3804 3249 αὐτοῖς
3824 3202 3838 3215 ·

582 3275 725 3331 hunc
774 3292 938 3346 super
992 3256 1173 3348 regem
1232 3278 1561 3350 Babylonis:
1598 3302 1617 3335 ι
1671 3299 1795 3338 nam
1854 3256 2034 3340 εδει-επ
2094 3297 2147 3341 et

2256 3279 2348 3330 καὶ
2392 3276 2539 3349 λήψῃ
2584 3276 2674 3328 τὸν
2718 3275 2913 3347 θρῆνον
2960 3274 3147 3328 τοῦτον
3196 3276 3289 3328 ἑπὶ¹
3336 3274 3559 3345 βασιλέα
3595 3277 3844 3331 Βαϐυλῶ-

578 3361 756 3429 Medi,
817 3365 1166 3436 Assyriorum
1228 3367 1455 3437 imperio
1516 3381 1573 3427 et
1644 3374 1779 3443 ipsis
1838 3374 2153 3446 Babyloniis

578 3451 636 3509 in
662 3454 981 3512 servitutem
1010 3460 1267 3529 redactis,
1297 3479 1393 3519 eos
1421 3480 1531 3520 suae
1569 3466 1760 3522 ditioni
1796 3470 2147 3540 subegerunt.

652 3630 819 3691 Vna.
860 3635 976 3691 5-8.
1022 3657 1041 3691 ι
1068 3637 1134 3698 Et
1159 3639 1308 3697 dices
1334 3642 1388 3695 in
1431 3641 1521 3698 die
1553 3642 1638 3697 illa
1665 3686 1682 3712 ,
1716 3644 1997 3711 Quomodo
2036 3664 2154 3703 ces-

579 3726 720 3780 savit
776 3740 1020 3795 exactor,
1075 3742 1131 3787 et
1181 3736 1416 3789 cessavit
1466 3736 1832 3792 sollicitatur?
1881 3737 2152 3795 Contrivit

581 3815 843 3874 Dominus
881 3820 1069 3889 iugum
1124 3836 1515 3893 peccatorum,
1564 3825 1752 3897 jugum
1802 3829 2147 3898 principum,

580 3912 895 3979 percutiens
928 3924 1145 3980 gentem
1198 3916 1303 3980 ira.
1343 3919 1499 3988 plaga
1554 3919 1864 3975 insanabili.
1921 3918 2151 3978 Ferieus

576 4006 791 4064 gentem
823 3998 977 4070 plaga
1007 4001 1122 4067 ira,
1162 4018 1268 4058 non
1296 4007 1573 4075 pepercit;
1598 4008 1865 4075 requievit
1890 4009 1982 4078 qui
2009 4024 2148 4064 con-

580 4090 721 4146 ﬁdit.
768 4091 961 4148 Omnis
1014 4104 1159 4150 terra
1198 4096 1397 4152 clamat
1435 4114 1559 4154 cum
1617 4100 1827 4156 laetitia.
1880 4103 1949 4157 Et
2000 4103 2146 4173 ligna

577 4181 771 4239 Libani
799 4185 977 4240 laetata
1016 4197 1141 4241 sunt
1165 4203 1329 4258 super
1366 4200 1419 4244 te
1441 4230 1456 4255 ,
1487 4200 1542 4243 et
1570 4193 1767 4248 cedrus
1795 4193 1986 4249 Libani
2025 4213 2039 4249 :
2078 4211 2145 4250 ex

575 4291 687 4347 quo
740 4285 796 4332 tu
850 4278 1182 4343 dormivlati,
1240 4296 1346 4345 non
1400 4284 1647 4338 ascendit
1704 4286 1794 4354 qui
1842 4289 2149 4344 succideret

573 4387 694 4429 nos.
724 4392 744 4425 ι
764 4373 936 4430 Cedri
978 4373 1143 4444 igitur
1167 4385 1221 4431 et
1246 4376 1403 4445 pinus
1429 4380 1720 4433 secundum
1754 4379 2141 4452 Symmachum

572 4480 788 4551 rursum
850 4466 1161 4538 allegorice,
1230 4479 1492 4539 tyrannos
1542 4471 1808 4539 quosdam
1874 4477 2143 4545 superbos

569 4558 898 4626 significant,
958 4574 988 4615 a
1050 4558 1344 4630 Babylonia
1394 4562 1667 4624 obsessos,
1724 4575 1780 4618 et
1840 4584 1869 4620 a
1922 4570 2139 4639 propria

571 4652 793 4717 regione
822 4654 1067 4706 succisos
1088 4692 1104 4717 ,
1152 4668 1289 4721 quos
1318 4658 1385 4707 de
1420 4655 1663 4721 praedicti
1718 4654 2138 4729 Babyloniorum

571 4742 714 4811 regis
742 4743 896 4798 ruina
926 4744 1164 4813 gaudere
1190 4756 1612 4802 consentanequ
1651 4760 1790 4804 erat.

638 4918 806 4975 Vena.
844 4919 898 4976 9.
938 4936 959 4972 r
996 4919 1240 4975 lnt‘ernus
1264 4921 1448 4977 subter
1478 4922 1835 4979 exacerbatus
1856 4934 1939 4980 est
1954 4940 2145 4981 occur-

567 5024 696 5067 reus
723 5011 863 5064 tibi:
901 5011 1060 5064 simul
1088 5011 1310 5065 excitati
1350 5022 1473 5066 sunt
1519 5015 1613 5069 tibi
1659 5028 1850 5069 omnes
1894 5016 2139 5086 gigantes

569 5103 661 5174 qui
692 5112 850 5158 terra:
874 5102 1248 5173 imperarunt,
1288 5104 1378 5173 qui
1440 5106 1751 5159 excitarunt
1805 5121 1871 5161 ex
1923 5108 2135 5163 tltronis

570 5194 683 5247 suis
714 5207 903 5248 omnes
934 5208 1089 5263 reges
1131 5192 1393 5262 Sentium.
1434 5211 1456 5245 ι
1487 5192 1594 5250 Nos
1618 5209 1835 5265 quoque
1874 5196 1998 5266 jure
2043 5197 2137 5252 Sa-

567 5296 706 5339 tana
734 5285 999 5349 dicemus,
1025 5291 1117 5355 qui
1168 5285 1298 5340 olim
1332 5286 1550 5355 quidem
1607 5289 1674 5342 ab
1723 5288 1815 5342 illo
1862 5288 2133 5346 devastati

2255 3385 2371 3432 νος·
2431 3388 2450 3419 ι
2506 3368 2715 3438 Πέρσαι
2756 3365 2867 3438 γὰρ
2917 3366 3008 3419 καὶ
3058 3366 3252 3437 Μῆδοι,
3294 3367 3476 3428 πᾶσαν
3534 3369 3844 3443 Ἀσσυρίων

2253 3461 2456 3533 ἀρχὴν,
2494 3460 2589 3514 καὶ
2632 3460 2829 3524 αὐτοὺς
2876 3459 3001 3523 τοὺς
3042 3457 3441 3524 Βαϐυλωνίους,
3486 3458 3843 3532 ὑποχειρίους

2251 3551 2527 3614 λαϐόντες,
2555 3552 2621 3621 τῇ
2655 3550 2864 3605 ἑαυτῶν
2891 3549 3162 3615 ὑπέταξαν
3193 3550 3440 3621 δυνάμει.

2328 3660 2348 3691 ‹
2386 3639 2495 3693 Καὶ
2528 3641 2672 3710 ἑρείς
2696 3642 2755 3693 ἑν
2786 3642 2853 3711 τῇ
2887 3640 3070 3711 ἡμέρᾳ
3096 3639 3314 3713 ἑκείνῃ’
3359 3640 3484 3705 Πῶς
3510 3642 3835 3699 αναπὲπαυ-

2252 3749 2341 3786 ται
2372 3734 2401 3785 ό
2435 3731 2711 3796 ἀπαιτῶν,
2748 3732 2843 3785 καὶ
2883 3730 3264 3785 ἀναπέπαυται
3304 3734 3334 3785 ό
3367 3733 3839 3809 ἑπισπουδαστήςς

2252 3822 2545 3894 Συνὲτριψε
2587 3821 2791 3894 Κύριος
2833 3821 2926 3875 τὸν
2959 3819 3122 3890 ζυγὸν
3164 3821 3273 3875 τῶν
3325 3824 3685 3897 ἁμαρτωλῶν,
3742 3828 3842 3883 τὸν

2251 3913 2414 3982 ζυγὸν
2452 3914 2563 3967 τῶν
2603 3914 2900 3985 ἀρχόντων,
2948 3914 3193 3981 πατάξας
3242 3914 3397 3981 ἑθνος
3442 3917 3599 3990 θυμῷ
3648 3920 3839 3993 πληγῇ
3926 3949 3937 3957 .

2250 4006 2473 4075 ἀνιάτῳ.
2504 4006 2689 4059 Παίων
2713 4004 2864 4068 ἑθνος
2888 4004 3103 4074 πληγὴν
3138 4005 3335 4077 θυμοῦ,
3367 4008 3402 4079 ἠ
3431 4008 3530 4061 οὐκ
3550 4007 3835 4077 ἑφείσατο,

2248 4096 2595 4151 ἀνεπαύσατο
2634 4094 2930 4159 πεποιθώς.
2968 4096 3126 4149 Πᾶσα
3158 4098 3191 4166 ἡ
3230 4098 3301 4169 γῆ
3350 4096 3451 4170 βοᾷ
3489 4102 3605 4170 μετ’
3641 4100 3841 4173 εὐφρο-

2252 4189 2437 4260 σύνης.
2471 4188 2581 4241 Καὶ
2611 4187 2681 4241 τὰ
2724 4187 2856 4254 ξύλα
2900 4185 2994 4240 τοῦ
3024 4188 3258 4243 Λιϐάνου
3301 4189 3689 4262 εὐφράνθησαν
3738 4193 3839 4248 ἑπὶ

2252 4281 2357 4344 σοὶ,
2394 4280 2544 4352 καὶὴ
2578 4280 2767 4352 κέδρος
2797 4278 2892 4333 τοῦ
2926 4279 3158 4334 Λιϐάνου
3178 4298 3194 4311 ·
3234 4282 3327 4351 ἀφ’
3353 4275 3415 4335 οὗ
3462 4282 3527 4336 σὺ
3568 4283 3841 4355 κεκοίμηο

2248 4390 2356 4435 σαι,
2388 4372 2491 4425 οὐκ
2525 4371 2694 4442 ἀνέϐη
2729 4374 2758 4425 ό
2786 4372 3015 4426 κόπτων
3033 4374 3201 4443 ἡμᾶς.
3239 4392 3258 4425 ι
3293 4375 3492 4447 Κέδροι
3526 4377 3708 4429 τοίνυν
3736 4379 3838 4432 καὶ

2247 4463 2455 4526 πίτυες,
2496 4463 2638 4516 κατά
2665 4463 2757 4518 τὸν
2800 4463 3095 4536 Σύμμαχον
3133 4466 3296 4520 πάλιν
3339 4466 3716 4539 ἀλληγορικῶς
3743 4488 3838 4526 τυ-

2175 4590 2218 4645 D
2251 4558 2472 4628 ράννους
2501 4555 2655 4619 τινὰς
2682 4557 3029 4627 ἐπηρμένους
3063 4559 3442 4629 σημαίνουσιν,
3473 4561 3575 4614 ὑπὸ
3595 4560 3699 4632 τῆς
3724 4562 3836 4618 Βα-

2249 4647 2513 4710 ϐυλωνίας
2546 4647 3009 4717 πολιορκηθέντας
3047 4651 3140 4702 καὶ
3165 4651 3264 4721 τῆς
3292 4652 3497 4716 οἰκείας
3528 4654 3835 4708 ἀποκοπέν-

2246 4758 2344 4804 τας
2367 4739 2578 4810 χώρας·
2608 4738 2698 4804 οὓς
2741 4740 2889 4804 είκὸς
2920 4736 2987 4812 ἦν
3023 4741 3351 4812 ἐπιχαρῆναι
3378 4746 3446 4814 τῇ
3483 4742 3691 4797 πτώσει
3729 4746 3833 4801 τοῦ

2244 4828 2403 4901 δηλου
2411 4829 2591 4899 μένου.

2317 4940 2337 4972 r
2380 4922 2549 4992 ᾍδης
2577 4921 2819 4975 κάτωθεν
2848 4921 3149 4993 ἐπικράνθη
3177 4925 3518 4995 συναντήσας
3541 4943 3624 4979 σοι
3645 4943 3661 4957 ⁸
3702 4945 3831 4982 συν-

2240 5010 2551 5083 ηγέρθησάν
2604 5030 2685 5065 σοι
2740 5013 2940 5074 πάντες
2966 5016 3015 5066 οί
3061 5014 3316 5082 γίγαντες
3352 5017 3403 5069 oi
3436 5015 3697 5092 ἀρξαντες
3725 5021 3829 5091 τῆς

2242 5101 2363 5171 γῆς,
2390 5103 2437 5154 oi
2465 5102 2775 5171 ἐγείραντες
2799 5105 2863 5155 ἑκ
2890 5101 2998 5154 τῶν
3028 5102 3234 5172 θρόνων
3268 5104 3447 5158 αὐτῶν
3474 5104 3682 5171 πάντας
3726 5108 3828 5178 βα..

2245 5193 2408 5256 σιλεῖς
2442 5193 2632 5247 ἐθνῶν.
2682 5212 2700 5245 ι
2754 5194 3016 5265 Ἐροῦμεν
3053 5195 3110 5247 δὲ
3150 5197 3240 5249 καὶ
3283 5198 3443 5267 ἡμεῖς
3479 5200 3707 5263 είκότως
3745 5203 3826 5275 τῷ

2240 5285 2473 5354 Σατανᾷ,
2515 5285 2565 5338 οἱ
2600 5282 2767 5337 πάλαι
2817 5285 2914 5355 μὲν
2952 5286 3079 5357 παρ’
3112 5286 3324 5340 ἑκείνου
3371 5289 3782 5361 πεπορθημένοι
3806 5314 3821 5325 ·

566 5390 794 5442 annus;
827 5376 922 5431 sed
948 5375 1157 5431 llrmatn
1186 5379 1401 5432 demtun
1447 5379 1497 5433 in
1539 5377 1756 5435 Christo
1808 5383 2133 5437 sententiam

2250 5376 2444 5447 ιδραῐον
2473 5375 2529 5430 δὲ
2558 5375 2743 5429 λοιπὸν
2774 5376 3067 5446 ἐσχηκότες
3108 5379 3164 5429 ἐν
3192 5378 3412 5449 Χριστῷ
3438 5380 3501 5433 τὸ
3536 5383 3823 5455 φρόνημα,

509 5529 513 5535 η
568 5468 902 5533 minuimus,
932 5477 1280 5538 mentemque
1308 5470 1375 5523 ad
1415 5470 1673 5539 pietatem
1708 5472 1881 5528 solide
1919 5474 2133 5528 radica-

564 5569 700 5619 tam.
729 5573 933 5626 corque
953 5558 1390 5616 timidissimum:
1429 5578 1449 5613 ι
1488 5558 1567 5615 Ex
1588 5576 1696 5631 quo
1720 5573 1775 5617 tu
1803 5564 2131 5629 dormivisti,

566 5666 673 5706 nou
706 5651 949 5706 ascendit
974 5652 1065 5722 qui
1092 5653 1395 5709 succideret
1434 5669 1553 5709 nos.
1588 5673 1607 5707 ι

636 5739 800 5795 Vna.
819 5741 1003 5799 ιο-ιε.
1035 5759 1055 5794 ι
1076 5740 1277 5801 Omnes
1289 5746 1689 5816 respondebunt
1710 5756 1763 5802 et
1786 5746 1966 5803 dicent
1992 5746 2087 5803 tibi
2108 5766 2123 5803 :

566 5828 633 5885 Et
662 5840 716 5887 tu
743 5840 933 5899 captus
965 5847 1024 5889 es
1048 5832 1189 5890 sicut
1215 5842 1270 5889 et
1296 5848 1399 5892 nos
1434 5850 1449 5891 :
1481 5835 1539 5893 iu
1580 5834 1735 5894 nobis
1760 5846 1941 5895 autem
1968 5852 2127 5907 repu-

2239 5467 2335 5521 καὶ
2379 5467 2502 5521 νοῦν
2557 5468 2638 5531 είς
2682 5468 2967 5522 εὐσέϐειαν
3010 5470 3227 5539 ἀσφαλῆ
3279 5471 3373 5524 καὶ
3426 5464 3822 5545 ἑῤῥιζωμένον,

2237 5560 2334 5613 καὶ
2374 5560 2601 5631 καρδίαν
2633 5560 3031 5633 εύθαλεστάτην
3050 5580 3062 5591 ·
3100 5580 3118 5612 ι
3143 5562 3259 5631 Ἀφ’
3282 5558 3343 5618 οὗ
3374 5565 3438 5619 σὺ
3461 5566 3821 5639 κεκοίμησαι,

2237 5652 2337 5705 οὐκ
2363 5651 2530 5723 ἀνέϐη
2562 5654 2592 5706 ό
2629 5652 2843 5706 κόπτων
2879 5655 3050 5725 ἡμᾶς.
3086 5674 3104 5706 ι

2313 5765 2332 5797 ι
2373 5746 2578 5809 Πάντες
2611 5746 3071 5818 ἀποκριθήσονται
3108 5749 3203 5803 καὶ
3232 5748 3418 5822 ἑρούσί
3458 5766 3557 5803 σοι·
3592 5752 3705 5805 Καὶ
3751 5754 3821 5809 sia

2236 5837 2427 5905 ἑάλως,
2459 5837 2646 5907 ὥσπερ
2671 5839 2763 5893 καὶ
2809 5838 2989 5908 ἡμεῖς’
3031 5842 3090 5894 ἑν
3130 5842 3259 5909 ἡμῖν
3303 5842 3361 5897 δὲ
3402 5842 3814 5914 κατελογίσθης.
