4042 6402
222 371 324 428 W3

1182 338 1689 425 Cestianum
1726 365 1796 422 ιιι
1830 361 2099 425 tsststt.
2137 395 2213 411 —
2244 361 2405 423 esp.
2447 360 2590 419 ιιι.

3422 356 3527 412 194

218 492 438 565 [πέδη
468 491 755 565 ειςᾷδουή
785 489 915 557 δόξα
946 505 1065 557 σου,
1089 492 1125 564 ἡ
1149 492 1321 566 πολλὴ
1344 491 1655 565 εὐφροσύνη
1690 508 1811 547 0W-

1920 462 2068 547 tntns
2116 505 2200 546 es.
2229 487 2523 545 Descendit
2563 486 2619 542 in
2651 482 2927 541 infernum
2962 479 3137 556 gloria
3186 485 3302 546 tua,
3354 480 3525 535 multa

224 588 521 644 Ὗποκάτω
563 604 658 644 σου
700 583 1010 658 στρώσουσι
1065 585 1253 658 σῆψιν,
1289 588 1394 649 ,καὶ
1452 586 1518 641 τὸ
1562 587 1813 644 κατακά-

214 680 408 752 λυμμά
447 697 543 734 σου
578 676 821 749 σκώληξ.
874 676 1006 741 Πῶς
1052 675 1312 743 ὲξὶπεσεν
1357 678 1425 732 εκ
1454 676 1549 732 τοῦ
1580 678 1813 752 ούρανοῦ

212 773 241 828 6
284 770 601 843 Ἑωσφόρος
627 770 658 823 6
689 767 839 841 πρωῒ
871 767 1523 843 ἀνατέλλωνεσυνετρίϐη
1541 769 1679 841 πρὸς
1712 769 1815 842 τὴν

211 864 314 935 γῆν
342 866 373 919 6
404 861 758 919 ἀποστέλλων
803 859 942 932 πρὸς
1000 860 1182 916 πάντα
1227 861 1298 916 τά
1338 860 1502 934 lem;
1541 881 1561 913 ι
1601 863 1666 917 Ol
1713 862 1813 935 μὲν

210 954 304 1010 επὶ
320 955 431 1026 γῆς
452 954 627 1017 huc,
666 951 822 1024 φησὶ,
845 950 913 1005 τὰ
937 952 1196 1024 ἀνωτέρω
1215 951 1485 1024 εἰρημένα
1520 953 1808 1024 φήσουσιν·

210 1050 259 1103 oi
278 1048 340 1103 δὲ
364 1048 461 1103 τὸν
495 1044 838 1118 ἀνθρώπινον
870 1045 1283 1112 ἀπαλλάξαντες
1321 1045 1458 1117 βίον,
1488 1047 1580 1101 καὶ
1622 1044 1813 1117 ὥσπερ

211 1140 272 1194 εν
290 1140 523 1212 δεσμοῖς
550 1142 665 1203 τοῖς
687 1138 784 1194 τοῦ
818 1139 944 1214 ᾅδου
984 1137 1205 1211 χωρίοις
1234 1138 1680 1209 ἀπολειφθέντες,
1720 1140 1815 1196 καὶ

209 1233 369 1289 αὐτοὶ
411 1233 478 1303 τῇ
520 1230 769 1305 ἀπωλείᾳ
822 1231 988 1287 αὐτοῦ
1043 1230 1261 1297 λέξουσι
1300 1230 1373 1287 τά
1414 1232 1811 1306 ἐπιφερόμενα.

208 1324 433 1387 ὑθάσας
460 1323 520 1378 δὶ
542 1324 669 1389 τοίις
696 1324 817 1379 ὶκεῖ
840 1326 1050 1390 πάντας
1078 1326 1109 1379 ό
1144 1325 1302 1399 ᾅδης,
1339 1326 1436 1380 καὶ
1465 1326 1501 1398 ἡ
1526 1325 1815 1396 ὶφεστῶσα

208 1418 334 1481 ταῖς
378 1415 493 1470 τῶν
534 1415 879 1493 τεθνηκότων
917 1416 1115 1489 ψυχαῖς
1168 1416 1421 1490 δύναμις,
1479 1416 1672 1489 ὥσπερ
1727 1433 1814 1482 τις

208 1504 591 1580 δεσμωτηρίου
639 1506 983 1578 τυγχάνουσα
1023 1508 1281 1581 φρουρὸς,
1331 1507 1579 1563 κάτωθεν
1612 1510 1676 1563 εκ
1703 1508 1814 1562 τῶν

210 1596 509 1653 σκοτεινῶν
544 1597 733 1669 μυχῶν
755 1597 892 1669 μετά
924 1596 1096 1666 θυμοῦ
1116 1599 1213 1653 καὶ
1246 1594 1419 1670 ὀργῆς
1441 1600 1815 1675 ὲπαναστήσες

207 1685 301 1741 ταί
326 1702 434 1739 σοι.
460 1684 665 1739 Τούτου
688 1686 745 1741 δι
767 1685 957 1759 ὥσπερ
977 1686 1240 1759 ἄρχοντος
1263 1688 1373 1743 τῶν
1402 1690 1521 1744 ὲκεῖ
1544 1689 1812 1763 κρατοῦν-

208 1793 301 1841 τος
324 1775 425 1831 τοῦ
450 1776 655 1831 οίκείου
700 1776 1074 1849 διεγερθέντος
1117 1777 1334 1850 θρόνου,
1390 1780 1485 1834 καὶ
1536 1781 1585 1833 οι
1632 1778 1813 1836 λοιποὶ

1919 581 2107 637 latitia
2142 590 2255 637 tua.
2285 580 2490 637 Subter
2528 586 2582 636 te
2610 584 2858 634 sterneut
2882 574 3112 637 tineam.
3134 580 3193 629 et
3214 570 3527 644 operimem-

1920 681 2036 728 tum
2072 669 2224 727 tuum
2257 670 2487 727 vermis.
2520 662 2806 738 Quomodo
2833 664 3037 722 cecidit
3087 664 3155 721 de
3182 662 3326 720 calo
3353 660 3526 718 Luci-

1917 761 2022 834 fer,
2056 766 2147 836 qui
2181 780 2343 820 mane
2378 759 2710 818 oriebatur?
2741 759 3018 817 contritus
3065 768 3151 814 est
3200 756 3269 811 ad
3315 763 3525 812 terram

1916 858 2011 929 qui
2044 853 2298 913 mittebat
2320 856 2388 912 ad
2417 869 2612 913 omnes
2642 851 2874 924 gentes!
2916 870 2936 904 ι
2974 848 3076 919 Qui
3110 848 3166 905 in
3194 857 3340 905 terra
3370 854 3519 913 sunt,

1916 949 2117 1020 inquit,
2156 963 2244 1016 ea,
2273 962 2395 1019 quae
2421 945 2678 1017 superius
2707 944 2851 1000 dicta
2880 950 3010 999 sunt
3030 981 3048 1007 ,
3074 939 3396 1013 proferent;
3425 936 3519 1009 qui

1918 1051 2099 1097 autem
2126 1040 2368 1097 humana
2397 1040 2508 1095 vita
2537 1037 2737 1102 functi.
2773 1045 2830 1093 et
2854 1036 2917 1091 in
2950 1034 3088 1090 locis
3126 1030 3341 1088 inferni»
3363 1027 3522 1101 quasi

1918 1132 1973 1188 in
2000 1128 2233 1187 vinculis
2261 1129 2603 1196 detinentur,
2636 1126 2739 1199 ipsi
2792 1139 3011 1197 quoque
3043 1136 3212 1195 super
3236 1120 3355 1193 ejus
3405 1118 3526 1177 exi—

1920 1224 1996 1278 tio
2028 1237 2093 1278 ea
2122 1237 2245 1293 qum
2269 1220 2625 1291 superaddita
2652 1226 2785 1273 sunt
2824 1214 3280 1288 pronuntiabunt.
3318 1210 3527 1269 Omnes

1919 1330 2084 1385 porro
2116 1312 2227 1368 illic
2265 1321 2551 1367 versantes
2583 1317 2924 1379 prterertens
2960 1304 3249 1369 infernus,
3301 1316 3521 1358 necnon

1918 1404 2095 1459 virtus
2143 1404 2231 1458 illa
2280 1415 2404 1473 qua!
2442 1407 2783 1470 mortuorum
2830 1395 3122 1451 animabus
3148 1402 3383 1466 praest;
3419 1406 3523 1449 ceu

1916 1482 2169 1567 quasdam
2195 1488 2439 1550 carceris
2471 1498 2663 1546 custos
2690 1503 2760 1543 ea
2801 1485 2928 1542 imis
2964 1484 3383 1556 teuebrosisque
3427 1497 3528 1555 po-

1919 1584 2225 1641 netralibus
2268 1597 2396 1639 cum
2453 1577 2641 1636 furore
2689 1589 2745 1633 et
2787 1577 2870 1633 ira
2917 1576 3168 1649 insurget
3209 1585 3405 1633 contra
3445 1583 3523 1634 te.

1918 1678 2034 1737 Hoc
2066 1688 2250 1735 autem
2286 1675 2536 1748 principe
2563 1673 2689 1731 istic
2716 1673 3044 1745 imperante,
3077 1687 3147 1728 ex
3189 1670 3395 1727 throno
3422 1684 3526 1728 suo

1916 1770 2209 1835 excitato,
2262 1767 2461 1837 reliqui
2486 1781 2681 1824 omnes
2716 1768 2999 1839 gigantes,
3055 1768 3175 1823 sive
3220 1765 3524 1823 secundum

209 1868 419 1933 πάντες
455 1867 732 1939 γίγαντες,
774 1872 825 1923 oi
867 1869 1012 1925 κατά
1050 1872 1177 1935 τοὺς
1225 1871 1567 1944 ἑρμηπυτάς
1619 1892 1639 1926 ι
1690 1872 1815 1929 Ῥα-

1923 1862 2165 1933 reliquos
2200 1860 2534 1930 interpretes
2563 1876 2583 1911 ι
2610 1857 2905 1929 Baphaim,
2938 1877 2959 1911 ι
2991 1872 3100 1914 una
3134 1864 3523 1914 surrexerunt.

210 1959 379 2033 φαῒμ,
424 1979 445 2013 ι
487 1961 916 2033 συνανέστησαν.
960 1962 1120 2027 Τίνες
1154 1961 1212 2017 δὲ
1253 1955 1424 2030 οὗτοι,
1464 1964 1815 2039 διερμηνεύει

207 2052 390 2122 λέγων
413 2068 428 2083 ’
465 2054 531 2109 Ol
563 2054 824 2127 ἄρχοντες
862 2056 964 2126 τῆς
999 2054 1124 2127 γῆς,
1160 2056 1207 2109 oi
1253 2054 1569 2127 ἐγείραντες
1602 2059 1667 2111 εκ
1706 2058 1815 2111 τῶν

211 2146 422 2220 θρόνων
449 2145 633 2201 αὐτῶν
666 2148 875 2212 πάντας
911 2146 1148 2219 βασιλεῖς
1192 2148 1386 2212 ἐθνῶν,
1438 2148 1534 2202 καὶ
1574 2150 1645 2204 τὰ
1674 2150 1815 2206 αὐτὰ

208 2239 288 2310 τῷ
340 2241 812 2313 κατηγορουμένῳ
857 2226 1070 2312 βασιλεῖ
1121 2241 1443 2308 Βαϐυλῶνος
1482 2245 1811 2316 πράξαντες.

208 2332 274 2387 οι
301 2334 401 2387 καὶ
426 2333 644 2406 γυμνὴν
680 2332 775 2389 καὶ
803 2334 1007 2407 ἔρημον
1034 2335 1130 2389 τοῦ
1159 2336 1413 2408 σώματος
1432 2338 1531 2412 τὴν
1554 2337 1650 2394 τοῦ
1681 2358 1814 2396 ποτε

212 2420 636 2492 βασιλεύσαντος
686 2422 1006 2491 Βαϐυλῶνος
1054 2426 1233 2499 ψυχὴν
1254 2429 1491 2502 δρῶντες
1551 2433 1815 2503 φήσουσιν

209 2515 354 2586 αὐτῇ
373 2531 392 2546 ο
428 2515 541 2569 Καὶ
574 2514 669 2570 σοῦ
693 2516 960 2589 κρείττων
1002 2520 1197 2589 γέγονε
1228 2520 1481 2588 θάνατος,
1512 2524 1589 2589 ὡς
1622 2527 1718 2581 καὶ
1754 2526 1821 2582 se

208 2610 402 2681 δμοιον
429 2610 562 2681 ἡμῖν
588 2609 923 2681 ἀπελέγξαις
974 2613 1145 2667 οὐδὲν
1192 2615 1305 2686 ἄρα
1340 2611 1408 2688 ἦν
1446 2617 1476 2670 6
1521 2618 1666 2691 ὑπὲρ
1709 2620 1815 2691 γῆν

212 2698 353 2771 βίος,
384 2703 483 2756 καὶ
509 2703 538 2756 6
572 2702 804 2767 πλοῦτος
836 2704 933 2759 καὶ
974 2708 1008 2777 ἡ
1042 2704 1191 2774 δόξα,
1226 2708 1323 2762 καὶ
1363 2711 1397 2781 ἡ
1439 2710 1683 2782 τοσαύτη
1725 2712 1817 2767 δυ-

209 2793 478 2847 ναστείαο
521 2792 660 2849 άλλά
700 2794 810 2849 τῶν
851 2795 1071 2851 πάντων
1113 2798 1342 2854 ἐκείνων
1386 2801 1562 2871 πέρας
1597 2802 1671 2873 γῆ
1721 2804 1815 2857 καὶ

211 2885 414 2949 σποδὸς
465 2886 787 2955 διαδέξεται,
831 2886 1051 2962 σκώληξ
1094 2906 1155 2943 τε
1210 2891 1308 2945 καὶ
1358 2891 1581 2964 σαρκῶν
1627 2894 1811 2967 σῆψις.

220 2975 422 3051 Ἡμεῖς
451 2979 510 3033 δέ
549 2996 610 3034 σε
641 2982 705 3036 οὐ
730 2980 925 3054 θνητὸν
963 2981 1287 3055 ἐνομίζομεν
1306 3000 1320 3015 ο
1373 2984 1729 3059 ἀπατώμενοι
1756 2988 1816 3043 δὲ

207 3076 277 3144 τῇ
309 3073 448 3146 περὶ
476 3073 538 3128 σι
560 3073 711 3147 δόξῃ,
739 3073 817 3147 τῷ
846 3077 968 3130 κατ’
996 3076 1227 3149 οὐρανὸν
1272 3077 1645 3153 λαμπροτάτῳ
1696 3101 1812 3153 φω-

206 3167 401 3238 νστῆρι,
427 3166 511 3237 τῷ
535 3166 629 3221 τὸν
654 3167 806 3239 ἥλιον
824 3169 1294 3242 προσκαλουμένῳ
1328 3170 1625 3247 Ἑωσφόρῳ
1651 3175 1813 3229 άπειο

212 3255 475 3327 κάζομεν.
538 3257 612 3312 Σὺ
663 3257 720 3312 δὲ
775 3258 868 3312 ἐπὶ
927 3259 1111 3326 σαυτῷ
1174 3261 1270 3315 καὶ
1325 3261 1551 3333 μείζονα
1604 3266 1814 3322 τούτων

210 3350 469 3423 ἐφρόνεις
508 3351 777 3424 γαυριῶν,
821 3354 923 3409 καὶ
962 3354 1130 3427 μανίᾳ
1160 3356 1374 3428 φρενῶν
1412 3357 1815 3429 ἀλαζονευόμε-

211 3460 323 3507 νος,
358 3443 440 3507 ὡς
483 3443 680 3499 σαυτὸν
734 3443 814 3518 τῷ
854 3445 1065 3519 ὑψίστῳ
1108 3446 1229 3519 Θεῷ
1276 3449 1668 3520 παραϐάλλειν,
1718 3453 1814 3507 καὶ

210 3536 357 3610 ὑπὲρ
384 3536 487 3602 τὰς
517 3537 777 3611 οὐρανίαις
810 3539 1010 3611 ἀψίδας
1038 3541 1130 3595 τδν
1162 3542 1362 3597 σαυτοῦ
1401 3543 1591 3616 θρόνον
1627 3545 1816 3617 θήσειν

212 3626 611 3698 φαντάζεσθαι.
642 3630 828 3686 Ταῦτα
856 3633 955 3705 μὲν
980 3626 1075 3688 οὖν
1104 3635 1235 3706 περὶ
1261 3634 1354 3689 σοῦ
1387 3637 1572 3708 ἡμεῖς,
1599 3636 1815 3710 θνητοῖς

211 3721 501 3794 λογισμοῖς
525 3722 898 3796 ἀπατώμενοι,
926 3724 1317 3797 διενοούμεθαο
1354 3728 1583 3784 τοιαῦτα
1622 3730 1681 3785 δὲ
1722 3733 1818 3786 καὶ

215 3811 281 3864 σὺ
302 3810 404 3865 επὶ
438 3811 621 3884 σαυτῷ
649 3813 862 3886 φρενῶν
886 3815 1145 3872 ἐκστάσει
1177 3818 1448 3897 ὲφρόνεις.
1495 3816 1604 3876 Ἦν
1632 3823 1677 3877 δ’
1706 3824 1830 3897 ἀρα.

214 3904 307 3957 καὶ
338 3901 439 3958 τοῦ
482 3906 614 3977 περὶ
646 3906 707 3960 σε
748 3907 936 3972 τέλους
981 3908 1203 3981 ἐλεγχος
1232 3913 1263 3965 6
1294 3914 1484 3985 χρόνος
1514 3914 1639 3970 καθ’
1665 3915 1694 3969 6
1722 3917 1818 3971 ἑά-

212 3994 351 4061 λως·
398 3997 525 4051 οὐδε
568 4001 680 4062 τοῖς
720 4003 929 4066 λοιποῖς
966 4001 1281 4073 ἀνθρώποις
1322 4006 1518 4078 ὁμοίαν
1563 4010 1818 4081 ἐσχηκὼς

213 4089 497 4163 τελευτήν-
525 4092 589 4146 0i
622 4091 725 4164 μὲν
747 4094 860 4166 γάρ
886 4096 970 4165 ὶφ’
1003 4097 1257 4169 ἡσυχίας,
1286 4099 1471 4171 ἠρέμα
1493 4103 1589 4155 καὶ
1622 4101 1817 4175 πράως

213 4184 310 4238 ἐπὶ
334 4186 440 4255 τῆς
473 4185 685 4239 ἑαυτῶν
722 4188 929 4252 ἑστίας,
964 4190 1028 4243 τὸ
1070 4191 1234 4263 χρέος
1276 4192 1579 4248 ἀπέδοσανο
1617 4195 1682 4248 σὺ
1734 4195 1815 4260 δὲ,

212 4277 281 4347 τῇ
321 4276 434 4331 τῶν
511 4277 787 4350 πολεμίων
828 4282 1075 4357 μαχαίρᾳ
1123 4285 1224 4357 τὴν
1276 4284 1423 4358 ζωὴν
1466 4288 1814 4361 ἀφαιρεθεὶς,

213 4370 415 4440 νεκρὸς
464 4368 672 4439 ἄταφος
730 4372 959 4447 ριφήσῃ,
1023 4374 1189 4448 θηρσὶ
1258 4376 1394 4451 βορά
1447 4382 1542 4435 καὶ
1604 4383 1819 4449 οἰωνοῖς

216 4459 560 4531 ιγκείμενος.
610 4461 759 4526 Ἕως
795 4464 896 4534 μὲν
927 4460 1021 4519 οὖν
1056 4470 1401 4541 συνειστήκει
1446 4472 1481 4544 ή
1534 4471 1813 4539 Βαϐυλὼν,

1920 1956 2155 2024 Quinam
2193 1968 2327 2010 vero
2357 1952 2416 2009 bl
2468 1960 2655 2010 essent
2700 1951 2940 2025 explicat
2982 1952 3175 2007 dicens
3199 1990 3216 2014 .
3245 1946 3527 2023 principes

1917 2055 2105 2111 terrae.
2137 2045 2230 2117 qui
2260 2059 2326 2100 ex
2362 2043 2578 2100 tbronis
2620 2045 2737 2100 suis
2779 2043 3097 2100 excitarunt
3130 2055 3328 2099 omnes
3364 2055 3526 2114 reges

1916 2140 2161 2212 gentium
2199 2159 2211 2194 :
2246 2137 2340 2208 qui
2375 2136 2531 2205 paria
2560 2149 2626 2191 ac
2664 2134 2756 2191 ille
2783 2150 2912 2191 reus
2950 2134 3247 2208 Babylonis
3274 2149 3370 2190 rex
3396 2148 3524 2204 per-

1917 2240 2225 2301 petrarum.
2261 2230 2327 2287 ﬂi
2354 2247 2488 2289 vero
2516 2231 2718 2288 nudam
2746 2241 2804 2286 et
2837 2243 3084 2299 corpore
3132 2226 3331 2283 orbam
3373 2226 3525 2281 illius

1916 2328 2047 2385 olim
2083 2326 2400 2399 Babylonici
2437 2327 2582 2400 regis
2613 2326 2858 2382 animam
2908 2328 3253 2389 cernentes.‘
3283 2321 3365 2378 sic
3400 2334 3522 2377 eam

1916 2418 2325 2492 compellabunt
2355 2436 2369 2472 :
2404 2419 2657 2475 Etiamne
2682 2425 2738 2474 te
2772 2417 2975 2475 fortior
3007 2431 3160 2472 mors
3186 2413 3310 2481 fuit,
3360 2413 3433 2469 ita
3463 2406 3525 2468 ιιι

1919 2522 1971 2568 te
2003 2512 2238 2568 similem
2290 2511 2452 2569 nobis
2500 2510 2623 2569 esse
2673 2509 3177 2569 evinceretlﬂibil
3224 2523 3356 2575 ergo
3402 2518 3524 2564 erat

1920 2614 2138 2661 terrena
2184 2604 2275 2659 illa
2306 2590 2442 2670 vita,
2472 2603 2679 2665 divitia:
2701 2645 2720 2672 ,
2761 2602 2933 2675 gloria
2961 2612 3019 2659 et
3056 2610 3207 2657 tanta
3238 2600 3521 2669 potentia:

1917 2698 2012 2754 sed
2038 2697 2295 2753 omnibus
2322 2696 2408 2753 bis
2442 2697 2568 2754 finis
2596 2699 2701 2753 erit
2741 2708 2889 2753 terra
2919 2707 2975 2752 et
3003 2694 3204 2768 pulvrs,
3234 2691 3443 2749 vermis
3469 2701 3525 2749 et

1917 2788 2103 2844 carnis
2132 2790 2384 2859 putredo.
2422 2788 2535 2845 Nos
2560 2804 2694 2846 vero
2718 2798 2775 2845 te
2806 2788 3093 2844 mortalem
3124 2785 3353 2843 minime
3396 2773 3522 2843 esse

1918 2879 2246 2952 putabamus
2279 2898 2295 2936 :
2333 2896 2397 2936 ac
2434 2880 2612 2952 gloria
2664 2891 2719 2936 te
2749 2880 3129 2936 circumdante
3180 2877 3398 2952 decepti
3421 2918 3441 2945 ,
3468 2884 3527 2933 ιο

1930 2973 2374 3043 splendidissimo
2405 2973 2617 3030 cmlesti
2670 2971 2967 3037 luminari,
3022 2971 3304 3042 solemque
3348 2970 3524 3027 advo-

1917 3067 2062 3121 canti
2092 3064 2346 3121 Lucifero
2367 3066 2843 3135 comparabamus.
2881 3063 2962 3120 Tu
2997 3078 3130 3118 vero
3160 3073 3214 3120 te
3244 3063 3409 3119 etiam
3439 3064 3527 3119 bis

1919 3150 2180 3227 majorem
2235 3158 2619 3227 arbitrabaris,
2641 3158 2937 3216 lasciviens
2963 3173 3030 3213 ac
3070 3155 3272 3213 mentis
3308 3157 3523 3214 insanin

1923 3253 1997 3306 ita
2026 3252 2377 3321 superbiens,
2406 3260 2464 3306 ut
2501 3260 2553 3307 te
2583 3250 2855 3307 altissimo
2895 3249 3009 3305 Deo
3042 3250 3347 3313 conferres.
3382 3264 3445 3306 ac
3472 3258 3524 3303 te

1923 3344 2179 3400 thronum
2214 3353 2369 3400 tuum
2404 3359 2570 3414 supra
2626 3342 2880 3403 ccelestes
2926 3342 3168 3399 fornices
3210 3340 3523 3403 positurum

1918 3452 2041 3493 esse
2073 3436 2381 3509 jzictitares.
2415 3436 2541 3493 llaec
2569 3437 2737 3509 igitur
2771 3450 2869 3491 nos
2915 3434 3243 3491 mortalibus
3295 3434 3525 3489 ratioci-

1920 3530 2030 3586 niis
2055 3529 2291 3601 decepti,
2341 3530 2408 3585 de
2439 3541 2492 3585 te
2518 3530 2886 3600 cogitavimus
2920 3543 2935 3582 :
2971 3526 3099 3582 talia
3138 3537 3196 3582 et
3226 3536 3280 3583 tu
3339 3540 3528 3583 mente

1921 3632 2118 3694 captus
2150 3623 2218 3679 de
2248 3633 2303 3678 te
2333 3623 2453 3691 ipso
2480 3624 2782 3680 sentiebas.
2821 3622 2894 3677 At
2938 3621 3025 3677 vel
3073 3618 3251 3675 solum
3308 3629 3526 3688 tempus

1919 3729 2030 3786 quo
2052 3724 2245 3785 captus
2271 3723 2327 3771 et
2353 3716 2532 3771 victus
2557 3730 2618 3771 es
2641 3758 2657 3784 ,
2707 3713 3058 3770 manifestum
3101 3722 3223 3767 erat
3271 3711 3398 3770 ﬂuis
3444 3713 3525 3769 tui

1920 3822 2306 3883 argumentum
2345 3828 2360 3866 :
2398 3826 2577 3883 neque
2604 3811 2842 3867 similem
2876 3810 2999 3866 aliis
3028 3810 3345 3867 hominibus
3379 3825 3529 3866 mor-

1923 3914 2030 3960 tem
2065 3918 2126 3959 es
2171 3911 2519 3960 consecutus.
2571 3904 2649 3960 Illi
2689 3905 2891 3975 quippe
2930 3904 3136 3960 sensim
3160 3944 3178 3970 ,
3246 3902 3436 3973 quiete
3468 3910 3527 3959 et

1921 3984 2065 4052 domi
2095 3997 2342 4051 debitum
2375 3997 2708 4065 solverunt;
2743 4008 2800 4053 tu
2828 4012 2959 4053 vero
3009 3998 3360 4053 inimicorum
3408 3995 3527 4069 gla-

1920 4094 2013 4150 dio
2044 4095 2154 4149 vita
2186 4098 2454 4166 privatus,
2493 4093 2799 4164 insepultus
2825 4094 3173 4165 projicieris,
3203 4103 3260 4149 et
3308 4093 3423 4148 eris
3466 4092 3523 4149 ltt

1919 4203 2107 4244 escam
2144 4188 2343 4245 bestiis
2372 4195 2428 4243 et
2460 4188 2800 4245 volucribus.
2833 4186 3086 4255 Quandiu
3137 4184 3309 4259 igitur
3344 4186 3527 4259 Baby-

1920 4281 2010 4336 lon
2039 4291 2321 4351 superstes
2358 4280 2481 4345 fuit,
2528 4296 2598 4337 ac
2644 4281 2923 4352 principes
2974 4280 3098 4351 ejus
3149 4297 3376 4353 regnum
3410 4297 3530 4337 nta-

1918 4393 2195 4450 gnamque
2218 4377 2487 4433 ditionem
2518 4386 2576 4432 et
2602 4377 2905 4446 potentiam
2932 4376 3292 4442 obtinebant;
3325 4376 3525 4442 virtus,

1918 4485 2043 4541 quae
2070 4470 2201 4541 ipsis
2223 4466 2485 4540 praefecta
2508 4476 2654 4534 erat,
2686 4484 2882 4538 magna
2913 4466 3146 4525 fortasse
3170 4466 3523 4538 perﬁciebat:

218 4549 496 4621 βασίλειόν
524 4568 584 4606 τε
616 4548 687 4625 ἦν
727 4555 823 4608 καὶ
849 4553 1139 4612 δυναστεία
1188 4560 1401 4634 μεγάλη
1433 4562 1544 4618 τῶν
1586 4565 1815 4621 αὐτόθεν

1921 4562 2013 4618 ubi
2043 4572 2228 4617 autem
2255 4564 2437 4635 gentis
2469 4562 2615 4619 illius
2642 4579 2870 4635 regnum
2924 4564 3165 4619 deletum
3212 4572 3318 4628 est,
3371 4562 3527 4633 priu-

216 4646 598 4718 κρατούντων·
634 4647 781 4719 τάχα
818 4665 924 4703 που
966 4651 1062 4705 καὶ
1094 4652 1129 4723 ἡ
1177 4652 1545 4711 ὲπιστατοῦσα
1588 4657 1816 4730 δύναμις

215 4740 406 4801 αὐτοῖς
434 4738 506 4793 τά
536 4740 753 4811 μεγάλα
785 4743 1155 4818 συνέπραττεν
1175 4764 1190 4780 ⁸
1240 4748 1363 4802 ἐπεὶ
1393 4749 1450 4803 δὲ
1484 4751 1752 4822 ἠφάνιστο
1780 4756 1813 4827 ή

217 4830 471 4903 βασιλεία
502 4830 599 4886 τοῦ
632 4832 841 4901 ἔθνους,
883 4837 980 4893 καὶ
1003 4840 1033 4893 6
1071 4839 1317 4909 ἐφεστὼς
1374 4842 1559 4908 αὐτοῖς
1606 4844 1815 4917 ἄρχων,

214 4922 464 4995 ὡσπερεὶ
495 4922 792 4999 πληρώσας
814 4928 946 4993 τοὺς
966 4930 1163 4985 ἑαυτοῦ
1196 4932 1444 5005 χρόνους,
1470 4936 1553 4998 είς
1583 4936 1677 5015 τὸν
1706 4936 1817 4993 τῶν

219 5018 432 5089 ὁμοίων
491 5018 644 5091 αὐτῷ
678 5019 855 5093 χῶρον
890 5024 1362 5097 παρελαμϐάνετο,
1395 5030 1453 5083 ὲν
1474 5021 1521 5098 ᾧ
1548 5032 1817 5105 συνήντη-

217 5126 319 5165 σαν
340 5110 493 5182 αὐτῷ
512 5110 716 5177 πάντες
734 5114 785 5167 ol
818 5106 1061 5189 Ῥαφαῒμ
1089 5119 1435 5193 καλούμενοι,
1471 5122 1505 5194 ἢ
1540 5125 1591 5178 οἱ
1624 5125 1817 5195 γίγαν‹⁵

214 5218 341 5268 τες·
378 5195 529 5257 οὗτοι
552 5204 610 5258 δὲ
645 5204 741 5259 καὶ
772 5205 926 5260 αὐτοὶ
961 5208 1222 5281 δυνάμεις
1267 5213 1373 5267 εἰσί
1413 5231 1578 5281 τινες,
1622 5217 1701 5282 αἲ,
1741 5217 1818 5283 ὡς

216 5296 389 5361 εἰκὸς,
416 5291 561 5369 ἦσαν
592 5299 795 5370 ἑτέρων
832 5299 1004 5355 ιθνῶν
1036 5303 1179 5358 κατά
1222 5307 1449 5379 χρόνους
1497 5308 1598 5363 οὐκ
1640 5310 1818 5383 ὀρθῶς

217 5389 590 5461 ἡγησάμενοι.
612 5392 761 5465 Μητ.
783 5389 878 5448 οὖν
908 5396 1073 5461 αὐτὸς
1121 5391 1279 5463 οὗτος
1306 5402 1335 5453 ὁ
1358 5400 1460 5471 τῆς
1496 5401 1817 5468 Βαϐυλῶνος

216 5478 406 5551 ἄρχων
436 5479 569 5533 ποτὲ
593 5482 854 5549 γεγονὼς,
879 5486 979 5558 τὴν
1002 5486 1197 5539 ἑαυτοῦ
1228 5492 1332 5561 γῆν
1352 5490 1645 5565 διέφθειρε,
1682 5493 1818 5559 Θεὸς

218 5570 350 5643 παρ’
378 5570 567 5635 αὐτοῖς
580 5571 953 5646 νομιζόμενος,
998 5577 1141 5633 οὕτω
1159 5578 1216 5633 δὲ
1237 5581 1331 5635 καὶ
1357 5583 1447 5636 τὸν
1462 5585 1657 5638 ἑαυτοῦ
1688 5586 1818 5640 λαόν

218 5662 535 5725 ἀπέκτεινε,
568 5665 664 5752 καὶ
692 5667 821 5732 τοὺς
849 5670 1044 5725 ἑαυτοῦ
1090 5673 1243 5739 υἱοὺς
1285 5679 1467 5748 σφαγῇ
1503 5678 1818 5752 παραδέδω-

219 5768 333 5816 κεν,
372 5754 456 5818 είς
476 5751 755 5810 ἀπώλειαν
789 5762 901 5824 τοῖς
937 5758 1025 5816 Im’
1055 5762 1222 5818 αὐτοῦ
1251 5751 1600 5839 ἀρχομένοις,
1632 5770 1723 5824 διά
1754 5772 1816 5827 τὸ

218 5844 545 5919 νομισθῆναι
588 5848 719 5922 παρ’
762 5850 949 5921 αὐτοῖς
991 5853 1124 5921 Θεὸς
1167 5852 1305 5914 εἶναι
1336 5858 1609 5929 γεγονὼς;
1658 5862 1720 5917 Εί
1768 5864 1813 5920 δ’

1921 4670 2052 4727 ceps
2076 4672 2295 4728 quoque
2321 4658 2453 4728 ipsis
2480 4658 2776 4729 praefectus
2797 4698 2813 4720 .
2839 4667 3031 4726 utpote
3056 4656 3169 4724 jam
3203 4672 3303 4714 suo
3336 4655 3527 4727 elapso

1923 4759 2166 4820 tempore
2193 4792 2210 4815 ,
2244 4752 2296 4806 in
2325 4753 2425 4808 sibi
2463 4752 2725 4809 similium
2764 4754 2943 4808 locum
2988 4762 3243 4822 receptus
3278 4760 3395 4818 est,
3433 4750 3524 4805 ubi

1920 4855 2282 4899 occurrerunt
2331 4846 2431 4916 ipsi
2479 4861 2673 4903 omnes
2743 4846 2837 4916 qui
2894 4855 3165 4900 vocantur
3223 4842 3528 4915 Bapbaitn,

1921 4935 2039 4990 sive
2107 4938 2402 5008 gigantes:
2443 4938 2495 4993 bi
2548 4940 2716 4995 etiam
2767 4939 3006 4994 virtutes
3074 4940 3326 5006 quzedam
3394 4945 3523 4992 sunt

1921 5045 2079 5097 quat,
2110 5038 2168 5085 ut
2192 5032 2419 5087 credere
2450 5041 2537 5089 est
2559 5073 2575 5099 ,
2608 5034 2732 5090 aliis
2756 5034 3042 5105 gentibus,
3074 5043 3227 5088 certo
3260 5031 3526 5100 temporis

1921 5120 2104 5187 spatio
2135 5136 2244 5175 non
2276 5132 2424 5181 recte
2467 5123 2824 5194 prafuernnt.
2860 5122 2999 5177 Num
3046 5123 3211 5195 igitur
3247 5122 3338 5176 hic
3382 5122 3522 5192 ipse.

1921 5214 2051 5268 olim
2106 5212 2405 5285 Babylonis
2467 5218 2723 5289 princeps
2781 5228 2988 5273 terram
3027 5220 3203 5284 isuam
3254 5215 3524 5284 corrupit,

1922 5305 2066 5361 Deus
2100 5323 2271 5377 penes
2297 5309 2423 5364 illos
2452 5312 2682 5381 populos
2711 5313 3089 5376 existimatus,
3120 5320 3287 5377 atque
3316 5309 3391 5363 ita
3427 5323 3525 5376 po-

1920 5393 2106 5467 pulum
2127 5416 2285 5456 suum
2302 5403 2527 5469 occidit,
2551 5419 2616 5459 ac
2640 5405 2781 5460 tilios
2796 5419 2925 5461 suos
2945 5406 3062 5460 ncci
3084 5402 3341 5469 tradidit;
3362 5412 3526 5471 atque

1922 5495 1975 5548 in
2007 5496 2308 5565 perniciem
2342 5500 2563 5554 subdito
2598 5500 2699 5554 sibi
2731 5500 2933 5572 populo
2962 5501 3083 5567 fuit,
3116 5499 3244 5569 quia
3284 5496 3353 5551 ab
3389 5496 3525 5566 ipsis

1921 5594 1979 5639 ut
2002 5584 2147 5640 Deus
2170 5587 2388 5642 habitus
2421 5589 2644 5645 fuerat?
2672 5591 2826 5658 Quod
2849 5592 2891 5646 si
2932 5592 3048 5647 bzec
3072 5591 3143 5646 ita
3171 5605 3231 5645 se
3253 5587 3522 5651 habeant,

1922 5686 2095 5733 restat
2120 5689 2178 5733 ut
2216 5690 2389 5735 totam
2426 5683 2731 5753 prophetia:
2756 5687 3105 5749 sententiam,
3138 5698 3261 5754 qua:
3301 5683 3369 5736 de
3414 5681 3520 5735 Bu-

1921 5769 2137 5842 bylonis
2187 5786 2314 5845 rege
2342 5773 2556 5843 prolata
2586 5785 2671 5831 est
2696 5819 2712 5842 ,
2751 5778 2805 5831 in
2838 5776 2986 5831 illam
3022 5776 3283 5831 virtutem
3312 5775 3488 5829 refers

1921 5879 2045 5924 mus
2082 5882 2095 5919 :
2127 5880 2251 5938 qua:
2308 5867 2438 5940 quia
2496 5868 2588 5929 Dei
2642 5870 2875 5944 gloriam
2918 5872 3063 5943 apud
3100 5870 3203 5929 sibi
3244 5869 3520 5926 subditum
