4042 6386
514 400 623 458 ηε

514 508 772 582 populum
807 510 992 565 nacta,
1023 498 1192 554 altum
1227 495 1513 567 sapiebat,
1558 490 1684 560 jure
1726 484 1971 557 arguitur
2010 481 2095 535 bis
2123 481 2172 541 Α

514 602 814 671 Scriptum
840 593 1021 651 verbis
1046 607 1063 646 :

1181 379 1451 440 EUSEBII
1491 367 1967 434 CESARIENSIS
2005 363 2158 423 OPP.
2197 359 2379 419 PARS
2417 355 2506 413 Ill.
2546 384 2619 401 —
2654 348 3071 411 EXEGETICA.

3678 333 3793 393 I96

2196 475 2309 547 εχει
2335 473 2509 527 ταῦτα
2546 469 2741 533 οὓτως,
2783 466 2902 539 ὥρα
2938 465 3034 520 xui
3070 462 3250 517 πάντα
3290 457 3381 513 τὸν
3422 458 3524 529 τῆς
3570 470 3791 527 προφη-

2189 567 2340 631 τείας
2369 565 2545 634 λόγον,
2576 561 2668 615 τὸν
2693 559 2823 631 περὶ
2852 555 2948 611 τοῦ
2973 553 3233 627 βασιλέως
3266 548 3586 613 Βαϐυλῶνος
3623 557 3794 618 προσ-

1048 641 1277 755 -έκείνην
1312 677 1604 749 ἀναφέρειν
1650 675 1749 746 τὴν
1796 670 2023 740 δύναμιν
2053 682 2065 697 ·
2089 666 2233 764 ητις,
2271 660 2477 767 έπειδὴ,
2508 656 2644 767 Θεοῦ
2675 653 2835 719 δόξαν
2908 649 3061 724 παρά
3115 650 3227 711 τοῖς
3287 641 3611 716 ἀρχομένοις
3654 654 3792 711 κτη-

518 745 921 857 μέγά
962 745 1278 850 ἱερρόνησεν,
1320 745 1545 833 εἰκότως
1593 745 1951 833 ἀπελέγχεται
1984 756 2089 812 ὑπὸ
2103 753 2197 808 τοῦ
2235 745 2726 857 φάσκοντοςνλόγου
2749 759 2765 775 ·

589 881 751 936 Vsus.
770 876 953 938 {5.14.
978 870 1087 927 «Tu
1108 879 1287 923 autem
1308 867 1493 921 dixisti
1513 866 1564 916 in
1585 869 1763 914 mente
1781 869 1891 921 tua,
1909 857 1960 911 in
1977 868 2092 910 caa-

516 971 627 1028 lum
658 966 962 1029 ascendam,
982 974 1033 1018 et
1066 975 1229 1030 supra
1253 957 1436 1013 stellas
1457 954 1581 1010 caeli
1610 964 1807 1022 ponam
1838 949 2091 1003 thronum

520 1077 699 1117 meum
728 1076 746 1115 :
786 1067 843 1111 et
868 1052 1058 1111 similis
1091 1066 1188 1106 ero
1215 1048 1535 1111 Altissimo;
1581 1064 1600 1097 ι
1642 1056 1696 1101 et
1723 1053 1919 1097 cetera
1952 1054 2093 1109 quo-

520 1169 624 1223 que
648 1150 773 1207 huic
806 1143 1195 1216 interpretandi
1226 1137 1421 1194 rationi
1452 1132 1766 1205 aptaveris;
1805 1141 2093 1202 postquam

520 1220 575 1300 in
598 1240 766 1298 obvio.
786 1252 976 1300 sensu,
1008 1250 1128 1305 qme
1157 1235 1209 1287 in
1250 1228 1536 1302 prophetia
1580 1226 1893 1281 indicantur
1921 1220 2095 1277 sensi-

520 1333 613 1390 bili
645 1331 757 1403 regi
789 1326 1168 1399 applicaveris.

620 1512 782 1567 Vsus.
827 1508 1037 1572 26.25.
1092 1525 1110 1559 ι
1166 1503 1297 1560 Haec
1329 1501 1463 1561 dicit
1513 1497 1774 1555 Dominus
1827 1492 2094 1554 Sabaoth,

525 1603 990 1672 Quemadmodum
1038 1597 1184 1663 dixi,
1236 1594 1455 1651 itaerit
1486 1609 1501 1644 :
1537 1602 1590 1647 et
1639 1587 2096 1659 quemadmodum

523 1694 862 1757 deliberavi,
917 1692 989 1746 ita
1040 1687 1277 1743 manebit
1311 1704 1325 1739 :
1356 1695 1417 1738 ut
1467 1683 1684 1754 perdam
1727 1678 1987 1748 Assyrios
2045 1675 2099 1728 in

527 1799 670 1843 terra
698 1801 815 1841 mea
845 1793 901 1838 et
927 1784 977 1837 in
1008 1780 1283 1836 montibus
1316 1779 1473 1833 meis.
1512 1776 1578 1830 Et
1607 1783 1769 1829 erunt
1800 1774 1851 1826 in
1882 1766 2100 1824 concul-

529 1882 833 1944 cationem,
863 1886 917 1931 et
957 1874 1235 1929 auferetur
1273 1872 1342 1925 ab
1386 1872 1465 1926 eis
1495 1866 1683 1939 jugum
1730 1865 1992 1934 ipsorum,
2046 1872 2101 1916 et

516 1970 693 2049 gloria
722 1981 910 2024 eorum
938 1965 1006 2019 ab
1034 1962 1277 2025 humeris
1303 1962 1539 2029 ipsorum
1570 1947 1863 2010 auferetur.
1903 1974 1922 2005 ι
1963 1953 2097 2008 Cum

529 2047 683 2126 dicit,
721 2077 741 2110 ι
775 2053 847 2112 Ut
880 2054 1099 2125 perdam
1123 2052 1445 2122 Assyriosin
1473 2059 1614 2103 terra
1636 2064 1752 2102 mea
1782 2047 1909 2113 etﬁin
1941 2062 2091 2101 mon-

2273 867 2291 898 ι
2321 846 2393 899 Σὺ
2422 843 2479 897 δὲ
2511 838 2671 904 εἶπας
2702 840 2761 891 έν
2788 839 2857 907 τῇ
2894 837 3107 906 διανοιςε⁵
3143 850 3238 891 σου
3258 847 3272 861 ·
3310 829 3406 893 Ei;
3436 827 3528 880 τὸν
3559 821 3796 897 οὐρανὸν

2194 939 2561 1008 ἀναϐήσομαι,
2614 933 2710 987 xui
2753 931 2940 985 ὲπάνω
2992 926 3103 980 τῶν
3155 926 3371 996 ἄστρων
3417 919 3514 975 τοῦ
3555 913 3794 989 οὐρανοῦ

2196 1006 2479 1104 θήσω-τὸν
2524 1026 2713 1099 θρόνον
2745 1041 2867 1095 μου,
2907 1020 3003 1075 xui
3036 1019 3231 1089 ἔσομαι
3262 1018 3448 1088 ὅμοιος
3492 1011 3574 1082 τῷ
3630 1006 3793 1077 ’Υψίο

2198 1102 2339 1190 στῳ’
2383 1138 2401 1171 ι
2450 1117 2547 1173 xui
2579 1115 2648 1170 τά
2667 1113 2831 1168 λοιπά
2862 1113 2921 1166 δὲ
2954 1109 3104 1179 αὑτῷ
3129 1108 3462 1180 ὲφαρμόσεις
3484 1104 3559 1176 τῷ
3594 1102 3797 1157 ἀποδο·

2198 1212 2343 1268 θέντι
2380 1202 2543 1282 λόγῳ,
2578 1209 2717 1281 μετά
2764 1204 2860 1261 τοῦ
2898 1206 2995 1261 xui
3035 1201 3113 1273 τῷ
3160 1200 3470 1274 προχείρως
3517 1192 3799 1264 νοουμένῳ

2197 1304 2440 1377 αἰσθητῷ
2475 1301 2686 1373 βασιλεῖ
2721 1298 2791 1354 τὰ
2825 1299 2914 1353 διά
2971 1294 3071 1367 τῆς
3106 1289 3444 1365 προφητείας
3492 1284 3799 1359 δηλούμενα

2196 1396 2654 1471 προσαρμόττειν.

2276 1509 2295 1541 ι
2336 1486 2476 1543 Τάδε
2505 1486 2654 1555 λέγει
2687 1478 2895 1554 Κύριος
2927 1476 3180 1533 Σαϐαώθ⁶
3217 1476 3314 1530 Ὃν
3340 1472 3542 1546 τρόπον
3575 1471 3799 1543 εἴρηκα,

2199 1582 2372 1645 οὕτως
2413 1581 2601 1635 ἐσται·
2654 1564 2756 1631 xui
2810 1575 2869 1627 6v
2927 1572 3129 1644 τρόπον
3180 1564 3576 1640 βεϐούλευμαι,
3622 1560 3802 1625 οὕτως

2204 1675 2387 1747 μενεῖ·
2427 1669 2524 1725 τοῦ
2576 1666 2839 1723 ἀπολέσαι
2884 1664 3013 1727 τοὺς
3053 1659 3373 1729 Ἀσσυρίους
3416 1656 3510 1708 ἐπὶ
3559 1653 3660 1725 τῆς
3692 1651 3801 1723 γῆς

2198 1744 2299 1836 τῆς
2333 1764 2493 1834 ἐμῆς,
2532 1760 2629 1815 xui
2650 1760 2743 1812 ἐπὶ
2780 1755 2888 1809 τῶν
2924 1752 3098 1826 ὀρέων
3141 1767 3262 1823 μου.
3305 1747 3418 1802 Καὶ
3455 1746 3669 1799 ἔσονται
3716 1744 3802 1806 είς

2202 1832 2598 1924 καταττάτημα,
2630 1848 2724 1904 xui
2749 1846 3181 1917 ἀφαιρεθήσεται
3219 1841 3315 1894 ἀπ’
3351 1837 3532 1894 αὐτῶν
3573 1837 3602 1889 6
3635 1832 3802 1902 ζυγὸς

2202 1945 2535 2012 αὐτῶνμκαὶ
2579 1940 2640 1997 τὸ
2681 1940 2841 2004 κῦδος
2882 1936 3062 1991 αὐτῶν
3106 1932 3215 1989 ἀπὸ
3250 1930 3362 1985 τῶν
3405 1929 3571 1999 ὤμων
3616 1925 3802 1980 αὐτῶν

2201 2037 2653 2109 ἀφαιρεθήσεται.
2688 2053 2707 2085 ›
2737 2030 2921 2086 Eis:de
2952 2043 3016 2097 γε
3045 2028 3172 2099 μὴν,
3203 2044 3221 2077 ι
3272 2021 3565 2077 Ἀπολέσαι
3599 2019 3800 2072 ’Δσσυ-

528 2150 670 2204 tibus
724 2149 889 2210 meis,
931 2165 950 2198 ι
994 2145 1149 2198 docet
1187 2138 1608 2212 Babyloniorum
1679 2139 1993 2209 regionem,
2044 2146 2098 2191 et

2215 2131 2351 2193 aiou;
2378 2128 2471 2182 ἐπὶ
2502 2129 2601 2198 τῆς
2627 2128 2732 2197 γῆς
2758 2126 2857 2195 τῆς
2898 2122 3059 2192 ὲμῆς,
3094 2118 3190 2171 xui
3224 2116 3318 2170 ἐπὶ
3341 2113 3450 2167 τῶν
3481 2111 3656 2185 ὀρέων
3684 2109 3802 2164 τῶν

524 2237 640 2305 ejus
668 2245 875 2290 montes
908 2249 1011 2287 non
1039 2232 1244 2287 alienos
1276 2231 1377 2285 sibi
1412 2244 1533 2283 esse
1567 2245 1580 2281 :
1624 2245 1749 2283 nam
1774 2269 1790 2293 ,
1826 2246 1845 2278 ι
1878 2228 2093 2283 Domini

2215 2222 2373 2295 ἱμῶν,
2417 2240 2435 2273 ι
2460 2217 2722 2278 διδάσκει,
2751 2216 2827 2278 ὡς
2849 2212 2942 2268 xui
2968 2215 3001 2284 ή
3038 2206 3397 2266 Βαϐυλωνίων
3433 2203 3607 2276 χώρα,
3638 2202 3708 2257 τά
3740 2218 3803 2255 τε

523 2338 609 2385 est
636 2340 801 2393 terra,
826 2336 879 2382 et
914 2325 1187 2394 plenitudo
1216 2322 1384 2393 eius.»
1406 2319 1475 2353 ⁷⁸·
1499 2310 1667 2375 Erunt
1692 2336 1843 2390 ergo,
1871 2321 1967 2382 ait,
1994 2321 2097 2374 As-

2215 2293 2290 2369 irr‘
2321 2312 2489 2385 αὐτῆς
2522 2312 2622 2384 ὅρη
2670 2310 2772 2364 οὐκ
2811 2303 2880 2379 ἦν
2925 2302 3181 2375 ἀλλότρια
3223 2296 3423 2355 αὐτοῦ’
3480 2316 3498 2348 ι
3535 2294 3644 2349 Τοῦ
3694 2293 3807 2366 γὰρ

524 2422 655 2493 syrii
686 2421 737 2474 in
761 2389 1258 2479 conculcationem,
1277 2415 1479 2469 subditi
1505 2414 1593 2475 iis,
1629 2414 1721 2483 qui
1753 2389 1847 2466 eos
1876 2404 2100 2480 supera-

2215 2406 2408 2480 Κυρίου
2463 2406 2496 2475 ὴ
2537 2406 2607 2474 γῆ
2668 2401 2765 2455 xui
2806 2398 2869 2453 τὸ
2914 2398 3186 2469 πλήρωμα
3258 2391 3449 2461 αὑτῆς.
3490 2411 3507 2439 δ
3548 2389 3807 2442 Ἔσονται

528 2477 631 2565 turi
657 2521 806 2567 sunt.
860 2510 1156 2564 Aul‘eretur
1211 2516 1391 2560 autem
1440 2477 1862 2581 jugum,_quod
1917 2477 2101 2557 stante

2215 2477 2386 2553 τοίνυν
2406 2497 2454 2550 οἱ
2498 2496 2805 2567 Ἀσσύριοι,
2838 2488 3026 2561 φησὶν,
3065 2490 3145 2550 εἰς
3173 2482 3569 2552 καταπάτημα,
3590 2477 3791 2549 ὑποχεί-

528 2602 756 2671 imperio
817 2618 940 2665 suo,
993 2600 1223 2654 subditis
1269 2574 1882 2665 imponebantjtjugnm
1953 2604 2103 2650 certe

2215 2607 2313 2663 ριοι
2347 2587 2628 2657 γενόμενοι
2664 2588 2775 2648 τοῖς
2818 2582 2956 2654 μετά
2999 2579 3175 2633 ταῦτα
3223 2575 3402 2631 αὐτῶν
3436 2573 3804 2644 κρατήσασιν.

525 2708 692 2762 grave
724 2708 789 2747 ac
814 2692 1005 2745 durum
1040 2688 1145 2742 illis
1208 2705 1223 2741 :
1272 2696 1327 2739 et
1371 2684 1540 2755 gloria
1596 2685 1711 2737 sive
1760 2686 1925 2737 decus
1971 2680 2100 2736 olim

2215 2662 2673 2749 V’ACPELPCOﬂO'E‘tat
2694 2675 2752 2727 δὲ
2778 2674 2872 2727 καὶ
2902 2672 2932 2724 6
2973 2670 3157 2739 ζυγὸς,
3192 2667 3252 2721 ὃν
3285 2667 3374 2719 ὅτε
3395 2666 3657 2735 ἐκράτουν
3693 2662 3805 2723 τοῖς

529 2783 770 2841 humeris
801 2782 1038 2850 ipsorum
1074 2778 1389 2847 impositum
1418 2815 1434 2838 ,
1476 2773 1774 2829 auferetur.
1823 2773 2099 2840 Quemad-

2215 2770 2299 2825 ὑπ’
2344 2768 2523 2823 αὐτῶν
2572 2766 2898 2838 ἀρχομένοις
2947 2764 3229 2833 ὲπήρτων,
3277 2757 3445 2825 ζυγὸν
3493 2751 3663 2824 βαρὺν
3709 2751 3806 2804 xui

528 2877 746 2931 modum
797 2874 941 2926 enim
992 2871 1057 2924 de
1100 2867 1393 2923 Servatore
1452 2867 1654 2921 dictum
1708 2874 1836 2929 est,
1871 2884 1889 2915 ι
1935 2864 2103 2933 Cujus

2215 2861 2613 2915 Βυσϐἀστακτον
2639 2854 3047 2928 ἀπαιωροῦντες
3077 2850 3261 2913 αὐτοῖς
3279 2864 3297 2879 ⁶
3338 2849 3435 2903 xui
3461 2851 3526 2903 τὸ
3564 2844 3724 2906 κυδος
3748 2841 3808 2896 δὲ

526 2966 861 3037 principatus
879 2977 1041 3032 super
1065 2961 1345 3015 humerum
1364 2959 1477 3027 ejus
1500 2957 1623 3025 7’“;
1651 2976 1671 3010 ι
1703 2958 1784 3011 sic
1796 2966 1851 3012 et
1873 2957 2107 3011 bocloco

2215 2953 2413 3015 αὐτῶν,
2454 2951 2591 3022 ὅπερ
2621 2949 2767 3001 ἐστὶν
2796 2948 2830 3017 ἡ
2868 2943 3016 3011 δόξα,
3060 2937 3513 3012 ἀφαιρεθήσεται,
3563 2934 3597 3003 ή
3641 2931 3807 2987 πάλαι

529 3055 699 3126 gloria
727 3054 1078 3125 Assyriorum
1108 3064 1277 3117 super
1302 3049 1564 3101 humeros
1598 3047 1863 3113 ipsorum,
1906 3046 2107 3099 dicitur

2215 3048 2323 3109 τοῖς
2352 3044 2523 3114 ὤμοις
2552 3041 2731 3100 αὐτῶν
2758 3042 3106 3108 ὲπικειμενη.
3164 3035 3252 3097 Ὡς
3284 3031 3393 3103 γάρ
3427 3029 3520 3082 ἐπὶ
3551 3024 3646 3081 τοῦ
3687 3026 3806 3078 Σω-

527 3162 702 3201 esse:
757 3161 918 3215 quam
986 3140 1337 3196 auferendum
1394 3154 1514 3193 esse
1572 3152 1752 3191 sermo
1795 3137 2107 3192 intermina-

2215 3138 2379 3207 τῆρος
2404 3134 2674 3189 λέλεκται.
2716 3150 2733 3181 ι
2767 3124 2842 3183 Ob
2873 3130 2906 3199 ἡ
2934 3128 3077 3199 ἀρχὴ
3108 3126 3201 3178 ἐπὶ
3230 3122 3325 3177 τοῦ
3369 3120 3519 3190 ὤμου
3554 3115 3742 3180 αὑτοῦ,
3782 3134 3804 3166 ι

531 3246 638 3289 ῑυΓο
774 3206 790 3215 .
2217 3206 2391 3289 οὕτως
2441 3224 2678 3278 ἐνταῦθα
2722 3220 2786 3274 τὸ
2830 3220 2987 3282 κῦδος
3039 3216 3147 3270 τῶν
3203 3211 3502 3284 Ἀσσυρίων
3559 3210 3653 3264 ἐπὶ
3698 3206 3809 3261 τῶν

531 3321 699 3394 ὤμων
734 3323 911 3378 αὐτῶν
943 3322 1177 3393 εῐρηται’
1216 3322 1352 3391 ὅπερ
1368 3313 1833 3386 ἀφαιρεθήσεσθαι
1868 3314 2049 3369 αὐτῶν
2088 3316 2116 3370 6
2148 3315 2306 3386 λόγος
2335 3315 2567 3370 ἀπειλεῖ.

600 3414 762 3472 Vsus.
784 3413 876 3474 26.
906 3388 1011 3468 Ἠ.-
1037 3388 1063 3461 ri
1092 3410 1203 3464 Hoc
1231 3388 1616 3463 estlconsilium
1654 3405 1795 3472 quod
1831 3406 1975 3472 cepit
2004 3405 2107 3458 Do-

2294 3422 2313 3455 r
2342 3403 2489 3475 Αὕτη
2522 3405 2554 3472 ή
2582 3401 2743 3473 βουλὴ
2784 3401 2850 3472 ῆν
2883 3396 3229 3470 βεϐούλευται
3280 3393 3487 3465 Κύριος
3529 3390 3625 3447 ἐπὶ
3679 3388 3810 3460 ὅλην

530 3506 713 3561 minus
755 3520 919 3573 super
947 3517 1163 3557 omnem
1196 3511 1396 3554 terram
1426 3516 1439 3553 :
1468 3509 1523 3552 et
1554 3498 1669 3551 haec
1696 3506 1778 3549 est
1804 3510 1994 3549 manus
2011 3511 2109 3549 ex-

530 3595 673 3649 celsa
713 3609 872 3662 super
897 3607 1084 3645 onmes
1111 3602 1318 3661 gentes.
1360 3590 1489 3654 Quae
1520 3589 1663 3641 enim
1714 3587 1853 3640 Deus
1894 3594 2112 3640 sanctus

531 3687 806 3748 decrevit,
838 3687 957 3753 quis
992 3682 1317 3753 dissipabit?
1358 3682 1421 3735 Et
1451 3696 1665 3734 manum
1691 3679 1807 3748 ejus
1839 3678 2109 3732 excelsam

532 3781 657 3849 quis
688 3776 936 3832 avertet?
969 3797 985 3827 ι
1005 3777 1078 3829 'ld
1106 3784 1214 3837 est,
1254 3773 1412 3843 quale
1435 3770 1698 3838 judicium
1725 3771 1791 3824 de
1816 3770 2107 3838 Babylone,

532 3881 589 3925 et
616 3874 684 3925 de
712 3871 827 3939 ejus
856 3867 1252 3923 habitatoribus
1279 3864 1442 3916 latum
1502 3872 1625 3924 est,
1677 3860 1783 3921 tale
1839 3859 2000 3913 etiam
2048 3859 2112 3911 de

533 3966 663 4018 viris
696 3963 945 4016 omnibus
973 3959 1146 4013 atheis
1175 3968 1229 4012 et
1266 3955 1472 4025 impiis.
1512 3956 1602 4023 qui
1638 3952 1823 4005 orbem
1862 3951 2113 4007 obtinue-

2214 3498 2313 3568 τὴν
2339 3494 2684 3567 οἰκουμένην,
2720 3494 2815 3547 καὶ
2835 3490 2973 3562 αὕτη
3006 3490 3187 3561 ἡχεὶρ
3220 3488 3253 3557 ή
3287 3485 3467 3557 ὑψηλὴ
3501 3483 3595 3536 ἐπὶ
3632 3482 3811 3536 πάντα

2212 3590 2282 3642 τά
2314 3588 2463 3659 ἔθνη.
2507 3591 2574 3640 Ἀ
2624 3587 2734 3658 γάρ
2779 3586 2808 3637 6
2850 3584 2982 3647 Θεὸς
3028 3585 3056 3635 6
3100 3581 3254 3648 ἀγιος
3301 3576 3675 3649 βεϐούλευται,
3726 3574 3811 3635 τίς

2211 3677 2590 3739 διασκεδάσεις
2635 3676 2730 3728 καὶ
2763 3677 2862 3746 τὴν
2902 3675 3061 3743 χεῖρα
3109 3668 3276 3723 αὑτοῦ
3327 3668 3425 3738 τὴν
3470 3663 3682 3735 ὑψηλὴν
3726 3662 3812 3725 τίς

2213 3767 2581 3836 ἀποστρέφεις
2628 3784 2646 3815 ι
2688 3766 2759 3817 Ἢ
2806 3763 2902 3817 xui
2926 3764 3006 3814 ὅτι
3037 3760 3195 3813 ὁποία
3227 3758 3576 3827 ἐξενήνεκται
3627 3752 3811 3824 κρίσις

2214 3858 2343 3927 περὶ
2389 3860 2487 3927 τῆς
2536 3853 2876 3917 Βαϐυλῶνος,
2931 3851 3026 3904 xui
3066 3851 3175 3903 τῶν
3221 3848 3428 3917 ταύτης
3481 3848 3811 3916 οἰκητόρων,

2212 3947 2431 4017 τοιαύτη
2455 3964 2539 4008 τις
2568 3945 2723 3999 ἔσται
2764 3943 2860 3997 xui
2887 3945 2921 4013 ή
2961 3942 3087 4014 περὶ
3111 3940 3329 3994 πάντων
3360 3936 3470 3991 τῶν
3498 3938 3597 4006 τῆς
3633 3936 3813 3986 οἰκου-

2217 4041 2382 4110 μένης
2415 4037 2805 4109 κρατησάντων
2828 4034 3003 4088 ἀθέων
3024 4034 3118 4087 xui
3139 4031 3355 4085 ἀσεϐῶν
3394 4027 3607 4098 ἀνδρῶν
3627 4043 3641 4056 ο
3670 4025 3813 4078 κατά

2214 4131 2322 4200 γὰρ
2349 4130 2437 4182 τὸν
2465 4127 2559 4180 τοῦ
2580 4127 2786 4180 δικαίου
2832 4124 2987 4191 λόγον
3020 4122 3301 4193 παρόμοια
3334 4120 3623 4172 πείσονται
3661 4118 3711 4170 οἱ
3740 4116 3815 4170 τὰ

2214 4222 2374 4291 ὃμοια
2419 4216 2886 4287 δυσσεϐήσαντεςο
2926 4210 3430 4284 προσεπινοούντων
3467 4209 3625 4280 ἡμῶν
3652 4207 3810 4277 ἔθνη,

2212 4313 2279 4364 τὰ
2311 4310 2418 4363 τῶν
2441 4308 2616 4363 ἀθέων
2641 4307 2735 4360 xui
2766 4303 2979 4358 ἀσεϐῶν
3020 4302 3261 4374 ἀνδρῶν’
3316 4302 3377 4354 οὐ
3417 4300 3524 4371 γὰρ
3571 4299 3815 4369 ἀκρίτως

2210 4401 2382 4454 ταῦτα
2424 4398 2565 4454 κατὰ
2592 4397 2699 4451 τῶν
2730 4394 2969 4449 εὐσεϐῶν
3010 4394 3104 4447 καὶ
3156 4392 3265 4445 τῶν
3306 4392 3385 4462 τῷ
3428 4390 3547 4460 Θεῷ
3588 4392 3813 4443 ἀνακει-

2217 4492 2390 4562 μένων
2436 4488 2752 4559 ὲκδέχεσθαι
2801 4486 3098 4557 προσήκει.
3175 4484 3390 4554 ’Ὠσπερ
3451 4478 3544 4535 οῦν
3585 4480 3811 4553 ἦρξατο.

2212 4584 2397 4636 τοῦτον
2429 4583 2522 4636 καὶ
2555 4580 2866 4633 συνετέλεσε
2898 4577 2990 4629 τὸν
3030 4577 3231 4648 τρόπον
3267 4575 3368 4644 τῆς
3408 4575 3550 4627 κατά
3592 4574 3814 4627 πάντων

540 4700 848 4737 memorans
874 4724 890 4748 ,
921 4690 977 4735 ut
1025 4696 1213 4735 omnes
1253 4683 1342 4750 qui
1374 4679 1715 4749 Scripturam
1749 4678 2009 4748 legerint,
2044 4680 2107 4732 ad

2215 4674 2505 4742 καθολικῆς
2553 4671 2647 4723 τοῦ
2686 4667 2822 4721 Θεοῦ
2875 4667 3111 4737 κρίσεως
3154 4663 3470 4733 ἀναγκαίως
3507 4663 3813 4734 μνημονεύ-

538 4775 941 4827 conversiOnem
977 4774 1194 4827 invitet.

2220 4784 2342 4829 σας·
2370 4765 2509 4817 ὥστε
2545 4760 2868 4832 ἐπιστρέψαι
2901 4758 3111 4820 πάντας
3134 4758 3259 4821 τοὺς
3285 4756 3710 4827 ἐντυγχάνοντας
3743 4758 3809 4825 τῇ

2219 4860 2432 4929 Γραφῇ.

2292 4970 2308 5001 ι
2356 4948 2461 5001 Τοῦ
2500 4948 2651 5010 ἔτους
2689 4937 2749 4997 οῦ
2797 4943 3065 4997 ἀπέθανεν
3094 4943 3123 4995 6
3152 4940 3405 5011 βασιλεὺς
3455 4938 3642 5009 ’Δχάζ,
3688 4940 3812 5007 ἐγε-

2219 5045 2354 5114 νήθη
2381 5042 2442 5094 τὸ
2471 5043 2622 5111 ῥῆμα
2649 5038 2834 5091 τοῦτο·
2866 5036 2958 5107 Μὴ
2982 5036 3397 5105 εῦφρανθείητε,
3440 5035 3491 5087 οἱ
3519 5033 3811 5101 ἀλλόφυλοι

2219 5138 2447 5197 πάντες.
2482 5130 2773 5201 συνετρίϐη
2804 5131 2913 5200 γὰρ
2946 5132 2973 5182 6
3009 5129 3170 5197 ζυγὸς
3216 5129 3309 5181 τοῦ
3354 5127 3606 5191 παίοντας
3643 5127 3807 5196 ὑμᾶς.

2220 5230 2284 5280 ὲκ
2315 5226 2422 5296 γὰρ
2462 5224 2774 5294 σπέρματος
2809 5223 2983 5289 ὄφεων
3021 5220 3363 5285 ἐξελεύσεται
3401 5220 3599 5287 ἔγγονα
3647 5220 3814 5271 ἀσπί-

2218 5319 2343 5379 δων,
2372 5318 2465 5369 καὶ
2488 5316 2555 5367 τὰ
2583 5316 2781 5382 ἔγγονα
2820 5312 2999 5366 αὐτῶν
3037 5312 3409 5378 ἐξελεύσονται
3463 5310 3613 5377 ὄφεις
3648 5312 3812 5361 πετό-

2222 5426 2391 5479 μενοι.
2431 5428 2446 5459 ›
2481 5407 2677 5458 υύκὲτι
2717 5404 2935 5473 ἀφίεται
2970 5405 3097 5473 ὑμῖν
3141 5402 3547 5473 εὐφραίνεσθαι,
3576 5402 3811 5454 οάποθα·

2217 5502 2399 5563 νόντος
2452 5500 2550 5569 μὲν
2581 5498 2674 5551 τοῦ
2724 5497 2953 5559 ἀσεϐοῦς
3005 5496 3267 5566 βασιλέως
3315 5495 3399 5563 ἐφ’
3448 5488 3491 5562 ᾧ
3536 5494 3596 5546 τὸ
3641 5494 3810 5546 παλαι

2221 5594 2474 5664 ἐχάρητε,
2509 5590 2790 5653 θεοσεϐοῦς
2819 5590 2875 5643 δὲ
2914 5588 3106 5659 ἀνδρὸς
3149 5588 3245 5657 τὴν
3285 5588 3459 5659 ἀρχὴν
3492 5586 3813 5655 διαδεξαμέ-

2222 5699 2339 5737 νου·
2386 5684 2459 5744 ib;
2512 5683 2569 5732 ὲν
2613 5684 2675 5750 τῇ
2724 5681 2953 5751 δευτέρᾳ
3008 5680 3117 5732 τῶν
3186 5678 3679 5747 Παραλειπομένων
3729 5678 3810 5747 τῷ

2234 5772 2447 5844 Ἐζεκίᾳ
2480 5769 2919 5843 μεμαρτύρηται,
2952 5771 3045 5825 καὶ
3074 5772 3129 5825 ὲν
3166 5774 3231 5841 τῇ
3257 5771 3494 5844 τετάρτῃ
3514 5770 3619 5827 τῶν
3644 5770 3807 5824 Bucc-

535 4062 696 4117 runt,
727 4051 956 4105 feretur.
1002 4048 1135 4103 Nam
1184 4047 1481 4101 secundum
1527 4043 1804 4112 aequitatis
1846 4041 2109 4094 rationem

535 4144 684 4213 paria
716 4144 1007 4212 patientur,
1037 4139 1125 4207 qui
1158 4140 1209 4191 in
1244 4137 1445 4191 similes
1478 4136 1802 4202 impietates,
1830 4130 1962 4199 lapsi
1995 4129 2111 4182 l'ue-

538 4239 666 4288 rint.
710 4232 811 4287 Ubi
846 4229 1307 4295 subintelligamus
1340 4234 1586 4294 oportet,
1617 4234 1808 4293 gentes
1835 4222 2014 4275 atbeis
2046 4228 2103 4272 et

536 4326 714 4395 impiis
741 4322 1049 4379 hominibus
1090 4320 1314 4373 refertas
1346 4338 1357 4371 :
1392 4332 1495 4369 non
1525 4316 1667 4369 enim
1700 4318 1814 4369 haec
1842 4313 1962 4367 sine
1996 4312 2104 4364 ullo

535 4412 866 4475 discrimine,
901 4411 964 4461 de
995 4409 1182 4477 piis-et
1220 4407 1326 4460 Deo
1356 4406 1585 4458 addictis
1612 4405 1765 4467 viris,
1793 4402 2109 4470 accipienda

534 4512 676 4557 sunt.
707 4502 825 4568 Quo
860 4502 1022 4570 igitur
1063 4497 1221 4551 modo
1251 4511 1409 4549 orsus
1431 4505 1547 4558 est,
1586 4495 1773 4555 eodem
1828 4502 1881 4546 et
1929 4493 2109 4557 desiit,

538 4593 839 4647 universale
860 4592 950 4645 Dei
988 4591 1054 4645 de
1076 4588 1327 4642 omnibus
1354 4586 1634 4639 ferendum
1655 4587 1915 4655 judicium
1957 4601 2107 4639 com-

610 4953 892 5017 Vsns.28,
926 4954 995 5008 9.9
1077 4970 1093 5003 ι
1138 4952 1191 5005 ln
1242 4966 1409 5011 annaK
1429 4966 1535 5018 quo
1586 4959 1833 5005 mortuus
1881 4957 1962 5001 est
2022 4964 2115 5001 rex

538 5046 716 5097 Ach-az
740 5085 755 5109 ,
779 5044 979 5098 factum
1007 5052 1089 5097 est
1116 5043 1333 5096 verbum
1368 5043 1541 5095 istud:
1578 5040 1650 5095 Ne
1683 5040 1957 5104 laetemini,
1983 5040 2113 5091 abie-

540 5137 748 5201 nigena:
776 5149 983 5196 omnes,
1014 5134 1306 5187 contritum
1357 5142 1441 5186 est
1492 5133 1635 5185 enim
1682 5131 1875 5201 jugum
1920 5146 2113 5198 percu-

544 5225 721 5277 tienlis
743 5239 837 5277 vos
870 5240 885 5277 :
923 5240 1043 5277 nam
1079 5239 1141 5276 ex
1174 5222 1378 5277 semine
1431 5233 1745 5291 serpentum
1804 5222 2114 5291 egredietur

543 5315 717 5383 proles
743 5317 959 5381 aspidis,
990 5327 1043 5367 et
1076 5316 1166 5368 lilii
1197 5330 1385 5367 eorum
1431 5315 1780 5380 cgredientur
1832 5322 2115 5375 serpentes

543 5405 803 5457 volantes.
850 5424 867 5455 ι
915 5404 1111 5457 Laetari
1145 5404 1297 5457 vobis
1335 5405 1568 5455 nondum
1600 5404 1934 5471 permittitur
2011 5401 2113 5455 etsi

544 5506 754 5549 mortuo
787 5497 1136 5564 regeimpio,
1188 5497 1252 5551 de
1299 5512 1409 5566 quo
1459 5494 1585 5547 olim
1638 5494 1977 5563 gnudcbatis,
2026 5495 2115 5561 pio

548 5596 723 5639 autem
777 5586 895 5640 viro
943 5588 1224 5655 imperium
1273 5588 1622 5653 suscipiente,
1662 5598 1719 5641 ut
1748 5589 1800 5640 in
1834 5585 2112 5653 Paralipo-

549 5692 736 5729 menon
763 5677 799 5729 ll
828 5678 960 5731 libro
998 5678 1062 5731 de
1091 5678 1317 5734 Ezecliia
1344 5677 1653 5729 declaratur
1676 5716 1691 5739 ,
1740 5690 1794 5731 et
1824 5677 1875 5729 in
1916 5688 2113 5743 quarto

554 5762 868 5831 Regnorum.
900 5766 1359 5830 Quemadmodum
1394 5765 1535 5818 enim
1568 5766 1665 5819 sub
1697 5767 1861 5835 impio
1905 5765 2083 5821 Acha;

616 5880 677 5911 ""
719 5877 862 5933 Paul.
886 5896 1035 5947 mn,
1070 5881 1121 5934 l.
1194 5882 1283 5911 ⁷⁵⁸⁸
1315 5881 1436 5936 lsai.
1471 5879 1654 5951 11,64
