4042 6410
206 337 309 400 19³7

1173 342 1684 406 COMMENTARIA
1721 349 1792 406 IN
1834 348 2094 409 ISAIAM.
2139 379 2204 394 -
2238 349 2396 409 CAP.
2439 349 2584 409 XIV.

3420 363 3528 420 198

201 465 387 522 λειῶν.
418 468 636 542 Ὠσπερ
658 467 769 542 γὰρ
794 471 888 523 tm.
915 468 1015 525 τοῦ
1049 470 1284 535 ἀσεϐοῦς
1319 472 1508 544 Ἀχάζ,
1553 473 1705 537 εἰκὸς
1741 469 1801 546 ἧι

1925 472 2216 544 allaphylis
2261 473 2530 544 gaudendi
2580 481 2636 529 et
2688 473 2906 530 lauandi
2954 491 3120 534 eaura
3169 478 3397 542 aderat,
3449 483 3524 537 Ita

201 561 421 630 χαίρειν
454 563 550 616 καὶ
597 561 992 634 εὐφραίνεσθαι
1046 564 1176 627 τοὺς
1226 564 1584 634 ἀλλοφύλους,
1637 565 1848 630 οὕτως’

202 654 300 706 ἐπὶ
347 653 445 707 τοῦ
497 655 710 709 δικαίου
758 655 953 727 ἀνδρὸς
1003 655 1100 710 τοῦ
1158 655 1426 722 Ἐζεκίου,
1468 660 1812 733 εὐκαίρωςή

203 746 521 815 προφητεία
571 746 968 829 ἀποτεινομένη
1032 750 1172 821 πρὸς
1245 750 1447 816 αὐτούς
1513 769 1670 822 φησι·
1719 753 1813 826 Μὴ

201 837 627 908 εὐφρανθείητε,
663 838 986 910 ἀλλόφυλοι·
1020 841 1190 896 πάλαι
1223 843 1321 914 μὲν
1357 845 1467 916 γὰρ
1497 847 1578 899 ἔτι
1606 845 1814 911 ζῶντος

197 927 298 980 τοῦ
339 929 532 999 Ἂχάζ,
558 930 654 982 καὶ
676 931 744 984 τὰ
773 931 948 1004 ιχθρά
977 933 1056 1003 τῷ
1095 933 1216 1006 Θεῷ
1263 937 1621 1007 πράττοντος,
1663 939 1815 1004 είκδς

198 1014 272 1090 ἦν
297 1021 446 1093 ὑμᾶς
464 1019 872 1091 εὐφραίνεσθαι,
895 1022 1083 1096 ἐπειδὴ
1109 1027 1494 1099 συνετέτριπτο
1513 1029 1606 1084 τοῦ
1647 1031 1814 1101 Ἀχάζ

200 1112 230 1162 ό
263 1111 456 1179 ζυγὸς,
501 1112 579 1172 ὡς
619 1112 694 1184 μὴ
743 1113 1006 1169 δύνασθαι
1048 1117 1213 1170 αὑτὸν
1263 1119 1590 1173 ὑποτάττειν
1643 1121 1809 1192 ὑμᾶς,

203 1203 347 1274 μηδὲ
385 1205 479 1257 τὸν
520 1205 620 1275 τῆς
648 1207 825 1279 ἀρχῆς
868 1208 1034 1263 αὑτοῦ
1089 1210 1256 1278 ζυγὸν
1307 1213 1609 1269 ἐπιτιθέναι
1644 1217 1807 1286 ὑμῖν·

197 1295 394 1368 διόπερ
416 1297 749 1370 ἐπληθύνετο
768 1301 837 1355 τὰ
862 1303 1012 1357 κακά
1035 1305 1126 1358 καὶ
1153 1303 1344 1379 ὥσπερ
1367 1307 1598 1379 μηδενὸς
1625 1309 1814 1363 παίονο

200 1404 314 1454 τας,
344 1391 379 1459 ἠ
398 1391 703 1462 έρπυστική
731 1409 789 1445 τε
817 1395 913 1446 καὶ
945 1393 1151 1459 ίοὸόλος
1197 1396 1308 1450 τῶν
1350 1396 1607 1471 πονηρῶν
1649 1417 1814 1454 πνευ-

201 1479 395 1550 μάτων
447 1479 677 1552 δύναμις
729 1483 1097 1554 ἑπληθύνετο”
1141 1487 1261 1540 νυνὶ
1297 1487 1356 1540 δὲ
1396 1473 1495 1560 την
1529 1490 1810 1560 βασιλείαν

199 1572 592 1644 διαδεξαμένου
619 1575 813 1648 ἀνδρὸς
837 1575 1149 1644 θεοσεϐοῦς,
1180 1581 1365 1635 οὐκέτι
1395 1583 1618 1653 χαίρετε
1648 1584 1725 1649 ὡς
1749 1586 1810 1639 τὺ

200 1665 368 1736 πρίνο
408 1665 682 1738 ἐφέστηκε
721 1667 832 1739 γὰρ
859 1669 988 1739 ὑμῖν
1022 1671 1387 1728 ὀπαίων’καὶ
1427 1673 1670 1736 τύπτων,
1715 1677 1811 1732 stat

200 1759 558 1828 σωφρονίζων
607 1760 772 1830 ὑμᾶς.
827 1761 1168 1834 Ἐπληροῦτο
1206 1764 1264 1819 δὲ
1303 1769 1398 1821 καὶ
1440 1766 1620 1822 ταῦτα
1667 1770 1806 1842 πρὸς

1917 565 2018 619 sub
2043 564 2192 632 justo
2224 563 2343 619 viro
2373 563 2606 620 Ezecbia
2633 605 2650 631 ,
2694 577 3000 636 opportune
3045 567 3331 640 Scriptura
3375 572 3525 642 ipsos

1919 657 2204 726 alloquens
2263 655 2371 724 ait,
2447 656 2526 711 Ne
2603 658 2895 724 latemini,
2957 658 3278 731 alienigena:
3328 681 3342 716 :
3389 664 3522 718 olim

1914 749 2118 818 quippe
2147 749 2370 803 Achazo
2404 749 2724 817 superstite,
2760 765 2826 806 ac
2872 765 3065 820 perosa
3113 752 3227 808 Deo
3280 752 3520 810 facinora

1915 841 2133 906 edente,
2162 856 2332 896 causa
2359 841 2518 896 vobis
2543 844 2809 911 gaudendi
2849 856 3004 911 erat,
3043 847 3170 913 quia
3219 848 3518 902 contritum

1914 940 2035 985 erat
2068 933 2269 986 Acltazi
2295 932 2519 1003 jugnm;
2554 935 2626 988 ita
2674 945 2734 988 ut
2786 949 2892 989 non
2948 947 3134 1005 posset
3189 953 3290 993 vos
3350 939 3522 1005 subji-

1915 1036 2078 1087 cere,
2127 1036 2303 1092 neque
2355 1023 2570 1093 imperii
2620 1025 2704 1078 sui
2746 1022 2939 1094 jugum
2996 1026 3152 1081 vobis
3181 1026 3463 1096 imponere
3502 1046 3519 1084 :

1914 1124 2254 1185 quapropter
2278 1115 2786 1185 multiplicabantur
2820 1117 2961 1172 mala
2986 1157 3000 1180 ,
3032 1132 3098 1173 ac
3119 1158 3135 1181 ,
3187 1129 3376 1189 utpote
3429 1136 3523 1176 ne-

1859 1199 1861 1204 ⁴
1915 1204 2064 1260 mine
2098 1208 2470 1276 per‘cutiente,
2503 1207 2779 1277 reptilium
2817 1217 2872 1262 et
2920 1219 3314 1265 venenatorum
3352 1210 3521 1281 spiri-

1919 1305 2070 1350 tuum
2109 1297 2470 1369 malignorum
2523 1300 2606 1353 vis
2654 1299 2976 1370 augebatur.
3025 1299 3146 1363 Jam
3203 1318 3335 1358 vero
3365 1313 3519 1373 post-

1916 1400 2080 1453 quam
2127 1387 2214 1440 vir
2265 1386 2557 1459 religiosus
2605 1404 2832 1460 regnum
2878 1396 3135 1462 excepit,
3168 1409 3237 1448 ne
3285 1394 3521 1465 amplius

1914 1478 2172 1533 latemiui
2208 1489 2265 1534 ιιι
2297 1490 2460 1536 antea
2496 1497 2512 1534 :
2547 1481 2716 1536 instat
2734 1483 2880 1536 enim
2913 1483 3070 1540 vobis
3116 1487 3210 1554 qui
3246 1488 3522 1554 percutiat

1913 1581 1969 1624 et
2004 1574 2296 1634 verberet,
2347 1585 2556 1642 vosque
2603 1574 2674 1627 ad
2720 1588 2912 1629 sanam
2976 1584 3217 1632 mentem
3269 1579 3518 1635 reducat.

1913 1659 2040 1716 Haec
2065 1677 2229 1732 porro
2261 1663 2328 1718 ad
2357 1663 2594 1720 litteram
2635 1667 2904 1736 completa
2947 1678 3078 1722 sunt
3120 1671 3226 1724 sub
3257 1668 3516 1738 Eaecltia,

1912 1753 1980 1808 de
2014 1771 2123 1824 quo
2143 1756 2348 1812 dictum
2371 1769 2455 1813 est
2484 1759 2538 1812 in
2572 1759 2713 1814 libro
2740 1771 2938 1829 quarto
2962 1759 3305 1832 Regnorum,
3337 1781 3357 1814 ι
3389 1761 3515 1834 Ipse

196 1846 347 1913 λέξιν
390 1850 487 1902 ἐπὶ
530 1849 626 1903 τοῦ
671 1849 937 1918 Ἐζεκίου,
973 1830 1103 1925 περὶ
1137 1848 1200 1909 οὗ
1245 1855 1463 1928 εἴρηται
1497 1860 1558 1912 tv
1603 1863 1669 1932 τῇ
1712 1830 1801 1915 "rs;

1912 1847 2181 1916 percussit
2223 1847 2525 1919 allophylos
2550 1863 2740 1919 ,usque
2771 1851 2840 1906 ad
2890 1830 3121 1918 Gazam,
3153 1861 3210 1908 et
3246 1830 3513 1923 usque-ad

197 1940 378 2013 τάρτῃ
403 1939 515 1994 τῶν
546 1941 876 1996 Βασιλειῶνο
921 1962 940 1995 ι
977 1945 1154 2010 Αὐτὸς
1195 1948 1439 2014 ἐπάταξε
1476 1951 1605 2014 τοὺς
1647 1951 1808 2005 ἀλλο-

197 2030 404 2094 Φύλους
427 2031 534 2095 ἓως
566 2031 769 2103 Γάζης,
805 2034 900 2087 καὶ
929 2034 1036 2099 ἕως
1065 2037 1233 2108 ὁρίων
1254 2039 1427 2110 αὐτῆς
1449 2041 1560 2095 ἀπὸ
1593 2043 1805 2115 πύργου

197 2120 592 2191 φυλασσόντων
616 2123 722 2189 ἕως
754 2125 963 2190 πόλεως
991 2128 1219 2199 ὀχυρᾶς.
1251 2148 1269 2182 ι
1300 2131 1412 2184 Καὶ
1443 2133 1648 2204 ταύτην
1675 2136 1719 2188 δ’
1740 2135 1807 2190 ἂν

199 2212 357 2285 σχοίη
391 2213 490 2285 τὴν
517 2214 758 2268 διάνοιαν
785 2217 847 2270 τὸ
879 2218 1189 2289 εἰρημένον,
1219 2239 1237 2271 ι
1267 2221 1358 2292 Μὴ
1387 2222 1803 2297 εύφρανθείητε,

193 2304 515 2374 ἀλλόφυλοι,
556 2325 574 2358 ι
613 2307 756 2378 μέγα
786 2309 1114 2379 φρονοῦντες
1142 2309 1384 2378 ἐπιτοῖς
1425 2317 1806 2389 νομιζομένοις

195 2395 331 2467 ὑμῖν
362 2396 527 2461 θεοῖς,
569 2398 649 2469 τῷ
696 2400 910 2471 μηδένα
947 2398 1090 2458 εἶναι
1147 2402 1240 2458 τὸν
1267 2407 1625 2477 συντρίϐοντα
1659 2411 1804 2482 ὑμᾶς

193 2488 285 2544 διά
307 2487 412 2561 την
437 2490 535 2544 τοῦ
563 2491 834 2563 παρόντος
876 2495 1069 2566 καιροῦ
1108 2497 1430 2570 μοχθηρίαν.
1466 2501 1530 2555 Et
1558 2502 1668 2574 γὰρ
1707 2505 1804 2558 καὶ

194 2580 264 2632 τά
300 2581 544 2650 μάλιστα
588 2583 876 2656 συνετρίϐη
919 2587 947 2639 ό
979 2585 1144 2656 ζυγὸς
1188 2588 1285 2642 τοῦ
1333 2592 1588 2657 παίοντος
1635 2596 1802 2668 ὑμᾶς,

191 2673 309 2727 ἀλλ’
334 2675 400 2728 ού
439 2676 580 2748 ’πρὸς
610 2677 766 2748 ὑμῶν
806 2679 1024 2747 ἐγένετο
1063 2680 1259 2746 ταῦτα,
1305 2685 1399 2738 ἐπὶ
1441 2686 1600 2758 κακῷ
1635 2689 1693 2744 δὲ
1727 2689 1804 2762 τῷ

193 2763 470 2836 ὑμετέρῳ.
512 2767 759 2838 Μηδενὸς
789 2769 898 2841 γὰρ
926 2771 1071 2842 ὑμᾶς
1111 2773 1386 2839 παίοντος,
1435 2778 1570 2850 μηδὲ
1607 2797 1805 2834 ταπει-

192 2857 438 2920 νοῦντος,
479 2858 613 2929 μηδὲ
646 2861 1090 2932 ἐπιστρέφοντος,
1134 2864 1303 2936 πολλή
1336 2884 1422 2930 τις
1452 2871 1512 2922 ἐν
1550 2871 1679 2941 ὑμῖν
1705 2873 1802 2940 γέ-

191 2967 351 3018 γονεν
378 2952 638 3024 ἐπιτριεὴ
670 2954 880 3012 κακῶν.
928 2957 989 3008 Oi
1033 2960 1146 3028 γὰρ
1192 2959 1360 3013 πάλαι
1418 2961 1597 3030 ὄφεων
1640 2963 1802 3035 δίκην

190 3045 313 3107 ταῖς
359 3043 661 3115 ὑμετέραις
704 3045 908 3118 ψυχαῖς
966 3048 1403 3118 ἐμφωλεύοντες,
1460 3052 1519 3106 έν
1577 3071 1638 3108 τε
1684 3060 1802 3121 τοῖς

1914 1941 2180 1995 terminos
2203 1940 2344 2008 ejus,
2375 1957 2404 1994 a
2444 1945 2576 2026 tur\ri
2604 1943 2904 1998 Custodum
2937 1960 3123 2015 usque-
3139 1946 3206 2001 ad
3237 1948 3516 2004 civitatem

1910 2032 2175 2085 munitam
2211 2033 2277 2086 ".
2326 2051 2345 2085 ι
2378 2031 2444 2087 Et
2485 2034 2602 2088 lucc
2641 2048 2864 2102 quoque
2908 2035 3042 2090 dicti
3094 2035 3366 2092 sententia
3398 2036 3519 2092 fue-

1910 2124 2004 2188 rit,
2053 2141 2072 2176 ι
2112 2122 2191 2184 Νε
2219 2124 2505 2189 laetemini,
2538 2125 2883 2196 alienigena,
2922 2146 2942 2180 ι
2982 2142 3241 2199 magnum
3271 2131 3517 2186 sentien-

1911 2222 1992 2269 tes
2024 2229 2189 2285 super
2219 2217 2285 2271 iis
2305 2256 2320 2281 ,
2353 2232 2491 2286 qum
2522 2219 2654 2274 deos
2698 2232 2823 2273 esse
2870 2222 3073 2289 putatis
3093 2262 3109 2289 ,
3141 2222 3300 2292 quasi
3333 2222 3520 2279 nullus

1908 2309 1980 2368 sit
2006 2307 2077 2362 ob
2106 2310 2396 2374 praesentis
2429 2311 2694 2378 temporis
2717 2311 3043 2379 nequitiam,
3072 2314 3166 2382 qui
3198 2328 3297 2369 vos
3321 2325 3516 2370 conte-

1911 2413 1994 2455 rat
2027 2412 2083 2456 et
2119 2402 2413 2470 opprimat.
2456 2400 2686 2457 Etiamsi
2717 2405 2866 2458 enim
2905 2405 3160 2460 attritum
3189 2406 3275 2460 sit
3317 2406 3514 2478 jngum

1906 2495 2045 2564 ejus,
2075 2495 2170 2557 qui
2201 2509 2294 2548 vos
2323 2496 2668 2564 percntiebat
2693 2514 2709 2562 ς
2761 2498 2813 2553 id
2856 2510 3005 2554 certe
3039 2514 3144 2553 non
3185 2514 3217 2554 e
3247 2515 3306 2555 re
3334 2512 3515 2557 vestra

1908 2586 2108 2653 fuerit;
2157 2588 2268 2643 imo
2321 2589 2503 2658 potius
2549 2588 2604 2643 in
2683 2591 2948 2646 damnum
2996 2603 3239 2647 vestrum
3285 2603 3388 2650 est.
3443 2594 3517 2650 At

1906 2681 2052 2736 enim
2091 2679 2314 2734 nemine
2345 2695 2440 2734 vos
2470 2684 2837 2750 percntiente.
2889 2685 3109 2738 nemine
3141 2685 3512 2755 deprimente,

1907 2772 1994 2826 vel
2028 2773 2390 2841 corripiente,
2427 2789 2620 2842 magna
2665 2774 2717 2828 in
2769 2774 2926 2830 vobis
2972 2774 3242 2830 malorum
3287 2777 3372 2833 vis
3425 2778 3518 2832 in-

1906 2865 2101 2920 valuit.
2134 2864 2274 2919 Nam
2325 2868 2420 2935 qui
2460 2867 2590 2920 olim
2637 2869 2983 2937 serpentium
3014 2869 3189 2923 instar
3217 2870 3269 2924 in
3298 2853 3514 2925 anima-

1906 2973 2030 3013 rum
2070 2968 2377 3013 vestrarum
2411 2959 2656 3014 latibulis
2686 2961 2923 3028 agebant
2948 3001 2964 3026 ,
2998 2971 3167 3031 atque
3221 2962 3276 3016 in
3312 2965 3515 3019 vestris

1906 3043 2154 3107 delubris
2201 3067 2267 3106 ac
2326 3052 2565 3122 templis,
2610 3053 2772 3107 veluti
2817 3053 2930 3118 dii,
2992 3056 3150 3110 sedes
3212 3054 3510 3120 habebant,

191 3137 488 3209 ὑμετέροις
523 3141 692 3210 ίεροϊς
715 3157 774 3192 τε
800 3142 897 3194 καὶ
928 3145 1097 3208 ναοῖς,
1127 3144 1205 3208 ὡς
1236 3145 1300 3218 δὴ
1324 3145 1456 3211 θεοὶ,
1485 3149 1801 3222 ἐφεδρεύον-

1909 3145 2132 3212 maligni
2169 3145 2452 3199 daemones
2481 3185 2496 3205 ,
2531 3145 2708 3199 diram
2741 3145 2950 3214 prolem
2984 3161 3049 3200 ac
3077 3160 3265 3201 semen
3300 3147 3512 3215 impro-

187 3244 283 3290 τες
306 3229 539 3300 πονηροὶ
566 3230 840 3302 δαίμονες,
875 3232 1056 3304 δεινὴν
1099 3236 1263 3308 γονὴν
1304 3239 1398 3291 καὶ
1444 3239 1669 3310 σπέρμα
1705 3259 1801 3294 πο-

1909 3239 2036 3292 bum
2063 3238 2402 3302 emiserunt;
2438 3238 2510 3291 ita
2546 3246 2605 3290 ut
2643 3252 2709 3290 ex
2751 3237 2857 3292 illis
2889 3238 3109 3307 aspides
3134 3238 3510 3309 gignerentur.

189 3321 358 3392 νηρὸν
378 3322 723 3394 ἀπεκύησανο
755 3325 832 3389 ὡς
850 3327 1083 3392 ἀσπίδας
1102 3327 1163 3394 ἐξ
1186 3329 1368 3383 αὑτῶν
1401 3334 1716 3400 γεννᾶσθαι,
1738 3336 1802 3390 τὸ

189 3415 412 3468 πάντων
448 3415 560 3468 τῶν
583 3416 806 3471 ίοόόλων
833 3419 1111 3489 χείριστον
1132 3439 1146 3452 ·
1187 3423 1258 3477 ἐκ
1281 3422 1489 3479 τούτων
1521 3443 1582 3482 τε
1617 3427 1802 3481 αὐτῶν

188 3508 386 3572 ἀλλους
418 3511 720 3582 ὑποστῆναι
742 3512 896 3582 ὄφεις
910 3513 999 3567 τὸν
1027 3514 1167 3588 ἀέρα
1185 3517 1594 3590 διιπταμένους.
1611 3521 1801 3578 Ταῦτα

193 3602 294 3670 μὲν
331 3598 428 3655 οὖν
454 3603 599 3657 κατὰ
619 3604 712 3658 τὸν
740 3605 984 3676 παρόντα
1010 3593 1206 3679 καιρὸν
1243 3611 1306 3663 οὑ
1346 3615 1480 3684 παρ’
1518 3613 1649 3685 ὑμῖν
1699 3616 1799 3685 μό-

189 3708 301 3756 νοις
321 3695 436 3756 τοῖς
457 3694 797 3763 ἀλλοφύλοις,
841 3698 940 3770 ήδη
978 3699 1035 3752 δὲ
1070 3701 1164 3754 καὶ
1196 3703 1326 3774 παρ’
1357 3705 1507 3776 αὐτῷ
1549 3706 1628 3778 τῷ
1660 3692 1803 3780 χρη-

195 3784 478 3853 ματίζοντι
509 3785 624 3856 λαῷ
652 3786 788 3841 Θεοῦ
819 3789 1051 3861 πληθύει
1079 3810 1092 3822 ·
1129 3792 1206 3857 ὡς
1237 3795 1417 3849 πάντα
1455 3799 1657 3870 τρόπον
1697 3816 1798 3854 πε-

191 3874 518 3946 πληρῶσθαι
554 3877 646 3932 τὸν
679 3880 839 3952 ἀέρα,
879 3882 1253 3956 διιπταμένων
1289 3887 1486 3957 ὄφεων,
1513 3893 1607 3944 καὶ
1636 3892 1800 3962 ἑκγόυ

187 3982 293 4018 νων
319 3967 586 4032 ἀσπίδων,
635 3972 892 4044 πονηρῶν
919 3992 1082 4031 τινων
1116 3978 1212 4031 καὶ
1245 3978 1591 4049 λυμαντικῶν
1634 4003 1800 4038 πνευ-

190 4057 400 4127 μάτων.
442 4059 880 4134 Ἀναδειχθέντος
925 4066 983 4119 δὲ
1029 4071 1172 4124 κατά
1218 4073 1410 4144 καιρὸν
1450 4074 1546 4128 τοῦ
1576 4077 1795 4131 πάντων

185 4147 397 4201 τούτων
425 4148 705 4222 ὀλετῆρος,
758 4155 1071 4224 οἰχήσονται
1117 4160 1211 4212 καὶ
1261 4163 1311 4212 οι
1361 4159 1538 4231 δφεις,
1597 4164 1692 4216 καὶ
1736 4165 1794 4218 αί

185 4242 420 4306 ἀσπίδες
462 4245 535 4297 τά
583 4261 643 4298 τε
692 4247 900 4301 τούτων
945 4252 1160 4324 πονηρά
1200 4253 1426 4323 ἔκγοναο
1470 4257 1548 4323 ὼς
1591 4258 1790 4330 μηκέτι

185 4336 437 4406 ἐνεργεῖν
472 4335 646 4391 ταῦτα
675 4339 733 4391 ὲν
765 4339 1098 4412 ἀνθρώποις.

265 4445 286 4476 ‹
323 4427 787 4499 Βοσκηθήσονται,
838 4451 856 4482 ι
895 4435 1004 4505 γάρ
1035 4451 1192 4504 φησι,
1225 4455 1242 4487 ι
1271 4441 1480 4508 πτωχοὶ
1507 4439 1576 4494 δι’
1598 4441 1786 4495 αύτοῦο

1905 3331 2049 3400 quod
2102 3339 2188 3385 est
2244 3331 2491 3385 omnium
2541 3340 2943 3385 venenatorum
3008 3332 3389 3397 teterrimum;
3442 3346 3511 3385 ex

1905 3421 2082 3490 lisque
2110 3420 2201 3476 alii
2235 3421 2369 3477 editi
2414 3421 2525 3476 sint
2573 3430 2862 3490 serpentes
2912 3436 3012 3490 per
3059 3435 3190 3475 aera
3236 3421 3505 3476 volantes.

1904 3511 2033 3567 Haec
2077 3526 2242 3581 porro
2294 3513 2349 3565 in
2403 3511 2689 3580 praesenti,
2756 3527 2864 3566 non
2929 3514 3075 3581 apud
3147 3527 3243 3567 vos
3296 3521 3508 3566 tantum

1903 3603 2240 3673 alienigenas
2263 3642 2280 3670 ,
2314 3605 2410 3658 sed
2435 3606 2600 3659 etiam
2634 3605 2777 3673 apud
2811 3619 2937 3657 eum
2962 3644 2978 3669 ,
3017 3604 3110 3673 qui
3153 3604 3386 3672 populus
3410 3603 3508 3658 Dei

1905 3706 2149 3763 vocatur,
2179 3711 2376 3766 magno
2410 3712 2644 3752 numero
2685 3698 2995 3762 habentur;
3048 3698 3123 3751 ita
3175 3707 3236 3752 ut
3280 3711 3510 3766 prorsus

1901 3805 1996 3843 aer
2045 3791 2325 3859 repleatur
2375 3792 2733 3860 serpentibus
2796 3789 3192 3855 volitantibus,
3265 3804 3331 3844 ac
3384 3789 3510 3845 (iliis

1901 3886 2149 3954 aspidum
2177 3926 2192 3949 ,
2230 3886 2486 3955 malignis
2514 3886 2731 3940 scilicet
2756 3883 3092 3954 quibusdam
3144 3899 3209 3939 ac
3256 3884 3509 3940 exitiosis

1900 3978 2206 4048 spiritibus.
2239 3977 2380 4033 Cum
2412 3987 2594 4032 autem
2632 3979 2677 4032 is
2701 4015 2717 4044 ,
2751 3976 2842 4046 qui
2891 3977 3006 4031 haec
3039 3976 3221 4030 omnia
3256 3977 3508 4032 sublatu-

1901 4085 1993 4124 rus
2026 4082 2133 4133 est,
2165 4087 2265 4126 suo
2299 4080 2547 4140 tempore
2576 4069 2891 4135 advenerit,
2915 4078 2971 4122 et
3004 4069 3346 4140 apparuerit,
3375 4077 3507 4124 tunc

1899 4172 2210 4230 serpentes,
2242 4162 2484 4230 aspitles,
2507 4175 2812 4229 earumque
2837 4161 3085 4230 improba
3108 4157 3292 4227 proles
3316 4159 3510 4215 absce-

1899 4255 2070 4318 deut;
2114 4252 2185 4306 ita
2219 4260 2279 4307 ut
2309 4254 2424 4308 haec
2448 4253 2504 4307 in
2540 4252 2793 4307 lmmlnes
2826 4253 2937 4306 vim
2987 4251 3127 4305 ultra
3187 4264 3294 4304 non
3347 4265 3507 4305 eser-

1897 4361 1991 4402 cea
2001 4357 2080 4400 Ill.

1969 4436 2136 4493 Vens.
2174 4438 2264 4492 50.
2290 4435 2427 4492 Nam
2463 4456 2482 4490 ι
2518 4448 2835 4505 pascentur,
2867 4436 3067 4506 inquit,
3093 4451 3192 4506 per
3219 4452 3344 4491 eum
3367 4451 3504 4506 pau-

186 4517 424 4587 πένητες
479 4519 538 4573 δὲ
595 4519 874 4593 ἄνθρωποι
921 4526 1008 4576 ἐπ’
1064 4529 1287 4598 εἰρήνης
1340 4530 1787 4586 ἀναπαύσονται·

1906 4544 2060 4598 peros
2097 4547 2111 4581 :
2152 4532 2342 4599 inopes
2370 4537 2554 4582 autem
2585 4529 2836 4583 homines
2874 4527 2926 4582 in
2985 4543 3118 4597 pace
3170 4528 3498 4599 quiescent.

185 4613 370 4666 ἀνελεῖ
410 4614 468 4668 δὲ
505 4613 650 4687 λιμῷ
680 4617 742 4670 τὸ
785 4617 1007 4690 σπέρμα
1055 4638 1172 4683 σου,
1211 4623 1304 4675 καὶ
1340 4623 1402 4676 τὸ
1435 4625 1790 4696 κατάλειμμά

187 4723 281 4758 σου
309 4706 513 4760 ἀνελεῖ.
540 4729 557 4759 ι
590 4709 763 4764 Τοῦτο
792 4714 889 4784 μὲν
921 4709 1016 4766 οὖν
1055 4714 1116 4767 τὸ
1158 4717 1491 4787 έρπυστικὸν
1519 4719 1614 4772 καὶ
1636 4718 1788 4788 ,ίοϐό⁸

183 4800 277 4852 λον
329 4798 488 4868 γένος
524 4800 668 4874 λιμῷ
722 4804 902 4857 ἀνελεῖ
948 4805 978 4857 ὁ
1027 4807 1525 4878 προφητευὸμενος,
1586 4809 1789 4880 μηκέτι

183 4891 507 4962 ἐπιτρέπων
535 4895 744 4968 τροφὴν
775 4897 876 4968 τὴν
919 4897 1148 4968 συνήθη,
1185 4898 1390 4972 δηλαδὴ
1426 4901 1526 4973 τὴν
1565 4901 1653 4956 διὰ
1689 4901 1788 4956 θυ-

186 4987 322 5040 σιῶν
363 4991 432 5059 τῇ
476 4987 762 5062 δαιμονικῇ
820 4991 997 5064 πλάνῃ
1048 4994 1503 5066 προσφέρεσθαι·
1551 4999 1678 5060 τοὺς
1733 4997 1791 5051 δὲ

183 5077 384 5130 ἑαυτοῦ
407 5081 655 5149 πτωχοὺς
705 5082 985 5154 ἐκθρέψει,
1013 5083 1110 5136 καὶ
1147 5085 1204 5137 έν
1235 5086 1427 5156 εἰρήνη
1460 5086 1788 5152 ἀναπαύσει,

187 5175 390 5245 μηκέτι
444 5175 976 5248 παρενοχλουμένους
1039 5180 1146 5234 ὑπὸ
1202 5179 1313 5233 τῶν
1373 5181 1787 5252 παραδοθέντων

184 5265 458 5338 ἑρπετῶν.
485 5265 722 5320 Δύναται
757 5268 941 5338 μέντοι
969 5271 1146 5325 ταῦτα
1189 5271 1284 5325 καὶ
1324 5271 1526 5342 ἑτέρως
1573 5275 1653 5335 εἰς
1693 5273 1786 5326 τὸν

197 5357 452 5424 Ἑζεκίαν
502 5359 876 5433 πληροῦσθαιο
924 5365 1048 5428 τοὺς
1091 5363 1201 5435 γὰρ
1238 5362 1406 5424 πάλαι
1454 5365 1598 5418 κατὰ
1653 5364 1786 5416 Θεὸν

183 5455 612 5526 πτωχεύσαντας
642 5455 700 5508 ἰν
729 5455 890 5508 παντὶ
927 5455 1008 5526 τῷ
1063 5456 1331 5509 Ἰουδαίων
1373 5455 1518 5508 ἔθνει
1558 5456 1790 5526 ἀνεκτή-

185 5565 319 5602 σατο
375 5550 602 5619 τροφαῖς
646 5545 892 5612 λογικαίς
939 5549 1033 5602 καί
1080 5548 1453 5613 διδασκαλίαις
1479 5566 1492 5579 ο
1546 5548 1640 5611 οὓς
1693 5551 1786 5601 καὶ

185 5643 523 5712 κατέστησεν
555 5640 649 5694 ἐπὶ
673 5640 773 5712 τὴν
803 5640 973 5714 καλὴν
997 5641 1166 5715 νομὴν
1200 5640 1295 5695 τοῦ
1332 5643 1431 5714 τῆς
1469 5641 1788 5706 θεοσεϐείας

257 5850 301 5881 ’⁸
329 5848 398 5906 ιγ
436 5845 570 5919 Reg.
600 5859 759 5909 xvm,
781 5843 836 5898 8.

1901 4622 2051 4675 fame
2078 4635 2207 4676 vero
2239 4621 2537 4675 interliciet
2572 4635 2761 4676 semen
2785 4631 2962 4683 tuum,
2991 4630 3047 4675 et
3076 4620 3335 4690 reliquias
3383 4629 3502 4674 tuas

1899 4710 2202 4765 interimel.
2247 4728 2266 4763 ι
2306 4710 2421 4766 lloc
2454 4711 2622 4780 igitur
2659 4711 2856 4781 reptile
2880 4721 2936 4766 et
2961 4721 3290 4765 venenatum
3330 4725 3502 4780 genus

1899 4801 2041 4856 fame
2078 4803 2297 4857 necabit
2327 4804 2393 4869 is,
2434 4803 2530 4871 qui
2559 4803 2612 4856 in
2653 4803 2938 4872 prapbetia
2987 4803 3160 4856 fertur
3184 4842 3199 4866 ,
3234 4817 3335 4857 nec
3361 4803 3498 4854 ultra

1898 4897 2180 4967 permittet
2206 4905 2264 4950 ut
2293 4904 2591 4957 consuetus
2623 4896 2800 4958 cibus.
2832 4895 3087 4950 videlicet
3131 4909 3229 4965 per
3288 4894 3502 4949 sacrili-

1900 4989 2010 5054 cia,
2038 4990 2408 5049 .dzemoniaca:
2461 4988 2848 5057 superstitioni
2904 4987 3186 5043 oﬂ'eratur.
3223 4987 3498 5054 Pauperes

1901 5092 2084 5136 autem
2119 5096 2249 5136 suos
2281 5080 2544 5144 euntriet,
2575 5087 2630 5132 et
2677 5078 2732 5131 in
2789 5092 2922 5145 pace
2973 5077 3262 5148 quiescere
3312 5076 3496 5137 faciet,

1901 5189 2008 5228 non
2031 5173 2168 5227 ultra
2204 5183 2432 5226 vexatos
2457 5187 2486 5225 a
2537 5170 2858 5224 memoratis
2909 5168 3217 5238 reptilibus.
3260 5165 3498 5220 Possunt

1897 5268 2062 5322 etiam
2099 5267 2286 5339 istbaec
2323 5266 2431 5319 alio
2465 5268 2626 5318 modo
2665 5264 2718 5317 in
2751 5263 2989 5318 Ezechia
3023 5261 3244 5332 impleta
3276 5259 3443 5314 fuisse
3480 5277 3494 5313 :

1898 5360 2014 5430 ipse
2043 5358 2189 5412 enim
2222 5373 2339 5425 eos,
2373 5357 2464 5426 qui
2503 5362 2553 5409 in
2604 5357 2864 5411 universo
2905 5353 3133 5410 Judaico
3179 5352 3375 5423 populo
3408 5368 3498 5405 se—

1898 5453 2134 5509 cundum
2165 5453 2331 5507 Deum
2357 5467 2624 5522 pauperes
2648 5450 2778 5504 olim
2811 5448 3057 5514 fuerant,
3086 5447 3227 5503 cibis
3257 5447 3499 5500 rationa-

1895 5545 2037 5601 libus
2066 5554 2121 5600 et
2153 5544 2402 5599 doctrina
2442 5543 2752 5608 recreavit;
2798 5555 2937 5612 quos
2981 5542 3110 5594 item
3165 5539 3217 5592 in
3271 5537 3497 5606 Optimis

1895 5639 2035 5711 ejus,
2065 5652 2186 5708 quae
2213 5638 2358 5708 piam
2384 5635 2706 5708 religionem
2732 5633 2914 5702 docet,
2947 5631 3080 5704 legis
3109 5631 3331 5702 pascuis
3372 5643 3501 5687 cono
