4042 6422
1280 354 1547 413 EUSEBII
1584 349 2065 412 CESAIHENSIS
2098 349 2249 409 OPP.
2296 348 2476 407 PARS
2514 347 2604 409 ΙΙΙ.
2659 377 2713 391 -
2751 345 3167 407 EXEGETICA.

3735 346 3844 403 200

578 482 793 553 stituit;
823 488 881 534 ut
906 479 1109 535 divinis
1140 476 1593 550 cogitationibus,
1614 486 1671 533 et
1693 490 1850 533 sacra
1896 473 2143 532 doctrina

2262 472 2449 543 νόμου,
2513 468 2804 541 βόσκεσθαι
2855 471 2969 531 τοῖς
3040 468 3205 532 θείοις
3275 466 3507 540 νοήμασι
3569 468 3667 519 καὶ
3725 469 3843 529 ταῖς

584 580 940 644 pascerentur
966 580 1023 640 et
1053 570 1347 625 alerentur.

658 661 823 720 Vm.
864 662 956 718 Si.
1005 681 1026 716 ι
1058 662 1275 719 Ulnlate
1308 668 1478 730 portae
1528 661 1810 716 civitatum
1837 699 1855 725 ,
1916 659 2152 713 clament

582 756 832 811 civitates
860 756 1124 820 turbata,
1170 752 1426 825 allophyli
1476 768 1667 809 omnes
1689 792 1705 819 ,
1740 751 1870 823 quia
1897 752 1966 807 ab
1997 751 2153 821 aqui-

582 846 707 901 ioue
734 845 914 903 fumus
945 848 1121 911 venit,
1165 854 1222 899 et
1269 859 1377 898 non
1420 854 1505 899 est
1548 852 1609 900 ut
1638 843 1748 899 sit.
1791 860 1813 896 ι
1844 841 2149 912 Significat,

583 937 660 992 uti
691 937 944 1005 diximus,
966 936 1311 1008 Assyriomm
1347 950 1527 1005 regem
1554 977 1571 1001 ,
1600 935 1690 1005 qui
1728 936 1798 990 ab
1816 934 2151 1006 aquilonari-

582 1026 685 1083 bus
710 1026 953 1097 partibus
979 1034 1224 1093 tempore
1255 1024 1503 1082 Ezechiae
1524 1025 1833 1095 irrumpens
1855 1064 1873 1092 ,
1905 1024 2151 1093 allopby-

582 1119 665 1176 los
709 1116 1049 1175 Palatinam
1092 1118 1390 1174 incolentes
1444 1116 1666 1173 ditionis
1720 1130 1835 1172 sua
1881 1115 2153 1181 fecit;ita

582 1220 642 1263 ut
668 1208 846 1266 urbes'
864 1209 1079 1279 quidem
1108 1209 1414 1275 obsideret,
1442 1222 1629 1263 earum
1657 1206 1885 1278 populos
1910 1206 2156 1277 captivos

581 1300 893 1367 abduceret,
926 1299 1248 1370 urbiumque
1277 1307 1466 1369 portas
1508 1297 1840 1354 incenderet.

652 1478 818 1536 Vsus.
845 1480 937 1538 32.
972 1498 993 1533 ι
1019 1480 1085 1537 Et
1109 1480 1237 1551 quid
1260 1480 1669 1549 respondebunt
1691 1494 1845 1551 reges
1872 1480 2156 1552 gentium?

583 1570 719 1639 Quia
747 1573 1005 1629 Dominus
1056 1572 1297 1627 fundavit
1338 1572 1470 1628 Sion
1516 1590 1531 1628 :
1565 1582 1620 1629 et
1658 1588 1756 1645 per
1799 1587 1923 1628 eum
1972 1572 2152 1628 salva-

587 1666 787 1719 buntur
834 1664 1066 1719 humiles
1102 1679 1134 1718 e
1181 1664 1398 1735 populo.
1438 1683 1458 1717 s
1491 1664 1785 1719 Maximum
1846 1664 1953 1721 illis
1994 1678 2154 1734 argu-

584 1762 822 1807 mentum
856 1745 997 1819 erit,
1050 1753 1214 1808 Deum
1238 1769 1365 1809 suae
1409 1768 1531 1810 esse
1566 1755 1846 1810 custodem
1890 1753 2148 1820 civitatis,

579 1844 720 1913 quod
752 1844 841 1900 illa
886 1844 1021 1899 nihil
1066 1844 1171 1902 tale
1221 1845 1460 1917 patiatur
1489 1885 1505 1911 ,
1564 1844 1723 1916 quale
1773 1852 1983 1901 cetera
2015 1844 2152 1899 civi-

580 1945 738 1992 ιειεε.

1158 2026 1391 2084 CAPUT
1445 2025 1565 2084 XV.

651 2116 816 2173 Vens.
844 2115 897 2171 l.
928 2133 949 2168 t
1002 2114 1240 2171 Verbum
1286 2127 1475 2172 contra
1516 2112 1861 2173 Moabitidem
1916 2136 1931 2174 :
1978 2118 2150 2175 Noctu

581 2209 780 2278 peribit
820 2208 998 2271 Iloab,
1019 2219 1176 2263 noctu
1206 2208 1348 2263 enim
1379 2208 1577 2279 peribit
1606 2226 1794 2267 murus
1820 2210 2149 2276 Moabitidis,

580 2303 758 2358 delete
800 2302 855 2358 in
896 2300 1322 2371 vobismetipsis.
1364 2320 1384 2354 ι
1420 2303 1477 2358 in
1520 2301 1746 2358 exordio
1790 2304 2151 2373 ignorantiam

582 2393 674 2450 Dei
701 2432 718 2458 ,
751 2409 872 2462 qua
903 2393 1044 2463 apud
1077 2394 1224 2460 ipsos
1272 2392 1587 2448 obtinuerat
1612 2433 1629 2458 ,
1676 2404 1888 2448 noctem
1921 2404 1975 2449 et
2010 2405 2154 2450 teneo

584 2486 711 2541 bras
753 2478 969 2542 vocavit
1015 2502 1030 2540 :
1083 2486 1137 2539 in
1174 2486 1395 2555 ipsaque
1436 2496 1595 2540 nocte
1634 2500 1823 2540 eorum
1857 2486 2152 2555 perniciem

580 2577 702 2633 fore
725 2580 1092 2635 comminatur
1115 2578 1201 2634 his
1228 2581 1428 2645 verbis,
1460 2598 1478 2632 ι
1516 2577 1686 2633 Noctu
1717 2579 1915 2649 peribit
1947 2578 2156 2634 Moabi-

581 2671 671 2724 tis.
706 2687 727 2722 ι
770 2668 963 2725 Postea
996 2671 1063 2726 de
1106 2670 1227 2726 loco
1274 2671 1364 2727 ubi
1412 2686 1599 2728 eorum
1638 2670 1945 2727 idololatria
1970 2672 2156 2729 consi-

578 2762 760 2829 debat,
790 2763 908 2819 haec
926 2763 1230 2833 subiungit:

648 2853 811 2912 Vens.
845 2855 900 2910 2.
937 2873 957 2908 ι
1012 2854 1217 2911 Peribit
1262 2856 1407 2912 enim
1448 2864 1503 2911 et
1535 2856 1707 2913 Dibon
1734 2898 1752 2925 ,
1801 2860 1891 2915 ubi
1924 2868 2010 2917 est
2058 2874 2154 2916 ara

578 2953 753 3000 vestra
785 2965 800 3001 :
835 2945 960 3002 illuc
987 2949 1293 3005 ascendetis
1339 2949 1406 3003 ad
1473 2950 1810 3020 plorandum.
1862 2970 1883 3004 ι
1932 2951 1988 3006 In
2048 2952 2156 3007 line

577 3046 754 3091 autem
805 3040 1141 3109 prophetiae,
1193 3040 1313 3095 illas
1367 3056 1584 3096 rursum
1650 3058 1773 3097 aras
1820 3057 2155 3099 commemo-

2256 565 2428 634 ίεραϊς
2478 562 2870 625 διδασκαλίαις,
2905 560 2999 613 καὶ
3039 557 3399 631 ἐντρέφεσθαι
3443 558 3699 633 ποιήσας.

2326 673 2347 708 ι
2389 651 2728 719 ὀλολύξατε,
2751 651 2916 705 πύλαι
2948 650 3177 715 πόλεων,
3205 648 3630 723 κεκραγέτωσαν
3661 646 3843 711 πόλεις

2252 746 2679 820 τεταραγμέναι,
2708 748 2757 800 οῖ
2801 745 3088 816 ἀλλόφυλοι
3131 746 3354 808 πάντες,
3399 743 3482 797 ὅτι
3525 742 3636 796 ἀπὸ
3672 741 3845 815 βορρᾶ

2254 838 2460 903 καπνὸς
2496 839 2738 911 ἔρχεται,
2770 838 2863 893 καὶ
2890 836 3142 891 οὐκηῑστι
3182 835 3275 890 τοῦ
3313 830 3472 889 εἶναι.
3522 853 3541 887 ι
3581 833 3845 904 Σημαίνει

2252 931 2330 993 δι,
2384 931 2460 995 ὡς
2505 928 2735 1002 ἔφημεν,
2783 930 2876 983 τὸν
2929 928 3041 984 τῶν
3098 928 3401 999 ’Δσσυρίων
3465 926 3710 998 βασιλέα,
3763 924 3844 989 ὃς,

2254 1021 2495 1076 ἐπελθὼν
2522 1021 2632 1075 ἀπδ
2650 1020 2758 1074 τῶν
2782 1017 3142 1091 βορειοτέρων
3170 1017 3353 1090 μερῶν
3380 1018 3523 1071 κατά
3539 1018 3668 1080 τοὺς
3699 1014 3849 1080 Ἐζεο

2255 1113 2375 1169 κίον
2404 1114 2649 1187 χρόνους,
2676 1114 2804 1176 τοὺς
2833 1110 2931 1182 τὴν
2959 1108 3326 1179 Παλαιστίνην
3364 1108 3651 1173 οἰκοῦντας
3689 1106 3848 1162 ἀλλο-

2255 1205 2477 1275 φύλους,
2512 1203 2870 1277 ἐχειρώσατο·
2896 1203 2974 1268 ὠς
2998 1201 3363 1274 πολιορκῆσαι
3396 1202 3497 1274 μιν
3523 1202 3624 1265 τάς
3655 1199 3848 1264 πόλεις

2252 1297 2455 1359 αὐτῶν,
2499 1296 2821 1368 αἰχμάλωτα
2865 1293 2923 1347 dt
2962 1294 3149 1348 λαϐεῖν
3184 1293 3255 1349 τά
3298 1296 3358 1348 έν
3398 1294 3591 1359 αὑταῖς
3639 1291 3845 1364 πλήθη,

2224 1406 2229 1409 ·
2256 1389 2539 1462 ἐμπρῆσαι
2560 1388 2617 1441 δὶ
2638 1386 2746 1441 τῶν
2766 1386 2975 1442 πόλεων
2993 1384 3095 1450 τάς
3122 1384 3319 1450 πύλας.

2332 1497 2353 1531 ι
2401 1478 2511 1531 Καὶ
2548 1476 2603 1530 τί
2654 1475 3121 1549 ἀποκριθήσονται
3176 1474 3421 1547 βασιλεῖς
3471 1472 3676 1539 ὲθνῶνς
3720 1470 3847 1527 Ὅτι

2254 1570 2459 1642 Κύριος
2486 1566 2813 1639 ιθεμελίωσε
2844 1564 3005 1629 Σιὼν,
3048 1568 3142 1620 καὶ
3190 1565 3257 1619 δι’
3295 1563 3461 1619 αὐτοῦ
3508 1562 3846 1635 σωθήσονται

2253 1663 2305 1716 οἱ
2332 1659 2576 1715 ταπεινοὶ
2613 1657 2711 1712 τοῦ
2746 1658 2900 1713 λαοῦ.
2939 1678 2957 1711 ι
2992 1660 3268 1729 Μέγιστον
3318 1659 3429 1731 γὰρ
3471 1657 3655 1721 αὐτοῖς
3691 1654 3849 1710 ἔσται

2252 1754 2469 1824 δεῖγμα,
2509 1751 2599 1806 τὸν
2630 1749 2762 1804 Θεὺν
2818 1747 2961 1806 εἷναι
3007 1752 3099 1806 τὸν
3140 1752 3243 1823 τῆς
3284 1749 3452 1806 αὑτοῦ
3494 1749 3703 1813 πόλεως
3748 1748 3850 1819 φύ-

2254 1844 2413 1909 λακα,
2433 1840 2495 1896 τὸ
2516 1841 2682 1914 μηδὲν
2708 1842 2904 1899 παθεῖν
2925 1842 3098 1915 αὐτὴν
3126 1843 3311 1915 ὅμοιον
3330 1844 3453 1906 ταῖς
3488 1841 3705 1907 λοιπαῖς
3746 1840 3837 1895 πό-

2252 1933 2419 1989 λεσιν.

2778 2025 3178 2080 ΚΕΦᾹΛΑΙΟΝ
3216 2025 3319 2078 ιε’.

2331 2135 2349 2169 ι
2388 2116 2463 2171 Τδ
2493 2116 2646 2189 ῥῆμα
2668 2116 2731 2171 τὸ
2765 2116 2907 2171 κατὰ
2933 2116 3033 2188 τῆς
3061 2113 3438 2179 Μωαϐίτιδος·
3465 2113 3681 2178 Νυκτὸς
3710 2114 3849 2169 ἀπε·

2254 2208 2427 2263 λεῖται
2455 2210 2490 2280 ή
2516 2203 2691 2263 Μωά⁴ὃ
2716 2226 2731 2241 ο
2780 2207 2973 2272 νυκτὸς
3002 2207 3112 2280 γάρ
3139 2206 3421 2261 ἀπολεῖται
3451 2206 3513 2260 τὸ
3541 2209 3720 2277 τεῖχος
3742 2206 3849 2277 τῆς

2255 2302 2619 2367 Μωαϐίτιδδς,
2655 2301 2914 2355 λυπεῖσθε
2942 2300 3029 2370 ἐφ’
3063 2301 3309 2363 ἑαυτούς.
3348 2318 3368 2351 ι
3398 2298 3563 2352 Ὅθεν
3607 2299 3850 2371 ἀρχόμε-

2254 2409 2343 2458 νος
2372 2393 2472 2465 τήν
2498 2393 2905 2466 ἐπικρατοῦσαν
2928 2391 3108 2446 αὐτῶν
3130 2392 3354 2461 ἄγνοιαν
3384 2391 3481 2445 τοῦ
3502 2391 3659 2457 Θεοῦ,
3676 2391 3848 2447 νύκτα

2255 2486 2350 2541 καὶ
2377 2486 2566 2550 σκότος
2588 2487 2893 2558 ὠνόμασεν,
2921 2488 2980 2540 ἑν
3012 2485 3149 2557 αὐτῇ
3177 2502 3236 2538 τε
3266 2487 3332 2557 τῇ
3361 2485 3520 2539 νυκτὶ
3560 2484 3659 2539 τὴν
3683 2484 3842 2540 ἀπῶ-

2254 2579 2405 2634 λειαν
2442 2578 2622 2633 αὐτῶν
2642 2578 2858 2632 ἔσεσθαι
2886 2577 3100 2632 ἀπειλεῖ
3122 2579 3331 2649 φήσαςο
3358 2594 3377 2629 ι
3394 2576 3607 2641 Νυκτὸς
3628 2577 3852 2631 ἀπολεῖ-

2254 2688 2345 2725 ται
2368 2673 2412 2745 η
2436 2671 2739 2735 Μωαϐῖτις.
2774 2689 2793 2723 ι
2846 2667 2981 2723 Elea
3024 2669 3153 2740 έξῆς
3183 2669 3313 2741 περὶ
3341 2667 3439 2722 τοῦ
3482 2668 3685 2733 τόπου,
3710 2667 3769 2722 εν
3801 2662 3850 2737 ᾧ

2258 2762 2440 2833 ῖδρυτο
2465 2761 2647 2817 αὐτῶν
2674 2762 2708 2833 ή
2739 2760 3171 2833 εἰδωλολατρεία,
3199 2759 3442 2829 ἑπιλέγει
3466 2774 3482 2790 ·

2333 2874 2352 2907 ι
2393 2855 2701 2908 Ἀπολεῖται
2743 2854 2853 2925 γὰρ
2879 2855 2973 2907 καὶ
3016 2852 3227 2926 Δηϐὼν,
3263 2847 3323 2907 οὗ
3363 2852 3393 2904 ὁ
3434 2849 3617 2921 βωμὸς
3648 2849 3807 2922 ὑμῶν

2258 2948 2375 3002 ἐκεῖ
2401 2947 2739 3020 ἀναϐήσεσθε
2773 2946 3004 3001 κλαίειν.
3041 2965 3060 2997 ι
3110 2945 3235 2999 Ἐπὶ
3261 2945 3401 2998 τέλει
3430 2944 3486 2998 δὲ
3507 2943 3607 3012 τῆς
3635 2959 3827 3015 προφη

2257 3040 2410 3104 τείας
2468 3038 2579 3094 τῶν
2628 3039 2811 3093 αὐτῶν
2855 3038 3018 3092 πάλιν
3082 3036 3351 3109 μέμνηται
3391 3035 3593 3107 βωμῶν
3629 3034 3806 3103 λέγων

578 3131 855 3186 ratverbis
885 3132 991 3197 bis,
1016 3151 1036 3185 ι
1065 3134 1198 3199 Quia
1227 3132 1450 3203 fatigata
1481 3144 1565 3187 est
1592 3132 1782 3198 Moab,
1808 3151 1827 3186 ι
1856 3143 1911 3188 et
1929 3146 2148 3190 caztera.

2264 3150 2285 3185 ι
2318 3133 2439 3186 Ὅτι
2469 3132 2730 3185 ἐκοπίασε
2760 3129 2958 3194 Μωάϐ,
3002 3148 3020 3180 ι
3053 3129 3147 3183 καὶ
3178 3127 3248 3181 τά
3268 3125 3425 3199 ἑξῆς-

656 3221 816 3278 Vns.
865 3224 919 3278 5.
980 3241 1000 3275 ι
1055 3224 1111 3277 in
1143 3222 1328 3278 Naban
1360 3222 1668 3279 Moabitidis
1701 3224 1904 3280 ululate
1939 3243 1955 3281 :
1990 3240 2154 3298 super

578 3328 737 3369 omne
784 3322 948 3384 caput
995 3314 1244 3370 calvities
1273 3354 1290 3379 ,
1322 3315 1505 3368 omnia
1556 3314 1780 3369 brachia
1824 3316 2007 3371 decisa
2046 3333 2063 3371 :
2099 3317 2151 3371 in

578 3403 770 3474 plateis
794 3404 916 3474 ejus
942 3404 1228 3459 induitnini
1277 3404 1473 3459 saccis.
1505 3423 1524 3456 ι
1560 3403 1651 3458 llis
1684 3420 1851 3475 porro
1879 3407 2154 3475 signiﬁcat

577 3496 899 3551 insidentem
930 3497 1124 3566 populo
1149 3497 1450 3551 demouem
1483 3497 1780 3567 malignum
1811 3540 1826 3564 ,
1856 3500 1971 3555 sive
2002 3503 2154 3569 prin-

578 3588 753 3656 cipem
794 3587 990 3657 gentis,
1027 3598 1086 3641 ut
1122 3588 1222 3641 sub
1247 3587 1365 3642 btcc
1387 3587 1631 3655 dicitur;
1670 3589 1851 3658 qualis
1878 3590 2155 3661 eratprin-

577 3692 704 3748 σερε
752 3693 849 3734 rex
898 3678 1247 3742 Graecorum,
1296 3689 1352 3734 et
1398 3679 1651 3749 princeps
1700 3679 2152 3751 Babyloniorum.

580 3767 893 3839 Hujusmodi
920 3784 1051 3840 ergo
1084 3770 1382 3826 daemonem
1422 3772 1473 3825 in
1528 3772 1750 3826 civitate
1796 3770 2153 3827 Moabitarum

578 3858 923 3924 insidentem,
954 3876 982 3913 a
1012 3876 1121 3931 quo
1140 3875 1198 3916 se
1229 3876 1385 3931 opem
1418 3870 1807 3937 consecuturos
1839 3862 2155 3931 sperabant,

579 3951 635 4007 in
690 3954 1072 4021 congressibus
1123 3962 1313 4008 contra
1360 3940 1613 4011 inimicus
1657 3955 1983 4025 capiendum
2033 3969 2157 4011 esse

582 4050 682 4113 ait,
717 4049 843 4118 quia
874 4047 1087 4102 animas
1112 4061 1301 4102 eorum
1330 4047 1708 4112 conculcabat,
1733 4062 1936 4118 easque
1959 4048 2011 4102 in
2046 4056 2157 4103 ter-

582 4154 698 4194 ram
749 4137 1022 4208 respicere
1049 4138 1319 4209 cogebat,
1375 4140 1446 4193 ita
1493 4150 1553 4194 ut
1593 4156 1752 4196 nemo
1785 4151 1970 4210 posset
1994 4151 2156 4211 caput

582 4229 775 4285 eﬂ'erre
800 4240 853 4285 et
875 4242 1089 4284 sursum
1120 4231 1350 4295 intueri;
1377 4246 1545 4301 quare
1570 4231 1664 4294 ait,
1703 4251 1723 4285 ι
1756 4231 1891 4299 Quia
1924 4233 2156 4288 commi-
2195 4264 2205 4271 -

582 4321 754 4375 litium
786 4330 960 4387 tuum,
985 4331 1041 4376 et
1072 4322 1324 4393 princeps
1353 4323 1534 4391 periit,
1577 4323 1669 4394 qui
1705 4323 1759 4379 in
1790 4334 1935 4379 terra
1964 4323 2157 4378 ambu-

580 4413 747 4472 labat.
778 4433 801 4469 ε

1174 4506 1403 4565 CAPUT
1443 4507 1588 4564 XVI.

651 4601 818 4657 Vens.
865 4602 985 4657 l-5.
1032 4622 1052 4655 ι
1094 4602 1303 4658 Mittam
1353 4605 1507 4674 quasi
1567 4604 1779 4673 reptilia
1819 4619 1983 4674 super
2044 4615 2156 4660 ter-

582 4712 721 4751 ram.
763 4693 901 4750 Num
934 4706 1084 4766 petra
1112 4697 1322 4750 deserta
1360 4706 1444 4751 est
1486 4711 1643 4752 mons
1672 4695 1800 4751 illia:
1828 4696 1959 4752 Sion
1983 4697 2006 4750 τ
2033 4695 2154 4753 Eris

581 4790 726 4843 enim
760 4790 911 4858 quasi
941 4803 1040 4843 ave
1074 4790 1358 4853 avolante,
1391 4788 1571 4858 pullus
1623 4789 1839 4843 ablatus
1886 4790 2015 4855 eris,
2048 4791 2154 4844 lilia

582 4878 761 4932 Moab.
799 4878 1000 4933 Deinde
1027 4880 1209 4933 Arnon
1244 4878 1395 4948 plura
1437 4878 1673 4934 delibera
1702 4898 1717 4935 :
1747 4878 1835 4934 fac
1864 4882 2155 4937 tentorium

582 4970 753 5026 luctus
796 4979 850 5024 tu
903 4970 1016 5041 ipsa
1060 4985 1293 5040 semper.
1344 4970 1400 5025 ln
1443 4971 1759 5027 meridianis
1789 4972 2028 5028 tenebris
2078 4972 2156 5025 fu-

582 5061 753 5129 giunt,
784 5058 1201 5127 obstupuerunt,
1241 5072 1309 5113 ne
1338 5060 1578 5127 graviter
1614 5062 1778 5117 feras.
1815 5060 2154 5117 Habitabunt

582 5152 719 5217 apud
752 5160 802 5203 te
849 5147 1058 5220 profugi
1092 5149 1264 5206 Moab.
1319 5148 1493 5204 Erunt
1531 5152 1683 5207 vobis
1714 5160 2079 5222 tegumentum
2122 5168 2152 5206 a

582 5243 719 5297 facie
742 5242 1143 5314 persequendis,
1174 5242 1299 5311 quia
1334 5243 1605 5298 sublatum
1643 5254 1725 5301 est
1764 5244 2144 5299 commilitium

585 5348 731 5389 tuum
756 5376 770 5400 ,
797 5345 853 5390 et
880 5337 1127 5406 princeps
1178 5337 1339 5405 periit
1371 5338 1467 5407 qui
1512 5337 1825 5392 ambulabat
1857 5353 2022 5407 super
2052 5347 2157 5392 ter-

584 5443 718 5481 ram.
762 5428 829 5483 Et
878 5427 1267 5482 restaurabitur
1293 5445 1417 5484 cum
1472 5428 1840 5483 misericordia
1872 5431 2098 5499 thronus
2132 5447 2148 5483 :

585 5529 633 5571 et
661 5518 863 5573 sedebit
902 5519 954 5573 in
985 5534 1049 5573 eo
1079 5535 1201 5573 cum
1234 5520 1459 5574 veritate
1495 5520 1546 5573 in
1585 5519 1927 5573 tabernaculo
1955 5518 2150 5584 David,

583 5608 831 5677 judicans
859 5618 912 5664 et
937 5624 1184 5680 quaerens
1219 5610 1515 5681 judicium,
1544 5622 1600 5665 et
1634 5610 1890 5665 velociter
1922 5612 2151 5666 reddens

2332 3243 2352 3277 ι
2413 3224 2537 3278 Ἐπὶ
2590 3222 2779 3277 Ναϐὰν
2836 3222 2936 3292 τῆς
2990 3219 3330 3284 Μωαϐίτιδος
3380 3217 3689 3284 ὀλολύξατε,
3752 3218 3852 3275 ἐπὶ

2256 3317 2439 3388 πάσης
2469 3316 2716 3388 κεφαλῆς
2743 3315 3110 3386 φαλάκρωμα,
3160 3314 3360 3377 πάντες
3414 3312 3712 3385 βραχίονεςι
3740 3329 3849 3368 κα-

2253 3409 2656 3480 τατετμημένοι
2681 3426 2695 3438 ·
2731 3410 2789 3461 ὲν
2812 3410 2932 3472 ταῖς
2962 3407 3244 3471 πλατείαις
3264 3406 3436 3477 αὐτῆς
3467 3405 3849 3478 περιζώσασθε

2256 3500 2514 3564 σάκκους.
2552 3520 2571 3552 ι
2604 3500 2869 3571 Σημαίνει
2911 3498 2968 3552 δὲ
2998 3498 3087 3553 διὰ
3111 3497 3320 3552 τούτων
3355 3500 3448 3554 τὸν
3484 3499 3850 3572 ἐφεδρεύοντα

2253 3592 2331 3666 τῷ
2353 3592 2494 3647 ἔθνει
2519 3591 2749 3661 δαίμονα
2774 3591 3031 3664 πονηρδν,
3061 3591 3095 3663 ἢ
3130 3591 3222 3645 τὸν
3247 3590 3484 3662 ἄρχοντα
3515 3590 3609 3646 τοῦ
3639 3589 3850 3658 ἔθνους,

2254 3682 2330 3747 ὡς
2377 3682 2516 3752 μετά
2563 3680 2737 3735 ταῦτα
2763 3680 2996 3753 εἴρηται·
3031 3675 3145 3744 οἷος
3190 3675 3260 3751 ἦν
3299 3682 3329 3733 6
3376 3679 3561 3752 ἄρχων
3594 3680 3852 3752 βασιλεὺς

2267 3775 2537 3847 Ἐλλήνων
2570 3776 2663 3829 καὶ
2700 3776 2729 3827 ὁ
2770 3774 2881 3827 τῶν
2926 3772 3284 3826 Βαϐυλωνίων
3332 3771 3538 3843 ἄρχων.
3591 3771 3851 3827 Τοιοῦτον

2255 3868 2435 3922 τοίνυν
2461 3867 2551 3921 τὸν
2582 3866 2889 3937 καθήμενον
2917 3865 3009 3917 ἐπὶ
3036 3867 3135 3935 τῆς
3160 3862 3464 3919 Μωαϐιτῶν
3494 3863 3703 3927 πόλεως
3726 3863 3849 3918 δαί-

2259 3978 2419 4031 μονα,
2436 3960 2504 4012 δι’
2530 3954 2591 4014 οῦ
2619 3958 2865 4030 ἐνόμιζον
2887 3956 3138 4029 βοηθείας
3167 3957 3455 4027 τυγχάνειν
3487 3958 3546 4011 ὲν
3566 3960 3684 4021 ταῖς
3707 3942 3851 4029 προς

2256 4055 2383 4117 τοὺς
2415 4052 2706 4123 πολεμίους
2741 4050 3056 4121 συμϐολαῖς,
3082 4050 3307 4105 ᾰλεσθαί
3333 4054 3353 4073 ⁹
3392 4066 3579 4121 φησιν,
3610 4049 3851 4121 ἐπείπερ

2256 4144 2357 4208 τὰς
2416 4142 2595 4214 ψυχὰς
2650 4142 2828 4196 αύτῶν
2892 4142 3214 4207 κατεπάτει,
3255 4142 3405 4196 κάτω
3442 4141 3619 4195 νεύειν
3673 4141 3853 4206 αὑτὰς

2259 4236 2428 4289 ποιῶν
2471 4238 2550 4300 εἰς
2601 4234 2739 4305 γῆν·
2787 4234 2865 4299 ὼς
2901 4234 3103 4306 μηδένα
3132 4234 3362 4287 κύπτειν
3407 4232 3541 4304 μηδὲ
3563 4234 3677 4287 ἀνω
3721 4232 3850 4303 βλέ·

2258 4346 2379 4382 πειν
2406 4328 2669 4382 δύνασθαι
2691 4346 2705 4359 ο
2750 4328 2831 4381 διό
2856 4343 3052 4397 φησιν·
3100 4348 3119 4377 ι
3150 4326 3273 4379 Ὀτι
3314 4325 3457 4397 ήρθη
3487 4328 3521 4396 ή
3554 4324 3850 4396 συμμαχία

2261 4438 2373 4487 σου,
2391 4422 2486 4476 καὶ
2500 4422 2528 4475 ὁ
2543 4421 2726 4494 ἄρχων
2747 4418 3014 4483 ἀπώλετο,
3045 4420 3075 4471 ὁ
3090 4416 3420 4473 καταπατῶν
3441 4416 3533 4470 ἐπὶ
3551 4417 3651 4488 τῆς
3665 4416 3791 4487 γῆς.
3821 4434 3844 4470 ι

2779 4511 3178 4571 ΚΕΦΑΛΔΙΟΝ
3230 4507 3348 4577 tq'.

2333 4625 2353 4658 ι
2400 4606 2709 4659 Ἀποστελῶ
2748 4605 2823 4669 ὡς
2852 4604 3060 4676 ἑρπετὰ
3108 4604 3201 4656 ἐπὶ
3223 4602 3321 4673 τὴν
3351 4602 3476 4673 γῆν.
3519 4600 3611 4672 Μή
3669 4600 3853 4671 πέτρα

2259 4698 2464 4770 ἔρημός
2493 4701 2608 4752 ἐστι
2632 4700 2692 4751 τὸ
2740 4697 2866 4769 ὅρος
2900 4696 3171 4768 θυγατρὸς
3204 4693 3380 4762 Σιὼν;
3420 4694 3559 4766 Ἔσῃ
3608 4692 3720 4764 γὰρ
3769 4693 3852 4757 ὡς

2260 4789 2507 4844 πετεινοῦ
2536 4790 2932 4858 ἀνιπταμένου,
2976 4787 3165 4851 νοσσὺς
3195 4785 3548 4857 ἀφῃρημένος
3589 4785 3710 4855 ἔσῃ,
3752 4785 3850 4839 θυ-

2258 4880 2437 4952 γάτηρ
2464 4879 2661 4934 Μωάϐ.
2702 4880 2935 4933 Ἔπειτα
2977 4878 3035 4933 δὲ
3078 4878 3282 4949 Ἀρνῶν
3304 4876 3527 4930 πλείονα
3565 4874 3849 4945 βουλεύου,

2260 4972 2404 5025 ποίει
2434 4988 2491 5024 τε
2523 4971 2733 5040 σκέπην
2750 4971 2978 5034 πένθους
3001 4968 3139 5040 αὐτή
3169 4968 3481 5031 διαπαντός.
3512 4967 3601 5020 Ἐν
3632 4984 3852 5038 μεσημ-

2262 5064 2419 5135 ϐρινῇ
2455 5064 2646 5135 σκοτία
2672 5062 2983 5132 φεύγουσιν,
3012 5062 3331 5133 ἐξέστησαν,
3361 5061 3435 5132 μὴ
3467 5059 3662 5132 ἀχθῇς.
3694 5061 3851 5133 Παρ-

2260 5156 2543 5227 οικήσουσί
2596 5172 2680 5207 σοι
2731 5156 2780 5207 oi
2822 5154 3061 5224 φυγάδες
3104 5152 3300 5206 Μωάϐ.
3341 5152 3596 5205 Ἔσονται
3664 5152 3847 5223 σκέπη

2262 5248 2390 5317 ὑμῖν
2423 5247 2530 5301 ἀπὸ
2558 5245 2852 5317 προσώπου
2902 5244 3209 5307 διώκοντος,
3231 5244 3313 5297 ὃτι
3346 5232 3489 5315 ήρθη
3534 5244 3568 5314 ή
3620 5259 3850 5313 συμμαο

2258 5340 2351 5409 χία
2387 5355 2501 5402 σου,
2533 5340 2629 5390 καὶ
2664 5340 2693 5391 ό
2724 5338 2907 5409 ἄρχων
2930 5336 3176 5391 ἀπώλετο
3202 5338 3231 5389 ὁ
3258 5336 3596 5389 καταπατῶν
3630 5336 3723 5388 ἐπὶ
3747 5336 3851 5406 τῆς

2258 5430 2381 5501 γῆς.
2435 5431 2547 5483 Kal.
2586 5429 3009 5501 διορθωθήσεται
3045 5430 3158 5500 μετ’
3201 5428 3383 5491 ἐλέους
3437 5430 3466 5480 ὁ
3496 5426 3706 5499 θρόνος,
3750 5430 3850 5483 καὶ

2257 5523 2529 5577 καθιεῑται
2556 5524 2644 5575 ἐπ’
2672 5522 2837 5576 αὑτοῦ
2867 5523 3002 5593 μετά
3042 5522 3301 5592 ἀληθείας
3346 5523 3404 5575 ὲν
3444 5525 3617 5594 σκηνῇ
3655 5522 3847 5587 Δαυῖδ,

2257 5616 2458 5686 κρίνων
2488 5616 2582 5670 καὶ
2625 5613 2868 5686 ἐκζητῶν
2898 5616 3094 5687 κρῖμα,
3128 5614 3222 5667 καῖ⁵
3264 5610 3509 5671 σπεύδων
3571 5614 3850 5669 δικαιοσύο

658 5766 673 5783 ·
706 5759 957 5821 Fortasse
994 5763 1306 5837 legendum,
1352 5766 1654 5825 ἁλώσεσθαι
1704 5768 1789 5826 vel
1825 5768 2087 5826 ὀλεῖσθαι.
2127 5770 2280 5829 Eutr.
