4042 6384
226 334 323 390 201

1184 334 1686 388 (ΣΟΜΜΕΝΙΑΒΙΑ
1732 334 1795 383 IN
1841 332 2091 387 ISAIAM.
2130 361 2199 371 —-
2228 329 2380 385 CAP.
2422 325 2561 384 XVI.

3386 339 3494 395 9.02

225 469 325 523 νην
354 471 374 504 ι
418 493 431 505 .
469 455 615 525 Ορᾷς
646 453 706 506 τὸ
738 454 922 524 θαῦμα
965 451 1058 504 τοῦ
1107 453 1264 520 λόγου
1311 454 1370 504 ὲν
1413 451 1491 521 τῷ
1528 451 1797 522 συμπερά-

1912 451 2203 518 jusuitiam.
2237 470 2256 503 ι
2291 450 2474 507 Viden’
2506 449 2773 504 sermonis
2799 450 3100 507 mirabilem
3133 454 3186 507 in
3237 453 3343 510 line
3373 472 3498 526 pro-

225 556 400 614 σματι
433 547 530 615 τῆς
575 547 910 616 προφητείας
946 545 1353 616 περιεχόμενον.
1389 545 1546 598 Κατὰ
1572 545 1631 596 τὸ
1678 545 1810 596 αὐτὸ

222 642 334 709 γὰρ
388 642 653 704 θεσπίσας
702 643 1030 712 ἀφανισμὸν,
1079 641 1491 708 εὐαγγελίζεται
1552 641 1805 704 ἐλπίδαςο

224 729 437 801 σκηνὴν
487 731 649 785 Δαυῖδ
676 734 873 802 φήσας,
903 731 997 784 καὶ
1045 730 1232 799 θρόνον
1279 729 1415 782 Θεοῦ
1457 732 1585 800 παρ’
1627 731 1811 793 αὐτοῖς

220 823 600 892 συστήσασθαι
621 840 634 852 ⁸
668 825 760 876 καὶ
784 821 957 876 ταῦτα
984 821 1200 875 ἔσεσθαι
1225 822 1408 875 οὐκέτι
1445 822 1503 887 ἐξ
1536 821 1810 892 ἀνθρωπί-

220 930 322 984 νης
353 915 502 977 τινὸς
534 914 791 982 σπουδῆς,
817 914 933 968 ἀλλ’
985 912 1044 978 ἐξ
1095 913 1275 977 ἐλέους
1321 913 1454 965 Θεοῦ
1501 914 1597 966 καὶ
1624 914 1810 981 φιλαν-

221 1003 497 1074 θρωπίας.
553 1006 644 1058 Διὸ
691 1005 939 1058 λέλεκται
982 1004 1123 1058 κατά
1173 1002 1265 1058 τὸν
1326 1004 1576 1069 Ἀκύλαν,
1623 1024 1642 1055 ί
1699 1006 1810 1057 Καὶ

219 1098 683 1169 ἑτοιμασθήσεται
740 1099 799 1149 ὲν
850 1098 984 1168 ἐλέῳ
1049 1095 1274 1168 θρόνος’
1331 1115 1350 1149 ι
1405 1095 1546 1150 κατὰ
1610 1096 1667 1149 δὲ
1717 1098 1808 1148 τὸν

217 1188 575 1254 Θεοδοτίωνα,
609 1209 627 1240 ι
670 1190 779 1242 Καὶ
821 1188 1272 1260 ὲτοιμασθήσεται
1321 1189 1438 1258 μετ’
1465 1187 1645 1250 ὲλέους
1686 1187 1810 1259 θρό-

217 1295 329 1341 νος.
379 1297 396 1328 ι
433 1279 551 1331 Τίνι
606 1279 662 1331 δὲ
712 1278 1256 1349 ὲτοιμασθήσεται,ἢ
1310 1275 1526 1340 πάντως
1571 1294 1674 1329 που
1729 1277 1809 1346 τῷ

216 1369 462 1440 Χριστῷ,
489 1369 566 1439 τῷ
594 1371 657 1422 ὲκ
685 1369 998 1440 σπέρματος
1026 1367 1189 1422 Δαυῖδ
1209 1368 1620 1438 γεγεννημένῳ;
1654 1369 1810 1420 Ἐσε-

218 1461 344 1514 σθαι
379 1463 560 1514 τοίνυν
608 1462 761 1533 παρά
809 1465 920 1526 τοῖς
963 1460 1284 1523 Μωαὸίταις
1328 1461 1517 1532 θρόνον
1570 1460 1806 1531 Χριστοῦ

216 1570 408 1623 φησιν,
441 1556 500 1605 ἐν
520 1547 562 1620 ᾧ
589 1553 857 1607 καθιεῖται
891 1553 1028 1623 μετά
1063 1551 1320 1621 ἀληθείας
1353 1553 1411 1604 ἐν
1451 1555 1625 1622 σκηνῇ
1644 1550 1807 1603 Δαυῒδ

213 1646 707 1716 γεννηθησόμενος.
743 1645 898 1699 Οὕτω
939 1645 994 1698 δὲ
1022 1644 1207 1698 καλεῖν
1254 1643 1411 1697 εἴωθε
1445 1643 1506 1695 τὸ
1535 1660 1806 1714 προφητι-

213 1736 312 1792 κὸν
352 1738 572 1808 πνεῦμα
598 1739 695 1809 τὴν
735 1737 1058 1808 Ἐκκλησίαν
1094 1737 1187 1790 τοῦ
1220 1737 1354 1790 Θεοῦ
1380 1753 1394 1766 ·
1430 1737 1553 1788 ἐπεὶ
1585 1737 1677 1788 καὶ
1713 1734 1806 1788 τὸν

1913 543 2112 613 phetiae
2135 543 2495 599 oeconomiam
2524 544 2546 597 ?
2575 541 2709 597 Nam
2735 554 3024 614 postquam
3057 546 3330 601 excidium
3359 552 3499 605 vati-

1913 639 2126 693 cinatus
2149 645 2255 705 est,
2279 636 2467 692 eodem
2503 645 2747 704 tempore
2772 651 2921 706 spem
2953 637 3151 690 bonam
3181 638 3493 700 annuntiat.

1912 726 2125 790 dicens,
2162 726 2573 782 tabernaculum
2621 727 2792 782 David
2821 736 2876 781 et
2928 729 3178 782 thronum
3228 729 3320 784 Dei
3351 734 3494 800 apud

1913 816 2033 870 illos
2076 817 2518 871 constituendum
2569 831 2737 880 esse;
2792 819 3015 886 haecque
3085 833 3193 873 non
3256 820 3492 875 humana

1911 907 2144 974 quadam
2183 922 2348 976 Opera
2376 916 2430 961 et
2457 908 2823 962 sollicitudine
2848 950 2861 971 ,
2902 911 2995 962 sed
3024 926 3088 963 ex
3119 911 3494 968 misericordia

1912 1010 1967 1053 et
1993 999 2281 1054 clementia
2314 998 2431 1053 Dei.
2457 998 2637 1065 Quare
2657 1001 2957 1054 secundum
2985 999 3238 1070 Aquilam
3271 1004 3491 1070 dicitur,

1917 1111 1935 1143 ι
1981 1092 2470 1161 Etpraaparabitur
2501 1094 2553 1144 in
2601 1092 2980 1146 misericordia
3027 1095 3292 1160 thronus;
3332 1115 3352 1147 ι
3403 1113 3494 1152 se-

1912 1186 2146 1240 cundum
2199 1184 2625 1240 Theodotiouem
2677 1199 2844 1251 vero,
2899 1204 2916 1236 1
2975 1185 3038 1238 Et
3099 1190 3493 1256 prmparabitur

1910 1292 2033 1329 cum
2065 1277 2442 1330 misericordia
2471 1279 2718 1332 thronus.
2761 1295 2778 1328 ι
2821 1278 2918 1332 Cui
2949 1289 3128 1333 autem
3161 1280 3495 1348 praeparabi-

1913 1377 2020 1430 tur,
2056 1368 2157 1422 nisi
2187 1367 2348 1436 plane
2371 1367 2591 1422 Christo
2615 1409 2629 1433 ,
2659 1369 2752 1438 qui
2785 1384 2848 1422 ex
2879 1371 3091 1424 semine
3126 1370 3294 1424 David
3335 1382 3494 1427 natus

1911 1467 1993 1513 est
2018 1460 2040 1512 ?
2063 1460 2153 1513 Ait
2179 1460 2344 1530 igitur
2364 1460 2505 1530 apud
2538 1459 2802 1516 Moabitas
2827 1462 3028 1516 Christi
3061 1463 3312 1518 thronum
3346 1463 3493 1519 futu-

1912 1567 2029 1605 rum
2056 1567 2197 1618 esse,
2243 1553 2296 1606 in
2323 1567 2430 1621 quo
2463 1567 2585 1606 cum
2615 1555 2845 1607 veritate
2889 1555 3101 1610 sedebit
3129 1556 3175 1610 is
3205 1557 3296 1625 qui
3327 1557 3379 1610 in
3413 1568 3492 1612 ta-

1910 1643 2206 1697 bernaculo
2239 1642 2407 1697 David
2435 1644 2744 1697 nasciturus
2784 1657 2889 1698 cst.
2945 1645 3036 1700 Sic
3085 1662 3247 1714 porro
3282 1663 3495 1702 nuncu-

1911 1751 2040 1804 pare
2097 1737 2233 1789 solet
2288 1734 2524 1802 Spiritus
2578 1737 2926 1804 prepheticus
2985 1737 3284 1794 Ecclesiam
3345 1741 3489 1795 Dei:

212 1829 452 1901 Χριστὸν
485 1831 647 1883 αὑτὸν
679 1829 841 1882 Δαυῒδ
866 1828 1154 1900 ὀνομάζειν
1178 1827 1316 1894 ἔθος,
1343 1827 1430 1880 διὰ
1461 1826 1522 1879 τὸ
1549 1828 1614 1878 ὲκ
1639 1824 1797 1896 σπέρ-

1910 1841 2033 1880 nam
2068 1829 2240 1894 ipsum
2285 1838 2502 1894 quoque
2532 1823 2808 1880 Christum
2844 1828 3098 1882 Davidem
3131 1844 3330 1884 vocare
3361 1845 3492 1885 con-

218 1940 388 1993 ματος
441 1921 606 1974 Δαυῒδ
653 1921 791 1975 κατά
842 1923 1019 1992 σάρκα
1065 1918 1425 1990 γεγεννῆσθαι
1479 1919 1663 1972 αὐτόν.
1716 1919 1806 1970 Διὸ

214 2013 423 2083 σκηνὴν
457 2013 556 2082 μὲν
589 2011 752 2064 Δαυῖδ
794 2012 892 2080 τὴν
921 2011 1246 2081 Ἐκκλησίαν
1297 2011 1582 2073 ἀποκαλεῖ,
1617 2010 1805 2079 θρόνον

210 2105 380 2159 δὲτὴν
421 2105 514 2156 ἐπὶ
539 2103 738 2174 ταύτης
767 2104 858 2156 τὸν
906 2103 1004 2173 τῆς
1045 2101 1368 2172 Ἐκκλησίας
1405 2101 1698 2172 πρόεδρον,
1744 2101 1803 2166 ὃς

210 2199 302 2252 τὸν
347 2199 662 2270 σωματικὸν
710 2199 896 2267 ἐπέχει
940 2196 1150 2268 θρόνον,
1193 2196 1357 2248 τόπον
1402 2195 1584 2265 τηρῶν
1614 2193 1803 2264 ὥσπερ

207 2291 303 2344 τοῦ
345 2289 607 2362 Χριστοῦ.
644 2290 826 2360 "Aa-rep
853 2289 928 2352 ὡς
979 2291 1036 2341 ὲν
1087 2288 1404 2358 μυστηρίοις
1446 2286 1590 2339 κατὰ
1641 2288 1802 2358 μέσον

208 2384 309 2452 τῆς
334 2380 669 2451 προφητείας
693 2378 1161 2450 παρεμὸέσληται,
1188 2378 1282 2431 τοῦ
1306 2379 1460 2446 ἁγίου
1486 2377 1802 2446 Πνεύματος

211 2475 400 2543 μόνοις
425 2474 536 2534 τοῖς
556 2471 807 2542 μέλλουσι
844 2470 1100 2534 συνιέναι,
1136 2473 1232 2524 καὶ
1258 2471 1357 2540 τῆς
1395 2469 1598 2523 τούτων
1622 2469 1802 2535 ἀξιοῦ-

209 2566 336 2619 σθαι
369 2564 624 2635 θεωρίας,
652 2563 750 2634 τὴν
773 2564 976 2616 τούτων
1001 2565 1203 2632 γνῶσιν
1234 2562 1692 2633 ταμιευσαμένου.

285 2766 304 2798 ι
362 2746 710 2815 Ἢκούσαμεν
745 2744 844 2814 τὴν
878 2743 1034 2817 ὓϐριν
1060 2743 1264 2797 Μωάὸο
1300 2743 1560 2814 ὑϐριστὴς
1593 2741 1800 2810 σφόδρα

202 2839 308 2911 τὴν
356 2839 749 2909 ὑπερηφανίαν,
781 2841 875 2891 καὶ
919 2841 951 2908 ἡ
1006 2837 1161 2908 ’ύϐρις
1193 2836 1358 2888 αὑτοῦ
1407 2836 1503 2889 καὶ
1551 2837 1583 2905 ἡ
1637 2834 1798 2904 μῆνις

205 2931 377 2988 αὐτοῦ
402 2950 414 2962 ·
443 2932 544 3002 οὐχ
569 2931 741 2995 οὕτως
773 2933 805 3000 ἠ
854 2929 1084 3001 μαντεία
1135 2945 1249 2992 σου,
1295 2929 1394 2996 οὐχ
1423 2927 1613 2990 οὕτως.
1654 2928 1799 2981 Ὀλο-

201 3023 356 3089 λύξει
391 3025 601 3079 Μωάὸσ
652 3027 710 3076 ὲν
764 3023 870 3094 γὰρ
906 3027 972 3092 τῇ
1012 3020 1316 3074 Μωαϐίτιδι
1367 3021 1566 3084 πάντες
1616 3019 1798 3071 ὀλολύ-

204 3117 389 3182 ξουσι·
443 3120 557 3179 τοῖς
610 3114 923 3168 κατοικοῦσι
967 3113 1024 3166 δὲ
1054 3111 1162 3183 Σὴθ
1197 3112 1532 3181 μελετήσεις,
1570 3113 1663 3164 καὶ
1695 3113 1796 3164 οὐκ

1910 1918 2128 1983 suevit,
2182 1919 2307 1987 quia
2356 1935 2423 1972 ex
2469 1921 2676 1974 semine
2720 1920 2888 1973 David
2939 1922 3234 1976 secundum
3265 1936 3492 1978 carnem

1909 2017 2070 2062 natus
2104 2018 2207 2062 est.
2239 2009 2603 2074 Quamobrem
2633 2009 2933 2066 Ecclesiam
2964 2013 3185 2081 quidem
3233 2014 3491 2068 tabernao

1907 2099 2086 2153 culum
2144 2102 2310 2156 David
2349 2102 2630 2171 appellat,
2687 2105 2941 2158 thronum
2997 2115 3178 2159 autem
3247 2107 3492 2175 ejusdem

1906 2191 2162 2246 Ecclesiae
2177 2194 2484 2261 prtesidem,
2501 2196 2590 2263 qui
2609 2211 2927 2263 corporeum
2952 2202 3207 2251 thronum
3238 2210 3490 2266 occupat,

1905 2292 2070 2351 atque
2096 2299 2192 2338 ceu
2221 2283 2422 2338 Christi
2467 2287 2639 2340 locum
2680 2295 2841 2341 tenet.
2891 2288 3043 2353 Qua},
3066 2303 3164 2341 ceu
3196 2289 3251 2341 in
3282 2299 3491 2358 myste-

1905 2376 2023 2438 riis,
2057 2375 2111 2429 in
2161 2377 2340 2430 medio
2389 2378 2679 2446 prophetia:
2709 2378 2913 2433 inserta
2948 2387 3092 2442 sunt,
3121 2378 3325 2447 Spiritu
3364 2394 3492 2433 san-

1909 2476 1996 2521 cto
2031 2468 2221 2521 borum
2247 2470 2500 2523 notitiam
2541 2470 2608 2524 iis
2657 2480 2871 2524 tantum
2906 2471 2995 2540 qui
3025 2470 3381 2536 intellecturi,
3433 2480 3492 2526 et

1903 2557 2164 2614 harumce
2216 2576 2395 2614 rerum
2447 2563 2762 2631 spectaculo
2808 2565 2956 2634 digni
2998 2564 3230 2620 habendi
3287 2571 3487 2636 erant,

1902 2663 2242 2708 reservante.

1978 2744 2140 2800 Vens.
2188 2745 2261 2811 6,
2299 2746 2348 2798 7.
2408 2764 2426 2797 ι
2476 2747 2794 2803 Audivimus
2845 2751 3230 2806 contumeliam
3281 2752 3485 2818 Moab,

1902 2839 2327 2894 contumeliosus
2353 2839 2508 2893 valde
2534 2842 2880 2909 soperbia,et
2903 2845 3230 2900 contumelia
3259 2846 3397 2916 ejus,
3431 2858 3489 2902 et

1901 2933 1980 2985 ira
2012 2933 2129 3002 ejus
2162 2951 2174 2986 :
2211 2948 2314 2986 non
2365 2935 2442 2988 sic
2479 2935 2745 2989 divinatio
2785 2948 2871 2990 tua
2902 2977 2917 3002 ,
2951 2953 3056 2991 non
3106 2939 3208 2992 sic.
3247 2939 3487 2995 Ululabit

1902 3022 2058 3077 Moab
2096 3044 2108 3078 :
2146 3040 2272 3078 nam
2303 3026 2355 3078 in
2387 3024 2683 3083 Moabitide
2727 3044 2919 3083 omnes
2966 3029 3291 3087 ululabunt:
3326 3033 3485 3088 babi-

1903 3115 2139 3169 tantibus
2170 3115 2301 3170 Seth
2328 3118 2675 3172 meditaberis
2699 3129 2753 3173 et
2780 3135 2884 3173 non
2919 3122 3288 3179 confunderis.
3321 3143 3340 3177 ι
3376 3127 3484 3181 Ge-

202 3211 548 3282 ὲντραπήσῃ.
590 3229 606 3259 ι
645 3209 755 3277 Οὐχ
783 3208 965 3278 ὅμοιαι
1025 3208 1077 3258 αἱ
1110 3205 1338 3276 πράξεις
1362 3208 1475 3268 τοῖς
1501 3205 1598 3274 τῆς
1625 3206 1794 3274 ὑπερ-

1903 3216 1980 3258 sta
2029 3209 2276 3276 superbis
2307 3209 2465 3263 dictis
2497 3210 2690 3264 similia
2723 3228 2826 3266 non
2865 3223 3024 3279 sunt;
3058 3217 3172 3269 sive
3216 3217 3341 3286 quia
3374 3217 3486 3271 Deo

201 3301 437 3373 ηφανίας
467 3300 644 3368 λόγοις
669 3317 679 3328 ’
709 3299 742 3370 ἦ
778 3299 871 3351 καὶ
895 3297 1080 3368 ἐπειδὴ
1115 3298 1254 3367 μέγα
1281 3295 1538 3367 ἐφρόνουν
1583 3296 1674 3347 ἐπὶ
1717 3294 1795 3365 τῷ

203 3392 418 3447 ἑαυτῶν
458 3391 583 3460 θεῷ,
631 3392 722 3443 καὶ
769 3393 888 3453 ταῖς
919 3389 1110 3442 τούτου
1143 3389 1418 3459 μαντείαις
1442 3407 1454 3418 ·
1500 3389 1596 3457 οὐχ
1630 3388 1791 3449 οὕτω,

203 3487 398 3558 φησιν,
426 3485 600 3548 ἔσται,
638 3485 798 3536 ὁποῖα
851 3482 1176 3554 μαντεύεται
1219 3485 1247 3534 ὁ
1291 3483 1422 3552 παρ’
1458 3482 1639 3543 αὺτοῖς
1682 3483 1798 3534 δαί-

205 3599 348 3652 μων,
383 3577 492 3631 οὐδ’
552 3579 712 3630 ὁποῖα
743 3575 828 3629 διὰ
875 3576 1140 3648 χρησμῶν
1187 3579 1298 3638 τοῖς
1331 3575 1792 3643 ὲξαπατωμένοις,

204 3674 300 3724 καὶ
326 3671 461 3722 Θεὸν
491 3669 650 3722 αὐτὸν
681 3664 819 3720 εἶναι
846 3668 1159 3738 νομίζουσιν
1191 3665 1586 3738 ἐπηγγέλλετο⁸
1622 3667 1650 3717 ό
1687 3666 1795 3738 γὰρ

203 3762 378 3817 ἐπιὼν
402 3761 592 3832 χρόνος
614 3759 816 3812 τούτων
839 3759 1017 3813 αὐτῶν
1041 3760 1100 3812 τὸ
1131 3759 1326 3829 ψεῦδος
1353 3757 1634 3825 διελέγξει.

282 3874 301 3904 ι
345 3854 428 3905 Τὰ
475 3853 632 3905 πεδία
673 3851 908 3904 Ἐσεδὼν
952 3852 1231 3923 πενθήσει,
1272 3851 1516 3921 ἄμπελος
1543 3850 1792 3920 Σαϐαμά,

203 3948 604 4006 καταπίνοντες
629 3945 696 3996 τά
720 3943 868 4015 ἔθνη,
917 3945 1341 4014 καταπατήσατε
1377 3943 1473 4006 τὰς
1518 3943 1795 4013 ἀμπέλους

203 4038 402 4107 αὐτῆς,
432 4038 537 4098 ἕως
571 4034 752 4106 Ίαζὴρ
799 4037 859 4088 ού
896 4037 969 4106 μὴ
1007 4035 1302 4105 συνάψητε,
1343 4035 1650 4104 πλανήθητε
1697 4034 1795 4105 τὴν

201 4132 443 4202 ἔρημον
477 4131 525 4180 οἱ
560 4128 959 4199 ἀπεσταλμένοι
991 4126 1506 4196 ἐγκατελείφθησαν,
1541 4126 1795 4195 διέϐησαν

199 4223 310 4295 γὰρ
341 4222 480 4291 πρὸς
501 4221 598 4289 τὴν
625 4220 918 4276 θάλασσαν.
955 4219 1054 4272 Διά
1081 4219 1238 4272 τοῦτο
1268 4218 1573 4288 κλαύσομαι
1601 4219 1675 4281 ὡς
1705 4218 1795 4270 τὸν

199 4313 483 4384 κλαυθμὸν
521 4313 723 4384 Ἰαζὴρ,
753 4312 996 4382 ἄμπελον
1031 4311 1282 4382 Σαὸαμά.
1330 4310 1409 4362 Τά
1459 4310 1649 4382 δένδρα
1702 4327 1793 4362 σου

201 4406 504 4461 κατέϐαλεν
543 4403 775 4457 Ἐσεὸὼν
803 4403 898 4456 καὶ
932 4403 1176 4474 Ἐλεαλὴ,
1203 4404 1286 4455 ὅτι
1318 4401 1411 4455 ἐπὶ
1442 4401 1520 4471 τῷ
1551 4399 1794 4471 θερισμῷ

199 4505 297 4556 καὶ
339 4502 434 4553 ἐπὶ
481 4501 559 4569 τῷ
609 4498 867 4570 τρυγητῷ
914 4514 1006 4550 σου
1059 4497 1451 4567 καταπατήσω,
1484 4495 1576 4546 καὶ
1612 4495 1790 4546 πάντα

199 4593 525 4647 πεσοῦνται.
555 4591 664 4644 Καὶ
693 4590 991 4662 ἀρθήσεται
1026 4587 1329 4659 εὐφροσύνη
1362 4589 1454 4639 καὶ
1475 4586 1788 4657 ἀγαλλίαμα

199 4690 264 4740 ὲκ
292 4687 401 4738 τῶν
433 4683 791 4754 ἀμπελώνων,
823 4684 916 4735 καὶ
943 4684 1000 4734 ἐν
1022 4685 1136 4744 τοῖς
1158 4680 1443 4751 ἀμπελῶσί
1475 4697 1567 4732 σου
1615 4681 1672 4729 οὐ
1711 4679 1784 4748 μὴ

198 4774 688 4846 εὐφρανθήσονται,
718 4772 812 4825 καὶ
837 4773 896 4824 οὐ
937 4772 1011 4841 μὴ
1055 4771 1386 4839 πατήσουσιν
1410 4763 1547 4821 οἶνον
1589 4770 1667 4830 εἰς
1715 4768 1786 4820 τά

198 4869 470 4937 ύπολήνια
495 4883 506 4894 ·
535 4865 810 4917 πέπαυται
833 4864 959 4935 γάρ.
989 4883 1006 4914 ι
1041 4861 1301 4932 Σημαίνει
1321 4861 1376 4912 δὲ
1405 4860 1493 4913 διὰ
1518 4862 1617 4930 τῆς
1641 4861 1785 4913 ὀπώ-

201 4977 301 5030 ρας
333 4957 430 5010 καὶ
452 4955 544 5007 τοῦ
572 4953 853 5024 θερισμοῦ,
888 4955 982 5006 καὶ
1026 4951 1114 5004 διὰ
1152 4953 1252 5022 τῆς
1284 4950 1545 5013 πολλάκις
1589 4954 1785 5020 ὀνομα-

199 5051 425 5118 σθείσης
454 5033 700 5117 ἀμπέλου
751 5047 812 5098 τὸ
865 5045 1089 5108 εὐθαλὲς
1139 5044 1234 5097 καὶ
1283 5045 1539 5114 ἀκμαιον,
1586 5045 1680 5096 καὶ
1726 5042 1786 5096 τὸ

195 5141 473 5216 τρυφερὸν
515 5141 604 5192 καὶ
633 5141 835 5210 ωραῖον
873 5138 971 5207 τῆς
999 5138 1106 5189 τῶν
1140 5137 1484 5207 δηλουμένων
1525 5137 1690 5206 ζωῆς,
1726 5139 1784 5189 ἐν

195 5231 470 5308 ᾔῶσπερ
534 5231 820 5301 μεθύοντες
891 5229 1074 5298 διῆγον
1133 5229 1625 5299 ὲνευφραινόμενοι,
1690 5231 1783 5281 καὶ

193 5325 572 5399 ἐντρυφῶντες
599 5323 690 5374 ἐπὶ
715 5324 834 5384 ταῖς
863 5320 1042 5384 ἀθέοις
1067 5320 1245 5372 αὐτῶν
1278 5320 1635 5384 δυσσεϐείαις.

273 5437 292 5468 ι
322 5415 424 5468 Διά
452 5413 612 5466 τοῦτο
647 5415 680 5482 ἡ
713 5411 892 5464 κοιλία
941 5429 1038 5482 μου
1094 5411 1186 5463 ὲπί
1232 5410 1404 5464 Μωάϐ
1451 5411 1528 5473 ὡς
1583 5411 1784 5483 κιθάρα

195 5510 413 5580 ἠχήσει,
445 5506 538 5558 καὶ
583 5503 650 5556 τὰ
692 5503 843 5565 ἐντός
869 5519 969 5571 μου
997 5502 1128 5554 ὡσεὶ
1153 5505 1329 5570 τεῖχος
1362 5501 1390 5553 ὃ
1421 5501 1780 5566 ὲνεκαίνισας,

199 5603 295 5655 καὶ
332 5601 486 5653 ἔσται
534 5597 613 5659 εἰς
663 5596 722 5647 τὸ
772 5595 1106 5666 ἑντραπῆναί
1159 5611 1240 5647 σε.
1283 5613 1300 5643 ι
1340 5595 1495 5646 Κατὰ
1539 5593 1594 5645 δὲ
1627 5594 1783 5662 λόγον

201 5692 517 5764 βαθύτερον,
545 5688 682 5759 πρὸς
722 5688 879 5740 αὐτὸν
913 5688 1006 5739 καὶ
1027 5686 1121 5739 νῦν
1154 5689 1181 5738 ὁ
1213 5685 1391 5754 λόγος,
1425 5685 1562 5756 πρὸς
1598 5686 1654 5738 ὃν
1689 5687 1782 5738 καὶ

198 5785 280 5849 τὸ,
322 5803 341 5835 ι
374 5781 708 5848 disits-27.10.;
732 5778 760 5829 ὃ
795 5777 1152 5840 ὲνεκαίνισας,
1198 5796 1217 5828 ι
1242 5774 1441 5847 δηλαδὴ
1485 5775 1578 5828 τὸν
1625 5775 1777 5830 Θεὸν.

439 5877 716 5936 Ριτιιυι..
771 5874 887 5936 Gn.
951 5873 1183 5934 XXIV.

1899 3313 1995 3350 suo
2019 3338 2033 3362 ,
2063 3299 2286 3367 ejusque
2325 3299 2594 3353 vaticiniis
2626 3302 2858 3355 multum
2905 3303 3141 3358 lidebant
3175 3323 3189 3359 :
3225 3322 3330 3361 non
3361 3308 3437 3360 ita
3463 3347 3481 3371 ,

1899 3390 2075 3457 inquit
2099 3432 2114 3455 ,
2145 3393 2254 3444 erit
2301 3399 2360 3444 ut
2387 3391 2722 3447 vaticinatur
2751 3395 2960 3448 daemon
3010 3396 3223 3451 illorum
3249 3437 3265 3464 ,
3307 3412 3484 3468 neque

1899 3492 1955 3535 ut
1987 3482 2072 3546 iis,
2106 3482 2198 3550 qui
2232 3482 2440 3551 decepti
2476 3483 2624 3536 illum
2675 3500 2772 3550 pro
2797 3485 2896 3539 deo
2929 3486 3225 3553 habebant,
3255 3489 3482 3544 oraculo

1899 3573 2254 3641 pollicebatur
2286 3592 2299 3626 :
2339 3571 2577 3628 futurum
2612 3575 2809 3644 quippe
2843 3584 3052 3644 tempus
3093 3579 3214 3634 illos
3259 3581 3484 3635 menda-

1897 3679 1967 3717 cn
1993 3674 2202 3733 arguet.

1969 3845 2134 3903 Vens.
2191 3848 2356 3904 8—l0.
2414 3868 2432 3900 ι
2472 3849 2736 3904 Planities
2776 3849 2990 3907 Esebon
3031 3852 3274 3923 lugebit,
3321 3853 3480 3908 vinea

1899 3939 2130 3996 Sabama
2158 3983 2173 4008 ,
2211 3942 2302 4010 qui
2359 3943 2635 4012 dcglulitis
2663 3954 2851 4012 gentes
2879 3985 2894 4010 ,
2923 3947 3243 4000 conculcate
3284 3947 3478 4001 vineas

1895 4032 2034 4100 ejus,
2064 4049 2238 4103 usque
2281 4031 2441 4087 Jazer
2484 4049 2550 4088 ne
2599 4035 2905 4105 attingatis,
2943 4044 3125 4089 errate
3169 4050 3264 4105 per
3297 4036 3482 4090 deser-

1897 4135 2010 4177 tum
2045 4142 2058 4177 :
2097 4126 2249 4180 missi
2286 4126 2530 4180 derelicti
2567 4138 2730 4191 sunt,
2766 4129 3205 4195 pertransierunt
3235 4130 3379 4182 enim
3412 4129 3481 4182 ad

1895 4233 2062 4271 mare.
2091 4217 2213 4272 ldeo
2240 4218 2465 4288 plorabo
2497 4230 2773 4288 tamquam
2806 4222 3018 4290 ploratu
3053 4219 3233 4286 Jazer,
3263 4222 3478 4276 vineam

1897 4310 2154 4369 Sabama.
2202 4313 2441 4368 Arbores
2476 4324 2595 4368 tuas
2643 4312 2845 4381 dejecit
2894 4314 3106 4368 Esebou
3158 4324 3212 4368 et
3259 4313 3478 4374 Elealc.

1895 4403 2020 4471 quia
2073 4419 2306 4458 messem
2359 4415 2412 4459 et
2443 4406 2772 4459 vindemiam
2813 4417 2960 4461 tuam
2999 4405 3375 4471 conculcabo,
3427 4416 3481 4461 et

1896 4496 2077 4548 omnia
2127 4499 2344 4551 cadent.
2379 4497 2445 4550 Et
2495 4497 2715 4553 tolletur
2757 4500 2942 4556 lastitia
2981 4515 3036 4555 et
3068 4501 3368 4560 exsuluttfe‘
3411 4501 3480 4558 δῦ

1898 4587 2073 4642 vineis
2105 4605 2118 4640 :
2148 4597 2202 4642 et
2237 4588 2289 4641 in
2321 4590 2494 4644 vineis
2529 4592 2636 4648 tuis
2666 4593 3012 4658 laetabuntur,
3050 4611 3148 4650 nec
3189 4597 3481 4654 calcabuut

1894 4678 2078 4729 vinum
2117 4678 2170 4731 iu
2221 4680 2586 4736 torcularibus
2643 4702 2653 4736 :
2712 4685 2946 4738 cessavit
2980 4687 3147 4739 enim.
3188 4706 3207 4738 ι
3242 4685 3346 4742 Per
3376 4705 3477 4742 au-

1896 4778 2138 4822 tumnum
2189 4780 2244 4825 et
2279 4788 2552 4838 messem,
2607 4790 2671 4829 ac
2724 4791 2824 4845 per
2868 4777 3079 4830 vineam
3119 4770 3314 4847 saepius
3365 4796 3478 4835 me-

1895 4871 2203 4926 moratam,
2256 4861 2538 4920 ﬂorcotem
2570 4907 2584 4930 ,
2639 4868 3002 4938 voluptariam
3065 4881 3117 4923 et
3176 4871 3475 4937 jucundam
3539 4873 3587 4880 ”

1893 4964 2079 5004 eorum
2109 4954 2274 5007 vitam
2313 4955 2516 5010 indicat
2542 4997 2556 5020 ,
2589 4972 2693 5026 qua
2744 4974 2842 5012 ceu
2892 4959 3029 5013 ebrii
3070 4963 3337 5030 degebant
3379 4963 3473 5017 lte-

1897 5052 2078 5099 tantes-
2122 5054 2178 5099 et
2237 5049 2579 5105 lascivientes
2631 5053 2684 5104 iu
2740 5051 2965 5105 nefariis
3010 5055 3121 5107 suis
3173 5056 3475 5124 impietati-

1893 5136 2013 5190 bus.
3049 5149 3053 5154 '

1965 5410 2128 5467 Vrsas.
2181 5413 2269 5470 Η.
2301 5433 2319 5465 ‹
2358 5413 2482 5470 Ideo
2513 5428 2704 5472 venter
2735 5433 2890 5474 meus
2924 5435 3088 5489 super
3119 5420 3273 5474 Moab
3314 5422 3470 5489 quasi

1894 5503 2104 5557 cithara
2151 5504 2409 5570 sonabit,
2453 5511 2513 5560 et'
2556 5509 2818 5564 interiora
2873 5525 2990 5564 mea
3034 5511 3187 5580 quasi
3240 5529 3468 5576 murus,

1892 5609 2050 5660 quem
2085 5595 2374 5661 iunovasti,
2410 5608 2463 5652 et
2495 5600 2597 5653 erit
2630 5611 2685 5654 ut
2718 5614 2767 5654 te
2796 5613 3173 5658 revereautur.
3211 5623 3230 5656 ι
3263 5604 3474 5659 Secun-

1893 5688 2016 5740 dum
2048 5689 2452 5755 profundiorem
2487 5693 2820 5763 intelligendi
2856 5697 3122 5749 rationem
3154 5739 3168 5762 ,
3201 5713 3322 5751 eum
3358 5697 3471 5765 jam

1889 5776 2186 5848 alloquitur
2241 5780 2324 5833 cui
2357 5779 2479 5835 dicit
2515 5821 2530 5847 ,
2582 5802 2599 5833 ι
2637 5786 2789 5852 quasi
2827 5801 3016 5841 murus
3053 5802 3212 5855 quem
3244 5786 3472 5841 innova-

3105 5886 3143 5944 7
