4042 6452
618 383 721 437 205
1279 377 1538 435 EUSEBII
1577 373 2051 432 CAESARIENSIS
2088 372 2235 429 OPP.
2280 374 2456 429 PARS
2494 374 2581 429 111.
2621 404 2688 413 -
2727 373 3127 430 EXEGETlCA.
3727 382 3836 436 2οι

619 497 725 557 sti,
782 511 800 543 ι
854 492 1101 547 videlicet
1130 491 1314 545 Deum.
1366 492 1500 557 Quid
1533 505 1664 561 ergo
1692 491 1792 543 sibi
1835 489 1948 542 vult
2003 488 2128 541 illud
2155 526 2169 549 ,
2201 506 2215 547 Α

2236 526 2247 545 ι
2275 487 2337 538 Τί
2383 482 2473 539 οὖν
2510 486 2752 556 βούλεται
2780 487 2841 538 τὸ
2888 487 3171 557 τολμηρῶς
3211 487 3399 541 δοκοῦν
3449 490 3719 560 εἰρῆσθαι,
3748 496 3832 557 τὸ,

616 582 757 650 quod
791 595 919 634 sane
972 590 1171 633 temere
1217 581 1415 633 dictum
1446 580 1710 645 videatur,
1761 597 1779 630 ι
1824 578 1975 639 Erit,
2023 586 2079 628 ut
2115 586 2166 631 te

2275 600 2290 629 ι
2336 580 2525 631 Ἔσται
2546 581 2623 643 εἰς
2645 583 2703 632 τὸ
2737 581 3064 651 ἐντραπῆναί
3097 597 3177 631 σε.
3214 598 3231 630 ι
3260 581 3357 633 Διὰ
3379 580 3535 633 τοῦτό
3563 599 3673 651 μοι,
3733 602 3836 655 φη-

615 669 1002 723 revereantur?
1026 688 1043 719 ι
1074 668 1207 731 ideo,
1245 667 1435 734 inquit,
1468 667 1651 721 firmas
1687 666 1816 720 mihi
1848 667 1989 719 intus
2023 665 2168 735 cogi-

2268 669 2369 731 o‘tv,
2418 670 2665 737 ἰσχυροὺς
2710 669 2944 738 ἐχαρίσω
2984 665 3196 719 ἔνδοθεν
3240 669 3364 730 τοὺς
3408 668 3787 738 διαλογισμούς
3814 687 3828 701 ·

617 763 851 815 tationes
881 760 1134 829 elargitus
1158 772 1215 812 es
1238 799 1253 823 ,
1302 759 1372 810 ita
1409 768 1467 811 ut
1502 760 1590 827 qui
1624 774 1741 813 sese
1771 759 1836 813 ad
1867 768 1918 812 te
1944 758 2164 811 minime

2264 755 2404 808 ὥστε
2426 758 2549 829 τούς
2574 757 2667 808 νῦν
2702 758 2775 828 μὴ
2802 756 3223 828 ἐπιστρέφοντας
3266 759 3358 810 ἐπὶ
3396 759 3452 810 σέ
3498 760 3833 829 ἐντραπῇιαί

615 836 951 913 convertunt,
984 850 1055 902 tui
1086 848 1439 902 reverentiam
1470 849 1723 909 habeant.
1747 850 1815 902 ob
1850 856 2161 918 argumenta

2267 864 2344 909 σε,
2370 848 2455 900 διὰ
2476 836 2580 899 τῶν
2603 847 2836 917 ἐλέγχων
2866 848 2971 902 τῶν
2997 849 3416 918 προσαγομένων
3446 850 3625 912 αὐτοῖς
3648 851 3711 902 ἐκ
3731 851 3834 920 τῆς

616 957 680 994 ex
707 942 886 995 inditis
913 940 1039 993 mihi
1067 938 1369 1007 praevalidis
1412 940 1833 1007 cogitationibus
1865 940 1994 1008 ipsis
2016 939 2164 993 obla-

2263 938 2371 991 τῶν
2396 938 2686 1009 δεδομένων
2720 957 2806 1009 μοι
2823 938 3089 1008 λογισμῶν
3122 940 3382 1019 εὐτονίας.
3411 941 3597 992 Λείπει
3625 936 3717 993 οὖν
3745 941 3828 1006 τὸ,

615 1040 690 1084 ta.
724 1032 881 1084 Deest
924 1030 1101 1096 itaque
1144 1028 1271 1083 illud
1295 1068 1309 1091 ,
1347 1046 1365 1079 ι
1404 1029 1544 1097 ipsi,
1586 1049 1603 1081 ι
1636 1040 1694 1083 ut
1724 1042 1852 1084 sana
1881 1032 2161 1086 verborum

2271 1050 2288 1080 ι
2319 1030 2533 1093 αὐτοὺς,
2579 1049 2596 1080 ι
2631 1031 2718 1082 ἵνα
2740 1031 2908 1099 ὑγιῶς
2937 1032 2965 1082 ό
2995 1029 3118 1094 νοῦς
3142 1030 3249 1083 τῶν
3276 1030 3533 1101 ῥημάτων
3570 1031 3830 1101 ἀποδοθῇ,

613 1120 874 1175 sententia
901 1120 1177 1184 reddatur,
1212 1137 1229 1169 ι
1266 1119 1329 1172 Et
1353 1119 1456 1174 erit
1489 1128 1548 1172 ut
1572 1121 1669 1190 ipsi
1704 1122 2059 1176 reverentiam
2086 1122 2159 1177 tui

2268 1138 2286 1170 ‹
2320 1120 2433 1172 Καὶ
2472 1118 2621 1171 ἔσται
2648 1120 2727 1181 είς
2756 1119 2817 1171 τὸ
2850 1120 3180 1190 ἐντραπῆναι
3214 1120 3409 1183 αὐτούς
3438 1137 3519 1175 σε.
3560 1138 3579 1170 ι
3617 1121 3831 1189 Ὥσπερ

614 1215 865 1266 habeant.
928 1230 945 1262 ι
990 1210 1443 1276 Quemadmodum
1494 1212 1634 1265 enim
1670 1212 1760 1280 qui
1796 1213 1849 1267 in
1884 1214 2041 1269 bellis
2069 1215 2161 1268 ad-

2262 1206 2369 1277 γάρ
2406 1208 2453 1259 οἱ
2479 1208 2536 1259 ἐν
2563 1210 2676 1270 τοῖς
2704 1208 2959 1279 πολέμοις
2983 1210 3384 1279 ἀντιπρόσωποι
3421 1210 3670 1274 ἑστῶτες,
3723 1212 3834 1275 ἕως

612 1318 764 1358 versa
797 1303 933 1356 facie
961 1303 1280 1365 consistunt,
1315 1303 1550 1369 quandiu
1585 1318 1737 1373 aequo
1766 1315 1938 1361 marte
1967 1322 2161 1377 pugna-

2265 1300 2363 1368 μὲν
2390 1298 2656 1362 ἰσοπαλεῖς
2682 1298 2931 1351 δοκοῦσιν
2960 1298 3114 1363 εἶναι,
3156 1300 3215 1353 ού
3266 1301 3555 1371 τρέπονται
3593 1302 3713 1354 ούδέ
3736 1304 3832 1355 ἐκ-

613 1402 719 1457 tur,
750 1409 855 1447 non
893 1402 1038 1463 terga
1083 1394 1249 1456 dant,
1280 1406 1449 1460 neque
1492 1395 1676 1464 pedem
1721 1395 2001 1461 referunt;
2039 1412 2158 1452 cum

2260 1389 2550 1451 κλίνουσιν,
2571 1388 2786 1441 ἐπειδάν
2806 1390 2860 1441 δὲ
2887 1390 3128 1463 ὑπερέχῃ
3159 1390 3337 1442 αὐτῶν
3359 1392 3418 1443 τὸ
3439 1392 3621 1462 ἕτερον
3642 1391 3827 1463 μέρος,

609 1494 787 1539 autem
834 1484 997 1539 altera
1051 1498 1171 1553 pars
1206 1483 1500 1552 praevalet,
1538 1494 1661 1539 tunc
1694 1486 1869 1555 fugam
1916 1487 2154 1553 faciunt;

2258 1480 2556 1551 τραπέντες
2587 1480 2904 1548 φεύγουσιν·
2939 1482 3079 1535 οὕτω
3112 1482 3204 1533 καὶ
3232 1482 3375 1552 ψυχὴ
3402 1483 3506 1534 ὑπὸ
3554 1483 3830 1547 ἀναιδείας

609 1577 683 1628 ita
715 1585 767 1630 et
797 1578 971 1631 anima
1009 1575 1348 1644 impudenter
1372 1576 1424 1629 in
1463 1576 1578 1630 acie
1609 1578 1785 1631 stabat
1820 1592 1917 1632 nec
1946 1592 2158 1632 revere-

2259 1571 2710 1642 παρατεταγμένη
2734 1572 2963 1642 ἐστηκεν
2984 1574 3081 1625 ούκ
3102 1572 3489 1644 ἐντρεπομένη,
3516 1573 3828 1644 ἐλεγχθεῖσα

606 1669 805 1731 batur;
844 1667 1007 1720 verbo
1039 1675 1215 1719 autem
1263 1666 1463 1723 eiIicaci
1496 1671 1736 1721 convicta
1766 1709 1779 1731 ,
1811 1668 1863 1720 in
1896 1668 2155 1736 pudorem

2257 1662 2313 1713 δὲ
2356 1663 2458 1714 ὑπὸ
2507 1663 2663 1729 λόγου
2692 1661 3103 1732 καθαπτομένου
3148 1662 3335 1731 αὐτῆς,
3384 1664 3643 1733 τρέπεται
3688 1665 3827 1735 πρὸς

607 1767 659 1809 et
692 1756 1047 1809 reverentiam
1078 1757 1323 1809 vertitur.
1355 1757 1419 1811 Et
1456 1773 1579 1825 quia
1606 1758 1656 1809 in
1691 1759 1900 1811 occulta
1927 1758 2155 1811 hominis
2188 1815 2203 1826 _

2258 1754 2536 1823 αἰσχύνην.
2566 1755 2673 1807 Καὶ
2709 1753 2896 1823 ἐπειδὴ
2935 1756 2992 1805 ἐν
3039 1752 3115 1821 τῷ
3144 1752 3369 1824 κρυπτῷ
3393 1753 3489 1805 τοῦ
3532 1754 3825 1826 ἀνθρώπου

602 1855 753 1913 parte
782 1848 896 1899 haec
916 1847 1195 1901 conversio
1220 1846 1465 1910 eiIicitur,
1492 1849 1745 1917 ἐντροπὴ,
1778 1848 1889 1901 sive
1917 1849 2151 1915 conlusio
2186 1815 2198 1869 Ι

2256 1815 2533 1917 γίνεταινή
2559 1846 2754 1916 τροπὴ,
2780 1815 3016 1915 ἐντροπὴ
3048 1815 3505 1915 προσηγόρέυται.
3542 1815 3647 1898 Διά¹
3663 1847 3824 1899 τοῦτο

607 1947 963 2006 nuncupatur.
996 1937 1116 1991 Ideo
1145 1951 1274 2006 ergo
1304 1947 1492 1991 venter
1521 1938 1733 1992 sonabit
1762 1977 1777 2001 ,
1816 1946 1871 1991 et
1899 1938 2153 1992 interiora

2264 1937 2354 1993 οὖν
2383 1942 2415 2009 ἡ
2454 1939 2629 1992 κοιλία
2652 1941 2869 2009 ὴχήσει,
2896 1940 2989 1991 καὶ
3018 1938 3084 1991 τὰ
3117 1939 3285 2003 ἐντὸς,
3316 1941 3445 1992 ὡσεὶ
3488 1943 3661 2008 τεῖχος
3687 1941 3715 1993 ὃ
3740 1943 3825 1993 ἐν·

606 2030 761 2096 quasi
798 2044 981 2083 murus
1004 2070 1018 2093 ,
1065 2044 1223 2099 quem
1252 2030 1523 2083 innovavit
1572 2030 1711 2083 Deus
1745 2029 2011 2097 prophetae
2045 2047 2058 2082 :
2096 2039 2154 2083 ut

2253 2032 2521 2084 εκαίνισεν
2547 2034 2574 2085 ὁ
2594 2030 2723 2093 Θεὸς
2756 2028 2848 2081 τοῦ
2883 2031 3160 2099 προφήτου
3184 2046 3196 2058 ⁸
3230 2030 3315 2082 ἵνα
3363 2031 3705 2099 μεταϐάλωσι
3726 2032 3824 2085 καὶ

605 2128 895 2184 mutentur,
922 2130 975 2173 et
998 2120 1411 2183 confundantur,
1447 2121 1722 2189 Deumque
1764 2130 2106 2176 revereantur
2135 2140 2147 2175 :

2252 2123 2575 2192 ἐντραπῶσι,
2607 2120 2698 2174 τοῦ
2743 2120 3004 2175 αἰδεῖσθαι
3059 2120 3211 2181 Θεὸν,
3270 2122 3534 2193 πρότερον
3574 2122 3674 2173 οὐκ
3720 2122 3822 2173 ἐπ-

605 2210 834 2263 antehac
860 2211 1005 2263 utilis
1028 2212 1249 2278 pudoris
1278 2211 1469 2275 ignari.
1505 2208 1608 2263 Per
1631 2209 1758 2263 illud
1788 2225 1938 2274 sane,

2254 2215 2524 2283 ιστάμενοι
2550 2218 2645 2283 τὴν
2672 2213 2941 2281 ὠφέλιμον
2969 2211 3247 2281 αἰσχύνην.
3266 2213 3360 2265 Διά
3396 2216 3574 2282 μέντοι
3596 2212 3711 2279 τοῦ,

670 2300 829 2354 Vens.
864 2301 947 2353 12.
990 2319 1007 2350 ι
1060 2301 1193 2366 Quia
1220 2300 1539 2369 defatigatus
1579 2309 1663 2355 est
1686 2300 1837 2355 Moab
1875 2300 1925 2354 in
1957 2302 2148 2355 altari-

2326 2325 2342 2356 ι
2382 2308 2501 2359 Ὅτι
2532 2305 2785 2358 ἐκοπίασε
2813 2304 2983 2357 Μωάϐ
3022 2305 3113 2356 ἐπὶ
3170 2308 3281 2367 τοῖς
3314 2305 3540 2375 βωμοῖς,
3585 2305 3678 2358 καὶ
3710 2306 3824 2357 εἱσι

598 2392 698 2444 bus
720 2432 736 2455 ,
765 2401 817 2445 et
846 2392 1177 2461 ingredietur
1207 2394 1255 2445 in
1304 2394 1604 2448 manufacta
1647 2394 1709 2447 ad
1753 2395 2014 2447 orandum
2039 2434 2055 2459 ,
2096 2404 2150 2447 et

2249 2397 2520 2449 ελεύσεται
2557 2398 2635 2459 εἰς
2671 2396 2739 2448 τὰ
2792 2394 3161 2465 χειροποίητα,
3212 2396 3350 2448 ὥστε
3397 2394 3820 2467 προσεύξασθαι,

599 2497 703 2533 non
742 2491 992 2549 poterunt
1034 2497 1218 2536 eruere
1256 2483 1399 2536 illum
1426 2524 1440 2545 ,
1481 2503 1499 2535 ι
1533 2484 1761 2537 fortasse
1809 2485 1984 2538 omnis
2031 2485 2146 2539 ido-

2248 2489 2340 2540 καὶ
2368 2488 2426 2541 ού
2458 2487 2531 2557 μὴ
2553 2487 2807 2541 δύνωνται
2856 2486 3125 2550 ἐξελέσθαι
3167 2488 3326 2540 αὐτόν
3345 2503 3357 2517 ο
3391 2505 3409 2539 ι
3436 2487 3575 2556 τάχα
3602 2487 3693 2540 τὸν
3727 2488 3821 2540 ἐπὶ

602 2571 824 2624 lolatrizc
860 2572 1271 2627 destructionem
1313 2614 1327 2629 .
1371 2574 1420 2626 in
1470 2574 1572 2627 line
1606 2590 1669 2628 ex
1722 2574 1949 2628 adventu
1988 2575 2146 2631 Verbi

2246 2579 2387 2632 τέλει
2422 2579 2728 2649 ἀφανισμὸν
2761 2580 2939 2649 πάσης
2984 2580 3427 2650 είδωλολατρείας
3473 2581 3537 2633 ἐκ
3576 2579 3674 2649 τῆς
3720 2577 3819 2633 τοῦ

598 2662 829 2716 futuram
859 2701 874 2726 ,
919 2664 1242 2718 vaticinatur
1292 2664 1454 2718 lsaias
1501 2683 1513 2717 ι
1560 2665 1680 2733 quia
1714 2680 1903 2719 omnes
1934 2665 1985 2719 in
2017 2680 2148 2720 con-

2247 2656 2403 2737 λόγου
2444 2669 2781 2738 ἐπιφανείας,
2819 2669 3143 2740 προφητεύει
3188 2672 3217 2722 ό
3263 2671 3519 2733 Ἡσαΐας·
3579 2670 3660 2723 ὅτι
3713 2670 3819 2741 μά-

599 2753 869 2808 struendis
899 2753 1107 2821 templis
1144 2754 1392 2823 insumpti
1433 2753 1641 2809 labores
1683 2756 1801 2807 vani
1852 2763 1978 2809 sunt
2004 2796 2021 2819 ,
2063 2757 2147 2809 in—

2246 2779 2382 2814 ταιοι
2418 2761 2612 2823 πάντες
2654 2763 2701 2812 οἱ
2746 2762 2837 2812 ἐπὶ
2868 2763 2989 2823 ταῖς
3032 2763 3393 2823 κατασκευαῖς
3422 2760 3529 2813 τῶν
3553 2760 3695 2814 ναῶν
3719 2760 3819 2831 μό-

597 2844 975 2912 fructuosaque
1018 2858 1141 2913 spes
1191 2846 1241 2898 in
1301 2845 1619 2899 manuiactis
1676 2846 1866 2913 posita.
1923 2864 1941 2897 ι
1987 2845 2143 2911 Nam,

2246 2853 2381 2923 χθοι,
2416 2853 2509 2905 καὶ
2540 2854 2833 2920 ἀνωφελεῖς
2878 2854 2933 2906 αἱ
2977 2854 3055 2915 εἰς
3095 2852 3162 2905 τὰ
3200 2852 3546 2923 χειροποίητα
3577 2852 3812 2915 ἐλπίδες.

594 2935 791 3002 inquit,
836 2937 1103 3003 orabunt,
1145 2948 1193 2991 et
1234 2952 1338 2991 non
1380 2947 1628 3006 p0terunt
1668 2952 1857 2991 eruere
1899 2938 2066 2991 illum.
2122 2958 2140 2990 ι

2252 2964 2270 2995 ι
2308 2943 2701 3014 Προσεύξονται
2738 2944 2867 3014 γὰρ,
2901 2944 3052 3013 φησὶ,
3087 2945 3181 2997 καὶ
3210 2945 3269 2996 οὐ
3306 2944 3378 3014 μὴ
3429 2942 3687 2996 δύνωνται
3720 2943 3809 3007 ἐξ·-

593 3024 855 3079 Caaterum
913 3026 1011 3079 hoc
1040 3024 1153 3093 jam
1197 3027 1248 3079 iu
1303 3026 1530 3079 adventu
1576 3026 1774 3080 Christi
1823 3028 2143 3096 completum

2246 3036 2457 3089 ελέσθαι
2482 3036 2661 3088 αὐτόν.
2694 3054 2711 3086 ι
2733 3035 2901 3088 Τοῦτο
2921 3035 2978 3086 δὲ
3007 3034 3100 3087 νῦν
3132 3035 3223 3087 ἐπί
3250 3034 3347 3103 τῆς
3378 3032 3608 3106 Χριστοῦ
3631 3032 3816 3102 ἐπιδη-

594 3127 678 3169 est
722 3135 734 3169 :
782 3116 867 3169 illa
916 3112 1107 3188 quippe
1152 3117 1279 3172 olim
1331 3118 1532 3170 famosa
1566 3117 1758 3184 templa
1808 3133 1905 3185 pro
1954 3134 2190 3196 ξαρρψ(

2251 3127 2375 3196 μίας
2406 3126 2792 3196 πεπλήρωται·
2829 3126 2947 3178 ἀντὶ
2994 3125 3269 3177 σκοπέλων
3300 3125 3397 3195 μὲν
3430 3124 3535 3195 γὰρ
3581 3125 3816 3193 ἑστήκα-

594 3207 660 3261 lis
715 3206 979 3262 habentur
1024 3230 1034 3261 :
1093 3223 1191 3262 nec
1238 3208 1375 3262 ultra
1424 3207 1523 3261 illae
1579 3208 1877 3262 dtemonum
1925 3209 2150 3265 fallacia:

2251 3237 2332 3271 σιν
2368 3221 2415 3271 οί
2446 3220 2563 3271 ναοὶ
2594 3216 2924 3287 περιὸόητοι,
2949 3216 3129 3268 οὐκέτι
3160 3215 3216 3267 δὲ
3249 3218 3305 3267 αἱ
3341 3215 3449 3268 ἀπὸ
3483 3214 3590 3268 τῶν
3617 3215 3811 3285 δαιμό-

593 3298 923 3361 consistunt,
974 3298 1277 3353 adversaria
1346 3299 1431 3352 illa
1492 3308 1750 3367 potestate
1802 3315 1897 3369 per
1952 3309 2146 3370 myste-

2248 3327 2352 3364 νων
2375 3309 2599 3369 ἀπάται.
2632 3306 3054 3376 φυγαδευθείσης
3094 3305 3194 3376 τῆς
3231 3307 3611 3377 ἀντικειμένης
3649 3304 3814 3360 δυνά-

596 3389 731 3440 rium
790 3392 965 3444 crucis
1016 3391 1067 3443 in
1122 3399 1233 3446 toto
1288 3390 1417 3444 orbe
1476 3390 1817 3458 praedicatum
1866 3389 1919 3443 in
1967 3390 2145 3461 fugam

2248 3419 2391 3470 μεως
2414 3400 2502 3452 διὰ
2532 3400 2592 3452 τὸ
2621 3400 2913 3469 μυστήριον
2938 3397 3031 3451 τοῦ
3068 3396 3299 3466 σταυροῦ
3333 3398 3427 3449 τοῦ
3464 3396 3604 3451 κατὰ
3630 3399 3814 3452 πᾶσαν

592 3492 767 3531 Versa.
2242 3493 2339 3563 τὴν
2367 3492 2683 3561 οἰκουμένην
2709 3509 2841 3559 κεκη
2852 3507 2951 3560 ρυγ
2958 3490 3136 3560 μένου.

669 3569 823 3623 \‘Eas.
858 3571 957 3632 13,
998 3570 1083 3623 14.
1135 3588 1151 3619 ι
1206 3570 1314 3623 Hoc
1362 3570 1579 3622 verbum
1628 3570 1768 3636 quod
1813 3570 2017 3624 locutus
2064 3578 2146 3624 est

2319 3603 2335 3632 ι
2374 3583 2542 3635 Τοῦτο
2581 3583 2641 3634 τὸ
2685 3582 2831 3651 ῥῆμα
2860 3583 2887 3633 ὃ
2929 3582 3156 3652 ἐλάλησε
3212 3580 3415 3650 Κύριος
3469 3580 3562 3631 ἐπὶ
3610 3577 3807 3642 Μωὰσ,

596 3667 848 3720 Dominus
888 3681 1047 3735 super
1080 3664 1229 3719 Moab
1258 3705 1271 3728 ,
1301 3667 1517 3734 quando
1547 3666 1758 3719 locutus
1779 3673 1880 3720 est.
1911 3665 1977 3719 Et
2003 3680 2145 3719 nunc

2241 3676 2399 3728 ὁπότε
2432 3674 2678 3742 ἐλάλησε.
2708 3672 2817 3725 Καὶ
2842 3673 2935 3725 νῦν
2969 3672 3128 3738 λέγω,
3162 3674 3219 3723 ἐν
3253 3671 3427 3740 τρισὶν
3457 3670 3629 3722 ἐτεσιν
3671 3669 3810 3721 ἐτῶν

592 3758 711 3810 dico
742 3757 793 3809 in
842 3757 1012 3809 tribus
1044 3755 1198 3809 annis
1239 3770 1497 3808 annorum
1532 3756 1888 3820 mercenarii,
1917 3756 2143 3811 inhono-

2246 3763 2512 3835 μισθωτοῦ
2552 3762 2981 3832 ἀτιμασθήσεται
3012 3764 3044 3831 ἡ
3076 3761 3199 3827 δόξα
3224 3760 3395 3814 Μωάϐ
3420 3762 3477 3813 ἐν
3511 3760 3672 3815 παντὶ
3726 3758 3810 3823 τῷ

591 3862 796 3915 rabitur
828 3860 997 3929 gloria
1027 3856 1199 3920 Moab,
1234 3859 1287 3911 in
1314 3858 1564 3912 omnibus
1587 3859 2000 3913 divitiisrmultis
2036 3876 2049 3912 :
2086 3868 2142 3914 et

2244 3854 2453 3921 πλούτῳ
2476 3853 2552 3923 τῷ
2582 3853 2778 3922 πολλῷ,
2831 3855 2922 3906 καὶ
2951 3852 3442 3924 καταλειφθήσεται
3495 3851 3791 3920 ὀλιγοστὸς,

593 3954 920 4021 relinquetur
956 3952 1243 4014 minimus,
1284 3960 1337 4003 et
1376 3965 1477 4004 non
1513 3952 1826 4006 honoratus.
1870 3970 1887 4002 ι
1918 3950 2023 4005 Pro
2051 3951 2141 4007 illo

2242 3948 2334 3999 καὶ
2359 3946 2457 3997 ούκ
2483 3945 2715 4014 ἔντιμος.
2756 3963 2772 3994 ι
2821 3945 2962 3998 ’Δντὶ
2998 3947 3177 4016 μέντοι
3206 3943 3297 3997 τοῦ
3333 3944 3485 4013 παρά
3529 3945 3641 4007 τοῖς
3670 3942 3797 3995 Ἐδ-

592 4048 727 4111 apud
762 4042 899 4097 LXX
928 4042 1245 4109 lnterpretes
1270 4040 1431 4105 dicto,
1464 4059 1484 4092 ο
1522 4041 1576 4094 ln
1612 4042 1782 4096 tribus
1809 4042 1966 4096 annis
2004 4057 2142 4097 mer-

2239 4035 2539 4104 δομήκοντα
2612 4033 2906 4102 φάσκοντος
2977 4033 3156 4101 λόγου,
3209 4051 3227 4082 ‹
3294 4033 3385 4085 Ἐν
3406 4032 3581 4102 τρισὶν
3626 4030 3806 4083 ἔτεσιν

591 4134 790 4187 cenarii
840 4133 1247 4186 iuhonorabitur
1296 4132 1463 4202 gloria
1513 4131 1708 4196 Moab,
1762 4150 1779 4183 ι
1821 4133 2140 4202 interposita

2243 4124 2510 4196 μισθωτοῦ
2554 4124 2979 4194 ἀτιμασθήσεται
3027 4127 3060 4195 ἡ
3116 4124 3239 4189 δόξα
3298 4122 3491 4187 Μωὰὸ,
3537 4140 3555 4172 ι
3594 4122 3627 4190 ἡ
3659 4120 3808 4175 κατά

591 4226 729 4293 apud
756 4224 985 4292 reliquos
1029 4225 1345 4291 interpretes
1375 4222 1666 4285 distinctio,
1700 4224 1981 4279 clariorem
2013 4240 2137 4278 sen-

2236 4218 2359 4279 τοὺς
2398 4216 2612 4279 λοιποὺς
2640 4216 2974 4287 ἐρμηνευτάς
2996 4216 3267 4287 διαστολὴ,
3298 4212 3499 4284 μεταξὺ
3523 4212 3800 4283 βληθεῖσα,

590 4318 811 4371 tentiam
860 4316 1021 4369 etlicit
1070 4332 1083 4367 :
1138 4330 1258 4367 nam
1310 4315 1599 4367 secundum
1632 4314 1878 4383 Aquilam
1921 4318 2137 4381 dicitur,

2239 4307 2572 4377 σαφεστέραν
2595 4308 2891 4376 κατέστησε
2925 4307 3022 4377 τὴν
3064 4306 3319 4359 διάνοιαν’
3358 4303 3500 4356 κατά
3549 4302 3646 4372 μὲν
3692 4303 3804 4373 γὰρ

593 4427 611 4459 ι
651 4408 705 4460 ln
730 4406 897 4460 tribus
927 4406 1079 4458 annis
1108 4404 1459 4467 mercenarii;
1500 4421 1517 4453 ι
1555 4410 1843 4459 secundum
1886 4406 2137 4476 Symma-

2235 4396 2322 4447 τὸν
2364 4396 2589 4449 Ἀκύλαν
2618 4395 2865 4465 εἴρηται,
2894 4414 2912 4445 ι
2939 4396 3024 4447 Ἐν
3053 4395 3225 4464 τρισὶν
3258 4392 3401 4443 ἔτεσι
3434 4389 3699 4459 μισθωτοῦ
3727 4406 3739 4419 ο
3777 4410 3796 4441 ι

588 4498 747 4550 chum
775 4510 899 4550 vero
924 4539 936 4557 ,
985 4513 1003 4545 ‹
1041 4494 1113 4547 Ex
1158 4508 1221 4548 eo
1259 4504 1498 4563 tempore
1540 4502 1594 4547 et
1641 4510 1783 4547 nunc
1816 4495 2022 4550 locutus
2054 4504 2136 4551 est
2168 4486 2184 4539 Ι

2205 4487 2377 4540 ’κατά
2425 4488 2479 4539 δὲ
2531 4488 2619 4541 τὸν
2661 4488 2970 4557 Σύμμαχον,
2999 4506 3016 4536 ι
3049 4487 3272 4537 ’Έκτοτε
3317 4482 3409 4534 καὶ
3437 4482 3529 4533 νῦν
3576 4479 3801 4550 ἐλάλησε

588 4588 842 4642 Dominus
871 4587 1052 4640 dicens
1078 4626 1091 4649 ,
1120 4584 1175 4637 ln
1213 4584 1382 4637 tribus
1427 4585 1580 4638 annis
1608 4584 1762 4653 quasi
1795 4600 1955 4653 super
1986 4600 2131 4640 mer-

2239 4580 2439 4651 Κύριος
2468 4581 2659 4647 λέγων,
2710 4580 2794 4631 Ἐν
2846 4579 3021 4648 τρισὶν
3054 4577 3225 4628 ἐτεσιν
3244 4574 3318 4636 ὡς
3350 4573 3440 4624 ἐπὶ
3475 4570 3796 4641 μισθωτοῦ-ι

586 4679 895 4742 cenarium;
941 4695 958 4727 ι
988 4675 1277 4730 secundum
1308 4675 1725 4729 Theodotionem
1758 4685 1958 4741 autem,
1995 4695 2013 4727 ι
2052 4678 2134 4731 Ab

2240 4669 2378 4722 κατά
2408 4669 2464 4720 δέ
2496 4670 2585 4721 τὸν
2617 4670 2963 4729 Θεοδοτίωνα,
2999 4686 3015 4717 ι
3063 4664 3192 4717 ’Λπὸ
3243 4664 3359 4715 τότε
3409 4661 3500 4714 καὶ
3531 4659 3623 4713 νῦν
3672 4660 3800 4712 ἐλά-

588 4784 653 4823 eo
693 4777 925 4835 tempore
974 4778 1026 4819 et
1069 4781 1207 4819 nunc
1252 4765 1454 4820 locutus
1486 4775 1569 4821 est
1616 4766 1871 4820 Dominus
1914 4768 2132 4833 dicens,

2240 4761 2365 4832 λησε
2421 4761 2621 4832 Κύριος
2666 4763 2860 4828 λέγων,
2903 4759 3165 4829 Ἐντρισὶν
3209 4756 3382 4808 ἔτεσιν
3424 4755 3498 4818 ὠς
3538 4754 3800 4815 ἐνιαυτοῖς

589 4861 643 4913 In
675 4860 841 4913 tribus
899 4857 1051 4911 annis
1072 4897 1086 4919 ,
1122 4858 1271 4923 quasi
1304 4858 1453 4911 annis
1484 4856 1821 4911 mercenarii.
1867 4876 1883 4908 ι
1913 4858 2132 4922 Deinde,

2244 4852 2528 4921 μισθωτοῦ.
2572 4873 2589 4905 ι
2629 4849 2762 4905 Εἶτα
2794 4852 2899 4904 ἀπὸ
2935 4851 3123 4921 ἐτέρας
3172 4848 3345 4918 ἀρχῆς
3384 4847 3593 4916 εἴρηται
3646 4844 3800 4913 παρὰ

587 4950 691 5004 alio
738 4957 1006 5014 resumpto
1037 4946 1301 5014 principio
1330 4986 1343 5008 ,
1376 4944 1570 4998 dicitur
1602 4946 1742 5014 apud
1778 4946 2009 5015 reliquos
2056 4947 2139 5000 in.

2239 4948 2347 5007 τοῖς
2406 4946 2607 5007 λοιποῖς
2664 4945 3037 5013 ἐρμηνευταῖς,
3091 4961 3107 4991 ι
3164 4941 3271 4992 Καὶ
3304 4935 3730 5007 ἁτιμασθήσεται
3763 4937 3800 5007 ή

586 5046 865 5105 terpretes,
904 5053 921 5085 ι
952 5033 1017 5086 Et
1046 5034 1453 5088 inlionorabitur
1483 5033 1649 5103 gloria
1680 5032 1834 5087 Moab
1871 5050 1991 5087 cum
2021 5050 2137 5088 om-

2239 5036 2362 5100 δόξα
2393 5037 2565 5089 Μωάδ
2602 5038 2695 5088 σὺν
2729 5035 2885 5086 παντὶ
2911 5034 2984 5103 τῷ
3014 5032 3203 5102 πλήθει
3223 5030 3300 5100 τῷ
3330 5029 3523 5095 πολλῷ.
3549 5048 3566 5078 ι
3590 5030 3644 5080 ὐ
3666 5030 3797 5098 γὰρ,

586 5127 739 5180 nibus
768 5126 969 5179 divitiis
1003 5124 1202 5177 multis.
1257 5142 1274 5173 ι
1320 5122 1448 5177 Nam
1482 5124 1785 5189 conjunctio
1813 5167 1827 5189 ,
1877 5137 1925 5179 et
1952 5169 1965 5191 ,
2018 5143 2135 5195 qua:

2242 5127 2356 5191 καὶ,
2394 5128 2683 5196 σύνδεσμος
2719 5126 2877 5195 μέσος
2897 5124 3312 5195 παρεμϐληθεὶς,
3341 5123 3530 5193 ἑτέραν
3561 5121 3796 5175 διάνοιαν

588 5220 762 5273 media
796 5217 1171 5285 interponitur,
1197 5217 1355 5269 aliam
1390 5215 1548 5268 elfert
1574 5217 1889 5271 sententiam
1914 5258 1927 5279 ,
1962 5219 2028 5270 ab
2054 5218 2135 5271 his

2244 5218 2546 5287 παρέστησε
2574 5218 2669 5286 τὴν
2691 5218 2795 5268 ἀπὸ
2827 5215 2939 5278 τοῦ,
2966 5237 2983 5265 ι
3024 5217 3130 5268 Καὶ
3162 5214 3582 5284 ἁτιμασθήσεται
3610 5215 3643 5282 ἡ
3670 5212 3796 5276 δόξα

586 5312 783 5375 verbis,
814 5328 829 5359 ι
868 5308 933 5362 Ει
956 5309 1364 5361 inhonorabitur
1393 5307 1555 5377 gloria
1587 5307 1738 5361 Moab
1766 5326 1779 5373 ;
1818 5328 1835 5357 ι
1869 5323 1987 5377 qua:
2008 5323 2135 5362 vero

2240 5308 2409 5361 Μωάὅ
2430 5326 2441 5337 ·
2487 5326 2505 5358 ι
2544 5308 2603 5359 τὸ
2635 5308 2688 5359 δὲ
2726 5307 3024 5378 ἔμπροσθεν
3052 5306 3238 5375 ἐδήλου
3271 5306 3345 5367 ὡς
3372 5307 3427 5357 ἐν
3456 5304 3628 5376 τρισὶν
3653 5302 3796 5356 ἔτεσι

590 5402 830 5467 superius
879 5408 1149 5467 ponuntur
1199 5398 1502 5467 significant
1553 5396 1831 5451 Dominum
1882 5398 2131 5467 praedicta

2238 5414 2303 5452 τα
2336 5398 2700 5470 προλεχθέντα
2730 5399 2903 5451 πάντα
2930 5399 3057 5469 περὶ
3088 5398 3185 5466 τῆς
3229 5396 3400 5450 Μωὰϐ
3440 5394 3639 5466 Κύριος
3666 5394 3797 5447 ἐλά-

589 5490 765 5541 omnia
798 5489 861 5541 de
889 5487 1041 5541 Moab
1090 5488 1139 5539 in
1182 5488 1354 5540 tribus
1402 5488 1557 5540 annis
1602 5486 1830 5539 locutum
1880 5503 2001 5542 esse
2039 5502 2133 5556 per

2239 5490 2364 5559 λησε
2393 5490 2480 5542 διά
2516 5489 2605 5540 τοῦ
2642 5491 2937 5559 προφήτου,
2964 5489 3151 5557 ὥσπερ
3176 5486 3581 5557 μισθωσάμενος
3614 5484 3797 5547 αὑτὸν,

594 5577 898 5644 pmplietam
919 5619 932 5640 ,
963 5593 1023 5629 ac
1054 5578 1096 5629 si
1132 5576 1375 5630 mercede
1408 5578 1749 5630 conduxisset
1780 5593 1898 5631 eum
1928 5618 1941 5641 ,
1972 5586 2133 5645 atque

2238 5583 2330 5633 καὶ
2362 5581 2743 5650 ἀπασχολήσας
2778 5582 2905 5651 περὶ
2941 5581 3036 5649 τὴν
3064 5577 3364 5649 ὑπηρεσίαν
3399 5576 3496 5645 τῆς
3521 5576 3648 5646 περὶ
3674 5575 3796 5627 τού-

592 5666 831 5733 ut-hujus
869 5667 1153 5733 prophetia:
1199 5668 1493 5719 ministerio
1527 5678 1739 5721 vacaret
1794 5669 2127 5737 prwcepisse.

2239 5691 2343 5725 των
2384 5672 2731 5743 προφητείας.
2756 5673 2827 5724 Uti
2852 5673 2958 5741 γὰρ
2991 5670 3175 5740 ὥσπερ
3208 5671 3364 5739 ἡμεῖς
3401 5668 3608 5738 ἀθρόως
3668 5682 3795 5718 συν-

590 5761 702 5809 Non
736 5758 873 5810 enim
909 5759 1351 5825 qmunndmodum
1389 5775 1485 5813 nos
1515 5767 1679 5812 totam
1714 5759 1992 5815 lectionem
2028 5776 2129 5813 una

2239 5763 2492 5826 ἀπτοντες
2521 5764 2578 5815 τὸ
2613 5766 2716 5816 πᾶν
2765 5763 3087 5831 ἀνάγνωσμα
3108 5760 3442 5830 διερχόμεθα,
3473 5758 3616 5812 οὕτω
3647 5758 3742 5809 καὶ
3770 5758 3795 5809 ὁ
