4042 6390
155 371 253 426 £05

1113 377 1623 436 COMMENTARIA
1666 381 1732 438 IN
1771 381 2032 438 lSAlAM.
2079 415 2146 424 —
2186 383 2340 440 CAP.
2384 382 2546 440 XVII.

3324 382 3430 436 206

155 492 434 563 προφήτης
467 493 609 546 κατὰ
644 494 941 563 συνάφειαν
988 494 1167 550 πάντα
1198 497 1354 566 λόγον
1386 500 1485 570 τῆς
1531 517 1713 571 προφη

1817 552 1822 562 ,
1851 502 2196 569 conjunctam
2230 501 2626 573 percurrimus,
2666 501 2736 554 ita
2766 509 2820 556 et
2852 501 3114 571 propheta
3145 513 3270 555 cum
3301 514 3431 556 cen-

152 584 291 646 τείας
323 585 597 656 τῳχάδην
621 586 952 656 ἐξηνέγκατο
976 604 992 616 θ
1024 587 1370 660 διῃρημένως
1396 592 1454 644 δὲ
1479 593 1573 646 καὶ¹
1599 593 1742 646 κατὰ

149 674 338 742 χρόνον
366 679 425 727 ἐν
455 676 733 746 διαφόροις
753 679 958 748 χρόνων
986 679 1310 751 διαστήμασι
1333 698 1346 710 ·
1379 682 1456 746 ὡς
1476 683 1544 736 τὰ
1565 686 1742 737 πάντα

149 763 509 839 πληρωθῆναι
535 769 662 840 τρία
691 770 809 840 ἐτη,
835 773 894 822 ἐν
924 766 1006 835 οἷς
1039 772 1290 825 λέλεκται
1317 773 1468 844 αὺτῷ
1495 773 1562 828 τὰ
1597 778 1742 847 εἰρη-

146 856 299 924 μένα.
352 860 616 930 Ἐλάλησε
644 861 825 916 τοίνυν
861 863 931 918 τὰ
973 865 1032 917 ὲν
1061 865 1240 935 τρισὶν
1264 866 1293 918 ὁ
1344 867 1550 937 Κύριος
1594 867 1740 921 ἔτεσι

143 946 228 1002 διὰ
257 950 357 1003 τοῦ
398 953 700 1024 προφήτου.
726 955 891 1019 Τέλος
916 955 974 1008 δὲ
1004 956 1115 1009 τῶν
1146 956 1321 1026 λόγων
1349 958 1445 1012 τοῦ
1492 958 1626 1012 Θεοῦ
1670 955 1739 1030 ἦν

141 1035 221 1102 τὸ,
249 1057 269 1090 ‹
310 1041 425 1094 Καὶ
452 1043 887 1114 ἁτιμασθήσεται
921 1048 956 1117 ή
988 1046 1116 1110 δόξα
1143 1047 1317 1102 Μωὰϐ
1343 1049 1440 1103 σὺν
1473 1054 1635 1105 παντὶ
1659 1053 1738 1124 τῷ

140 1129 337 1200 πλήθει
384 1132 464 1203 τῷ
507 1134 705 1206 πολλῷ.
753 1138 865 1190 Καὶ
919 1138 1409 1210 καταλειφθήσεται
1431 1141 1734 1211 ὀλιγοστὸς,

142 1224 236 1276 καὶ
269 1226 372 1278 οὐκ
395 1226 633 1297 ἔντιμος.
676 1249 694 1281 ι
740 1233 806 1283 Ὃ
854 1231 918 1300 δὴ
953 1233 1047 1284 καὶ
1101 1233 1235 1285 αὐτὸ
1268 1235 1407 1304 πρὸς
1449 1236 1592 1302 λέξιν
1635 1255 1734 1290 πε-

141 1315 450 1388 πλήρωται,
477 1318 553 1382 ὡς
578 1319 725 1374 ἐστιν
757 1322 877 1391 ὄψει
907 1325 1041 1376 πᾶσι
1073 1324 1255 1377 λαϐεῖν
1289 1327 1470 1397 ῥᾴδιον
1505 1331 1616 1391 τοῖς
1657 1332 1736 1392 εἰς

142 1408 264 1470 τοὺς
290 1411 497 1473 τόπους
515 1413 741 1479 ἀφικνου
750 1414 951 1482 μένοις.

667 1594 1065 1652 ΚΕΦΔΛΑΙΟΝ
1098 1602 1196 1654 lZ'.

210 1694 230 1726 ι
267 1677 342 1729 Τὸ
361 1678 513 1750 ῥῆμα
538 1683 599 1735 τὸ
630 1686 772 1738 κατὰ
799 1691 1110 1758 Δαμασκοῦ.
1151 1693 1281 1747 Ἰδοὺ
1320 1696 1609 1766 Δαμασκὺς
1635 1699 1733 1770 ἁρ-

1841 593 2122 661 junctione
2151 602 2322 649 totum
2353 594 2656 664 prapbetiaa
2682 608 2988 648 sermonem
3022 606 3128 646 uno
3157 605 3320 647 cursu
3341 609 3432 648 ex-

1846 684 2001 750 tulit;
2044 686 2138 741 sed
2171 684 2385 740 divisim
2414 695 2470 738 et
2500 685 2802 740 secundum
2850 694 3062 751 tempus
3087 723 3101 746 ,
3146 683 3308 752 inque
3342 684 3429 736 di-

1842 777 2020 832 versis
2069 787 2373 846 temporum
2423 775 2754 842 intervallis;
2797 776 2869 829 ita
2903 784 2962 829 ut
3007 776 3104 830 toti
3155 783 3269 829 tres
3298 775 3427 830 anni

1841 867 2096 936 completi
2149 868 2301 930 sint,
2350 867 2403 921 in
2442 865 2640 937 quibus
2691 866 2883 944 istltrec
2912 866 3056 920 dicta
3100 865 3198 936 ipsi
3247 864 3423 920 fuere.

1843 959 1968 1015 Haec
1995 960 2161 1031 igitur
2195 959 2252 1014 in
2279 958 2452 1014 tribus
2481 957 2641 1012 annis
2671 957 2932 1011 Dominus
2979 971 3074 1026 per
3101 958 3422 1027 prophetam

1840 1050 2056 1106 locutus
2087 1059 2191 1112 est.
2244 1048 2398 1105 Finis
2448 1058 2628 1104 autem
2672 1048 2963 1102 verborum
3021 1047 3233 1103 Domini
3290 1048 3424 1102 illud

1839 1151 1976 1208 erat,
2013 1161 2032 1194 ι
2078 1143 2144 1196 Ει
2174 1142 2592 1197 inhonorabitur
2618 1143 2788 1215 gloria
2824 1143 2983 1196 Moab
3015 1157 3136 1196 cum
3166 1142 3422 1197 omnibus

1839 1234 2064 1298 divitiis,
2108 1234 2281 1302 iisque
2313 1234 2518 1288 multis.
2553 1235 2618 1289 Et
2652 1235 2992 1304 relinquetur
3031 1235 3292 1289 minimus
3318 1275 3333 1299 ,
3364 1245 3422 1288 et

1838 1338 1944 1376 non
1978 1326 2297 1378 honoratus.
2324 1343 2343 1375 ι
2379 1323 2533 1388 Quod
2569 1325 2740 1393 ipsum
2767 1327 2832 1378 ad
2867 1325 3107 1380 litteram
3137 1326 3418 1397 impletum

1837 1426 1939 1478 est,
1969 1427 2027 1469 ut
2065 1417 2224 1471 facile
2274 1417 2403 1484 ipsis
2451 1417 2624 1471 oculis
2654 1419 2966 1487 perspicere
2996 1419 3209 1472 valeant
3257 1428 3418 1488 quot-

1836 1516 1969 1575 quot
1997 1507 2047 1560 in
2086 1507 2198 1576 ipsa
2227 1506 2341 1561 loca
2379 1512 2700 1561 concedunt.

2414 1600 2641 1654 CAPUT
2677 1602 2718 1655 Χ
2732 1601 2834 1655 νιι.

1910 1691 2071 1744 Vens.
2103 1691 2153 1744 l.
2188 1708 2208 1743 σ
2244 1690 2480 1746 Verbum
2525 1703 2712 1747 contra
2748 1694 3089 1749 Damascum.
3125 1693 3265 1750 Ecce
3312 1696 3413 1751 Da-

137 1767 361 1840 θήσεται
412 1772 522 1826 ἀπὸ
573 1776 798 1833 πόλεων.
849 1798 866 1830 t
919 1781 1027 1852 Τὴν
1063 1783 1382 1856 καθαίρεσιν
1436 1767 1706 1844 αἰνίττετα

1835 1799 2052 1838 mascus
2100 1785 2321 1838 tolletur
2362 1802 2390 1838 a
2438 1787 2771 1841 civitatibus.
2814 1806 2834 1839 ι
2869 1788 3219 1844 Eversionem
3250 1791 3414 1860 regia

261 1862 554 1935 βασιλικῆς
568 1868 872 1940 δυνάμεως,
894 1867 961 1943 ἧς
985 1849 1201 1946 μετεῖχε
1231 1849 1545 1951 πρότερονή
1572 1883 1713 1946 πόλις

1832 1877 2115 1946 potestatis
2144 1879 2472 1944 subindicat,
2509 1877 2662 1946 cujus
2691 1888 2848 1933 antea
2879 1895 3104 1935 consors
3139 1893 3259 1938 erat
3280 1884 3410 1939 urbs

137 1949 472 2022 ἐκλάμψασα
500 1954 652 2025 (19⁸).
675 1960 822 2029 Μόνη
842 1962 950 2033 γὰρ
980 1959 1049 2033 ἦν
1079 1965 1202 2018 τότε
1234 1969 1332 2037 τῆς
1362 1949 1558 2040 Συρίας
1585 1973 1726 2026 ἀπά-

137 2059 234 2112 σης
264 2046 569 2115 κρατοῦσα,
608 2051 775 2121 μήπω
800 2054 907 2106 τῶν
945 2056 1064 2109 καθ’
1090 2060 1239 2128 ἡμᾶς
1269 2062 1550 2130 ἐπιφανῶν
1574 2067 1633 2118 ὲν
1653 2070 1720 2137 τῇ

135 2133 304 2226 Συρία
343 2138 554 2192 πόλεων
606 2142 1013 2215 ὲγηγερμένων,
1055 2149 1385 2222 Ἀντιοχείας
1425 2157 1567 2226 φημὶ
1630 2133 1725 2210 καί

132 2225 239 2279 τῶν
267 2227 467 2282 ἄλλων.

207 2334 226 2366 ι
254 2317 369 2369 Καὶ
393 2317 547 2372 ἔσται
579 2321 658 2383 εἰς
686 2321 889 2376 πτῶσιν
922 2327 1015 2379 καὶ
1038 2329 1507 2408 καταλελειμμένη
1532 2338 1610 2401 εἰς
1632 2337 1722 2392 τὸν

133 2405 307 2459 αἰῶνα
351 2409 434 2471 εἰς
467 2410 657 2482 κοίτην
696 2417 960 2485 ποιμνίων
989 2422 1083 2473 καὶ
1114 2420 1419 2479 ἀνάπαυσιν
1440 2445 1454 2457 ·
1491 2429 1584 2481 καὶ
1617 2430 1718 2482 οὐκ

131 2496 285 2551 ἔσται
309 2501 338 2551 ὁ
359 2499 592 2558 διώκων.
624 2506 733 2558 Καὶ
760 2509 942 2563 οὐκέτι
966 2511 1116 2566 ἔσται
1140 2513 1312 2585 ὀχυρὰ
1338 2517 1430 2570 τοῦ
1457 2521 1723 2590 καταφεύ-

131 2606 247 2656 γειν
279 2592 542 2665 Ἐφραῖμ.
569 2615 586 2646 ι
621 2597 831 2671 Ὠσπερ
856 2605 923 2672 τῇ
951 2604 1266 2678 Βαϐυλωνίᾳ
1285 2609 1352 2662 τὰ
1384 2611 1722 2681 ἁρμόττοντα

131 2681 376 2751 ἐλέγετο,
411 2686 506 2738 καὶ
547 2691 660 2752 τοῖς
711 2690 1028 2762 ἀλλοφύλοις
1073 2700 1185 2762 τοῖς
1216 2699 1314 2771 τὴν
1355 2701 1719 2774 Παλαιστίνην

127 2774 340 2828 οἰκοῦσι
392 2778 460 2831 τὰ
489 2780 816 2852 κατάλληλα,
843 2788 910 2857 τῇ
956 2805 1015 2840 τε
1044 2790 1218 2842 Μωὰϐ
1263 2792 1525 2857 ὡσαύτως
1557 2795 1720 2866 ἓτερά

131 2884 252 2920 τινα
293 2869 568 2935 ἰδιάζοντα
592 2889 606 2902 ο
640 2873 731 2927 τὸν
763 2876 928 2931 αὐτὸν
960 2879 1160 2950 τρόπον
1187 2882 1280 2934 καὶ
1310 2884 1371 2936 τὺ
1421 2886 1561 2939 κατὰ
1610 2889 1715 2940 Δα-

133 2961 347 3048 μασκοῦ
385 2966 721 3035 προφητικὸν
738 2968 891 3038 ῥῆμα
925 2969 1054 3025 ἴδιόν
1075 2990 1128 3025 τι
1154 2974 1306 3038 τέλος
1324 2976 1714 3032 ἐπελεύσεσθαι

130 3051 297 3124 αὐτὴν
345 3053 588 3108 ἀπειλεῖ·
667 3058 1000 3129 ἁρθήσεσθαί
1055 3081 1188 3135 φησι
1237 3066 1348 3138 γὰρ
1391 3068 1560 3139 αὐτὴν
1608 3070 1715 3123 ἀπὸ

128 3141 359 3198 πόλεων.
428 3146 586 3200 Κατὰ
630 3147 688 3201 δὲ
733 3151 825 3203 τὸν
875 3150 1222 3220 Θεοδοτίωνα,
1280 3159 1714 3230 μεταστήσεσοαί

1830 1968 2036 2024 isthmc.
2067 1970 2193 2024 Sola
2240 1971 2439 2040 quippe
2485 1980 2611 2026 tunc
2659 1973 2928 2027 universre
2961 1974 3135 2044 Syrize
3169 1975 3406 2045 impera-

1827 2057 1958 2120 bat,
2009 2076 2130 2113 eum
2188 2062 2350 2114 urbes
2394 2062 2445 2114 in
2492 2060 2687 2133 Syria,
2741 2074 2922 2116 nostra
2972 2074 3134 2119 aetate
3187 2067 3405 2136 conspi-

1827 2165 1960 2213 cum,
1992 2152 2230 2206 nondum
2263 2162 2484 2209 structae
2521 2154 2787 2221 fuissent;
2823 2157 3170 2211 Antiochiam
3196 2159 3318 2215 dico
3348 2169 3405 2213 et

1827 2240 1981 2294 alias.

1901 2333 2062 2387 Vens.
2091 2333 2145 2397 2,
2183 2333 2237 2388 5.
2290 2353 2310 2385 ι
2371 2335 2435 2388 Ει
2479 2336 2584 2389 erit
2612 2336 2662 2389 in
2694 2337 2904 2390 ruinam
2951 2349 3005 2392 et
3033 2338 3290 2394 derelicta
3341 2342 3397 2394 in

1831 2426 2086 2480 sacculum
2119 2427 2172 2480 in
2216 2426 2398 2481 cubile
2430 2426 2651 2483 ovilium
2682 2445 2696 2482 :
2731 2439 2783 2482 et
2816 2445 2920 2484 non
2964 2430 3068 2484 erit
3093 2431 3183 2501 qui
3216 2445 3404 2500 perse-

1822 2527 2039 2586 quatur.
2066 2519 2131 2572 Et
2161 2533 2266 2573 non
2299 2520 2404 2574 erit
2437 2519 2576 2574 ultra
2617 2522 2847 2585 munita,
2877 2530 2931 2576 ut
2968 2522 3092 2577 illuc
3120 2522 3403 2599 confugit

1823 2608 2104 2679 Ephraim.
2141 2630 2157 2662 ι
2191 2609 2657 2676 Quemadmodum
2690 2609 2998 2680 Babylonia:
3028 2628 3148 2682 quae
3171 2628 3402 2668 consen-

1828 2711 1984 2754 tanea
2021 2709 2197 2764 erant,
2226 2700 2516 2772 allophylis
2548 2700 2843 2757 Palmslinm
2879 2702 3068 2758 incolis
3109 2718 3230 2772 qua:
3269 2705 3402 2774 ipsis

1821 2795 2240 2863 competebant,
2280 2809 2343 2848 ac
2375 2794 2580 2865 regioni
2611 2793 2766 2848 Moab
2812 2796 3066 2850 similiter
3106 2797 3212 2850 alia
3247 2811 3401 2866 qure-

1821 2884 1944 2937 dam
1987 2884 2089 2953 ipsi
2142 2885 2360 2954 propria
2419 2886 2760 2953 minabatur;
2820 2886 2900 2941 sic
2947 2897 2999 2941 et
3051 2888 3400 2957 propheticus

1819 2993 2000 3034 sermo
2030 2989 2217 3033 contra
2267 2980 2592 3033 Damascum
2625 2994 2793 3048 agens
2821 3020 2837 3044 ,
2872 2979 3268 3050 illam‘proprio
3294 2979 3398 3034 sibi

1820 3069 1927 3124 fine
1957 3069 2330 3139 excipiendam
2375 3083 2494 3124 esse
2539 3070 2965 3124 interminatur:
3004 3087 3129 3124 nam
3160 3071 3330 3140 ipsam
3365 3088 3397 3126 a

1819 3160 2134 3215 civitatibus
2177 3161 2466 3215 tollendam
2500 3175 2620 3216 esse
2660 3163 2756 3216 ait.
2805 3161 3113 3217 Secundum
3145 3163 3400 3219 Theodo-

73 3251 289 3305 νκῆησιν
324 3238 392 3288 ἐκ
421 3238 650 3292 πόλεων.
682 3242 926 3297 Πέπονθε
967 3245 1026 3298 δὲ
1055 3217 1217 3301 τοῦτο
1247 3217 1387 3303 κατὰ
1417 3217 1542 3316 τοὺς
1589 3255 1713 3306 Ἀσ-

1821 3252 2022 3306 tionem
2054 3267 2186 3307 vero
2211 3293 2226 3316 ,
2271 3251 2705 3306 transferendam
2740 3267 2806 3306 ex
2841 3254 3179 3310 civitatibus.
3217 3255 3271 3310 ld
3303 3271 3400 3309 au-

126 3327 376 3397 συρίους,
404 3327 482 3392 ὼς
526 3331 621 3384 καὶ
653 3332 840 3402 ἐδήλου
873 3334 960 3389 διὰ
997 3337 1106 3391 τῶν
1129 3337 1438 3409 ἔμπροσθεν
1489 3345 1523 3414 ή
1579 3346 1714 3414 μετὰ

123 3421 311 3491 χεῖρας
333 3419 548 3490 Γραφὴ,
565 3421 656 3474 τὸν
685 3423 794 3476 τῶν
823 3426 1119 3497 ’Δσσυρίων
1136 3429 1363 3498 βασιλέα
1392 3435 1715 3505 παριστῶσα

123 3510 385 3580 λέγονταο
425 3530 448 3563 c
495 3513 607 3565 Kal.
642 3513 832 3568 ἔλαϐον
857 3517 1117 3589 Ἀραϐίαν
1153 3522 1247 3574 καὶ
1287 3525 1578 3594 Δαμασκὸν
1619 3527 1713 3581 καὶ

120 3601 463 3674 Σαμάρειαν,
494 3601 553 3655 ὃν
574 3603 773 3674 τρόπον
807 3605 995 3661 ἔλαϐον
1022 3609 1225 3674 ταύτας
1283 3613 1376 3665 καὶ
1402 3613 1583 3678 πάσας
1614 3617 1713 3679 τὰς

121 3693 294 3763 ἀρχὰς
329 3694 595 3764 λήψομαι.
632 3715 651 3747 ι
692 3696 878 3768 Τούτῳ
913 3697 969 3752 δὲ
1013 3699 1092 3770 τῷ
1122 3701 1264 3771 λόγῳ
1306 3705 1462 3776 καὶὴ
1503 3707 1712 3779 ἱστορία

124 3789 427 3858 μαρτυρεῖ·
459 3787 768 3858 γέγραπται
793 3789 924 3858 γοῦν
947 3790 1008 3844 ὲν
1044 3795 1111 3863 τῇ
1139 3795 1378 3872 τετάρτῃ
1402 3796 1512 3850 τῶν
1551 3798 1713 3853 Βασι-

119 3873 307 3928 λειῶν·
352 3894 374 3926 ι
407 3876 519 3929 Καὶ
555 3878 723 3948 ἀνέϐη
768 3879 1016 3949 βασιλεὺς
1062 3883 1357 3956 Ἀσσυρίων
1400 3888 1479 3949 είς
1525 3889 1710 3960 Δαμα-

120 3967 268 4030 σκὸν,
324 3967 425 4020 καὶ
455 3968 716 4023 συνέλαϐε
749 3971 943 4042 αὐτὴν,
979 3972 1074 4025 καὶ
1115 3974 1394 4045 ἀπῴκισεν
1443 3979 1630 4050 αὑτήν.
1681 3999 1701 4032 ι

121 4059 191 4110 Ἃ
217 4059 282 4130 δὴ
315 4059 415 4112 καὶ
447 4059 634 4123 τέλους
661 4062 929 4134 τετύχηκε
974 4064 1066 4118 ἐπὶ
1113 4067 1213 4136 τῆς
1250 4067 1563 4139 Ῥωμαῖκῆς
1604 4072 1706 4142 ἀρ-

115 4150 237 4220 χῆς,
279 4149 407 4204 καθ’
437 4151 503 4222 ήν
533 4157 873 4225 συνειστήκει
938 4155 1036 4226 μὲν
1080 4159 1112 4228 ή
1171 4160 1481 4229 Δαμασκὸς,
1517 4163 1618 4232 τὴν
1647 4163 1706 4216 δὲ

113 4241 361 4296 παλαιὰν
409 4243 507 4296 καὶ¹
539 4243 840 4316 βασιλικὴν,
889 4247 1043 4317 φησὶ,
1094 4249 1372 4314 παντελῶς
1409 4253 1699 4326 ἠφανίσθη.

112 4332 272 4388 οὕτω
298 4334 359 4389 δὲ
393 4336 623 4406 συνέστη
653 4339 687 4408 ἡ
721 4339 815 4391 καὶ
857 4339 952 4393 νῦν
983 4343 1262 4412 ὁρωμένη,
1323 4342 1399 4406 ὡς
1429 4346 1462 4414 ή
1498 4362 1704 4418 προφη-

110 4424 233 4478 τεία
256 4425 537 4490 ἐθέσπισε,
575 4430 757 4482 οὐκέτι
789 4432 886 4501 μὲν
919 4433 1192 4503 βασιλικὸν
1232 4435 1447 4508 ἀξίωμα
1499 4441 1701 4509 ἐπαγο-

1820 3352 1923 3398 tem
1957 3357 2210 3413 perpessa
2241 3353 2325 3398 est
2367 3343 2714 3413 Assyriorum
2744 3353 2990 3414 tempore
3015 3385 3030 3410 ,
3057 3356 3116 3399 ut
3144 3347 3296 3416 prius
3325 3349 3399 3402 si-

1815 3433 2109 3505 gniﬁcabat
2139 3448 2379 3502 prmsens
2415 3434 2695 3505 Scriptura
2725 3474 2740 3499 ,
2766 3450 2890 3490 cum
2923 3437 3271 3508 Assyriorum
3304 3452 3395 3492 re-

1814 3539 1934 3595 gem
1959 3525 2245 3580 induceret
2287 3527 2582 3591 dicentem,
2619 3545 2638 3578 ι
2677 3526 2746 3581 Ει
2774 3527 2892 3596 cepi
2917 3527 3176 3582 Arabiam
3205 3538 3260 3583 et
3290 3527 3398 3582 Da—

1820 3630 2063 3669 tnascum
2089 3628 2144 3671 et
2175 3616 2477 3672 Samariam
2516 3639 2529 3674 :
2565 3618 3019 3688 quemadmodum
3064 3618 3162 3676 has
3190 3621 3307 3688 cepi
3341 3631 3397 3675 et

1812 3723 2001 3763 omnes
2034 3710 2371 3778 principatus
2396 3712 2605 3780 capiam
2631 3712 2697 3765 ⁷⁷.
2737 3731 2755 3763 ι
2793 3711 2930 3767 Huic
2957 3727 3118 3782 porro
3147 3714 3390 3767 sermoni

1813 3799 2184 3853 testimonium
2253 3802 2410 3855 aﬂ'ert
2464 3805 2749 3871 historia;
2807 3805 3076 3875 siquidem
3136 3805 3190 3859 in
3250 3806 3394 3859 libro

1811 3899 2007 3956 quarto
2040 3890 2351 3959 Regnorum
2382 3895 2646 3964 scriptum
2691 3904 2818 3951 est:
2852 3915 2872 3948 ι
2913 3897 2979 3952 Et
3000 3900 3245 3953 ascendit
3294 3915 3392 3954 rex

1808 3981 2155 4051 Assyriorum
2191 3983 2533 4050 Damascum,
2578 3997 2633 4041 et
2677 3989 2819 4057 cepit
2845 4005 2989 4054 eam,
3023 4000 3080 4045 et
3114 3994 3393 4048 transtulit

1807 4084 1952 4128 eam.
1990 4092 2009 4124 ι
2041 4075 2170 4140 Quae
2203 4075 2330 4129 item
2366 4086 2610 4132 extremo
2659 4079 2927 4148 completa
2975 4092 3104 4136 sunt
3147 4083 3250 4138 sub
3283 4083 3390 4139 llo-

1807 4178 2092 4218 manorum
2131 4166 2381 4235 imperio,
2414 4168 2566 4236 cujus
2595 4179 2836 4239 tempore
2864 4172 3159 4229 Damascus
3196 4191 3390 4244 super-

1805 4265 1916 4311 stes
1946 4259 2183 4325 quidem,
2211 4275 2402 4315 verum
2451 4264 2595 4331 quod
2649 4264 2716 4317 ad
2761 4266 3042 4333 antiquam
3091 4277 3145 4321 et
3179 4269 3385 4337 regiam

1805 4348 2123 4418 dignitatem
2156 4389 2173 4416 ,
2206 4350 2454 4409 funditus
2483 4355 2660 4410 deleta
2703 4365 2844 4411 erat.
2879 4359 2996 4424 Quo
3025 4368 3183 4427 pacto
3219 4361 3385 4414 etiam

1803 4443 2054 4498 consistit
2079 4460 2142 4499 ea
2163 4488 2178 4511 ,
2223 4460 2383 4514 quam
2420 4447 2581 4502 hodie
2609 4449 2890 4514 videmus,
2922 4453 3379 4520 quemadmodum

112 4515 274 4586 μένη,
302 4517 428 4570 οὐδὲ
450 4518 692 4588 ἄρχουσα
719 4521 811 4574 τοῦ
853 4522 1041 4594 Σύρων
1078 4525 1265 4589 ἔθνους
1289 4541 1304 4555 '
1367 4529 1698 4584 ἀποπεπτω-

1817 4534 2086 4602 prophetia
2118 4538 2446 4592 vaticinatur
2475 4556 2489 4592 :
2525 4555 2643 4607 qua:
2690 4549 2900 4594 tantum
2948 4543 3108 4596 abest
3137 4553 3194 4596 ut
3239 4543 3379 4598 ultra

109 4608 239 4659 κυία
270 4607 328 4660 δὲ
358 4602 428 4678 ἦς
458 4607 573 4678 εἶχε
623 4611 902 4682 δυνάμεως
957 4615 1242 4687 πρότερον,
1282 4622 1376 4671 καὶ
1414 4623 1696 4692 μονονουχὶ

108 4699 187 4760 είς
222 4697 412 4768 κοίτην
446 4700 713 4770 ποιμνίων
747 4704 838 4756 καὶ
863 4705 1171 4760 ἀνάπαυσιν
1201 4707 1495 4778 βουκολίων
1527 4730 1696 4768 κατα-

107 4788 478 4862 λελειμμένη’
533 4792 675 4846 οὕτω
712 4795 769 4847 δὲ
797 4795 866 4848 τὰ
910 4797 1140 4865 ἀγελαῖα
1187 4800 1367 4872 πλήθη
1425 4805 1518 4856 καὶ
1568 4806 1695 4870 τοὺς

107 4881 351 4944 εὐτελεῖς
380 4881 586 4951 δήμους
618 4884 799 4939 καλεῖν
848 4886 1038 4942 εἴωθεν
1066 4892 1094 4943 ὁ
1122 4891 1297 4958 λόγος.
1339 4896 1493 4947 Κατὰ
1524 4898 1692 4966 μόνην

106 4971 202 5042 τὴν
240 4970 354 5024 τῶν
389 4971 792 5043 Ἐϐδομήκοντα
836 4977 1130 5048 ἑρμηνείαν
1178 4981 1411 5054 εἴρηται,
1443 4984 1583 5053 λέγω
1625 4988 1689 5058 δὴ

103 5061 185 5125 τὸ,
229 5080 249 5113 ι
286 5064 374 5125 είς
403 5061 496 5114 τὸν
548 5061 750 5117 αἰῶνα’
797 5085 815 5116 ι
862 5066 986 5120 οὔτε
1041 5070 1149 5140 γὰρ
1205 5073 1260 5124 ὲν
1315 5073 1688 5148 τῷἘϐραῖκῷ

103 5153 227 5206 οὗτε
268 5153 425 5224 παρὰ
475 5156 593 5222 τοῖς
633 5155 836 5220 λοιποῖς
887 5161 1243 5231 ἑρμηνευταῖς
1301 5167 1544 5237 φέρεται.
1595 5169 1688 5222 Διὸ

103 5246 200 5298 οὐκ
233 5247 452 5316 ἀνάγκη
480 5247 579 5316 τὴν
610 5247 818 5301 πτῶσιν
849 5251 1139 5322 Δαμασκοῦ
1173 5256 1397 5309 αἰωνίαν
1433 5257 1687 5325 λέγεσθαι

103 5336 374 5406 νομίζειν·
411 5338 598 5408 ἐπειδὴ
627 5342 853 5412 χρονική
889 5359 971 5404 τις
992 5345 1167 5397 αὐτῶν
1198 5347 1386 5414 γέγονε
1417 5349 1449 5417 ή
1484 5351 1687 5414 πτῶσις

104 5426 243 5479 κατὰ
271 5427 375 5496 τὴν
399 5425 502 5493 τῆς
546 5428 834 5500 Ἀσσυρίας
884 5431 1218 5503 πολιορκίαν,
1261 5436 1380 5489 καθ’
1417 5437 1482 5506 ἧν
1531 5438 1622 5489 καὶ
1651 5441 1684 5509 ή

116 5518 474 5589 Ἰερουσαλὴμ
506 5521 639 5589 ἥλω.
693 5522 828 5574 Ἀλλ’
873 5523 1062 5598 ὥσπερ
1108 5526 1263 5593 αὖθις
1301 5533 1686 5598 ἐπανελθόντες

117 5608 353 5664 Ἰουδαῖοι
388 5611 622 5683 ἧγειραν
653 5612 1151 5690 τὴνἸερουσαλὴμ,
1198 5624 1288 5674 καὶ
1344 5623 1444 5693 ’τὴν
1495 5625 1682 5696 χώραν

173 5729 215 5759 ⁷⁷
242 5733 348 5785 lsa.
377 5747 433 5795 ι,
475 5730 529 5786 9.

174 5824 306 5897 (19⁸)
359 5825 489 5884 llmc
539 5842 680 5898 pene
706 5831 773 5886 ad
821 5835 1039 5891 verbum
1086 5836 1444 5904 Hieronymus
1493 5844 1766 5908 exprimit.

1802 4628 2008 4696 regiam
2038 4627 2357 4697 dignitatem
2385 4631 2633 4685 obtineat
2662 4670 2678 4696 ,
2710 4647 2772 4686 ac
2805 4633 3069 4702 Syrorum
3097 4638 3244 4706 genti
3278 4638 3380 4690 im-

1801 4727 1986 4786 peret,
2018 4729 2075 4773 ut
2098 4721 2325 4789 pristina
2371 4731 2642 4792 potestate
2687 4725 2900 4792 penitus
2953 4728 3214 4782 exciderit
3251 4768 3266 4792 ,
3313 4743 3381 4782 ac

1803 4816 2010 4864 tantum
2040 4826 2148 4865 non
2189 4813 2242 4866 in
2269 4813 2444 4868 cubile
2476 4815 2722 4882 ovilium,
2749 4825 2803 4869 et
2832 4817 2884 4869 in
2915 4817 3127 4870 caulam
3159 4833 3382 4872 armen-

1804 4907 1978 4954 torum
2007 4902 2195 4957 relicta
2225 4905 2295 4958 sit
2347 4923 2360 4958 :
2404 4907 2482 4959 sic
2510 4921 2674 4975 porro
2699 4909 2841 4977 vulgi
2869 4910 3269 4964 multitudinem
3322 4921 3377 4964 ct

1800 4990 2040 5045 infimam
2065 4992 2276 5061 plebem
2306 5009 2502 5049 vocare
2533 4997 2672 5050 solet
2701 4998 2878 5051 divina
2908 4998 3212 5068 Scriptura.
3245 5001 3376 5056 Illud

1798 5088 2018 5143 autem,
2059 5101 2076 5131 ι
2111 5083 2161 5135 in
2198 5085 2453 5137 saeculum
2483 5125 2498 5148 ,
2538 5105 2556 5137 ι
2606 5088 2898 5141 secundum
2943 5089 3110 5141 solam
3148 5091 3378 5158 Septua-

1795 5173 1940 5238 ginta
1983 5172 2345 5241 lnterpretum
2398 5178 2700 5232 versionem
2749 5180 2950 5234 dicitur
2983 5197 2996 5232 :
3031 5197 3155 5234 nam
3199 5199 3375 5251 neque

1799 5262 1853 5314 in
1879 5261 2146 5317 llebraico
2176 5303 2192 5328 ,
2231 5279 2404 5334 neque
2444 5268 2583 5335 apud
2635 5267 2873 5336 reliquos
2903 5271 3228 5338 interpretes
3265 5272 3373 5325 fer-

1799 5361 1904 5408 tur.
1939 5353 2301 5420 Quamobrem
2335 5357 2701 5412 necessarium
2747 5360 2974 5412 minime
3004 5370 3086 5414 cst
3125 5372 3185 5414 ut
3214 5376 3372 5430 pute-

1795 5462 1914 5499 mus
1946 5448 2156 5501 ruinam
2204 5448 2451 5503 Damasci
2509 5459 2769 5505 aeternam
2799 5453 3018 5523 praedici
3069 5472 3083 5506 :
3128 5457 3372 5522 quando-

1794 5539 2008 5605 quidem
2057 5540 2123 5593 ad
2163 5549 2370 5610 tempus
2404 5541 2577 5596 solum
2609 5543 2724 5610 ejus
2754 5546 3024 5602 excidium
3057 5546 3156 5600 fuit
3184 5588 3199 5610 ,
3247 5564 3370 5602 cum

1793 5630 1861 5683 ab
1892 5630 2131 5701 Assyriis
2159 5634 2379 5690 obsessa
2416 5645 2499 5691 est
2524 5675 2541 5704 ,
2573 5641 2788 5706 quando
2817 5641 2978 5696 etiam
3028 5638 3367 5713 ierosolyma
