4042 6462
647 423 748 478 ‘lu'i

1301 411 1566 469 EUSEBII
1615 404 2088 466 CXESARIENSIS
2125 403 2277 461 OPP.
2319 403 2502 462 PARS
2539 406 2629 462 lll.
2669 436 2738 446 —
2778 405 3182 463 EXEGETICA.

3792 404 3893 461 208

654 542 806 603 rapta
837 541 938 587 est.
972 534 1168 589 Verum
1191 533 1636 609 quemadmodum
1666 530 1863 585 reversi
1883 528 2051 583 ,ιυόωί
2089 527 2204 582 Ilie-

2321 528 2644 600 ἐπλήρωσαν
2678 531 2995 600 οίκητόρων,
3030 530 3121 580 τὸν
3172 527 3329 580 αὐτὸν
3367 526 3565 596 τρόπον
3612 524 3705 578 καὶ
3735 527 3768 596 ἡ
3800 527 3895 578 Aa.

657 623 981 692 rosolymam
1015 625 1190 679 denuo
1214 624 1543 690 excitarunt,
1569 635 1728 691 alque
1755 622 2032 692 regionem
2060 622 2210 676 inco-

657 713 721 766 lis
751 712 1117 781 repleverun‘t.
1165 714 1230 767 ad
1256 713 1502 767 eumdem
1549 713 1760 765 modum
1791 721 1846 765 et
1876 712 2171 766 Damascus
2197 751 2213 774 ,

655 803 742 858 illa
774 819 1026 875 perpessa
1055 845 1070 869 ,
1104 820 1218 874 quae
1272 804 1326 857 in
1382 805 1664 871 prophetia
1705 804 1973 866 feruntur,
2020 816 2213 856 rursus

656 895 710 947 in
740 897 984 964 sequenti
1017 905 1252 963 tempore
1281 901 1486 947 structa
1509 891 1610 947 fuit
1630 935 1645 959 ,
1686 895 1758 947 ita
1808 901 1868 946 ut
1895 892 2038 962 regia
2062 895 2216 947 sedes

657 984 713 1037 in
739 998 802 1037 ea
833 986 1026 1040 iterum
1054 993 1372 1052 poneretur.
2213 983 2216 986 ‘

730 1097 747 1129 ι
785 1077 849 1130 Et
879 1092 979 1130 non
1010 1077 1146 1129 ultra
1187 1091 1407 1145 regnum
1438 1077 1490 1129 in
1522 1077 1782 1130 Damasco
1810 1091 1825 1128 :
1863 1087 1916 1130 et
1939 1075 2211 1129 residuum

656 1168 939 1239 Syrorum.
970 1184 987 1216 ι
1018 1165 1140 1219 Haec
1168 1166 1414 1220 dicuntur
1442 1167 1592 1235 quasi
1627 1166 1922 1220 Damascus
1943 1175 2214 1234 superstes

655 1260 866 1327 quidem
895 1256 1069 1310 futura
1096 1258 1183 1321 sit,
1211 1257 1304 1311 sed
1336 1271 1437 1309 non
1468 1256 1669 1309 munita
1704 1264 1760 1310 et
1788 1255 1934 1324 regni
1966 1264 2125 1323 caput
2157 1266 2212 1308 ut

654 1349 799 1404 olim.
828 1347 1059 1402 Possunt
1089 1349 1212 1400 item
1255 1347 1356 1398 alio
1392 1347 1551 1399 modo
1599 1347 1711 1399 hare
1761 1346 1879 1400 loca
1927 1346 2210 1415 explicari,

653 1440 806 1507 quasi
838 1439 1045 1493 scilicet
1074 1438 1348 1505 prophetia
1376 1435 1628 1490 Damasci
1674 1437 1864 1492 incolis
1907 1438 2210 1506 depressio-

654 1545 776 1585 nem
803 1540 857 1584 et
887 1531 1146 1598 privatam
1175 1529 1338 1581 vitam
1380 1528 1725 1595 praeuuntiet.
1755 1527 1830 1580 Ita
1863 1529 2004 1582 enim
2035 1530 2212 1584 dicere

655 1623 891 1676 solemus
925 1620 1186 1675 excidisse
1227 1619 1444 1672 divitem
1465 1656 1479 1681 ,
1511 1633 1634 1672 cum
1673 1620 1724 1671 iu
1753 1627 2054 1672 extremam
2085 1636 2212 1688 pau—

652 1724 916 1784 pertatem
942 1712 1246 1776 devenerit;
1273 1711 1632 1779 similiterque
1661 1711 1833 1763 virum
1866 1711 2208 1775 honoratum,

653 1820 772 1860 cum
807 1804 1059 1873 dignitate
1101 1817 1196 1856 sua
1239 1801 1498 1870 spoliatus
1544 1802 1723 1855 fuerit.
1759 1800 1872 1855 Non
1905 1803 2043 1856 enim
2074 1818 2210 1870 prte-

651 1897 883 1951 stantior
913 1905 965 1949 tu
997 1909 1056 1950 es
1090 1895 1216 1948 ﬁliis
1247 1895 1411 1949 Israel
1475 1903 1528 1947 et
1558 1895 1726 1962 gloria
1755 1909 1962 1948 eorum.
2000 1895 2132 1948 Nam
2167 1896 2210 1949 si

650 1985 740 2038 ille
761 1983 886 2038 olim
912 1983 1137 2052 populus
1163 1982 1254 2037 Dei
1275 1993 1634 2051 nuncupatus,
1653 1994 1952 2039 memorato
1975 1994 2212 2054 tempore

652 2075 909 2144 dignitate
929 2089 1023 2129 sua
1050 2073 1294 2142 lapsurus
1321 2073 1664 2143 est,pristina
1691 2071 1944 2128 libertate
1971 2083 2024 2128 et
2047 2090 2211 2145 regno

649 2166 981 2236 spoliandus,
1028 2180 1132 2219 non
1157 2173 1237 2219 est
1270 2163 1410 2233 quod
1440 2174 1494 2218 tu
1529 2163 1824 2220 Damascus
1853 2168 1918 2220 de
1945 2167 2056 2236 pari
2081 2182 2208 2222 casu

651 2258 967 2328 indigneris.

719 2443 878 2496 Vens.
903 2442 954 2495 4.
981 2460 998 2492 ι
1032 2440 1153 2495 Haec
1174 2441 1303 2495 dicit
1323 2440 1582 2496 Dominus
1604 2442 1835 2498 Sabaoth
1867 2461 1877 2497 :
1905 2443 2019 2499 Erit
2043 2444 2093 2499 in
2121 2445 2208 2500 die

647 2534 736 2614 illa
775 2542 835 2587 ut
871 2533 1082 2588 deliciat
1115 2533 1278 2601 gloria
1321 2532 1484 2586 Jacob
1508 2572 1521 2595 ,
1548 2542 1602 2588 et
1634 2533 1845 2603 pinguia
1871 2534 2052 2604 gloriae
2092 2536 2208 2602 ejus

648 2630 1107 2675 commoveantur.
1142 2639 1160 2672 ι
1197 2619 1260 2673 Ει
1291 2620 1685 2673 animadvertas
1710 2619 1894 2684 velim,
1934 2636 2053 2674 eum
2098 2636 2203 2674 non

649 2711 887 2765 funditus
911 2708 1282 2763 destruendam
1303 2717 1536 2776 gentem,
1553 2712 1645 2764 sed
1670 2719 1872 2764 tantum
1895 2713 2076 2782 gloriae
2099 2714 2205 2782 pri-

648 2803 805 2856 stina:
827 2801 1092 2870 jacturam
1127 2800 1239 2854 fore
1270 2800 1595 2868 signiﬁcare.
1621 2799 1842 2866 Pinguia
1869 2819 1997 2858 vero
2020 2805 2204 2872 gloria:

645 2893 806 2961 prisci
857 2892 998 2945 illius
1031 2892 1234 2961 populi,
1270 2900 1424 2944 erant
1463 2891 1823 2946 sacerdotium
1855 2903 1910 2946 et
1955 2909 2200 2963 regnum,

643 2998 856 3036 sacrum
885 2983 1011 3036 item
1059 2981 1325 3034 canticum
1369 2991 1423 3033 et
1470 2980 1647 3034 cultus
1686 2983 1979 3035 secundum
2030 2983 2201 3051 legem

643 3073 936 3141 prarstitus,
969 3069 1320 3138 prophetandi
1366 3070 1538 3137 gratia
1573 3080 1629 3124 et
1656 3071 1827 3139 gentis
1864 3070 2109 3134 libertas,
2141 3086 2203 3124 ac

645 3170 689 3219 si
738 3183 842 3236 qua
882 3166 982 3219 alia
1032 3180 1194 3234 penes
1233 3163 1508 3217 Judaicam
1559 3171 1768 3232 gentem
1819 3163 2199 3217 habebantur:

645 3275 764 3326 (lllil‘.
791 3256 1072 3311 confertim
1101 3254 1456 3310 coucutienda
1475 3264 1528 3307 et
1555 3254 1852 3308 amovenda
1885 3253 1998 3307 fore
2028 3267 2203 3308 sermo

641 3348 900 3416 praedicit.
2194 3337 2197 3339 ’

717 3439 878 3492 Vens.
907 3439 958 3501 5,
992 3439 1042 3491 6.
1081 3455 1098 3487 ι
1140 3437 1204 3491 Et
1235 3438 1340 3491 erit
1368 3435 1817 3505 quemadmodum
1863 3437 1908 3488 si
1947 3437 2068 3505 quis
2098 3437 2205 3489 col-

646 3527 834 3596 legerit
869 3541 1091 3581 messem
1135 3535 1394 3592 stantem,
1425 3535 1480 3578 et
1514 3539 1694 3578 semen
1742 3526 2015 3593 spicarum
2060 3541 2201 3578 mes-

645 3622 830 3675 suerit.
862 3620 925 3672 Et
950 3619 1055 3672 erit
1087 3619 1532 3687 quemadmodum
1562 3619 1606 3672 si
1633 3620 1752 3686 quis
1791 3618 2069 3688 collegerit
2096 3621 2204 3688 spi-

647 3728 738 3765 cas
772 3713 822 3764 in
848 3711 986 3763 valle
1010 3724 1218 3778 aspera,
1245 3721 1298 3762 et
1333 3710 1548 3763 relictus
1565 3710 1726 3762 fuerit
1751 3711 1800 3762 in
1833 3726 1893 3764 ea
1921 3711 2146 3765 culmus.
2181 3731 2197 3760 ι

648 3803 795 3858 Sicut
826 3804 966 3857 enim
1007 3804 1058 3856 in
1096 3813 1278 3856 messe‘
1297 3802 1625 3870 colliguntur
1651 3803 1865 3871 quidem
1901 3805 2083 3871 spicae,
2118 3819 2204 3856 re-

645 3896 903 3965 linquitur
923 3904 1100 3948 tamen
1140 3895 1190 3947 in
1217 3907 1346 3962 agro
1369 3892 1576 3946 culmus
1606 3894 1783 3947 tenuis
1809 3911 1824 3958 ;
1874 3895 1942 3946 ita
1969 3893 2202 3947 futurum

645 3989 718 4041 ait
746 3987 1026 4042 Iudaicum
1047 3986 1323 4054 populum,
1347 4000 1510 4055 penes
1531 4001 1692 4055 quem
1720 3986 1882 4055 spicte
1905 3985 2033 4039 olim
2063 3995 2206 4038 stan-

648 4089 727 4132 tes
757 4078 1115 4141 succidentur,
1137 4077 1390 4146 solusque
1418 4076 1754 4145 relinquetur
1787 4077 2012 4131 culmus.
2051 4076 2203 4141 Quod

645 4173 692 4225 si
728 4173 848 4239 quis
876 4170 1012 4238 apud
1044 4184 1134 4223 eos
1162 4170 1457 4239 reperiatur
1482 4170 1878 4223 existimatione
1908 4168 2126 4238 dignus,
2158 4169 2204 4222 is

645 4262 1043 4331 comparabitur
1083 4263 1261 4330 Spicat,
1308 4277 1412 4316 non
1460 4263 1511 4313 in
1549 4261 1800 4327 planitie,
1841 4264 1932 4315 sed
1970 4262 2024 4315 iu
2059 4263 2205 4315 valle

645 4355 787 4407 sicca
827 4361 882 4406 et
927 4365 1114 4418 aspera
1157 4350 1421 4412 nascenti.
1465 4348 1726 4403 Caeterum
1769 4351 1914 4419 spica
1977 4351 2203 4405 indicari

643 4456 772 4514 puto
795 4445 1016 4498 chorum
1047 4443 1430 4512 discipulorum
1459 4443 1978 4512 etevaugelistarum
2015 4444 2202 4498 Salva-

2323 620 2549 687 μασκὸς,
2587 619 2833 671 παθοῦσα
2860 621 2976 671 τότε
3009 618 3073 670 τὰ
3097 620 3200 670 ὑπὸ
3219 618 3316 688 τῆς
3349 615 3686 688 προφητείας
3715 614 3894 668 θεσπι-

2321 711 2532 771 σθέντα,
2573 708 2727 774 αὖθις
2757 715 2815 764 ἐν
2847 716 2958 775 τοῖς
3004 711 3140 782 μετά
3191 711 3363 764 ταῦτα
3389 710 3602 782 χρόνοις
3630 710 3892 777 ἀνῳκοδό-

2322 821 2478 873 μητο,
2508 804 2582 866 d);
2613 805 2703 856 καὶ
2729 793 2992 872 βασίλειον
3024 805 3080 856 ἐν
3116 804 3251 874 αὑτῇ
3282 803 3540 872 συστῆναι
3569 800 3749 854 πάλιν.

2395 1099 2410 1126 ι
2455 1079 2560 1131 Καὶ
2587 1078 2766 1129 οὐκέτι
2794 1076 3037 1146 βασιλεία
3075 1079 3132 1128 ἐν
3158 1074 3454 1144 Δαμασκῷ·
3499 1075 3590 1127 καὶ¹
3619 1073 3680 1125 τὸ
3725 1071 3894 1127 κατά-

2316 1170 2497 1221 λοιπον
2527 1167 2634 1220 τῶν
2656 1166 2862 1237 Σύρων.
2910 1187 2926 1217 ι
2968 1167 3052 1228 Ὠς
3084 1166 3192 1233 γάρ
3236 1165 3537 1235 μελλούσης
3585 1163 3683 1232 μὲν
3725 1161 3895 1230 αὐτῆς

2317 1261 2551 1320 ἔσεσθαι,
2575 1260 2633 1311 ού
2662 1259 2766 1328 μὴν
2799 1260 2891 1311 καὶ
2927 1259 3122 1329 ὀχυρᾶς
3154 1257 3294 1309 κατὰ
3325 1257 3385 1308 τὸ
3420 1257 3645 1310 παλαιὸν
3675 1273 3898 1325 γενησο-

2318 1353 2503 1421 μένης,
2554 1351 2671 1403 οὐδὲ
2711 1349 3099 1420 βασιλευούσης
3138 1350 3308 1403 ταῦτα
3345 1351 3577 1420 εἴρηται.
3636 1350 3788 1401 Ἐστι
3835 1350 3896 1402 δὲ

2317 1444 2410 1493 καὶ
2445 1442 2613 1503 άλλως
2644 1440 2919 1493 ἐπιϐαλεῖν
2945 1443 3054 1504 τοῖς
3078 1442 3281 1504 τόποις,
3323 1442 3397 1504 ὡς
3432 1444 3530 1510 τῆς
3561 1440 3897 1510 προφητείας

2313 1535 2638 1585 ταπείνωσιν
2666 1535 2774 1596 τοῖς
2806 1535 3083 1604 οἰκήτορσι
3117 1533 3425 1603 Δαμασκοῦ,
3457 1534 3549 1584 καὶ
3569 1533 3679 1601 βίον
3707 1533 3898 1584 ἰδιωτι-

2315 1623 2409 1674 κὸν
2435 1621 2950 1694 προαναφωνούσης.
2981 1622 3135 1676 Οῢτω
3165 1621 3295 1690 γοῦν
3311 1622 3577 1692 εἰώθαμεν
3605 1623 3780 1689 λέγειν
3812 1623 3897 1674 ἐκ·

2313 1715 2654 1767 πεπτωκέναι
2695 1714 2784 1767 τὸν
2819 1712 3087 1779 πλούσιον,
3105 1714 3324 1767 ἐπειδὰν
3357 1715 3430 1776 εἰς
3463 1715 3698 1784 ἐσχάτην
3728 1714 3894 1786 ἐλάσῃ

2317 1805 2524 1856 πενίαν·
2573 1805 2782 1859 καὶτὸν
2813 1805 3047 1876 ἔντιμον,
3091 1806 3309 1860 ἐπειδὰν
3342 1799 3402 1858 οὗ
3448 1809 3693 1876 μετεῖχεν
3732 1806 3897 1872 ἀξιώ-

2318 1912 2482 1964 ματος
2518 1894 2778 1964 στερηθῇ.
2814 1896 2886 1948 Οὑ
2922 1895 3028 1966 γάρ
3061 1894 3124 1945 σὺ
3155 1894 3379 1963 βελτίων
3401 1890 3452 1946 εἴ
3489 1895 3593 1946 τῶν
3621 1895 3754 1948 υἱῶν
3797 1897 3898 1947 Ἰσ-

2318 1988 2451 2057 ραὴλ
2487 1989 2580 2041 καὶ
2600 1987 2699 2056 τῆς
2729 1988 2884 2059 δόξης
2919 1988 3114 2040 αὐτῶν.
3155 1988 3216 2039 Εἰ
3242 1988 3352 2058 γὰρ
3383 1991 3410 2040 ό
3439 1988 3606 2041 πάλαι
3639 1989 3733 2041 τοῦ
3757 1989 3896 2042 Θεοῦ

2314 2074 2660 2146 χρηματίζων
2690 2077 2814 2140 λαὸς
2844 2079 2898 2128 ἐν
2928 2081 3036 2140 τοῖς
3063 2077 3373 2146 λεγομένοις
3404 2079 3616 2147 χρόνοις
3647 2081 3899 2146 ἐκπεσεῖ-

2313 2185 2399 2220 ται
2429 2168 2522 2220 τοῦ
2549 2169 2745 2221 οἰκείου
2774 2169 3102 2239 ἀξιώματος,
3124 2186 3216 2220 και
3237 2169 3334 2237 τῆς
3375 2170 3541 2223 πάλαι
3568 2172 3697 2242 παρ’
3713 2171 3899 2233 αὐτοῖς

2313 2261 2732 2330 πολιτευομένης
2773 2261 3097 2329 αὐτονομίας
3143 2261 3235 2312 καὶ
3281 2261 3659 2328 βασιλείαςοού
3695 2263 3802 2332 χρή
3838 2279 3900 2313 σε

2310 2350 2406 2420 τὴν
2439 2352 2725 2419 Δαμασκὸν
2758 2350 2825 2402 τά
2845 2352 3002 2420 ὅμοια
3038 2351 3348 2419 πάσχουσαν
3367 2351 3712 2417 ἀγανακτεῖν.

2379 2462 2396 2493 ι
2433 2443 2570 2496 Τάδε
2604 2444 2751 2510 λέγει
2781 2443 2983 2512 Κύριος
3023 2441 3268 2494 Σαϐαὼθ·
3303 2439 3501 2494 Ἔσται
3526 2444 3584 2494 ἐν
3615 2445 3682 2512 τῇ
3711 2442 3902 2512 ἡμέρᾳ

2309 2535 2487 2606 ἐκείνῃ
2516 2534 2752 2601 ἔκλειψις
2782 2534 2880 2602 τῆς
2919 2531 3074 2601 δόξης
3128 2530 3337 2582 Ἰακώϐ·
3385 2532 3479 2584 καὶ
3509 2532 3574 2583 τά
3605 2532 3766 2583 πίονα
3798 2532 3901 2602 τῆς

2307 2627 2461 2696 δόξης
2494 2624 3054 2692 αύτοῦισεισθήσεται.
3097 2640 3113 2671 ι
3151 2622 3260 2673 Καὶ
3300 2622 3396 2674 θέα
3428 2624 3575 2685 ὅπως
3607 2623 3706 2674 οὐκ
3738 2622 3900 2674 avai-

2310 2737 2456 2790 ρεσιν
2499 2717 2732 2787 παντελῆ
2764 2716 2858 2768 τοῦ
2905 2715 3088 2775 ἔθνους
3131 2713 3406 2782 σημαίνει,
3441 2712 3576 2764 ἀλλὰ
3607 2713 3705 2782 τῆς
3731 2711 3897 2779 δόξης

2306 2813 2502 2875 αὐτῶν,
2537 2809 2600 2881 ἧς
2635 2812 2878 2879 μετεῖχον
2927 2809 3207 2878 πρότερον,
3240 2807 3577 2873 καθαίρεσιν.
3619 2804 3789 2856 Πίονα
3835 2804 3899 2856 δὲ

2305 2900 2371 2973 ἦν
2402 2905 2497 2973 τῆς
2544 2903 2632 2954 τοῦ
2659 2903 2923 2973 προτέρου
2969 2900 3097 2952 λαοῦ
3128 2899 3339 2968 δόξηςή
3374 2896 3658 2967 ἱερωσύνη,
3715 2895 3810 2948 καὶ
3861 2897 3898 2964 ἠ

2309 2991 2574 3063 βασιλεία,
2606 2993 2666 3042 τό
2695 3008 2754 3043 τε
2798 2992 2951 3058 ἆγιον
2982 2986 3134 3060 ᾆσμα
3179 2989 3271 3041 καὶ
3308 2989 3340 3055 ἡ
3388 2986 3529 3039 κατὰ
3567 2985 3767 3054 νόμους
3796 2983 3895 3035 λα-

2305 3087 2478 3156 τρεία,
2503 3085 2536 3154 ἦ
2566 3101 2625 3135 τε
2655 3085 2962 3153 προφητικὴ
2987 3081 3163 3152 χάρις,
3195 3080 3287 3133 καὶ
3322 3081 3355 3148 ὴ
3381 3078 3474 3129 τοῦ
3506 3077 3690 3138 ἔθνους
3723 3077 3882 3127 ἐλευ-

2307 3178 2480 3247 θερία,
2517 3177 2608 3228 καὶ
2637 3177 2736 3228 ὅσα
2777 3175 2909 3229 ἄλλα
2953 3175 3101 3246 παρὰ
3136 3173 3214 3243 τῷ
3254 3171 3523 3224 Ἰουδαίων
3552 3171 3713 3223 ἔθνει·
3746 3172 3901 3241 άπερ

2310 3269 2515 3338 ἁθρόως
2548 3264 2943 3335 σεισθήσεσθαι,
2979 3267 3070 3317 καὶ
3099 3263 3378 3323 παντελῶς
3418 3260 3688 3327 ἐκλείψειν
3742 3278 3889 3331 προ-

2310 3355 2561 3427 αγορεύει
2605 3356 2633 3406 ὁ
2675 3354 2848 3422 λόγος.

2388 3468 2406 3500 ι
2444 3448 2553 3502 Καὶ
2591 3448 2742 3499 ἔσται
2785 3447 2842 3498 ὃν
2886 3448 3082 3517 τρόπον
3112 3447 3204 3497 ἐάν
3237 3461 3320 3506 τις
3363 3445 3642 3515 συναγάγῃ
3682 3443 3900 3512 άμητὸν

2309 3536 2593 3605 ἑστηκότα,
2650 3537 2740 3588 καὶ
2792 3536 3009 3604 σπέρμα
3050 3533 3296 3604 σταχύων
3330 3535 3537 3604 άμήσῃ.
3582 3533 3693 3585 Καὶ
3737 3533 3902 3586 ἔσται

2307 3630 2364 3681 ὃν
2398 3629 2594 3698 τρόπον
2619 3629 2713 3679 ἐάν
2739 3643 2822 3688 τις
2859 3627 3139 3698 συναγάγῃ
3171 3626 3370 3694 στάχυν
3411 3627 3467 3676 ἐν
3496 3625 3737 3694 φάραγγι
3771 3641 3903 3675 στε-

2311 3725 2425 3793 ρεᾷ,
2461 3723 2554 3774 καὶ
2575 3720 2905 3788 καταλειφθῇ
2942 3722 2997 3770 ἐν
3039 3719 3174 3786 αὐτῇ
3211 3717 3452 3785 καλάμη.
3495 3735 3513 3766 ›
3547 3717 3634 3777 Ὡς
3672 3715 3782 3786 γάρ
3834 3716 3900 3766 ἐν

2307 3812 2502 3883 ἁμητῷ
2548 3811 2866 3878 συνάγονται
2897 3810 2992 3878 μὲν
3020 3810 3067 3859 οξ
3119 3808 3367 3875 στάχυες,
3405 3804 3793 3858 καταλείπεται
3836 3805 3902 3857 δὲ

2309 3907 2364 3957 ἐν
2487 3903 2640 3974 χώρᾳ
2692 3901 2912 3970 καλάμη
2958 3898 3106 3968 ψιλή·
3145 3899 3287 3951 οὕτω
3324 3899 3486 3968 φησὶν
3533 3895 3749 3949 ἔσεσθαι
3800 3896 3902 3948 τὸν

2322 3997 2584 4050 Ἰουδαίων
2641 3993 2789 4056 λαὸν,
2824 3991 3205 4062 άποτμηθέντα
3246 3991 3343 4060 μὲν
3389 3988 3496 4042 τῶν
3540 3987 3705 4040 πάλαι
3755 3990 3899 4058 παρ’

2309 4090 2487 4149 αὐτοῖς
2513 4085 2778 4153 σταχύων,
2809 4083 2974 4152 μόνης
3007 4081 3062 4132 δὲ
3090 4081 3187 4149 τῆς
3211 4079 3462 4150 καλάμης
3488 4081 3544 4130 ἐν
3572 4078 3754 4141 αὐτοῖς
3790 4095 3899 4130 και

2309 4173 2700 4243 ταλειφθείσης.
2757 4173 2817 4223 Εἰ
2864 4171 2919 4221 δὲ
2966 4170 3056 4222 καί
3096 4170 3196 4220 πού
3237 4186 3319 4231 τις
3363 4166 3556 4236 εὑρεθῇ
3607 4168 3664 4218 ἐν
3702 4166 3899 4230 αὐτοῖς

2309 4268 2452 4331 ἄξιος
2484 4268 2662 4333 λόγου,
2712 4262 3193 4332 παραϐληθήσεται
3221 4254 3374 4321 οὗτος
3402 4259 3610 4327 στάχυϊ,
3652 4256 3778 4326 οὐχὶ
3832 4259 3899 4309 ἐν

2307 4360 2382 4429 τῷ
2407 4358 2566 4428 πεδίῳ
2606 4356 2783 4425 φύντι,
2827 4355 2938 4406 ἀλλ’
2979 4355 3036 4404 ἐν
3078 4353 3279 4405 κοιλάδι
3321 4353 3410 4404 καὶ
3449 4353 3692 4422 φάραγγι
3715 4366 3898 4404 κατα-

2312 4453 2454 4523 ξήρῳ
2501 4452 2595 4503 καὶ
2644 4448 2854 4518 στερεᾷ.
2900 4444 3196 4515 Δηλοῦσθαι
3235 4445 3292 4496 δὲ
3327 4440 3480 4513 οἶμαι
3508 4441 3592 4494 διὰ
3625 4440 3720 4493 τοῦ
3753 4443 3896 4494 στάν

646 4538 778 4591 toris
839 4537 1046 4598 nostri,
1100 4536 1162 4590 de
1229 4551 1335 4604 quo
1391 4537 1700 4605 superius"
1764 4538 2115 4602 dicebatur,r
2149 4539 2204 4590 Et

2316 4559 2440 4612 χυος
2469 4541 2558 4593 τὸν
2583 4539 2739 4610 χορὸν
2772 4537 2878 4590 τῶν
2907 4537 2999 4588 τοῦ
3031 4536 3281 4604 Σωτῆρος
3310 4533 3466 4604 ἡμῶν
3503 4531 3758 4603 μαθητῶν
3795 4533 3900 4585 καὶ

647 4631 752 4683 nisi
777 4629 1028 4682 Dominus
1050 4628 1282 4682 Sabaoth
1307 4631 1614 4698 reliquisset
1641 4630 1795 4684 nobis
1816 4646 2022 4694 semen,
2047 4631 2199 4698 quasi

649 4721 878 4776 Sodoma
907 4718 1215 4784 fuissemus,
1246 4734 1299 4775 et
1326 4722 1476 4789 quasi
1510 4722 1815 4777 Gomorrha
1843 4722 2045 4775 similes
2074 4722 2198 4775 facti

647 4826 904 4866 essemus.
943 4829 961 4861 ι

718 5012 736 5044 ι
774 4995 879 5048 Aul
907 5005 1156 5061 tanquam
1191 5009 1356 5062 grana
1393 4993 1546 5045 oliva:
1571 4994 1674 5047 duo
1707 4992 1787 5046 vel
1823 4994 1922 5044 tria
1962 4993 2023 5044 ad
2064 5007 2204 5044 sum-

643 5087 880 5138 mitatem
925 5086 1228 5146 sublimem,
1267 5086 1347 5137 vel
1389 5095 1617 5150 quatuor
1644 5084 1723 5136 vel
1756 5085 1995 5152 quinque
2032 5083 2080 5134 in
2113 5099 2196 5134 ra-

645 5176 744 5228 mis
785 5190 968 5228 eorum
1016 5175 1201 5227 relicta
1244 5174 1460 5226 fuerint.
1499 5192 1515 5223 ι
1557 5173 1785 5227 Tantam
1831 5176 2029 5244 quippe
2085 5174 2201 5227 fore

644 5269 716 5317 ait
742 5266 1052 5333 eorum.qui
1079 5281 1143 5318 ex
1173 5266 1364 5318 Israele
1389 5266 1700 5332 superstites
1726 5277 1900 5326 erunt,
1924 5266 2196 5319 raritatem

645 5365 695 5410 in
732 5371 970 5428 tempore
995 5400 1009 5424 ,
1041 5363 1178 5429 quod
1222 5361 1271 5412 in
1316 5359 1590 5427 prephctia
1639 5370 1872 5422 notatur,
1924 5371 1980 5412 ut
2011 5375 2197 5412 omnes

645 5451 802 5515 spica‘
836 5451 923 5502 uni
963 5451 1258 5517 comparari
1295 5449 1501 5517 possint
1534 5467 1546 5509 ;
1594 5464 1685 5501 eos
1721 5459 1896 5502 autem
1931 5453 2017 5518 qui
2060 5466 2196 5519 prm-

649 5543 936 5594 slantiores
965 5543 1102 5608 apud
1138 5541 1252 5593 illos
1275 5553 1470 5604 erunt,
1507 5539 1617 5591 fore
1654 5540 1809 5607 quasi
1839 5543 1941 5594 duo
1977 5542 2060 5595 vel
2097 5543 2196 5593 tria

645 5648 808 5698 grana
844 5634 992 5684 oliva:
1040 5634 1090 5683 in
1127 5635 1432 5686 summitate
1480 5632 1712 5687 sublimi.
1749 5632 1912 5698 Qucis
1947 5633 2195 5688 subindi—

710 5810 745 5833 ’λ
773 5808 895 5872 Cap.
925 5825 958 5867 ι,
998 5824 1114 5862 vers
1174 5815 1223 5860 ’,⁸.

2308 4631 2718 4701 εὑαγγελιστῶν,
2746 4629 2870 4699 περὶ
2903 4622 2962 4679 οὗ
2993 4627 3158 4679 καὶέν
3178 4627 3287 4686 τοῖς
3310 4623 3614 4694 ἔμπροσθεν
3643 4623 3893 4692 ἐλέγετο·

2317 4744 2333 4773 ι
2366 4724 2470 4775 Καὶ
2497 4722 2637 4791 εἰμὴ
2674 4719 2871 4789 Κύριος
2901 4714 3125 4768 Σαϐαὼθ
3161 4714 3514 4782 ἐγκατέλιπεν
3550 4715 3680 4782 ἡμῖν
3713 4714 3893 4784 σπέρ-

2316 4834 2406 4886 μα,
2435 4817 2508 4877 ὡς
2537 4814 2746 4882 Σόδομα
2776 4810 2840 4862 ἂν
2884 4808 3243 4878 ἐγενήθημεν,
3287 4807 3380 4868 καὶ
3415 4806 3490 4868 ὡς
3523 4806 3777 4875 Γόμορρα
3821 4806 3899 4858 ἂν

2309 4901 2690 4971 ὡμοιώθημεν.
2733 4920 2748 4947 ι

2386 5015 2401 5042 ι
2443 4995 2511 5044 Ἢ
2544 4994 2618 5053 ὡς
2642 4991 2813 5061 ρῶγες
2845 4988 3028 5050 ἐλαίας
3072 4987 3161 5039 δύο
3193 4987 3224 5057 ἧ
3261 4992 3408 5054 τρεῖς
3440 4989 3522 5040 ἐπ’
3555 4986 3726 5056 ἄκρου
3787 5004 3890 5057 με-

2309 5083 2529 5154 τεώρου,
2566 5083 2598 5152 ἦ
2630 5081 2910 5149 τέσσαρες,
2948 5077 2980 5146 ἢ
3021 5076 3179 5128 πέντε
3209 5080 3301 5128 ἐπὶ
3327 5077 3434 5128 τῶν
3470 5076 3678 5128 κλάδων
3703 5077 3895 5130 αὐτῶν

2308 5173 2719 5242 καταλειφθῶσι.
2767 5190 2783 5220 ι
2810 5169 3085 5237 Τοσαύτην
3110 5170 3216 5237 γάρ
3246 5183 3407 5236 φησιν
3439 5166 3653 5218 ἔσεσθαι
3683 5166 3891 5220 σπάνιν

2306 5267 2409 5318 τῶν
2436 5269 2498 5318 ἐκ
2530 5263 2620 5316 τοῦ
2662 5261 2875 5331 Ἰσραὴλ
2911 5261 3301 5330 σωθησομένων
3335 5256 3473 5309 κατὰ
3499 5258 3624 5319 τοὺς
3653 5258 3891 5327 χρόνους

2304 5359 2395 5420 οὒς
2485 5355 2786 5427 προφητεία
2822 5353 3094 5423 σημαίνει,
3121 5353 3194 5413 ὡς
3211 5352 3289 5403 ἐνὶ
3314 5352 3504 5418 στάχυϊ
3537 5351 3890 5420 παραϐάλλε-

2308 5449 2428 5501 σθαι
2454 5449 2578 5510 τοὺς
2612 5446 2834 5507 πάντας·
2860 5445 2982 5506 τοὺς
3009 5443 3063 5494 δὲ
3083 5444 3140 5494 ἐν
3165 5444 3344 5504 αὐτοῖς
3358 5440 3668 5510 ἐξαιρέτους
3693 5442 3881 5492 τοσού-

2303 5558 2424 5603 τους
2482 5536 2696 5590 ἕσεσθαί
2739 5553 2908 5599 τινας,
2947 5535 3134 5604 ὥσπερ
3177 5535 3224 5584 εἰ
3271 5534 3450 5603 ῥῶγας
3493 5532 3679 5593 ἐλαίας
3707 5533 3804 5583 δύο
3851 5535 3892 5603 ἢ

2303 5635 2448 5701 τρεῖς
2499 5631 2623 5690 τοὺς
2678 5630 2762 5679 ἐπ’
2802 5628 2970 5698 ἄκρου
3021 5623 3317 5696 μετεώρου,
3371 5622 3739 5692 αἰνιττομένου
3790 5623 3888 5674 τοῦ
