  <div class='ocr_page' id='page_1' title='image "/cluster/home/n/w/nwhite01/storage/ocr_20150623/24/ien.35556001660497/116.png"; bbox 0 0 4042 6398; ppageno 0'>
   <div class='ocr_carea' id='block_1_1' title="bbox 163 409 258 466">
    <p class='ocr_par' dir='ltr' id='par_1_1' title="bbox 163 409 258 466">
     <span class='ocr_line' id='line_1_1' title="bbox 163 409 258 466; baseline 0 0"><span class='ocrx_word' id='word_1_1' title='bbox 163 409 258 466; x_wconf 63' lang='lat'><strong>209</strong></span> 
     </span>
    </p>
   </div>
   <div class='ocr_carea' id='block_1_2' title="bbox 1111 411 2530 476">
    <p class='ocr_par' dir='ltr' id='par_1_2' title="bbox 1111 411 2530 476">
     <span class='ocr_line' id='line_1_2' title="bbox 1111 411 2530 476; baseline 0.006 -8"><span class='ocrx_word' id='word_1_2' title='bbox 1111 411 1619 470; x_wconf 73' lang='lat' dir='ltr'><strong>COMMENTARIA</strong></span> <span class='ocrx_word' id='word_1_3' title='bbox 1661 416 1726 472; x_wconf 79' lang='lat' dir='ltr'><strong>IN</strong></span> <span class='ocrx_word' id='word_1_4' title='bbox 1767 416 2026 474; x_wconf 76' lang='lat' dir='ltr'><strong>ISAIAM.</strong></span> <span class='ocrx_word' id='word_1_5' title='bbox 2063 449 2134 460; x_wconf 95' lang='lat'><strong>—</strong></span> <span class='ocrx_word' id='word_1_6' title='bbox 2169 419 2321 474; x_wconf 82' lang='lat' dir='ltr'><strong>CAP.</strong></span> <span class='ocrx_word' id='word_1_7' title='bbox 2364 418 2530 476; x_wconf 79' lang='lat' dir='ltr'><strong>XVII.</strong></span> 
     </span>
    </p>
   </div>
   <div class='ocr_carea' id='block_1_3' title="bbox 3323 425 3428 472">
    <p class='ocr_par' dir='ltr' id='par_1_3' title="bbox 3323 425 3428 472">
     <span class='ocr_line' id='line_1_3' title="bbox 3323 425 3428 472; baseline 0.01 -1"><span class='ocrx_word' id='word_1_8' title='bbox 3323 425 3428 472; x_wconf 73' lang='lat' dir='ltr'><strong>‘le</strong></span> 
     </span>
    </p>
   </div>
   <div class='ocr_carea' id='block_1_4' title="bbox 161 517 1729 604">
    <p class='ocr_par' dir='ltr' id='par_1_4' title="bbox 161 523 1729 600">
     <span class='ocr_line' id='line_1_4' title="bbox 161 523 1729 600; baseline 0.005 -24"><span class='ocrx_word' id='word_1_9' title='bbox 161 527 312 592; x_wconf 79' lang='grc' dir='ltr'>ὶογου</span> <span class='ocrx_word' id='word_1_10' title='bbox 353 523 483 587; x_wconf 80' lang='grc' dir='ltr'>τοὺς</span> <span class='ocrx_word' id='word_1_11' title='bbox 507 524 845 594; x_wconf 81' lang='grc' dir='ltr'>ἀκροτάτους</span> <span class='ocrx_word' id='word_1_12' title='bbox 868 524 976 578; x_wconf 81' lang='grc' dir='ltr'>τῶν</span> <span class='ocrx_word' id='word_1_13' title='bbox 1007 523 1341 591; x_wconf 76' lang='grc' dir='ltr'>ἀποστόλων,</span> <span class='ocrx_word' id='word_1_14' title='bbox 1372 528 1466 592; x_wconf 82' lang='grc' dir='ltr'><strong>οῦς</strong></span> <span class='ocrx_word' id='word_1_15' title='bbox 1492 531 1620 583; x_wconf 87' lang='grc' dir='ltr'>ποτὲ</span> <span class='ocrx_word' id='word_1_16' title='bbox 1644 532 1729 600; x_wconf 61' lang='grc' dir='ltr'>μέκ</span> 
     </span>
    </p>
   </div>
   <div class='ocr_carea' id='block_1_5' title="bbox 1838 517 3428 604">
    <p class='ocr_par' dir='ltr' id='par_1_5' title="bbox 1845 517 3428 604">
     <span class='ocr_line' id='line_1_5' title="bbox 1845 517 3428 604; baseline -0.001 -16"><span class='ocrx_word' id='word_1_17' title='bbox 1845 544 2042 588; x_wconf 91' lang='lat' dir='ltr'><strong>cantur</strong></span> <span class='ocrx_word' id='word_1_18' title='bbox 2069 533 2438 602; x_wconf 72' lang='lat' dir='ltr'><strong>apostolorum</strong></span> <span class='ocrx_word' id='word_1_19' title='bbox 2469 529 2751 604; x_wconf 71' lang='lat' dir='ltr'><strong>pmcipui,</strong></span> <span class='ocrx_word' id='word_1_20' title='bbox 2773 543 2913 600; x_wconf 88' lang='lat' dir='ltr'><strong>quos</strong></span> <span class='ocrx_word' id='word_1_21' title='bbox 2941 517 3238 600; x_wconf 74' lang='lat' dir='ltr'><strong>aliquando</strong></span> <span class='ocrx_word' id='word_1_22' title='bbox 3271 531 3428 586; x_wconf 89' lang='lat' dir='ltr'><strong>binos</strong></span> 
     </span>
    </p>
   </div>
   <div class='ocr_carea' id='block_1_6' title="bbox 161 611 1736 693">
    <p class='ocr_par' dir='ltr' id='par_1_6' title="bbox 161 611 1736 693">
     <span class='ocr_line' id='line_1_6' title="bbox 161 611 1736 693; baseline 0.006 -29"><span class='ocrx_word' id='word_1_23' title='bbox 161 611 292 665; x_wconf 73' lang='grc' dir='ltr'>κατὰ</span> <span class='ocrx_word' id='word_1_24' title='bbox 322 611 586 680; x_wconf 78' lang='grc' dir='ltr'><strong>συζυγίαν</strong></span> <span class='ocrx_word' id='word_1_25' title='bbox 611 615 638 664; x_wconf 88' lang='grc' dir='ltr'><strong>ό</strong></span> <span class='ocrx_word' id='word_1_26' title='bbox 661 613 852 684; x_wconf 82' lang='grc' dir='ltr'>Σωτὴρ</span> <span class='ocrx_word' id='word_1_27' title='bbox 886 617 1298 688; x_wconf 83' lang='grc' dir='ltr'>προσεκαλεῖτο,</span> <span class='ocrx_word' id='word_1_28' title='bbox 1327 620 1454 671; x_wconf 87' lang='grc' dir='ltr'>ποτὲ</span> <span class='ocrx_word' id='word_1_29' title='bbox 1490 621 1546 673; x_wconf 85' lang='grc' dir='ltr'>δὲ</span> <span class='ocrx_word' id='word_1_30' title='bbox 1570 625 1736 693; x_wconf 86' lang='grc' dir='ltr'>τρεῖς·</span> 
     </span>
    </p>
   </div>
   <div class='ocr_carea' id='block_1_7' title="bbox 156 703 1741 785">
    <p class='ocr_par' dir='ltr' id='par_1_7' title="bbox 156 703 1741 785">
     <span class='ocr_line' id='line_1_7' title="bbox 156 703 1741 785; baseline 0.006 -29"><span class='ocrx_word' id='word_1_31' title='bbox 156 703 242 767; x_wconf 74' lang='grc' dir='ltr'>οὓς</span> <span class='ocrx_word' id='word_1_32' title='bbox 274 707 306 776; x_wconf 79' lang='grc' dir='ltr'><strong>ἡ</strong></span> <span class='ocrx_word' id='word_1_33' title='bbox 340 706 533 775; x_wconf 81' lang='grc' dir='ltr'>Γραφὴ</span> <span class='ocrx_word' id='word_1_34' title='bbox 556 704 650 757; x_wconf 92' lang='grc' dir='ltr'><strong>τοῦ</strong></span> <span class='ocrx_word' id='word_1_35' title='bbox 680 706 1014 774; x_wconf 80' lang='grc' dir='ltr'>Εὑαγγελίου</span> <span class='ocrx_word' id='word_1_36' title='bbox 1030 708 1300 763; x_wconf 79' lang='grc' dir='ltr'><strong>ἐκλεκτῶν</strong></span> <span class='ocrx_word' id='word_1_37' title='bbox 1324 711 1741 785; x_wconf 84' lang='grc' dir='ltr'>ἐκλεκτοτέρους</span> 
     </span>
    </p>
   </div>
   <div class='ocr_carea' id='block_1_8' title="bbox 154 799 1742 870">
    <p class='ocr_par' dir='ltr' id='par_1_8' title="bbox 154 799 1742 870">
     <span class='ocr_line' id='line_1_8' title="bbox 154 799 1742 870; baseline 0.006 -21"><span class='ocrx_word' id='word_1_38' title='bbox 154 800 434 869; x_wconf 73' lang='grc' dir='ltr'>εἰσήγαγεο</span> <span class='ocrx_word' id='word_1_39' title='bbox 473 799 618 868; x_wconf 88' lang='grc' dir='ltr'>λέγω</span> <span class='ocrx_word' id='word_1_40' title='bbox 646 800 708 870; x_wconf 83' lang='grc' dir='ltr'>δὴ</span> <span class='ocrx_word' id='word_1_41' title='bbox 752 801 959 870; x_wconf 81' lang='grc' dir='ltr'><strong>Πέτρον</strong></span> <span class='ocrx_word' id='word_1_42' title='bbox 994 804 1084 856; x_wconf 74' lang='grc' dir='ltr'><strong>καὶ</strong></span> <span class='ocrx_word' id='word_1_43' title='bbox 1134 804 1389 857; x_wconf 77' lang='grc' dir='ltr'>Ἰάκωϐον</span> <span class='ocrx_word' id='word_1_44' title='bbox 1433 807 1526 858; x_wconf 73' lang='grc' dir='ltr'>καὶ</span> <span class='ocrx_word' id='word_1_45' title='bbox 1569 806 1742 858; x_wconf 82' lang='grc' dir='ltr'>Ἰωάν-</span> 
     </span>
    </p>
   </div>
   <div class='ocr_carea' id='block_1_9' title="bbox 154 892 1740 968">
    <p class='ocr_par' dir='ltr' id='par_1_9' title="bbox 154 892 1740 968">
     <span class='ocr_line' id='line_1_9' title="bbox 154 892 1740 968; baseline 0.004 -25"><span class='ocrx_word' id='word_1_46' title='bbox 154 909 264 963; x_wconf 88' lang='grc' dir='ltr'>νην,</span> <span class='ocrx_word' id='word_1_47' title='bbox 297 892 394 954; x_wconf 82' lang='grc' dir='ltr'><strong>οὒς</strong></span> <span class='ocrx_word' id='word_1_48' title='bbox 434 895 527 945; x_wconf 75' lang='grc' dir='ltr'>ἐπὶ</span> <span class='ocrx_word' id='word_1_49' title='bbox 557 893 617 946; x_wconf 92' lang='grc' dir='ltr'><strong>τὸ</strong></span> <span class='ocrx_word' id='word_1_50' title='bbox 658 895 784 964; x_wconf 82' lang='grc' dir='ltr'>ὅρος</span> <span class='ocrx_word' id='word_1_51' title='bbox 815 895 1058 965; x_wconf 80' lang='grc' dir='ltr'><strong>ἀνήγαγε</strong></span> <span class='ocrx_word' id='word_1_52' title='bbox 1101 897 1314 966; x_wconf 86' lang='grc' dir='ltr'><strong>μόνους,</strong></span> <span class='ocrx_word' id='word_1_53' title='bbox 1359 899 1740 968; x_wconf 84' lang='grc' dir='ltr'>ίστορήσοντας</span> 
     </span>
    </p>
   </div>
   <div class='ocr_carea' id='block_1_10' title="bbox 151 984 1739 1059">
    <p class='ocr_par' dir='ltr' id='par_1_10' title="bbox 151 984 1739 1059">
     <span class='ocr_line' id='line_1_10' title="bbox 151 984 1739 1059; baseline 0.003 -24"><span class='ocrx_word' id='word_1_54' title='bbox 151 988 246 1052; x_wconf 85' lang='grc' dir='ltr'>τὴν</span> <span class='ocrx_word' id='word_1_55' title='bbox 273 984 702 1054; x_wconf 77' lang='grc' dir='ltr'>μεταμόρφωσιν</span> <span class='ocrx_word' id='word_1_56' title='bbox 721 988 907 1048; x_wconf 81' lang='grc' dir='ltr'>αὐτοῦ,</span> <span class='ocrx_word' id='word_1_57' title='bbox 931 989 1024 1041; x_wconf 75' lang='grc' dir='ltr'>καὶ</span> <span class='ocrx_word' id='word_1_58' title='bbox 1053 989 1145 1040; x_wconf 81' lang='grc' dir='ltr'>ἐπὶ</span> <span class='ocrx_word' id='word_1_59' title='bbox 1178 989 1274 1059; x_wconf 87' lang='grc' dir='ltr'><strong>τῆς</strong></span> <span class='ocrx_word' id='word_1_60' title='bbox 1294 988 1739 1059; x_wconf 80' lang='grc' dir='ltr'>ἀναϐιωσκούσης</span> 
     </span>
    </p>
   </div>
   <div class='ocr_carea' id='block_1_11' title="bbox 151 1076 1738 1151">
    <p class='ocr_par' dir='ltr' id='par_1_11' title="bbox 151 1076 1738 1151">
     <span class='ocr_line' id='line_1_11' title="bbox 151 1076 1738 1151; baseline 0.003 -23"><span class='ocrx_word' id='word_1_61' title='bbox 151 1076 422 1146; x_wconf 86' lang='grc' dir='ltr'>θυγατρὸς</span> <span class='ocrx_word' id='word_1_62' title='bbox 470 1077 564 1129; x_wconf 93' lang='grc' dir='ltr'><strong>τοῦ</strong></span> <span class='ocrx_word' id='word_1_63' title='bbox 602 1077 1054 1148; x_wconf 78' lang='grc' dir='ltr'><strong>ἀρχισυναγώγου</strong></span> <span class='ocrx_word' id='word_1_64' title='bbox 1093 1080 1368 1149; x_wconf 85' lang='grc' dir='ltr'>παρέλαϐε</span> <span class='ocrx_word' id='word_1_65' title='bbox 1407 1080 1540 1151; x_wconf 74' lang='grc'>(20).</span> <span class='ocrx_word' id='word_1_66' title='bbox 1582 1082 1645 1134; x_wconf 79' lang='grc' dir='ltr'><strong>Οἱ</strong></span> <span class='ocrx_word' id='word_1_67' title='bbox 1682 1081 1738 1133; x_wconf 89' lang='grc' dir='ltr'><strong>δέ</strong></span> 
     </span>
    </p>
   </div>
   <div class='ocr_carea' id='block_1_12' title="bbox 147 1170 1739 1244">
    <p class='ocr_par' dir='ltr' id='par_1_12' title="bbox 147 1170 1739 1244">
     <span class='ocr_line' id='line_1_12' title="bbox 147 1170 1739 1244; baseline 0.002 -23"><span class='ocrx_word' id='word_1_68' title='bbox 147 1170 323 1224; x_wconf 79' lang='grc' dir='ltr'>λοιποὶ</span> <span class='ocrx_word' id='word_1_69' title='bbox 352 1171 506 1241; x_wconf 79' lang='grc' dir='ltr'><strong>παρά</strong></span> <span class='ocrx_word' id='word_1_70' title='bbox 538 1173 664 1235; x_wconf 81' lang='grc' dir='ltr'>τοὺς</span> <span class='ocrx_word' id='word_1_71' title='bbox 697 1176 847 1243; x_wconf 83' lang='grc' dir='ltr'>τρεῖς</span> <span class='ocrx_word' id='word_1_72' title='bbox 874 1173 1094 1236; x_wconf 83' lang='grc' dir='ltr'>τούτους</span> <span class='ocrx_word' id='word_1_73' title='bbox 1127 1175 1175 1225; x_wconf 76' lang='grc' dir='ltr'>οἱ</span> <span class='ocrx_word' id='word_1_74' title='bbox 1208 1174 1469 1244; x_wconf 82' lang='grc' dir='ltr'>τέσσαρές</span> <span class='ocrx_word' id='word_1_75' title='bbox 1499 1176 1604 1226; x_wconf 78' lang='grc' dir='ltr'>εἱσι</span> <span class='ocrx_word' id='word_1_76' title='bbox 1645 1174 1739 1227; x_wconf 74' lang='grc' dir='ltr'><strong>καὶ</strong></span> 
     </span>
    </p>
   </div>
   <div class='ocr_carea' id='block_1_13' title="bbox 149 1261 1738 1336">
    <p class='ocr_par' dir='ltr' id='par_1_13' title="bbox 149 1261 1738 1336">
     <span class='ocr_line' id='line_1_13' title="bbox 149 1261 1738 1336; baseline 0.005 -23"><span class='ocrx_word' id='word_1_77' title='bbox 149 1261 331 1324; x_wconf 79' lang='grc' dir='ltr'>πέντε,</span> <span class='ocrx_word' id='word_1_78' title='bbox 367 1263 462 1314; x_wconf 73' lang='grc' dir='ltr'>καὶ</span> <span class='ocrx_word' id='word_1_79' title='bbox 495 1263 620 1325; x_wconf 78' lang='grc' dir='ltr'>τοὺς</span> <span class='ocrx_word' id='word_1_80' title='bbox 646 1264 922 1336; x_wconf 73' lang='grc' dir='ltr'>τέσσαρας</span> <span class='ocrx_word' id='word_1_81' title='bbox 960 1267 1054 1319; x_wconf 76' lang='grc' dir='ltr'>καὶ</span> <span class='ocrx_word' id='word_1_82' title='bbox 1101 1269 1226 1330; x_wconf 75' lang='grc' dir='ltr'>τοὺς</span> <span class='ocrx_word' id='word_1_83' title='bbox 1267 1268 1446 1334; x_wconf 81' lang='grc' dir='ltr'>πέντε,</span> <span class='ocrx_word' id='word_1_84' title='bbox 1476 1268 1608 1321; x_wconf 83' lang='grc' dir='ltr'><strong>δέκα</strong></span> <span class='ocrx_word' id='word_1_85' title='bbox 1646 1270 1738 1321; x_wconf 76' lang='grc' dir='ltr'>καὶ</span> 
     </span>
    </p>
   </div>
   <div class='ocr_carea' id='block_1_14' title="bbox 147 1350 1738 1428">
    <p class='ocr_par' dir='ltr' id='par_1_14' title="bbox 147 1350 1738 1428">
     <span class='ocr_line' id='line_1_14' title="bbox 147 1350 1738 1428; baseline 0.006 -27"><span class='ocrx_word' id='word_1_86' title='bbox 147 1350 422 1420; x_wconf 85' lang='grc' dir='ltr'>τέσσαρας</span> <span class='ocrx_word' id='word_1_87' title='bbox 449 1352 666 1420; x_wconf 76' lang='grc' dir='ltr'>ποιήσει</span> <span class='ocrx_word' id='word_1_88' title='bbox 689 1354 816 1417; x_wconf 82' lang='grc' dir='ltr'>τοὺς</span> <span class='ocrx_word' id='word_1_89' title='bbox 857 1354 1087 1419; x_wconf 76' lang='grc' dir='ltr'>πάντας,</span> <span class='ocrx_word' id='word_1_90' title='bbox 1119 1350 1194 1410; x_wconf 83' lang='grc' dir='ltr'>ὧν</span> <span class='ocrx_word' id='word_1_91' title='bbox 1226 1355 1437 1411; x_wconf 82' lang='grc' dir='ltr'>δώδεκα</span> <span class='ocrx_word' id='word_1_92' title='bbox 1485 1357 1585 1428; x_wconf 85' lang='grc' dir='ltr'>μὲν</span> <span class='ocrx_word' id='word_1_93' title='bbox 1614 1359 1738 1421; x_wconf 75' lang='grc' dir='ltr'>τοὺς</span> 
     </span>
    </p>
   </div>
   <div class='ocr_carea' id='block_1_15' title="bbox 149 1441 1737 1512">
    <p class='ocr_par' dir='ltr' id='par_1_15' title="bbox 149 1441 1737 1512">
     <span class='ocr_line' id='line_1_15' title="bbox 149 1441 1737 1512; baseline 0.006 -20"><span class='ocrx_word' id='word_1_94' title='bbox 149 1441 400 1511; x_wconf 79' lang='grc' dir='ltr'>πρώτους</span> <span class='ocrx_word' id='word_1_95' title='bbox 445 1443 776 1508; x_wconf 84' lang='grc' dir='ltr'>ἀποστόλους</span> <span class='ocrx_word' id='word_1_96' title='bbox 811 1446 983 1512; x_wconf 76' lang='grc' dir='ltr'>εἴποις</span> <span class='ocrx_word' id='word_1_97' title='bbox 1027 1447 1094 1502; x_wconf 86' lang='grc' dir='ltr'>ἂν</span> <span class='ocrx_word' id='word_1_98' title='bbox 1120 1444 1281 1510; x_wconf 78' lang='grc' dir='ltr'>εἶναι,</span> <span class='ocrx_word' id='word_1_99' title='bbox 1323 1453 1424 1502; x_wconf 81' lang='grc' dir='ltr'>οὐκ</span> <span class='ocrx_word' id='word_1_100' title='bbox 1445 1449 1651 1503; x_wconf 79' lang='grc' dir='ltr'>ἐλάττω</span> <span class='ocrx_word' id='word_1_101' title='bbox 1681 1450 1737 1502; x_wconf 86' lang='grc' dir='ltr'><strong>δέ</strong></span> 
     </span>
    </p>
   </div>
   <div class='ocr_carea' id='block_1_16' title="bbox 147 1533 1737 1615">
    <p class='ocr_par' dir='ltr' id='par_1_16' title="bbox 147 1533 1737 1615">
     <span class='ocr_line' id='line_1_16' title="bbox 147 1533 1737 1615; baseline 0.006 -31"><span class='ocrx_word' id='word_1_102' title='bbox 147 1533 325 1586; x_wconf 79' lang='grc' dir='ltr'>αὐτῶν</span> <span class='ocrx_word' id='word_1_103' title='bbox 506 1537 707 1608; x_wconf 82' lang='grc' dir='ltr'>ἀρετὴν</span> <span class='ocrx_word' id='word_1_104' title='bbox 749 1539 979 1606; x_wconf 82' lang='grc' dir='ltr'><strong>Παῦλον,</strong></span> <span class='ocrx_word' id='word_1_105' title='bbox 1033 1543 1125 1595; x_wconf 82' lang='grc' dir='ltr'>καὶ</span> <span class='ocrx_word' id='word_1_106' title='bbox 1157 1543 1318 1595; x_wconf 77' lang='grc' dir='ltr'>αὑτὸν</span> <span class='ocrx_word' id='word_1_107' title='bbox 1367 1543 1495 1597; x_wconf 82' lang='grc' dir='ltr'>ὄντα</span> <span class='ocrx_word' id='word_1_108' title='bbox 1539 1544 1737 1615; x_wconf 80' lang='grc' dir='ltr'>κλητὸν</span> 
     </span>
    </p>
   </div>
   <div class='ocr_carea' id='block_1_17' title="bbox 145 1623 1738 1703">
    <p class='ocr_par' dir='ltr' id='par_1_17' title="bbox 145 1623 1738 1703">
     <span class='ocr_line' id='line_1_17' title="bbox 145 1623 1738 1703; baseline 0.008 -27"><span class='ocrx_word' id='word_1_109' title='bbox 145 1623 467 1691; x_wconf 72' lang='grc' dir='ltr'>ἀπόστολον,</span> <span class='ocrx_word' id='word_1_110' title='bbox 518 1629 612 1679; x_wconf 87' lang='grc' dir='ltr'>καὶ</span> <span class='ocrx_word' id='word_1_111' title='bbox 645 1629 736 1681; x_wconf 90' lang='grc' dir='ltr'><strong>τὸν</strong></span> <span class='ocrx_word' id='word_1_112' title='bbox 782 1629 1038 1685; x_wconf 83' lang='grc' dir='ltr'>Ἰάκωϐον</span> <span class='ocrx_word' id='word_1_113' title='bbox 1070 1633 1352 1701; x_wconf 81' lang='grc' dir='ltr'>γεγονέναι</span> <span class='ocrx_word' id='word_1_114' title='bbox 1391 1635 1481 1687; x_wconf 90' lang='grc' dir='ltr'><strong>τὸν</strong></span> <span class='ocrx_word' id='word_1_115' title='bbox 1512 1635 1738 1703; x_wconf 80' lang='grc' dir='ltr'>ἀδελφὸν</span> 
     </span>
    </p>
   </div>
   <div class='ocr_carea' id='block_1_18' title="bbox 143 1716 1737 1797">
    <p class='ocr_par' dir='ltr' id='par_1_18' title="bbox 143 1716 1737 1797">
     <span class='ocr_line' id='line_1_18' title="bbox 143 1716 1737 1797; baseline 0.009 -31"><span class='ocrx_word' id='word_1_116' title='bbox 143 1716 232 1768; x_wconf 84' lang='grc' dir='ltr'><strong>τοῦ</strong></span> <span class='ocrx_word' id='word_1_117' title='bbox 273 1716 506 1786; x_wconf 85' lang='grc' dir='ltr'>Κυρίου,</span> <span class='ocrx_word' id='word_1_118' title='bbox 537 1718 596 1781; x_wconf 84' lang='grc' dir='ltr'>ὃς</span> <span class='ocrx_word' id='word_1_119' title='bbox 626 1719 842 1789; x_wconf 85' lang='grc' dir='ltr'>πρῶτος</span> <span class='ocrx_word' id='word_1_120' title='bbox 868 1723 1168 1788; x_wconf 85' lang='grc' dir='ltr'>ἐπίσκοπος</span> <span class='ocrx_word' id='word_1_121' title='bbox 1189 1725 1287 1796; x_wconf 81' lang='grc' dir='ltr'><strong>τῆς</strong></span> <span class='ocrx_word' id='word_1_122' title='bbox 1350 1725 1737 1797; x_wconf 79' lang='grc' dir='ltr'>Ἱεροσολύμων</span> 
     </span>
    </p>
   </div>
   <div class='ocr_carea' id='block_1_19' title="bbox 158 1806 1739 1890">
    <p class='ocr_par' dir='ltr' id='par_1_19' title="bbox 158 1806 1739 1890">
     <span class='ocr_line' id='line_1_19' title="bbox 158 1806 1739 1890; baseline 0.008 -33"><span class='ocrx_word' id='word_1_123' title='bbox 158 1806 484 1875; x_wconf 84' lang='grc' dir='ltr'>Ἐκκλησίας</span> <span class='ocrx_word' id='word_1_124' title='bbox 509 1809 602 1861; x_wconf 76' lang='grc' dir='ltr'><strong>ὑπ’</strong></span> <span class='ocrx_word' id='word_1_125' title='bbox 632 1811 795 1864; x_wconf 79' lang='grc' dir='ltr'>αὑτοῦ</span> <span class='ocrx_word' id='word_1_126' title='bbox 842 1814 1173 1883; x_wconf 87' lang='grc' dir='ltr'>καταστῆναι</span> <span class='ocrx_word' id='word_1_127' title='bbox 1199 1815 1292 1868; x_wconf 90' lang='grc' dir='ltr'><strong>τοῦ</strong></span> <span class='ocrx_word' id='word_1_128' title='bbox 1318 1817 1569 1889; x_wconf 78' lang='grc' dir='ltr'>Σωτῆρος</span> <span class='ocrx_word' id='word_1_129' title='bbox 1605 1837 1739 1890; x_wconf 85' lang='grc' dir='ltr'>μνη-</span> 
     </span>
    </p>
   </div>
   <div class='ocr_carea' id='block_1_20' title="bbox 1845 615 3426 691">
    <p class='ocr_par' dir='ltr' id='par_1_20' title="bbox 1845 615 3426 691">
     <span class='ocr_line' id='line_1_20' title="bbox 1845 615 3426 691; baseline -0.004 -11"><span class='ocrx_word' id='word_1_130' title='bbox 1845 625 2106 680; x_wconf 84' lang='lat' dir='ltr'><strong>Servator</strong></span> <span class='ocrx_word' id='word_1_131' title='bbox 2146 625 2468 686; x_wconf 88' lang='lat' dir='ltr'><strong>advocabat,</strong></span> <span class='ocrx_word' id='word_1_132' title='bbox 2505 622 2799 691; x_wconf 84' lang='lat' dir='ltr'><strong>aliquando</strong></span> <span class='ocrx_word' id='word_1_133' title='bbox 2830 629 3035 686; x_wconf 89' lang='lat' dir='ltr'><strong>ternos,</strong></span> <span class='ocrx_word' id='word_1_134' title='bbox 3075 635 3211 688; x_wconf 91' lang='lat' dir='ltr'><strong>quos</strong></span> <span class='ocrx_word' id='word_1_135' title='bbox 3246 615 3426 673; x_wconf 83' lang='lat' dir='ltr'><strong>Evan-</strong></span> 
     </span>
    </p>
   </div>
   <div class='ocr_carea' id='block_1_21' title="bbox 1843 711 3424 784">
    <p class='ocr_par' dir='ltr' id='par_1_21' title="bbox 1843 711 3424 784">
     <span class='ocr_line' id='line_1_21' title="bbox 1843 711 3424 784; baseline -0.004 -14"><span class='ocrx_word' id='word_1_136' title='bbox 1843 716 1964 784; x_wconf 83' lang='lat' dir='ltr'><strong>gelii</strong></span> <span class='ocrx_word' id='word_1_137' title='bbox 2017 716 2286 784; x_wconf 87' lang='lat' dir='ltr'><strong>scriptura</strong></span> <span class='ocrx_word' id='word_1_138' title='bbox 2331 713 2523 768; x_wconf 75' lang='lat' dir='ltr'><strong>electis</strong></span> <span class='ocrx_word' id='word_1_139' title='bbox 2571 712 2861 769; x_wconf 73' lang='lat' dir='ltr'><strong>electiores</strong></span> <span class='ocrx_word' id='word_1_140' title='bbox 2910 711 3151 774; x_wconf 85' lang='lat' dir='ltr'><strong>inducit,</strong></span> <span class='ocrx_word' id='word_1_141' title='bbox 3203 711 3424 766; x_wconf 90' lang='lat' dir='ltr'><strong>Petrum</strong></span> 
     </span>
    </p>
   </div>
   <div class='ocr_carea' id='block_1_22' title="bbox 1843 800 3424 865">
    <p class='ocr_par' dir='ltr' id='par_1_22' title="bbox 1843 800 3424 865">
     <span class='ocr_line' id='line_1_22' title="bbox 1843 800 3424 865; baseline -0.004 -4"><span class='ocrx_word' id='word_1_142' title='bbox 1843 807 2050 861; x_wconf 73' lang='lat' dir='ltr'><strong>scilicet</strong></span> <span class='ocrx_word' id='word_1_143' title='bbox 2083 815 2135 860; x_wconf 92' lang='lat' dir='ltr'><strong>et</strong></span> <span class='ocrx_word' id='word_1_144' title='bbox 2176 804 2437 861; x_wconf 73' lang='lat' dir='ltr'><strong>Iacobum</strong></span> <span class='ocrx_word' id='word_1_145' title='bbox 2467 813 2523 858; x_wconf 90' lang='lat' dir='ltr'><strong>et</strong></span> <span class='ocrx_word' id='word_1_146' title='bbox 2564 802 2825 856; x_wconf 83' lang='lat' dir='ltr'><strong>Joannem</strong></span> <span class='ocrx_word' id='word_1_147' title='bbox 2849 841 2864 865; x_wconf 90' lang='lat'><strong>,</strong></span> <span class='ocrx_word' id='word_1_148' title='bbox 2910 800 3056 855; x_wconf 87' lang='lat' dir='ltr'><strong>solos</strong></span> <span class='ocrx_word' id='word_1_149' title='bbox 3086 801 3140 854; x_wconf 93' lang='lat' dir='ltr'><strong>in</strong></span> <span class='ocrx_word' id='word_1_150' title='bbox 3184 810 3424 855; x_wconf 90' lang='lat' dir='ltr'><strong>montem</strong></span> 
     </span>
    </p>
   </div>
   <div class='ocr_carea' id='block_1_23' title="bbox 1843 893 3423 964">
    <p class='ocr_par' dir='ltr' id='par_1_23' title="bbox 1843 893 3423 964">
     <span class='ocr_line' id='line_1_23' title="bbox 1843 893 3423 964; baseline -0.005 -10"><span class='ocrx_word' id='word_1_151' title='bbox 1843 901 2106 955; x_wconf 88' lang='lat' dir='ltr'><strong>adductos</strong></span> <span class='ocrx_word' id='word_1_152' title='bbox 2130 938 2145 963; x_wconf 91' lang='lat'><strong>,</strong></span> <span class='ocrx_word' id='word_1_153' title='bbox 2177 907 2236 952; x_wconf 93' lang='lat' dir='ltr'><strong>ut</strong></span> <span class='ocrx_word' id='word_1_154' title='bbox 2279 893 2775 964; x_wconf 83' lang='lat' dir='ltr'><strong>transﬁgurationis</strong></span> <span class='ocrx_word' id='word_1_155' title='bbox 2813 901 3153 959; x_wconf 79' lang='lat' dir='ltr'><strong>spectatores</strong></span> <span class='ocrx_word' id='word_1_156' title='bbox 3198 901 3423 946; x_wconf 88' lang='lat' dir='ltr'><strong>essent:</strong></span> 
     </span>
    </p>
   </div>
   <div class='ocr_carea' id='block_1_24' title="bbox 1842 981 3426 1060">
    <p class='ocr_par' dir='ltr' id='par_1_24' title="bbox 1842 981 3426 1060">
     <span class='ocr_line' id='line_1_24' title="bbox 1842 981 3426 1060; baseline -0.004 -18"><span class='ocrx_word' id='word_1_157' title='bbox 1842 1006 1975 1060; x_wconf 86' lang='lat' dir='ltr'><strong>quos</strong></span> <span class='ocrx_word' id='word_1_158' title='bbox 2007 990 2137 1043; x_wconf 87' lang='lat' dir='ltr'><strong>item</strong></span> <span class='ocrx_word' id='word_1_159' title='bbox 2181 1003 2304 1043; x_wconf 91' lang='lat' dir='ltr'><strong>cum</strong></span> <span class='ocrx_word' id='word_1_160' title='bbox 2344 983 2760 1054; x_wconf 86' lang='lat' dir='ltr'><strong>arcbisynagogi</strong></span> <span class='ocrx_word' id='word_1_161' title='bbox 2793 982 2957 1038; x_wconf 91' lang='lat' dir='ltr'><strong>ﬁliam</strong></span> <span class='ocrx_word' id='word_1_162' title='bbox 2987 981 3295 1047; x_wconf 84' lang='lat' dir='ltr'><strong>suscitavit,</strong></span> <span class='ocrx_word' id='word_1_163' title='bbox 3338 997 3426 1035; x_wconf 87' lang='lat' dir='ltr'><strong>se-</strong></span> 
     </span>
    </p>
   </div>
   <div class='ocr_carea' id='block_1_25' title="bbox 1842 1072 3423 1149">
    <p class='ocr_par' dir='ltr' id='par_1_25' title="bbox 1842 1072 3423 1149">
     <span class='ocr_line' id='line_1_25' title="bbox 1842 1072 3423 1149; baseline -0.008 -12"><span class='ocrx_word' id='word_1_164' title='bbox 1842 1099 1962 1137; x_wconf 91' lang='lat' dir='ltr'><strong>cum</strong></span> <span class='ocrx_word' id='word_1_165' title='bbox 1991 1079 2305 1149; x_wconf 81' lang='lat' dir='ltr'><strong>assumpsit.</strong></span> <span class='ocrx_word' id='word_1_166' title='bbox 2340 1079 2405 1132; x_wconf 87' lang='lat' dir='ltr'><strong>Et</strong></span> <span class='ocrx_word' id='word_1_167' title='bbox 2445 1077 2533 1145; x_wconf 91' lang='lat' dir='ltr'><strong>qui</strong></span> <span class='ocrx_word' id='word_1_168' title='bbox 2570 1084 2692 1145; x_wconf 92' lang='lat' dir='ltr'><strong>post</strong></span> <span class='ocrx_word' id='word_1_169' title='bbox 2723 1083 2835 1128; x_wconf 91' lang='lat' dir='ltr'><strong>tres</strong></span> <span class='ocrx_word' id='word_1_170' title='bbox 2867 1073 2988 1127; x_wconf 90' lang='lat' dir='ltr'><strong>illos</strong></span> <span class='ocrx_word' id='word_1_171' title='bbox 3040 1072 3239 1126; x_wconf 76' lang='lat' dir='ltr'><strong>residui</strong></span> <span class='ocrx_word' id='word_1_172' title='bbox 3273 1082 3423 1138; x_wconf 91' lang='lat' dir='ltr'><strong>sunt,</strong></span> 
     </span>
    </p>
   </div>
   <div class='ocr_carea' id='block_1_26' title="bbox 1842 1164 3425 1243">
    <p class='ocr_par' dir='ltr' id='par_1_26' title="bbox 1842 1164 3425 1243">
     <span class='ocr_line' id='line_1_26' title="bbox 1842 1164 3425 1243; baseline -0.003 -19"><span class='ocrx_word' id='word_1_173' title='bbox 1842 1181 2073 1243; x_wconf 76' lang='lat' dir='ltr'><strong>quatuor</strong></span> <span class='ocrx_word' id='word_1_174' title='bbox 2100 1181 2226 1226; x_wconf 85' lang='lat' dir='ltr'><strong>sunt</strong></span> <span class='ocrx_word' id='word_1_175' title='bbox 2251 1178 2306 1224; x_wconf 90' lang='lat' dir='ltr'><strong>et</strong></span> <span class='ocrx_word' id='word_1_176' title='bbox 2338 1167 2598 1238; x_wconf 84' lang='lat' dir='ltr'><strong>quinque,</strong></span> <span class='ocrx_word' id='word_1_177' title='bbox 2621 1181 2684 1220; x_wconf 88' lang='lat' dir='ltr'><strong>ac</strong></span> <span class='ocrx_word' id='word_1_178' title='bbox 2710 1166 2809 1221; x_wconf 89' lang='lat' dir='ltr'><strong>bos</strong></span> <span class='ocrx_word' id='word_1_179' title='bbox 2839 1171 3073 1234; x_wconf 89' lang='lat' dir='ltr'><strong>quatuor</strong></span> <span class='ocrx_word' id='word_1_180' title='bbox 3107 1173 3157 1217; x_wconf 88' lang='lat' dir='ltr'><strong>et</strong></span> <span class='ocrx_word' id='word_1_181' title='bbox 3186 1164 3425 1233; x_wconf 88' lang='lat' dir='ltr'><strong>quinque</strong></span> 
     </span>
    </p>
   </div>
   <div class='ocr_carea' id='block_1_27' title="bbox 1843 1257 3425 1328">
    <p class='ocr_par' dir='ltr' id='par_1_27' title="bbox 1843 1257 3425 1328">
     <span class='ocr_line' id='line_1_27' title="bbox 1843 1257 3425 1328; baseline -0.004 -11"><span class='ocrx_word' id='word_1_182' title='bbox 1843 1264 1908 1317; x_wconf 87' lang='lat' dir='ltr'><strong>ad</strong></span> <span class='ocrx_word' id='word_1_183' title='bbox 1956 1276 2241 1316; x_wconf 91' lang='lat' dir='ltr'><strong>numerum</strong></span> <span class='ocrx_word' id='word_1_184' title='bbox 2279 1258 2689 1328; x_wconf 88' lang='lat' dir='ltr'><strong>quatuordecim</strong></span> <span class='ocrx_word' id='word_1_185' title='bbox 2736 1257 2968 1311; x_wconf 88' lang='lat' dir='ltr'><strong>deducet</strong></span> <span class='ocrx_word' id='word_1_186' title='bbox 3009 1275 3021 1309; x_wconf 87' lang='lat'>:</span> <span class='ocrx_word' id='word_1_187' title='bbox 3072 1269 3138 1308; x_wconf 83' lang='lat' dir='ltr'><strong>ex</strong></span> <span class='ocrx_word' id='word_1_188' title='bbox 3193 1269 3425 1323; x_wconf 88' lang='lat' dir='ltr'><strong>quorum</strong></span> 
     </span>
    </p>
   </div>
   <div class='ocr_carea' id='block_1_28' title="bbox 1844 1347 3426 1418">
    <p class='ocr_par' dir='ltr' id='par_1_28' title="bbox 1844 1347 3426 1418">
     <span class='ocr_line' id='line_1_28' title="bbox 1844 1347 3426 1418; baseline -0.004 -10"><span class='ocrx_word' id='word_1_189' title='bbox 1844 1368 2069 1408; x_wconf 89' lang='lat' dir='ltr'><strong>numero</strong></span> <span class='ocrx_word' id='word_1_190' title='bbox 2121 1351 2407 1406; x_wconf 90' lang='lat' dir='ltr'><strong>duodecim</strong></span> <span class='ocrx_word' id='word_1_191' title='bbox 2456 1350 2674 1418; x_wconf 83' lang='lat' dir='ltr'><strong>quidem</strong></span> <span class='ocrx_word' id='word_1_192' title='bbox 2729 1348 2935 1418; x_wconf 91' lang='lat' dir='ltr'><strong>primos</strong></span> <span class='ocrx_word' id='word_1_193' title='bbox 2993 1347 3268 1416; x_wconf 85' lang='lat' dir='ltr'><strong>apostolos</strong></span> <span class='ocrx_word' id='word_1_194' title='bbox 3305 1361 3426 1402; x_wconf 87' lang='lat' dir='ltr'><strong>esse</strong></span> 
     </span>
    </p>
   </div>
   <div class='ocr_carea' id='block_1_29' title="bbox 1843 1439 3424 1508">
    <p class='ocr_par' dir='ltr' id='par_1_29' title="bbox 1843 1439 3424 1508">
     <span class='ocr_line' id='line_1_29' title="bbox 1843 1439 3424 1508; baseline -0.004 -8"><span class='ocrx_word' id='word_1_195' title='bbox 1843 1447 2009 1507; x_wconf 89' lang='lat' dir='ltr'><strong>dicas,</strong></span> <span class='ocrx_word' id='word_1_196' title='bbox 2043 1453 2098 1498; x_wconf 91' lang='lat' dir='ltr'><strong>et</strong></span> <span class='ocrx_word' id='word_1_197' title='bbox 2136 1442 2243 1496; x_wconf 87' lang='lat' dir='ltr'><strong>illis</strong></span> <span class='ocrx_word' id='word_1_198' title='bbox 2288 1456 2392 1495; x_wconf 92' lang='lat' dir='ltr'><strong>non</strong></span> <span class='ocrx_word' id='word_1_199' title='bbox 2421 1440 2623 1495; x_wconf 89' lang='lat' dir='ltr'><strong>virtute</strong></span> <span class='ocrx_word' id='word_1_200' title='bbox 2657 1440 2921 1494; x_wconf 89' lang='lat' dir='ltr'><strong>minorem</strong></span> <span class='ocrx_word' id='word_1_201' title='bbox 2955 1439 3180 1494; x_wconf 89' lang='lat' dir='ltr'><strong>Paulum</strong></span> <span class='ocrx_word' id='word_1_202' title='bbox 3203 1477 3216 1500; x_wconf 87' lang='lat'><strong>,</strong></span> <span class='ocrx_word' id='word_1_203' title='bbox 3251 1439 3342 1508; x_wconf 91' lang='lat' dir='ltr'><strong>qui</strong></span> <span class='ocrx_word' id='word_1_204' title='bbox 3371 1447 3424 1493; x_wconf 87' lang='lat' dir='ltr'><strong>et</strong></span> 
     </span>
    </p>
   </div>
   <div class='ocr_carea' id='block_1_30' title="bbox 1845 1531 3423 1608">
    <p class='ocr_par' dir='ltr' id='par_1_30' title="bbox 1845 1531 3423 1608">
     <span class='ocr_line' id='line_1_30' title="bbox 1845 1531 3423 1608; baseline -0.004 -17"><span class='ocrx_word' id='word_1_205' title='bbox 1845 1539 1956 1608; x_wconf 91' lang='lat' dir='ltr'><strong>ipse</strong></span> <span class='ocrx_word' id='word_1_206' title='bbox 1972 1545 2191 1591; x_wconf 81' lang='lat' dir='ltr'><strong>vocatus</strong></span> <span class='ocrx_word' id='word_1_207' title='bbox 2214 1533 2489 1605; x_wconf 87' lang='lat' dir='ltr'><strong>apostolus</strong></span> <span class='ocrx_word' id='word_1_208' title='bbox 2505 1542 2607 1597; x_wconf 92' lang='lat' dir='ltr'><strong>est,</strong></span> <span class='ocrx_word' id='word_1_209' title='bbox 2625 1542 2682 1588; x_wconf 92' lang='lat' dir='ltr'><strong>et</strong></span> <span class='ocrx_word' id='word_1_210' title='bbox 2701 1531 2960 1593; x_wconf 76' lang='lat' dir='ltr'><strong>Jacobum</strong></span> <span class='ocrx_word' id='word_1_211' title='bbox 2991 1534 3213 1588; x_wconf 83' lang='lat' dir='ltr'><strong>fratrem</strong></span> <span class='ocrx_word' id='word_1_212' title='bbox 3247 1533 3423 1587; x_wconf 81' lang='lat' dir='ltr'><strong>Domi-</strong></span> 
     </span>
    </p>
   </div>
   <div class='ocr_carea' id='block_1_31' title="bbox 1843 1623 3425 1698">
    <p class='ocr_par' dir='ltr' id='par_1_31' title="bbox 1843 1623 3425 1698">
     <span class='ocr_line' id='line_1_31' title="bbox 1843 1623 3425 1698; baseline -0.003 -14"><span class='ocrx_word' id='word_1_213' title='bbox 1843 1631 1919 1694; x_wconf 91' lang='lat' dir='ltr'><strong>ni,</strong></span> <span class='ocrx_word' id='word_1_214' title='bbox 1939 1629 2029 1698; x_wconf 90' lang='lat' dir='ltr'><strong>qui</strong></span> <span class='ocrx_word' id='word_1_215' title='bbox 2055 1627 2264 1696; x_wconf 91' lang='lat' dir='ltr'><strong>primus</strong></span> <span class='ocrx_word' id='word_1_216' title='bbox 2310 1624 2822 1694; x_wconf 72' lang='lat' dir='ltr'><strong>Hierosolymitanze</strong></span> <span class='ocrx_word' id='word_1_217' title='bbox 2858 1623 3120 1680; x_wconf 86' lang='lat' dir='ltr'><strong>Ecclesiae</strong></span> <span class='ocrx_word' id='word_1_218' title='bbox 3141 1625 3425 1695; x_wconf 89' lang='lat' dir='ltr'><strong>episcopus</strong></span> 
     </span>
    </p>
   </div>
   <div class='ocr_carea' id='block_1_32' title="bbox 1843 1716 3425 1790">
    <p class='ocr_par' dir='ltr' id='par_1_32' title="bbox 1843 1716 3425 1790">
     <span class='ocr_line' id='line_1_32' title="bbox 1843 1716 3425 1790; baseline -0.002 -16"><span class='ocrx_word' id='word_1_219' title='bbox 1843 1722 1910 1774; x_wconf 83' lang='lat' dir='ltr'><strong>ab</strong></span> <span class='ocrx_word' id='word_1_220' title='bbox 1942 1722 2056 1790; x_wconf 92' lang='lat' dir='ltr'><strong>ipso</strong></span> <span class='ocrx_word' id='word_1_221' title='bbox 2078 1717 2362 1774; x_wconf 87' lang='lat' dir='ltr'><strong>Salvatore</strong></span> <span class='ocrx_word' id='word_1_222' title='bbox 2392 1716 2726 1770; x_wconf 88' lang='lat' dir='ltr'><strong>constitutus</strong></span> <span class='ocrx_word' id='word_1_223' title='bbox 2754 1726 3112 1772; x_wconf 86' lang='lat' dir='ltr'><strong>memoratur.</strong></span> <span class='ocrx_word' id='word_1_224' title='bbox 3143 1716 3206 1771; x_wconf 80' lang='lat' dir='ltr'><strong>lli</strong></span> <span class='ocrx_word' id='word_1_225' title='bbox 3238 1731 3425 1771; x_wconf 89' lang='lat' dir='ltr'><strong>omnes</strong></span> 
     </span>
    </p>
   </div>
   <div class='ocr_carea' id='block_1_33' title="bbox 1846 1806 3425 1874">
    <p class='ocr_par' dir='ltr' id='par_1_33' title="bbox 1846 1806 3425 1874">
     <span class='ocr_line' id='line_1_33' title="bbox 1846 1806 3425 1874; baseline -0.003 -8"><span class='ocrx_word' id='word_1_226' title='bbox 1846 1814 1898 1866; x_wconf 92' lang='lat' dir='ltr'><strong>in</strong></span> <span class='ocrx_word' id='word_1_227' title='bbox 1924 1813 2234 1866; x_wconf 87' lang='lat' dir='ltr'><strong>summitate</strong></span> <span class='ocrx_word' id='word_1_228' title='bbox 2253 1809 2405 1874; x_wconf 68' lang='lat' dir='ltr'><strong>olere,</strong></span> <span class='ocrx_word' id='word_1_229' title='bbox 2429 1807 2682 1863; x_wconf 87' lang='lat' dir='ltr'><strong>videlicet</strong></span> <span class='ocrx_word' id='word_1_230' title='bbox 2702 1806 3015 1865; x_wconf 61' lang='lat' dir='ltr'><strong>Iudaeorum</strong></span> <span class='ocrx_word' id='word_1_231' title='bbox 3040 1808 3425 1872; x_wconf 87' lang='lat' dir='ltr'><strong>successionis,</strong></span> 
     </span>
    </p>
   </div>
   <div class='ocr_carea' id='block_1_34' title="bbox 147 1891 1729 1980">
    <p class='ocr_par' dir='ltr' id='par_1_34' title="bbox 147 1891 1729 1978">
     <span class='ocr_line' id='line_1_34' title="bbox 147 1891 1729 1978; baseline 0.009 -30"><span class='ocrx_word' id='word_1_232' title='bbox 147 1895 449 1964; x_wconf 81' lang='grc' dir='ltr'>μονεὺεται.</span> <span class='ocrx_word' id='word_1_233' title='bbox 489 1891 647 1952; x_wconf 75' lang='grc' dir='ltr'>Οὗτοι</span> <span class='ocrx_word' id='word_1_234' title='bbox 673 1900 729 1952; x_wconf 93' lang='grc' dir='ltr'><strong>δέ</strong></span> <span class='ocrx_word' id='word_1_235' title='bbox 764 1904 964 1966; x_wconf 80' lang='grc' dir='ltr'>πάντες</span> <span class='ocrx_word' id='word_1_236' title='bbox 995 1906 1081 1958; x_wconf 82' lang='grc' dir='ltr'><strong>ἐπ’</strong></span> <span class='ocrx_word' id='word_1_237' title='bbox 1109 1905 1280 1978; x_wconf 76' lang='grc' dir='ltr'>ἄκρου</span> <span class='ocrx_word' id='word_1_238' title='bbox 1307 1908 1402 1978; x_wconf 84' lang='grc' dir='ltr'><strong>τῆς</strong></span> <span class='ocrx_word' id='word_1_239' title='bbox 1419 1908 1624 1972; x_wconf 91' lang='grc' dir='ltr'>ἐλαίας,</span> <span class='ocrx_word' id='word_1_240' title='bbox 1655 1909 1729 1962; x_wconf 87' lang='grc' dir='ltr'>λέ-</span> 
     </span>
    </p>
   </div>
   <div class='ocr_carea' id='block_1_35' title="bbox 1838 1891 3426 1980">
    <p class='ocr_par' dir='ltr' id='par_1_35' title="bbox 1846 1900 3426 1973">
     <span class='ocr_line' id='line_1_35' title="bbox 1846 1900 3426 1973; baseline -0.002 -17"><span class='ocrx_word' id='word_1_241' title='bbox 1846 1904 2042 1973; x_wconf 90' lang='lat' dir='ltr'><strong>reperti</strong></span> <span class='ocrx_word' id='word_1_242' title='bbox 2093 1903 2146 1956; x_wconf 93' lang='lat' dir='ltr'><strong>in</strong></span> <span class='ocrx_word' id='word_1_243' title='bbox 2194 1900 2447 1969; x_wconf 66' lang='lat' dir='ltr'><strong>praasenti</strong></span> <span class='ocrx_word' id='word_1_244' title='bbox 2489 1909 2886 1954; x_wconf 85' lang='lat' dir='ltr'><strong>memorantur.</strong></span> <span class='ocrx_word' id='word_1_245' title='bbox 2937 1900 3164 1954; x_wconf 84' lang='lat' dir='ltr'><strong>Divinus</strong></span> <span class='ocrx_word' id='word_1_246' title='bbox 3209 1913 3426 1969; x_wconf 89' lang='lat' dir='ltr'><strong>quoquc</strong></span> 
     </span>
    </p>
   </div>
   <div class='ocr_carea' id='block_1_36' title="bbox 144 1987 1733 2072">
    <p class='ocr_par' dir='ltr' id='par_1_36' title="bbox 144 1987 1733 2072">
     <span class='ocr_line' id='line_1_36' title="bbox 144 1987 1733 2072; baseline 0.011 -35"><span class='ocrx_word' id='word_1_247' title='bbox 144 2003 219 2048; x_wconf 84' lang='grc' dir='ltr'><strong>γω</strong></span> <span class='ocrx_word' id='word_1_248' title='bbox 241 1987 306 2057; x_wconf 85' lang='grc' dir='ltr'>δὴ</span> <span class='ocrx_word' id='word_1_249' title='bbox 330 1988 431 2056; x_wconf 82' lang='grc' dir='ltr'><strong>τῆς</strong></span> <span class='ocrx_word' id='word_1_250' title='bbox 478 1990 748 2045; x_wconf 87' lang='grc' dir='ltr'>Ἰουδαίων</span> <span class='ocrx_word' id='word_1_251' title='bbox 772 1993 1023 2066; x_wconf 80' lang='grc' dir='ltr'>διαδοχῆς</span> <span class='ocrx_word' id='word_1_252' title='bbox 1048 1998 1180 2072; x_wconf 82' lang='grc' dir='ltr'>εὑρη</span> <span class='ocrx_word' id='word_1_253' title='bbox 1191 1999 1341 2068; x_wconf 90' lang='grc' dir='ltr'>μένοι</span> <span class='ocrx_word' id='word_1_254' title='bbox 1357 1999 1443 2052; x_wconf 79' lang='grc' dir='ltr'><strong>διὰ</strong></span> <span class='ocrx_word' id='word_1_255' title='bbox 1465 1999 1573 2053; x_wconf 88' lang='grc' dir='ltr'><strong>τῶν</strong></span> <span class='ocrx_word' id='word_1_256' title='bbox 1595 2001 1733 2071; x_wconf 81' lang='grc' dir='ltr'>μετὰ</span> 
     </span>
    </p>
   </div>
   <div class='ocr_carea' id='block_1_37' title="bbox 143 2079 1733 2152">
    <p class='ocr_par' dir='ltr' id='par_1_37' title="bbox 143 2079 1733 2152">
     <span class='ocr_line' id='line_1_37' title="bbox 143 2079 1733 2152; baseline 0.01 -26"><span class='ocrx_word' id='word_1_257' title='bbox 143 2079 326 2146; x_wconf 76' lang='grc' dir='ltr'>χεῖρας</span> <span class='ocrx_word' id='word_1_258' title='bbox 361 2080 812 2148; x_wconf 85' lang='grc' dir='ltr'>μνημονεύονται.</span> <span class='ocrx_word' id='word_1_259' title='bbox 837 2084 946 2136; x_wconf 76' lang='lat' dir='ltr'><strong>Kal.</strong></span> <span class='ocrx_word' id='word_1_260' title='bbox 966 2087 993 2136; x_wconf 89' lang='grc' dir='ltr'><strong>ό</strong></span> <span class='ocrx_word' id='word_1_261' title='bbox 1011 2085 1151 2149; x_wconf 83' lang='grc' dir='ltr'>θεῖος</span> <span class='ocrx_word' id='word_1_262' title='bbox 1170 2087 1225 2138; x_wconf 85' lang='grc' dir='ltr'>δὲ</span> <span class='ocrx_word' id='word_1_263' title='bbox 1256 2087 1578 2152; x_wconf 82' lang='grc' dir='ltr'>’Λπόστολος</span> <span class='ocrx_word' id='word_1_264' title='bbox 1591 2085 1733 2142; x_wconf 78' lang='grc' dir='ltr'>οἶδεν</span> 
     </span>
    </p>
   </div>
   <div class='ocr_carea' id='block_1_38' title="bbox 140 2167 1732 2251">
    <p class='ocr_par' dir='ltr' id='par_1_38' title="bbox 140 2167 1732 2251">
     <span class='ocr_line' id='line_1_38' title="bbox 140 2167 1732 2251; baseline 0.009 -33"><span class='ocrx_word' id='word_1_265' title='bbox 140 2167 293 2238; x_wconf 70' lang='grc' dir='ltr'>ἐλαίᾳ</span> <span class='ocrx_word' id='word_1_266' title='bbox 341 2170 714 2240; x_wconf 80' lang='grc' dir='ltr'>παραϐάλλειν</span> <span class='ocrx_word' id='word_1_267' title='bbox 752 2173 851 2244; x_wconf 78' lang='grc' dir='ltr'>τὴν</span> <span class='ocrx_word' id='word_1_268' title='bbox 900 2176 1050 2245; x_wconf 78' lang='grc' dir='ltr'>παρὰ</span> <span class='ocrx_word' id='word_1_269' title='bbox 1103 2179 1272 2230; x_wconf 80' lang='grc' dir='ltr'>’ἰούδα</span> <span class='ocrx_word' id='word_1_270' title='bbox 1325 2179 1592 2251; x_wconf 76' lang='grc' dir='ltr'>διαδοχὴν,</span> <span class='ocrx_word' id='word_1_271' title='bbox 1640 2183 1732 2234; x_wconf 57' lang='grc' dir='ltr'><strong>καί⁸</strong></span> 
     </span>
    </p>
   </div>
   <div class='ocr_carea' id='block_1_39' title="bbox 143 2259 1732 2343">
    <p class='ocr_par' dir='ltr' id='par_1_39' title="bbox 143 2259 1732 2343">
     <span class='ocr_line' id='line_1_39' title="bbox 143 2259 1732 2343; baseline 0.011 -34"><span class='ocrx_word' id='word_1_272' title='bbox 143 2259 295 2326; x_wconf 74' lang='grc' dir='ltr'>ῥίζαν</span> <span class='ocrx_word' id='word_1_273' title='bbox 344 2261 509 2327; x_wconf 87' lang='grc' dir='ltr'>ἁγίαν</span> <span class='ocrx_word' id='word_1_274' title='bbox 554 2263 647 2314; x_wconf 72' lang='grc' dir='ltr'><strong>καὶ</strong></span> <span class='ocrx_word' id='word_1_275' title='bbox 695 2265 967 2336; x_wconf 81' lang='grc' dir='ltr'>ἀπαρχὴν,</span> <span class='ocrx_word' id='word_1_276' title='bbox 1025 2271 1117 2321; x_wconf 79' lang='grc' dir='ltr'>καὶ</span> <span class='ocrx_word' id='word_1_277' title='bbox 1161 2270 1506 2325; x_wconf 80' lang='grc' dir='ltr'>καλλιελαίαν</span> <span class='ocrx_word' id='word_1_278' title='bbox 1562 2273 1732 2343; x_wconf 77' lang='grc' dir='ltr'>αὐτὴν</span> 
     </span>
    </p>
   </div>
   <div class='ocr_carea' id='block_1_40' title="bbox 141 2353 312 2405">
    <p class='ocr_par' dir='ltr' id='par_1_40' title="bbox 141 2353 312 2405">
     <span class='ocr_line' id='line_1_40' title="bbox 141 2353 312 2405; baseline 0.018 -3"><span class='ocrx_word' id='word_1_279' title='bbox 141 2353 312 2405; x_wconf 64' lang='grc' dir='ltr'>καλεῖ.</span> 
     </span>
    </p>
   </div>
   <div class='ocr_carea' id='block_1_41' title="bbox 211 2443 1731 2530">
    <p class='ocr_par' dir='ltr' id='par_1_41' title="bbox 211 2443 1731 2530">
     <span class='ocr_line' id='line_1_41' title="bbox 211 2443 1731 2530; baseline 0.014 -38"><span class='ocrx_word' id='word_1_280' title='bbox 211 2465 226 2492; x_wconf 80' lang='grc' dir='ltr'><strong>ι</strong></span> <span class='ocrx_word' id='word_1_281' title='bbox 263 2443 406 2496; x_wconf 80' lang='grc' dir='ltr'>Τάδε</span> <span class='ocrx_word' id='word_1_282' title='bbox 450 2446 599 2514; x_wconf 82' lang='grc' dir='ltr'>λέγει</span> <span class='ocrx_word' id='word_1_283' title='bbox 634 2448 838 2519; x_wconf 80' lang='grc' dir='ltr'>Κύριος</span> <span class='ocrx_word' id='word_1_284' title='bbox 889 2453 917 2504; x_wconf 88' lang='grc' dir='ltr'>ὁ</span> <span class='ocrx_word' id='word_1_285' title='bbox 958 2452 1089 2516; x_wconf 84' lang='grc' dir='ltr'>Θεὸς</span> <span class='ocrx_word' id='word_1_286' title='bbox 1160 2457 1397 2527; x_wconf 80' lang='grc' dir='ltr'>Ἰσραήλ·</span> <span class='ocrx_word' id='word_1_287' title='bbox 1444 2459 1519 2530; x_wconf 83' lang='grc' dir='ltr'><strong>Τῇ</strong></span> <span class='ocrx_word' id='word_1_288' title='bbox 1549 2460 1731 2530; x_wconf 79' lang='grc' dir='ltr'>ἡμέρᾳ</span> 
     </span>
    </p>
   </div>
   <div class='ocr_carea' id='block_1_42' title="bbox 136 2535 1729 2618">
    <p class='ocr_par' dir='ltr' id='par_1_42' title="bbox 136 2535 1729 2618">
     <span class='ocr_line' id='line_1_42' title="bbox 136 2535 1729 2618; baseline 0.01 -32"><span class='ocrx_word' id='word_1_289' title='bbox 136 2535 314 2607; x_wconf 79' lang='grc' dir='ltr'>ἐκείνῃ</span> <span class='ocrx_word' id='word_1_290' title='bbox 341 2538 620 2602; x_wconf 85' lang='grc' dir='ltr'>πεποιθὼς</span> <span class='ocrx_word' id='word_1_291' title='bbox 652 2539 802 2594; x_wconf 81' lang='grc' dir='ltr'>ἔσται</span> <span class='ocrx_word' id='word_1_292' title='bbox 841 2545 868 2595; x_wconf 83' lang='grc' dir='ltr'><strong>ό</strong></span> <span class='ocrx_word' id='word_1_293' title='bbox 899 2544 1184 2616; x_wconf 72' lang='grc' dir='ltr'>ἄνθρωπος</span> <span class='ocrx_word' id='word_1_294' title='bbox 1219 2548 1309 2598; x_wconf 69' lang='grc' dir='ltr'>ἐπὶ</span> <span class='ocrx_word' id='word_1_295' title='bbox 1337 2547 1416 2618; x_wconf 81' lang='grc' dir='ltr'><strong>τῷ</strong></span> <span class='ocrx_word' id='word_1_296' title='bbox 1445 2550 1729 2618; x_wconf 81' lang='grc' dir='ltr'>ποιήσαντι</span> 
     </span>
    </p>
   </div>
   <div class='ocr_carea' id='block_1_43' title="bbox 137 2627 1732 2712">
    <p class='ocr_par' dir='ltr' id='par_1_43' title="bbox 137 2627 1732 2712">
     <span class='ocr_line' id='line_1_43' title="bbox 137 2627 1732 2712; baseline 0.009 -33"><span class='ocrx_word' id='word_1_297' title='bbox 137 2627 316 2680; x_wconf 82' lang='grc' dir='ltr'>αὐτόν·</span> <span class='ocrx_word' id='word_1_298' title='bbox 347 2630 397 2680; x_wconf 82' lang='grc' dir='ltr'>οἱ</span> <span class='ocrx_word' id='word_1_299' title='bbox 429 2630 486 2681; x_wconf 83' lang='grc' dir='ltr'>δὲ</span> <span class='ocrx_word' id='word_1_300' title='bbox 506 2632 773 2703; x_wconf 65' lang='grc' dir='ltr'>ὀφθαλμοί</span> <span class='ocrx_word' id='word_1_301' title='bbox 801 2634 966 2688; x_wconf 86' lang='grc' dir='ltr'>αὐτοῦ</span> <span class='ocrx_word' id='word_1_302' title='bbox 1003 2639 1080 2699; x_wconf 78' lang='grc' dir='ltr'>εἰς</span> <span class='ocrx_word' id='word_1_303' title='bbox 1108 2638 1197 2690; x_wconf 87' lang='grc' dir='ltr'><strong>τὸν</strong></span> <span class='ocrx_word' id='word_1_304' title='bbox 1227 2639 1380 2707; x_wconf 82' lang='grc' dir='ltr'>ἆγιον</span> <span class='ocrx_word' id='word_1_305' title='bbox 1396 2639 1488 2692; x_wconf 89' lang='grc' dir='ltr'><strong>τοῦ</strong></span> <span class='ocrx_word' id='word_1_306' title='bbox 1519 2642 1732 2712; x_wconf 82' lang='grc' dir='ltr'>Ἰσραὴλ</span> 
     </span>
    </p>
   </div>
   <div class='ocr_carea' id='block_1_44' title="bbox 137 2719 1731 2798">
    <p class='ocr_par' dir='ltr' id='par_1_44' title="bbox 137 2719 1731 2798">
     <span class='ocr_line' id='line_1_44' title="bbox 137 2719 1731 2798; baseline 0.01 -28"><span class='ocrx_word' id='word_1_307' title='bbox 137 2719 521 2789; x_wconf 65' lang='grc' dir='ltr'>ἐμϐλέψονται·</span> <span class='ocrx_word' id='word_1_308' title='bbox 583 2727 678 2777; x_wconf 75' lang='grc' dir='ltr'>καὶ</span> <span class='ocrx_word' id='word_1_309' title='bbox 728 2726 788 2778; x_wconf 87' lang='grc' dir='ltr'>οὺ</span> <span class='ocrx_word' id='word_1_310' title='bbox 847 2727 921 2798; x_wconf 86' lang='grc' dir='ltr'>μὴ</span> <span class='ocrx_word' id='word_1_311' title='bbox 961 2729 1278 2793; x_wconf 82' lang='grc' dir='ltr'>πεποιθότες</span> <span class='ocrx_word' id='word_1_312' title='bbox 1317 2725 1449 2784; x_wconf 80' lang='grc' dir='ltr'>ὦσιν</span> <span class='ocrx_word' id='word_1_313' title='bbox 1488 2734 1578 2785; x_wconf 58' lang='grc' dir='ltr'><strong>ἐπὶ⁵</strong></span> <span class='ocrx_word' id='word_1_314' title='bbox 1619 2737 1731 2796; x_wconf 87' lang='grc' dir='ltr'>τοῖς</span> 
     </span>
    </p>
   </div>
   <div class='ocr_carea' id='block_1_45' title="bbox 139 2811 1731 2893">
    <p class='ocr_par' dir='ltr' id='par_1_45' title="bbox 139 2811 1731 2893">
     <span class='ocr_line' id='line_1_45' title="bbox 139 2811 1731 2893; baseline 0.01 -32"><span class='ocrx_word' id='word_1_315' title='bbox 139 2811 363 2880; x_wconf 81' lang='grc' dir='ltr'>βωμοῖς,</span> <span class='ocrx_word' id='word_1_316' title='bbox 409 2813 532 2865; x_wconf 82' lang='grc' dir='ltr'>οὐδέ</span> <span class='ocrx_word' id='word_1_317' title='bbox 583 2815 677 2868; x_wconf 78' lang='grc' dir='ltr'>ἐπὶ</span> <span class='ocrx_word' id='word_1_318' title='bbox 708 2819 820 2880; x_wconf 80' lang='grc' dir='ltr'>τοῖς</span> <span class='ocrx_word' id='word_1_319' title='bbox 853 2817 1034 2888; x_wconf 81' lang='grc' dir='ltr'>ἔργοις</span> <span class='ocrx_word' id='word_1_320' title='bbox 1066 2819 1177 2873; x_wconf 85' lang='grc' dir='ltr'>τῶν</span> <span class='ocrx_word' id='word_1_321' title='bbox 1213 2821 1414 2893; x_wconf 85' lang='grc' dir='ltr'>χειρῶν</span> <span class='ocrx_word' id='word_1_322' title='bbox 1445 2823 1644 2888; x_wconf 84' lang='grc' dir='ltr'>αὐτῶν,</span> <span class='ocrx_word' id='word_1_323' title='bbox 1696 2823 1731 2877; x_wconf 70' lang='grc' dir='ltr'>ἃ</span> 
     </span>
    </p>
   </div>
   <div class='ocr_carea' id='block_1_46' title="bbox 136 2901 1731 2978">
    <p class='ocr_par' dir='ltr' id='par_1_46' title="bbox 136 2901 1731 2978">
     <span class='ocr_line' id='line_1_46' title="bbox 136 2901 1731 2978; baseline 0.011 -28"><span class='ocrx_word' id='word_1_324' title='bbox 136 2901 399 2972; x_wconf 78' lang='grc' dir='ltr'>ἐποίησαν</span> <span class='ocrx_word' id='word_1_325' title='bbox 427 2904 479 2956; x_wconf 90' lang='grc' dir='ltr'>οἱ</span> <span class='ocrx_word' id='word_1_326' title='bbox 505 2905 759 2959; x_wconf 79' lang='grc' dir='ltr'>δάκτυλοι</span> <span class='ocrx_word' id='word_1_327' title='bbox 793 2908 993 2961; x_wconf 65' lang='grc' dir='ltr'>αὐτῶνθ</span> <span class='ocrx_word' id='word_1_328' title='bbox 1023 2909 1138 2962; x_wconf 89' lang='grc' dir='ltr'>ἀλλ”</span> <span class='ocrx_word' id='word_1_329' title='bbox 1172 2911 1385 2964; x_wconf 75' lang='grc' dir='ltr'>ἔσονται</span> <span class='ocrx_word' id='word_1_330' title='bbox 1411 2913 1731 2978; x_wconf 86' lang='grc' dir='ltr'>πεποιθότες</span> 
     </span>
    </p>
   </div>
   <div class='ocr_carea' id='block_1_47' title="bbox 137 2990 1730 3078">
    <p class='ocr_par' dir='ltr' id='par_1_47' title="bbox 137 2990 1730 3078">
     <span class='ocr_line' id='line_1_47' title="bbox 137 2990 1730 3078; baseline 0.011 -37"><span class='ocrx_word' id='word_1_331' title='bbox 137 2990 224 3045; x_wconf 74' lang='grc' dir='ltr'>ἐπὶ</span> <span class='ocrx_word' id='word_1_332' title='bbox 250 2996 344 3047; x_wconf 89' lang='grc' dir='ltr'><strong>τὸν</strong></span> <span class='ocrx_word' id='word_1_333' title='bbox 374 2995 530 3061; x_wconf 76' lang='grc' dir='ltr'>ἅγιον</span> <span class='ocrx_word' id='word_1_334' title='bbox 549 2997 644 3050; x_wconf 91' lang='grc' dir='ltr'><strong>τοῦ</strong></span> <span class='ocrx_word' id='word_1_335' title='bbox 679 2999 917 3072; x_wconf 82' lang='grc' dir='ltr'>Ἰσραήλ.</span> <span class='ocrx_word' id='word_1_336' title='bbox 948 3001 1056 3054; x_wconf 76' lang='lat' dir='ltr'><strong>Kal.</strong></span> <span class='ocrx_word' id='word_1_337' title='bbox 1082 3003 1181 3054; x_wconf 81' lang='grc' dir='ltr'>οὐκ</span> <span class='ocrx_word' id='word_1_338' title='bbox 1197 3003 1418 3072; x_wconf 71' lang='grc' dir='ltr'>ὄψονται</span> <span class='ocrx_word' id='word_1_339' title='bbox 1442 3004 1510 3058; x_wconf 83' lang='grc' dir='ltr'><strong>τὰ</strong></span> <span class='ocrx_word' id='word_1_340' title='bbox 1537 3005 1730 3078; x_wconf 89' lang='grc' dir='ltr'>δένδρα</span> 
     </span>
    </p>
   </div>
   <div class='ocr_carea' id='block_1_48' title="bbox 137 3087 1731 3169">
    <p class='ocr_par' dir='ltr' id='par_1_48' title="bbox 137 3087 1731 3169">
     <span class='ocr_line' id='line_1_48' title="bbox 137 3087 1731 3169; baseline 0.008 -31"><span class='ocrx_word' id='word_1_341' title='bbox 137 3087 313 3140; x_wconf 73' lang='grc' dir='ltr'>αὐτῶν</span> <span class='ocrx_word' id='word_1_342' title='bbox 335 3089 462 3142; x_wconf 80' lang='grc' dir='ltr'>οὑδέ</span> <span class='ocrx_word' id='word_1_343' title='bbox 502 3089 573 3142; x_wconf 81' lang='grc' dir='ltr'>τὰ</span> <span class='ocrx_word' id='word_1_344' title='bbox 619 3091 962 3163; x_wconf 82' lang='grc' dir='ltr'>βδελύγματα</span> <span class='ocrx_word' id='word_1_345' title='bbox 992 3096 1190 3147; x_wconf 81' lang='grc' dir='ltr'>αὐτῶν.</span> <span class='ocrx_word' id='word_1_346' title='bbox 1222 3097 1300 3166; x_wconf 82' lang='grc' dir='ltr'><strong>Τῇ</strong></span> <span class='ocrx_word' id='word_1_347' title='bbox 1328 3099 1510 3169; x_wconf 81' lang='grc' dir='ltr'>ἡμέρᾳ</span> <span class='ocrx_word' id='word_1_348' title='bbox 1549 3100 1731 3169; x_wconf 82' lang='grc' dir='ltr'>ἐκείνῃ</span> 
     </span>
    </p>
   </div>
   <div class='ocr_carea' id='block_1_49' title="bbox 136 3178 1730 3262">
    <p class='ocr_par' dir='ltr' id='par_1_49' title="bbox 136 3178 1730 3262">
     <span class='ocr_line' id='line_1_49' title="bbox 136 3178 1730 3262; baseline 0.009 -32"><span class='ocrx_word' id='word_1_349' title='bbox 136 3178 346 3234; x_wconf 73' lang='grc' dir='ltr'>ἔσονται</span> <span class='ocrx_word' id='word_1_350' title='bbox 390 3183 446 3234; x_wconf 85' lang='grc' dir='ltr'>αἱ</span> <span class='ocrx_word' id='word_1_351' title='bbox 490 3183 673 3247; x_wconf 86' lang='grc' dir='ltr'>πόλεις</span> <span class='ocrx_word' id='word_1_352' title='bbox 708 3201 800 3238; x_wconf 77' lang='grc' dir='ltr'><strong>σου</strong></span> <span class='ocrx_word' id='word_1_353' title='bbox 827 3187 1403 3259; x_wconf 81' lang='grc' dir='ltr'>ἐγκαταλελειμμέναι,</span> <span class='ocrx_word' id='word_1_354' title='bbox 1441 3190 1498 3242; x_wconf 88' lang='grc' dir='ltr'>ὃν</span> <span class='ocrx_word' id='word_1_355' title='bbox 1531 3192 1730 3262; x_wconf 87' lang='grc' dir='ltr'>τρόπον</span> 
     </span>
    </p>
   </div>
   <div class='ocr_carea' id='block_1_50' title="bbox 1840 1992 3428 2066">
    <p class='ocr_par' dir='ltr' id='par_1_50' title="bbox 1840 1992 3428 2066">
     <span class='ocr_line' id='line_1_50' title="bbox 1840 1992 3428 2066; baseline -0.004 -15"><span class='ocrx_word' id='word_1_356' title='bbox 1840 1995 2131 2066; x_wconf 83' lang='lat' dir='ltr'><strong>Apostolus</strong></span> <span class='ocrx_word' id='word_1_357' title='bbox 2158 1992 2310 2049; x_wconf 85' lang='lat' dir='ltr'><strong>Judae</strong></span> <span class='ocrx_word' id='word_1_358' title='bbox 2338 1993 2742 2048; x_wconf 84' lang='lat' dir='ltr'><strong>successionem</strong></span> <span class='ocrx_word' id='word_1_359' title='bbox 2773 1992 2907 2048; x_wconf 56' lang='lat' dir='ltr'><strong>oleae</strong></span> <span class='ocrx_word' id='word_1_360' title='bbox 2945 1993 3306 2063; x_wconf 81' lang='lat' dir='ltr'><strong>comparavit,</strong></span> <span class='ocrx_word' id='word_1_361' title='bbox 3349 1994 3428 2063; x_wconf 88' lang='lat' dir='ltr'><strong>ip-</strong></span> 
     </span>
    </p>
   </div>
   <div class='ocr_carea' id='block_1_51' title="bbox 1841 2084 3424 2157">
    <p class='ocr_par' dir='ltr' id='par_1_51' title="bbox 1841 2084 3424 2157">
     <span class='ocr_line' id='line_1_51' title="bbox 1841 2084 3424 2157; baseline -0.003 -15"><span class='ocrx_word' id='word_1_362' title='bbox 1841 2103 2066 2157; x_wconf 88' lang='lat' dir='ltr'><strong>samque</strong></span> <span class='ocrx_word' id='word_1_363' title='bbox 2097 2086 2332 2142; x_wconf 87' lang='lat' dir='ltr'><strong>radicem</strong></span> <span class='ocrx_word' id='word_1_364' title='bbox 2369 2093 2636 2150; x_wconf 84' lang='lat' dir='ltr'><strong>sanctam,</strong></span> <span class='ocrx_word' id='word_1_365' title='bbox 2676 2084 2950 2140; x_wconf 76' lang='lat' dir='ltr'><strong>orimitias</strong></span> <span class='ocrx_word' id='word_1_366' title='bbox 2980 2095 3035 2140; x_wconf 92' lang='lat' dir='ltr'><strong>et</strong></span> <span class='ocrx_word' id='word_1_367' title='bbox 3077 2086 3275 2139; x_wconf 88' lang='lat' dir='ltr'><strong>bonam</strong></span> <span class='ocrx_word' id='word_1_368' title='bbox 3320 2084 3424 2139; x_wconf 89' lang='lat' dir='ltr'><strong>oli-</strong></span> 
     </span>
    </p>
   </div>
   <div class='ocr_carea' id='block_1_52' title="bbox 1837 2186 2168 2237">
    <p class='ocr_par' dir='ltr' id='par_1_52' title="bbox 1837 2186 2168 2237">
     <span class='ocr_line' id='line_1_52' title="bbox 1837 2186 2168 2237; baseline 0.006 -3"><span class='ocrx_word' id='word_1_369' title='bbox 1837 2195 1962 2234; x_wconf 91' lang='lat' dir='ltr'><strong>vam</strong></span> <span class='ocrx_word' id='word_1_370' title='bbox 1991 2186 2168 2237; x_wconf 88' lang='lat' dir='ltr'><strong>vocat.</strong></span> 
     </span>
    </p>
   </div>
   <div class='ocr_carea' id='block_1_53' title="bbox 1909 2451 3422 2509">
    <p class='ocr_par' dir='ltr' id='par_1_53' title="bbox 1909 2451 3422 2509">
     <span class='ocr_line' id='line_1_53' title="bbox 1909 2451 3422 2509; baseline 0.004 -7"><span class='ocrx_word' id='word_1_371' title='bbox 1909 2451 2074 2508; x_wconf 71' lang='lat' dir='ltr'><strong>Vsus.</strong></span> <span class='ocrx_word' id='word_1_372' title='bbox 2123 2453 2274 2507; x_wconf 86' lang='lat' dir='ltr'><strong>7-l0.</strong></span> <span class='ocrx_word' id='word_1_373' title='bbox 2321 2471 2340 2503; x_wconf 70' lang='grc' dir='ltr'><strong>ι</strong></span> <span class='ocrx_word' id='word_1_374' title='bbox 2381 2453 2508 2509; x_wconf 64' lang='grc' dir='ltr'><strong>ιιωο</strong></span> <span class='ocrx_word' id='word_1_375' title='bbox 2546 2453 2679 2509; x_wconf 82' lang='lat' dir='ltr'><strong>dicit</strong></span> <span class='ocrx_word' id='word_1_376' title='bbox 2719 2453 2983 2508; x_wconf 90' lang='lat' dir='ltr'><strong>Dominus</strong></span> <span class='ocrx_word' id='word_1_377' title='bbox 3026 2453 3165 2508; x_wconf 92' lang='lat' dir='ltr'><strong>Deus</strong></span> <span class='ocrx_word' id='word_1_378' title='bbox 3219 2453 3422 2508; x_wconf 86' lang='lat' dir='ltr'><strong>Israel:</strong></span> 
     </span>
    </p>
   </div>
   <div class='ocr_carea' id='block_1_54' title="bbox 1839 2544 3421 2616">
    <p class='ocr_par' dir='ltr' id='par_1_54' title="bbox 1839 2544 3421 2616">
     <span class='ocr_line' id='line_1_54' title="bbox 1839 2544 3421 2616; baseline 0.001 -18"><span class='ocrx_word' id='word_1_379' title='bbox 1839 2544 1896 2598; x_wconf 91' lang='lat' dir='ltr'><strong>ln</strong></span> <span class='ocrx_word' id='word_1_380' title='bbox 1928 2546 2014 2600; x_wconf 90' lang='lat' dir='ltr'><strong>die</strong></span> <span class='ocrx_word' id='word_1_381' title='bbox 2046 2545 2133 2599; x_wconf 82' lang='lat' dir='ltr'><strong>illa</strong></span> <span class='ocrx_word' id='word_1_382' title='bbox 2158 2544 2440 2601; x_wconf 90' lang='lat' dir='ltr'><strong>conﬁdens</strong></span> <span class='ocrx_word' id='word_1_383' title='bbox 2466 2545 2572 2600; x_wconf 90' lang='lat' dir='ltr'><strong>erit</strong></span> <span class='ocrx_word' id='word_1_384' title='bbox 2597 2545 2760 2600; x_wconf 88' lang='lat' dir='ltr'><strong>homo</strong></span> <span class='ocrx_word' id='word_1_385' title='bbox 2786 2545 2838 2599; x_wconf 88' lang='lat' dir='ltr'><strong>in</strong></span> <span class='ocrx_word' id='word_1_386' title='bbox 2869 2560 2957 2610; x_wconf 86' lang='lat' dir='ltr'><strong>eo,</strong></span> <span class='ocrx_word' id='word_1_387' title='bbox 2985 2545 3076 2616; x_wconf 92' lang='lat' dir='ltr'><strong>qui</strong></span> <span class='ocrx_word' id='word_1_388' title='bbox 3105 2547 3234 2600; x_wconf 81' lang='lat' dir='ltr'><strong>fecit</strong></span> <span class='ocrx_word' id='word_1_389' title='bbox 3260 2561 3421 2600; x_wconf 90' lang='lat' dir='ltr'><strong>eum:</strong></span> 
     </span>
    </p>
   </div>
   <div class='ocr_carea' id='block_1_55' title="bbox 1838 2638 3426 2707">
    <p class='ocr_par' dir='ltr' id='par_1_55' title="bbox 1838 2638 3426 2707">
     <span class='ocr_line' id='line_1_55' title="bbox 1838 2638 3426 2707; baseline 0.001 -17"><span class='ocrx_word' id='word_1_390' title='bbox 1838 2638 1980 2691; x_wconf 91' lang='lat' dir='ltr'><strong>oculi</strong></span> <span class='ocrx_word' id='word_1_391' title='bbox 2015 2646 2192 2692; x_wconf 88' lang='lat' dir='ltr'><strong>autem</strong></span> <span class='ocrx_word' id='word_1_392' title='bbox 2228 2638 2343 2705; x_wconf 89' lang='lat' dir='ltr'><strong>ejus</strong></span> <span class='ocrx_word' id='word_1_393' title='bbox 2399 2639 2450 2691; x_wconf 92' lang='lat' dir='ltr'><strong>in</strong></span> <span class='ocrx_word' id='word_1_394' title='bbox 2495 2645 2742 2691; x_wconf 89' lang='lat' dir='ltr'><strong>sanctum</strong></span> <span class='ocrx_word' id='word_1_395' title='bbox 2783 2638 2954 2692; x_wconf 85' lang='lat' dir='ltr'><strong>Israel</strong></span> <span class='ocrx_word' id='word_1_396' title='bbox 2999 2639 3323 2707; x_wconf 84' lang='lat' dir='ltr'><strong>respicient:</strong></span> <span class='ocrx_word' id='word_1_397' title='bbox 3370 2646 3426 2692; x_wconf 90' lang='lat' dir='ltr'><strong>et</strong></span> 
     </span>
    </p>
   </div>
   <div class='ocr_carea' id='block_1_56' title="bbox 1840 2727 3424 2798">
    <p class='ocr_par' dir='ltr' id='par_1_56' title="bbox 1840 2727 3424 2798">
     <span class='ocr_line' id='line_1_56' title="bbox 1840 2727 3424 2798; baseline 0.001 -17"><span class='ocrx_word' id='word_1_398' title='bbox 1840 2743 1945 2782; x_wconf 93' lang='lat' dir='ltr'><strong>non</strong></span> <span class='ocrx_word' id='word_1_399' title='bbox 1977 2727 2313 2782; x_wconf 85' lang='lat' dir='ltr'><strong>conﬁdentes</strong></span> <span class='ocrx_word' id='word_1_400' title='bbox 2339 2737 2501 2784; x_wconf 90' lang='lat' dir='ltr'><strong>erunt</strong></span> <span class='ocrx_word' id='word_1_401' title='bbox 2530 2729 2584 2782; x_wconf 92' lang='lat' dir='ltr'><strong>in</strong></span> <span class='ocrx_word' id='word_1_402' title='bbox 2621 2729 2924 2797; x_wconf 85' lang='lat' dir='ltr'><strong>altaribus,</strong></span> <span class='ocrx_word' id='word_1_403' title='bbox 2961 2743 3135 2798; x_wconf 90' lang='lat' dir='ltr'><strong>neque</strong></span> <span class='ocrx_word' id='word_1_404' title='bbox 3163 2730 3215 2782; x_wconf 92' lang='lat' dir='ltr'><strong>in</strong></span> <span class='ocrx_word' id='word_1_405' title='bbox 3247 2729 3424 2797; x_wconf 89' lang='lat' dir='ltr'><strong>operi-</strong></span> 
     </span>
    </p>
   </div>
   <div class='ocr_carea' id='block_1_57' title="bbox 1840 2818 3420 2889">
    <p class='ocr_par' dir='ltr' id='par_1_57' title="bbox 1840 2818 3420 2889">
     <span class='ocr_line' id='line_1_57' title="bbox 1840 2818 3420 2889; baseline 0.001 -18"><span class='ocrx_word' id='word_1_406' title='bbox 1840 2818 1938 2873; x_wconf 89' lang='lat' dir='ltr'><strong>bus</strong></span> <span class='ocrx_word' id='word_1_407' title='bbox 1967 2833 2222 2873; x_wconf 86' lang='lat' dir='ltr'><strong>manuum</strong></span> <span class='ocrx_word' id='word_1_408' title='bbox 2251 2834 2472 2874; x_wconf 91' lang='lat' dir='ltr'><strong>suarum</strong></span> <span class='ocrx_word' id='word_1_409' title='bbox 2501 2860 2514 2883; x_wconf 94' lang='lat'><strong>,</strong></span> <span class='ocrx_word' id='word_1_410' title='bbox 2545 2835 2665 2889; x_wconf 71' lang='lat' dir='ltr'><strong>quae</strong></span> <span class='ocrx_word' id='word_1_411' title='bbox 2709 2820 2960 2874; x_wconf 83' lang='lat' dir='ltr'><strong>fecerunt</strong></span> <span class='ocrx_word' id='word_1_412' title='bbox 2995 2821 3147 2889; x_wconf 82' lang='lat' dir='ltr'><strong>digiti</strong></span> <span class='ocrx_word' id='word_1_413' title='bbox 3193 2835 3378 2874; x_wconf 89' lang='lat' dir='ltr'><strong>eorum</strong></span> <span class='ocrx_word' id='word_1_414' title='bbox 3407 2837 3420 2873; x_wconf 89' lang='lat'><strong>:</strong></span> 
     </span>
    </p>
   </div>
   <div class='ocr_carea' id='block_1_58' title="bbox 1839 2910 3424 2966">
    <p class='ocr_par' dir='ltr' id='par_1_58' title="bbox 1839 2910 3424 2966">
     <span class='ocr_line' id='line_1_58' title="bbox 1839 2910 3424 2966; baseline 0.001 -2"><span class='ocrx_word' id='word_1_415' title='bbox 1839 2911 1931 2964; x_wconf 88' lang='lat' dir='ltr'><strong>sed</strong></span> <span class='ocrx_word' id='word_1_416' title='bbox 1963 2920 2125 2963; x_wconf 89' lang='lat' dir='ltr'><strong>erunt</strong></span> <span class='ocrx_word' id='word_1_417' title='bbox 2157 2910 2497 2964; x_wconf 89' lang='lat' dir='ltr'><strong>conﬁdentes</strong></span> <span class='ocrx_word' id='word_1_418' title='bbox 2523 2912 2574 2964; x_wconf 90' lang='lat' dir='ltr'><strong>in</strong></span> <span class='ocrx_word' id='word_1_419' title='bbox 2613 2921 2803 2964; x_wconf 89' lang='lat' dir='ltr'><strong>sancto</strong></span> <span class='ocrx_word' id='word_1_420' title='bbox 2832 2910 3017 2965; x_wconf 90' lang='lat' dir='ltr'><strong>Israel.</strong></span> <span class='ocrx_word' id='word_1_421' title='bbox 3047 2911 3109 2965; x_wconf 85' lang='lat' dir='ltr'><strong>Et</strong></span> <span class='ocrx_word' id='word_1_422' title='bbox 3137 2927 3242 2964; x_wconf 91' lang='lat' dir='ltr'><strong>non</strong></span> <span class='ocrx_word' id='word_1_423' title='bbox 3277 2911 3424 2966; x_wconf 83' lang='lat' dir='ltr'><strong>vide-</strong></span> 
     </span>
    </p>
   </div>
   <div class='ocr_carea' id='block_1_59' title="bbox 1839 2999 3420 3057">
    <p class='ocr_par' dir='ltr' id='par_1_59' title="bbox 1839 2999 3420 3057">
     <span class='ocr_line' id='line_1_59' title="bbox 1839 2999 3420 3057; baseline 0.003 -4"><span class='ocrx_word' id='word_1_424' title='bbox 1839 2999 1969 3053; x_wconf 91' lang='lat' dir='ltr'><strong>bunt</strong></span> <span class='ocrx_word' id='word_1_425' title='bbox 2013 2999 2237 3054; x_wconf 87' lang='lat' dir='ltr'><strong>arbores</strong></span> <span class='ocrx_word' id='word_1_426' title='bbox 2273 3014 2459 3054; x_wconf 91' lang='lat' dir='ltr'><strong>eorum</strong></span> <span class='ocrx_word' id='word_1_427' title='bbox 2495 3013 2595 3053; x_wconf 90' lang='lat' dir='ltr'><strong>nec</strong></span> <span class='ocrx_word' id='word_1_428' title='bbox 2639 3000 3075 3055; x_wconf 87' lang='lat' dir='ltr'><strong>abominationes</strong></span> <span class='ocrx_word' id='word_1_429' title='bbox 3121 3018 3326 3057; x_wconf 89' lang='lat' dir='ltr'><strong>eorum.</strong></span> <span class='ocrx_word' id='word_1_430' title='bbox 3365 3001 3420 3057; x_wconf 91' lang='lat' dir='ltr'><strong>In</strong></span> 
     </span>
    </p>
   </div>
   <div class='ocr_carea' id='block_1_60' title="bbox 1840 3088 3420 3158">
    <p class='ocr_par' dir='ltr' id='par_1_60' title="bbox 1840 3088 3420 3158">
     <span class='ocr_line' id='line_1_60' title="bbox 1840 3088 3420 3158; baseline 0.001 -16"><span class='ocrx_word' id='word_1_431' title='bbox 1840 3091 1925 3143; x_wconf 91' lang='lat' dir='ltr'><strong>die</strong></span> <span class='ocrx_word' id='word_1_432' title='bbox 1956 3090 2042 3143; x_wconf 86' lang='lat' dir='ltr'><strong>illa</strong></span> <span class='ocrx_word' id='word_1_433' title='bbox 2081 3097 2240 3143; x_wconf 89' lang='lat' dir='ltr'><strong>erunt</strong></span> <span class='ocrx_word' id='word_1_434' title='bbox 2273 3088 2548 3144; x_wconf 71' lang='lat' dir='ltr'><strong>derelicta:</strong></span> <span class='ocrx_word' id='word_1_435' title='bbox 2594 3091 2756 3144; x_wconf 89' lang='lat' dir='ltr'><strong>urbes</strong></span> <span class='ocrx_word' id='word_1_436' title='bbox 2802 3100 2927 3154; x_wconf 86' lang='lat' dir='ltr'><strong>tuae,</strong></span> <span class='ocrx_word' id='word_1_437' title='bbox 2961 3090 3420 3158; x_wconf 87' lang='lat' dir='ltr'><strong>quemadmodum</strong></span> 
     </span>
    </p>
   </div>
   <div class='ocr_carea' id='block_1_61' title="bbox 1840 3179 3419 3249">
    <p class='ocr_par' dir='ltr' id='par_1_61' title="bbox 1840 3179 3419 3249">
     <span class='ocr_line' id='line_1_61' title="bbox 1840 3179 3419 3249; baseline 0.001 -16"><span class='ocrx_word' id='word_1_438' title='bbox 1840 3182 2246 3249; x_wconf 90' lang='lat' dir='ltr'><strong>dereliquerunt</strong></span> <span class='ocrx_word' id='word_1_439' title='bbox 2285 3179 2588 3235; x_wconf 63' lang='lat' dir='ltr'><strong>Amorrhaai</strong></span> <span class='ocrx_word' id='word_1_440' title='bbox 2639 3191 2693 3235; x_wconf 92' lang='lat' dir='ltr'><strong>et</strong></span> <span class='ocrx_word' id='word_1_441' title='bbox 2744 3179 2884 3233; x_wconf 78' lang='lat' dir='ltr'><strong>Evaei</strong></span> <span class='ocrx_word' id='word_1_442' title='bbox 2934 3195 2962 3232; x_wconf 89' lang='lat' dir='ltr'><strong>a</strong></span> <span class='ocrx_word' id='word_1_443' title='bbox 3017 3182 3154 3234; x_wconf 76' lang='lat' dir='ltr'><strong>facie</strong></span> <span class='ocrx_word' id='word_1_444' title='bbox 3185 3181 3419 3236; x_wconf 87' lang='lat' dir='ltr'><strong>ﬁliorum</strong></span> 
     </span>
    </p>
   </div>
   <div class='ocr_carea' id='block_1_62' title="bbox 136 3273 1729 3353">
    <p class='ocr_par' dir='ltr' id='par_1_62' title="bbox 136 3273 1729 3353">
     <span class='ocr_line' id='line_1_62' title="bbox 136 3273 1729 3353; baseline 0.009 -31"><span class='ocrx_word' id='word_1_445' title='bbox 136 3273 428 3325; x_wconf 74' lang='grc' dir='ltr'>κατέλιπον</span> <span class='ocrx_word' id='word_1_446' title='bbox 450 3276 502 3327; x_wconf 82' lang='grc' dir='ltr'>οἱ</span> <span class='ocrx_word' id='word_1_447' title='bbox 551 3276 860 3349; x_wconf 81' lang='grc' dir='ltr'>Ἀμορραῖοι</span> <span class='ocrx_word' id='word_1_448' title='bbox 885 3280 979 3332; x_wconf 70' lang='grc' dir='ltr'>καὶ</span> <span class='ocrx_word' id='word_1_449' title='bbox 1003 3282 1051 3333; x_wconf 75' lang='grc' dir='ltr'>οἱ</span> <span class='ocrx_word' id='word_1_450' title='bbox 1082 3281 1265 3334; x_wconf 84' lang='grc' dir='ltr'>Εὐαῖοι</span> <span class='ocrx_word' id='word_1_451' title='bbox 1302 3283 1409 3335; x_wconf 85' lang='grc' dir='ltr'><strong>ἀπὸ</strong></span> <span class='ocrx_word' id='word_1_452' title='bbox 1444 3284 1729 3353; x_wconf 78' lang='grc' dir='ltr'>προσώπου</span> 
     </span>
    </p>
   </div>
   <div class='ocr_carea' id='block_1_63' title="bbox 1838 3273 3422 3353">
    <p class='ocr_par' dir='ltr' id='par_1_63' title="bbox 1844 3273 3422 3343">
     <span class='ocr_line' id='line_1_63' title="bbox 1844 3273 3422 3343; baseline 0.002 -17"><span class='ocrx_word' id='word_1_453' title='bbox 1844 3274 2024 3328; x_wconf 91' lang='lat' dir='ltr'><strong>Israel.</strong></span> <span class='ocrx_word' id='word_1_454' title='bbox 2061 3273 2128 3328; x_wconf 86' lang='lat' dir='ltr'><strong>Et</strong></span> <span class='ocrx_word' id='word_1_455' title='bbox 2157 3282 2319 3328; x_wconf 82' lang='lat' dir='ltr'><strong>erunt</strong></span> <span class='ocrx_word' id='word_1_456' title='bbox 2347 3274 2608 3340; x_wconf 62' lang='lat' dir='ltr'><strong>desertis,</strong></span> <span class='ocrx_word' id='word_1_457' title='bbox 2641 3275 2900 3343; x_wconf 91' lang='lat' dir='ltr'><strong>quoniam</strong></span> <span class='ocrx_word' id='word_1_458' title='bbox 2935 3274 3224 3330; x_wconf 78' lang='lat' dir='ltr'><strong>deseruisti</strong></span> <span class='ocrx_word' id='word_1_459' title='bbox 3254 3274 3422 3329; x_wconf 89' lang='lat' dir='ltr'><strong>Deum</strong></span> 
     </span>
    </p>
   </div>
   <div class='ocr_carea' id='block_1_64' title="bbox 131 3360 1732 3442">
    <p class='ocr_par' dir='ltr' id='par_1_64' title="bbox 131 3360 1732 3442">
     <span class='ocr_line' id='line_1_64' title="bbox 131 3360 1732 3442; baseline 0.011 -31"><span class='ocrx_word' id='word_1_460' title='bbox 131 3360 240 3413; x_wconf 81' lang='grc' dir='ltr'>τῶν</span> <span class='ocrx_word' id='word_1_461' title='bbox 273 3363 408 3413; x_wconf 84' lang='grc' dir='ltr'>υἱῶν</span> <span class='ocrx_word' id='word_1_462' title='bbox 458 3363 693 3435; x_wconf 79' lang='grc' dir='ltr'>Ἰσραήλ.</span> <span class='ocrx_word' id='word_1_463' title='bbox 754 3368 862 3420; x_wconf 77' lang='grc' dir='ltr'>Καὶ</span> <span class='ocrx_word' id='word_1_464' title='bbox 897 3369 1109 3422; x_wconf 73' lang='grc' dir='ltr'>ἔσονται</span> <span class='ocrx_word' id='word_1_465' title='bbox 1155 3372 1383 3442; x_wconf 77' lang='grc' dir='ltr'>ἔρημοι,</span> <span class='ocrx_word' id='word_1_466' title='bbox 1423 3375 1556 3426; x_wconf 84' lang='grc' dir='ltr'>διότι</span> <span class='ocrx_word' id='word_1_467' title='bbox 1600 3393 1732 3428; x_wconf 85' lang='grc' dir='ltr'>κατ-</span> 
     </span>
    </p>
   </div>
   <div class='ocr_carea' id='block_1_65' title="bbox 131 3449 1728 3537">
    <p class='ocr_par' dir='ltr' id='par_1_65' title="bbox 131 3449 1728 3537">
     <span class='ocr_line' id='line_1_65' title="bbox 131 3449 1728 3537; baseline 0.011 -35"><span class='ocrx_word' id='word_1_468' title='bbox 131 3449 315 3514; x_wconf 75' lang='grc' dir='ltr'>ιλιπες</span> <span class='ocrx_word' id='word_1_469' title='bbox 337 3460 430 3504; x_wconf 87' lang='grc' dir='ltr'><strong>τὸν</strong></span> <span class='ocrx_word' id='word_1_470' title='bbox 450 3452 583 3506; x_wconf 83' lang='grc' dir='ltr'>Θεὸν</span> <span class='ocrx_word' id='word_1_471' title='bbox 599 3455 688 3507; x_wconf 89' lang='grc' dir='ltr'><strong>τὸν</strong></span> <span class='ocrx_word' id='word_1_472' title='bbox 727 3457 957 3529; x_wconf 87' lang='grc' dir='ltr'>Σωτῆρὰ</span> <span class='ocrx_word' id='word_1_473' title='bbox 987 3451 1102 3524; x_wconf 78' lang='grc' dir='ltr'>σου,</span> <span class='ocrx_word' id='word_1_474' title='bbox 1123 3463 1216 3514; x_wconf 70' lang='grc' dir='ltr'>καὶ</span> <span class='ocrx_word' id='word_1_475' title='bbox 1247 3464 1451 3534; x_wconf 84' lang='grc' dir='ltr'>Κυρίου</span> <span class='ocrx_word' id='word_1_476' title='bbox 1486 3466 1578 3518; x_wconf 86' lang='grc' dir='ltr'><strong>τοῦ</strong></span> <span class='ocrx_word' id='word_1_477' title='bbox 1603 3468 1728 3537; x_wconf 81' lang='grc' dir='ltr'>βοη-</span> 
     </span>
    </p>
   </div>
   <div class='ocr_carea' id='block_1_66' title="bbox 131 3542 1729 3628">
    <p class='ocr_par' dir='ltr' id='par_1_66' title="bbox 131 3542 1729 3628">
     <span class='ocr_line' id='line_1_66' title="bbox 131 3542 1729 3628; baseline 0.012 -35"><span class='ocrx_word' id='word_1_478' title='bbox 131 3542 224 3595; x_wconf 84' lang='grc' dir='ltr'><strong>θοῦ</strong></span> <span class='ocrx_word' id='word_1_479' title='bbox 249 3560 345 3595; x_wconf 86' lang='grc' dir='ltr'><strong>σου</strong></span> <span class='ocrx_word' id='word_1_480' title='bbox 377 3547 480 3598; x_wconf 82' lang='grc' dir='ltr'>οὐκ</span> <span class='ocrx_word' id='word_1_481' title='bbox 508 3548 803 3618; x_wconf 87' lang='grc' dir='ltr'>ἐμνήσθης.</span> <span class='ocrx_word' id='word_1_482' title='bbox 835 3551 1131 3614; x_wconf 80' lang='grc' dir='ltr'>Διὰ,τοῦτο</span> <span class='ocrx_word' id='word_1_483' title='bbox 1166 3573 1450 3623; x_wconf 78' lang='grc' dir='ltr'>φυτευσεις</span> <span class='ocrx_word' id='word_1_484' title='bbox 1479 3558 1729 3628; x_wconf 66' lang='grc' dir='ltr'>φύτευμα</span> 
     </span>
    </p>
   </div>
   <div class='ocr_carea' id='block_1_67' title="bbox 130 3635 1728 3723">
    <p class='ocr_par' dir='ltr' id='par_1_67' title="bbox 130 3635 1728 3723">
     <span class='ocr_line' id='line_1_67' title="bbox 130 3635 1728 3723; baseline 0.009 -35"><span class='ocrx_word' id='word_1_485' title='bbox 130 3635 381 3698; x_wconf 80' lang='grc' dir='ltr'>ἄπιστον,</span> <span class='ocrx_word' id='word_1_486' title='bbox 420 3639 514 3690; x_wconf 77' lang='grc' dir='ltr'>καὶ</span> <span class='ocrx_word' id='word_1_487' title='bbox 571 3639 792 3711; x_wconf 82' lang='grc' dir='ltr'>σπέρμα</span> <span class='ocrx_word' id='word_1_488' title='bbox 838 3643 1087 3698; x_wconf 81' lang='grc' dir='ltr'>ἄπιστον.</span> <span class='ocrx_word' id='word_1_489' title='bbox 1121 3646 1197 3717; x_wconf 80' lang='grc' dir='ltr'>Τῇ</span> <span class='ocrx_word' id='word_1_490' title='bbox 1234 3647 1290 3699; x_wconf 84' lang='grc' dir='ltr'><strong>δέ</strong></span> <span class='ocrx_word' id='word_1_491' title='bbox 1337 3649 1539 3719; x_wconf 76' lang='grc' dir='ltr'>ἡμέρᾳ,</span> <span class='ocrx_word' id='word_1_492' title='bbox 1663 3650 1728 3703; x_wconf 88' lang='grc' dir='ltr'>ἂν</span> 
     </span>
    </p>
   </div>
   <div class='ocr_carea' id='block_1_68' title="bbox 131 3730 1728 3813">
    <p class='ocr_par' dir='ltr' id='par_1_68' title="bbox 131 3730 1728 3813">
     <span class='ocr_line' id='line_1_68' title="bbox 131 3730 1728 3813; baseline 0.01 -34"><span class='ocrx_word' id='word_1_493' title='bbox 131 3730 430 3800; x_wconf 74' lang='grc' dir='ltr'>φυτεύσῃς,</span> <span class='ocrx_word' id='word_1_494' title='bbox 477 3733 815 3806; x_wconf 74' lang='grc' dir='ltr'>πλανηθήση.</span> <span class='ocrx_word' id='word_1_495' title='bbox 845 3738 918 3789; x_wconf 88' lang='grc' dir='ltr'>Τὸ</span> <span class='ocrx_word' id='word_1_496' title='bbox 945 3738 1000 3790; x_wconf 88' lang='grc' dir='ltr'><strong>δέ</strong></span> <span class='ocrx_word' id='word_1_497' title='bbox 1046 3738 1191 3809; x_wconf 81' lang='grc' dir='ltr'>πρωῒ</span> <span class='ocrx_word' id='word_1_498' title='bbox 1225 3739 1318 3792; x_wconf 79' lang='grc' dir='ltr'><strong>ἐὰν</strong></span> <span class='ocrx_word' id='word_1_499' title='bbox 1360 3741 1609 3813; x_wconf 78' lang='grc' dir='ltr'>σπείρης,</span> <span class='ocrx_word' id='word_1_500' title='bbox 1637 3744 1728 3794; x_wconf 88' lang='grc' dir='ltr'>ἀν-</span> 
     </span>
    </p>
   </div>
   <div class='ocr_carea' id='block_1_69' title="bbox 131 3820 1728 3907">
    <p class='ocr_par' dir='ltr' id='par_1_69' title="bbox 131 3820 1728 3907">
     <span class='ocr_line' id='line_1_69' title="bbox 131 3820 1728 3907; baseline 0.011 -34"><span class='ocrx_word' id='word_1_501' title='bbox 131 3820 285 3891; x_wconf 81' lang='grc' dir='ltr'>θήσει</span> <span class='ocrx_word' id='word_1_502' title='bbox 316 3827 399 3887; x_wconf 83' lang='grc' dir='ltr'>εὶς</span> <span class='ocrx_word' id='word_1_503' title='bbox 417 3825 649 3897; x_wconf 84' lang='grc' dir='ltr'>ἀμητὸν,</span> <span class='ocrx_word' id='word_1_504' title='bbox 731 3829 794 3882; x_wconf 84' lang='grc' dir='ltr'>ἂν</span> <span class='ocrx_word' id='word_1_505' title='bbox 812 3832 994 3901; x_wconf 70' lang='grc' dir='ltr'>ἡμέρᾳ</span> <span class='ocrx_word' id='word_1_506' title='bbox 1019 3833 1296 3905; x_wconf 76' lang='grc' dir='ltr'>κληρώσῃο</span> <span class='ocrx_word' id='word_1_507' title='bbox 1329 3835 1422 3887; x_wconf 73' lang='grc' dir='ltr'>καὶ</span> <span class='ocrx_word' id='word_1_508' title='bbox 1448 3835 1522 3897; x_wconf 85' lang='grc' dir='ltr'>ὡς</span> <span class='ocrx_word' id='word_1_509' title='bbox 1547 3837 1728 3907; x_wconf 80' lang='grc' dir='ltr'>πατὴρ</span> 
     </span>
    </p>
   </div>
   <div class='ocr_carea' id='block_1_70' title="bbox 129 3911 1724 3994">
    <p class='ocr_par' dir='ltr' id='par_1_70' title="bbox 129 3911 1724 3994">
     <span class='ocr_line' id='line_1_70' title="bbox 129 3911 1724 3994; baseline 0.01 -32"><span class='ocrx_word' id='word_1_510' title='bbox 129 3911 424 3982; x_wconf 80' lang='grc' dir='ltr'>ἀνθρώπου</span> <span class='ocrx_word' id='word_1_511' title='bbox 478 3915 736 3988; x_wconf 83' lang='grc' dir='ltr'>κληρώσῃ</span> <span class='ocrx_word' id='word_1_512' title='bbox 767 3923 880 3983; x_wconf 84' lang='grc' dir='ltr'>τοῖς</span> <span class='ocrx_word' id='word_1_513' title='bbox 933 3923 1068 3984; x_wconf 86' lang='grc' dir='ltr'>υἱοῖς</span> <span class='ocrx_word' id='word_1_514' title='bbox 1125 3938 1237 3976; x_wconf 80' lang='grc' dir='ltr'>σου.</span> <span class='ocrx_word' id='word_1_515' title='bbox 1280 3943 1295 3973; x_wconf 75' lang='grc' dir='ltr'><strong>ι</strong></span> <span class='ocrx_word' id='word_1_516' title='bbox 1336 3925 1545 3994; x_wconf 84' lang='grc' dir='ltr'>Ὥσπερ</span> <span class='ocrx_word' id='word_1_517' title='bbox 1596 3927 1724 3994; x_wconf 83' lang='grc' dir='ltr'>γὰρ,</span> 
     </span>
    </p>
   </div>
   <div class='ocr_carea' id='block_1_71' title="bbox 130 4007 1728 4086">
    <p class='ocr_par' dir='ltr' id='par_1_71' title="bbox 130 4007 1728 4086">
     <span class='ocr_line' id='line_1_71' title="bbox 130 4007 1728 4086; baseline 0.005 -26"><span class='ocrx_word' id='word_1_518' title='bbox 130 4021 199 4075; x_wconf 68' lang='grc' dir='ltr'><strong>φη</strong></span> <span class='ocrx_word' id='word_1_519' title='bbox 210 4008 315 4072; x_wconf 69' lang='grc' dir='ltr'>σὶν,</span> <span class='ocrx_word' id='word_1_520' title='bbox 356 4007 582 4062; x_wconf 79' lang='grc' dir='ltr'>ἐκείνων</span> <span class='ocrx_word' id='word_1_521' title='bbox 608 4011 984 4077; x_wconf 86' lang='grc' dir='ltr'>ἀπολωλότων,</span> <span class='ocrx_word' id='word_1_522' title='bbox 1003 4013 1179 4084; x_wconf 81' lang='grc' dir='ltr'>’ἑτεροι</span> <span class='ocrx_word' id='word_1_523' title='bbox 1218 4014 1573 4086; x_wconf 84' lang='grc' dir='ltr'>παρελθόντες</span> <span class='ocrx_word' id='word_1_524' title='bbox 1601 4033 1728 4068; x_wconf 85' lang='grc' dir='ltr'>κατ-</span> 
     </span>
    </p>
   </div>
   <div class='ocr_carea' id='block_1_72' title="bbox 130 4101 1727 4179">
    <p class='ocr_par' dir='ltr' id='par_1_72' title="bbox 130 4101 1727 4179">
     <span class='ocr_line' id='line_1_72' title="bbox 130 4101 1727 4179; baseline 0.003 -23"><span class='ocrx_word' id='word_1_525' title='bbox 130 4103 289 4172; x_wconf 80' lang='grc' dir='ltr'>έσχον</span> <span class='ocrx_word' id='word_1_526' title='bbox 335 4101 517 4155; x_wconf 79' lang='grc' dir='ltr'>αὐτῶν</span> <span class='ocrx_word' id='word_1_527' title='bbox 547 4102 644 4166; x_wconf 81' lang='grc' dir='ltr'><strong>τὰς</strong></span> <span class='ocrx_word' id='word_1_528' title='bbox 676 4104 857 4169; x_wconf 87' lang='grc' dir='ltr'>πόλεις</span> <span class='ocrx_word' id='word_1_529' title='bbox 886 4107 982 4160; x_wconf 75' lang='grc' dir='ltr'>καὶ</span> <span class='ocrx_word' id='word_1_530' title='bbox 1033 4108 1132 4171; x_wconf 81' lang='grc' dir='ltr'><strong>τὰς</strong></span> <span class='ocrx_word' id='word_1_531' title='bbox 1165 4108 1371 4179; x_wconf 85' lang='grc' dir='ltr'>χώρας,</span> <span class='ocrx_word' id='word_1_532' title='bbox 1435 4108 1609 4171; x_wconf 82' lang='grc' dir='ltr'>οὕτως</span> <span class='ocrx_word' id='word_1_533' title='bbox 1635 4111 1727 4161; x_wconf 73' lang='grc' dir='ltr'>καὶ</span> 
     </span>
    </p>
   </div>
   <div class='ocr_carea' id='block_1_73' title="bbox 126 4194 1721 4272">
    <p class='ocr_par' dir='ltr' id='par_1_73' title="bbox 126 4194 1721 4272">
     <span class='ocr_line' id='line_1_73' title="bbox 126 4194 1721 4272; baseline 0.004 -27"><span class='ocrx_word' id='word_1_534' title='bbox 126 4197 181 4246; x_wconf 83' lang='grc' dir='ltr'>αἱ</span> <span class='ocrx_word' id='word_1_535' title='bbox 217 4195 311 4247; x_wconf 72' lang='grc' dir='ltr'>σαὶ</span> <span class='ocrx_word' id='word_1_536' title='bbox 361 4194 545 4258; x_wconf 87' lang='grc' dir='ltr'>πόλεις</span> <span class='ocrx_word' id='word_1_537' title='bbox 573 4196 792 4267; x_wconf 88' lang='grc' dir='ltr'>ἐτέρους</span> <span class='ocrx_word' id='word_1_538' title='bbox 818 4199 1031 4262; x_wconf 75' lang='grc' dir='ltr'>ἕξουσιν</span> <span class='ocrx_word' id='word_1_539' title='bbox 1056 4201 1368 4270; x_wconf 79' lang='grc' dir='ltr'>οἰκήτορας,</span> <span class='ocrx_word' id='word_1_540' title='bbox 1410 4201 1564 4272; x_wconf 83' lang='grc' dir='ltr'>ὑμῶν</span> <span class='ocrx_word' id='word_1_541' title='bbox 1585 4202 1721 4254; x_wconf 83' lang='grc' dir='ltr'>ἀπο-</span> 
     </span>
    </p>
   </div>
   <div class='ocr_carea' id='block_1_74' title="bbox 125 4282 1721 4361">
    <p class='ocr_par' dir='ltr' id='par_1_74' title="bbox 125 4282 1721 4361">
     <span class='ocr_line' id='line_1_74' title="bbox 125 4282 1721 4361; baseline 0.003 -26"><span class='ocrx_word' id='word_1_542' title='bbox 125 4282 444 4354; x_wconf 76' lang='grc' dir='ltr'>ϐληθέντων</span> <span class='ocrx_word' id='word_1_543' title='bbox 497 4285 591 4337; x_wconf 73' lang='grc' dir='ltr'>καὶ</span> <span class='ocrx_word' id='word_1_544' title='bbox 639 4283 999 4349; x_wconf 81' lang='grc' dir='ltr'>ἐξωσθέντων.</span> <span class='ocrx_word' id='word_1_545' title='bbox 1059 4306 1076 4338; x_wconf 85' lang='grc'><em>‹</em></span> <span class='ocrx_word' id='word_1_546' title='bbox 1118 4289 1227 4340; x_wconf 75' lang='lat' dir='ltr'><strong>Kal.</strong></span> <span class='ocrx_word' id='word_1_547' title='bbox 1262 4289 1474 4342; x_wconf 79' lang='grc' dir='ltr'>ἔσονται</span> <span class='ocrx_word' id='word_1_548' title='bbox 1507 4289 1721 4361; x_wconf 77' lang='grc' dir='ltr'>ἔρημοι,</span> 
     </span>
    </p>
   </div>
   <div class='ocr_carea' id='block_1_75' title="bbox 125 4377 1721 4456">
    <p class='ocr_par' dir='ltr' id='par_1_75' title="bbox 125 4377 1721 4456">
     <span class='ocr_line' id='line_1_75' title="bbox 125 4377 1721 4456; baseline 0.003 -26"><span class='ocrx_word' id='word_1_549' title='bbox 125 4377 262 4430; x_wconf 84' lang='grc' dir='ltr'>διότι</span> <span class='ocrx_word' id='word_1_550' title='bbox 284 4377 584 4441; x_wconf 73' lang='grc' dir='ltr'>κατέλιπες</span> <span class='ocrx_word' id='word_1_551' title='bbox 606 4378 698 4431; x_wconf 90' lang='grc' dir='ltr'><strong>τὸν</strong></span> <span class='ocrx_word' id='word_1_552' title='bbox 724 4380 856 4434; x_wconf 84' lang='grc' dir='ltr'>Θεὸν</span> <span class='ocrx_word' id='word_1_553' title='bbox 876 4381 967 4434; x_wconf 90' lang='grc' dir='ltr'><strong>τὸν</strong></span> <span class='ocrx_word' id='word_1_554' title='bbox 1000 4382 1223 4453; x_wconf 82' lang='grc' dir='ltr'>σωτῆρά</span> <span class='ocrx_word' id='word_1_555' title='bbox 1252 4401 1365 4448; x_wconf 89' lang='grc' dir='ltr'>σου,</span> <span class='ocrx_word' id='word_1_556' title='bbox 1395 4384 1492 4436; x_wconf 78' lang='grc' dir='ltr'>καὶ</span> <span class='ocrx_word' id='word_1_557' title='bbox 1516 4384 1721 4456; x_wconf 86' lang='grc' dir='ltr'>Κυρίου</span> 
     </span>
    </p>
   </div>
   <div class='ocr_carea' id='block_1_76' title="bbox 127 4469 1721 4546">
    <p class='ocr_par' dir='ltr' id='par_1_76' title="bbox 127 4469 1721 4546">
     <span class='ocr_line' id='line_1_76' title="bbox 127 4469 1721 4546; baseline 0.005 -25"><span class='ocrx_word' id='word_1_558' title='bbox 127 4469 221 4522; x_wconf 86' lang='grc' dir='ltr'><strong>τοῦ</strong></span> <span class='ocrx_word' id='word_1_559' title='bbox 254 4471 397 4523; x_wconf 82' lang='grc' dir='ltr'>Θεοῦ</span> <span class='ocrx_word' id='word_1_560' title='bbox 455 4487 548 4522; x_wconf 88' lang='grc' dir='ltr'><strong>σου</strong></span> <span class='ocrx_word' id='word_1_561' title='bbox 597 4472 696 4524; x_wconf 76' lang='grc' dir='ltr'>οὐκ</span> <span class='ocrx_word' id='word_1_562' title='bbox 730 4474 1029 4544; x_wconf 77' lang='grc' dir='ltr'>ἐμνήσθης.</span> <span class='ocrx_word' id='word_1_563' title='bbox 1079 4494 1097 4526; x_wconf 83' lang='grc'>›</span> <span class='ocrx_word' id='word_1_564' title='bbox 1157 4475 1324 4528; x_wconf 89' lang='grc' dir='ltr'>Ἔνθα</span> <span class='ocrx_word' id='word_1_565' title='bbox 1350 4476 1413 4546; x_wconf 81' lang='grc' dir='ltr'>δὴ</span> <span class='ocrx_word' id='word_1_566' title='bbox 1445 4476 1537 4528; x_wconf 71' lang='grc' dir='ltr'>καὶ</span> <span class='ocrx_word' id='word_1_567' title='bbox 1558 4476 1721 4529; x_wconf 80' lang='grc' dir='ltr'>αὑτοῦ</span> 
     </span>
    </p>
   </div>
   <div class='ocr_carea' id='block_1_77' title="bbox 127 4559 1722 4638">
    <p class='ocr_par' dir='ltr' id='par_1_77' title="bbox 127 4559 1722 4638">
     <span class='ocr_line' id='line_1_77' title="bbox 127 4559 1722 4638; baseline 0.004 -25"><span class='ocrx_word' id='word_1_568' title='bbox 127 4559 310 4632; x_wconf 80' lang='grc' dir='ltr'>Ἰησοῦ</span> <span class='ocrx_word' id='word_1_569' title='bbox 341 4560 439 4614; x_wconf 87' lang='grc' dir='ltr'><strong>τοῦ</strong></span> <span class='ocrx_word' id='word_1_570' title='bbox 463 4563 716 4634; x_wconf 62' lang='grc' dir='ltr'>Σωτῆρος</span> <span class='ocrx_word' id='word_1_571' title='bbox 744 4564 900 4635; x_wconf 70' lang='grc' dir='ltr'>ἡμῶν</span> <span class='ocrx_word' id='word_1_572' title='bbox 939 4566 1210 4638; x_wconf 82' lang='grc' dir='ltr'>μέμνηται</span> <span class='ocrx_word' id='word_1_573' title='bbox 1236 4570 1268 4637; x_wconf 86' lang='grc' dir='ltr'>ἡ</span> <span class='ocrx_word' id='word_1_574' title='bbox 1316 4567 1576 4637; x_wconf 85' lang='grc' dir='ltr'>Ἐϐραῖκὴ</span> <span class='ocrx_word' id='word_1_575' title='bbox 1612 4585 1722 4634; x_wconf 81' lang='grc' dir='ltr'>φω-</span> 
     </span>
    </p>
   </div>
   <div class='ocr_carea' id='block_1_78' title="bbox 1841 3366 3421 3435">
    <p class='ocr_par' dir='ltr' id='par_1_78' title="bbox 1841 3366 3421 3435">
     <span class='ocr_line' id='line_1_78' title="bbox 1841 3366 3421 3435; baseline 0.001 -14"><span class='ocrx_word' id='word_1_576' title='bbox 1841 3367 2177 3421; x_wconf 85' lang='lat' dir='ltr'><strong>Salvatorem</strong></span> <span class='ocrx_word' id='word_1_577' title='bbox 2219 3377 2396 3432; x_wconf 90' lang='lat' dir='ltr'><strong>tuum,</strong></span> <span class='ocrx_word' id='word_1_578' title='bbox 2426 3376 2480 3420; x_wconf 91' lang='lat' dir='ltr'><strong>et</strong></span> <span class='ocrx_word' id='word_1_579' title='bbox 2519 3366 2732 3422; x_wconf 83' lang='lat' dir='ltr'><strong>Domini</strong></span> <span class='ocrx_word' id='word_1_580' title='bbox 2783 3368 3048 3435; x_wconf 83' lang='lat' dir='ltr'><strong>adjutoris</strong></span> <span class='ocrx_word' id='word_1_581' title='bbox 3082 3369 3156 3422; x_wconf 91' lang='lat' dir='ltr'><strong>tui</strong></span> <span class='ocrx_word' id='word_1_582' title='bbox 3198 3384 3302 3422; x_wconf 92' lang='lat' dir='ltr'><strong>non</strong></span> <span class='ocrx_word' id='word_1_583' title='bbox 3333 3383 3421 3422; x_wconf 86' lang='lat' dir='ltr'><strong>re-</strong></span> 
     </span>
    </p>
   </div>
   <div class='ocr_carea' id='block_1_79' title="bbox 1838 3459 3420 3530">
    <p class='ocr_par' dir='ltr' id='par_1_79' title="bbox 1838 3459 3420 3530">
     <span class='ocr_line' id='line_1_79' title="bbox 1838 3459 3420 3530; baseline 0.001 -17"><span class='ocrx_word' id='word_1_584' title='bbox 1838 3462 2094 3514; x_wconf 91' lang='lat' dir='ltr'><strong>cordatus</strong></span> <span class='ocrx_word' id='word_1_585' title='bbox 2139 3475 2221 3514; x_wconf 89' lang='lat' dir='ltr'><strong>es.</strong></span> <span class='ocrx_word' id='word_1_586' title='bbox 2266 3459 2498 3529; x_wconf 87' lang='lat' dir='ltr'><strong>Pr0pter</strong></span> <span class='ocrx_word' id='word_1_587' title='bbox 2545 3461 2647 3515; x_wconf 88' lang='lat' dir='ltr'><strong>hoc</strong></span> <span class='ocrx_word' id='word_1_588' title='bbox 2699 3461 2971 3530; x_wconf 87' lang='lat' dir='ltr'><strong>planlabis</strong></span> <span class='ocrx_word' id='word_1_589' title='bbox 3030 3461 3420 3530; x_wconf 82' lang='lat' dir='ltr'><strong>plantationem</strong></span> 
     </span>
    </p>
   </div>
   <div class='ocr_carea' id='block_1_80' title="bbox 1840 3550 3422 3622">
    <p class='ocr_par' dir='ltr' id='par_1_80' title="bbox 1840 3550 3422 3622">
     <span class='ocr_line' id='line_1_80' title="bbox 1840 3550 3422 3622; baseline 0.002 -18"><span class='ocrx_word' id='word_1_590' title='bbox 1840 3552 2224 3618; x_wconf 85' lang='lat' dir='ltr'><strong>inﬁdelcm,et</strong></span> <span class='ocrx_word' id='word_1_591' title='bbox 2273 3567 2456 3605; x_wconf 89' lang='lat' dir='ltr'><strong>semen</strong></span> <span class='ocrx_word' id='word_1_592' title='bbox 2505 3550 2742 3608; x_wconf 88' lang='lat' dir='ltr'><strong>inﬁdele.</strong></span> <span class='ocrx_word' id='word_1_593' title='bbox 2791 3552 2888 3606; x_wconf 93' lang='lat' dir='ltr'><strong>Die</strong></span> <span class='ocrx_word' id='word_1_594' title='bbox 2931 3564 3112 3608; x_wconf 86' lang='lat' dir='ltr'><strong>autem</strong></span> <span class='ocrx_word' id='word_1_595' title='bbox 3157 3554 3287 3614; x_wconf 86' lang='lat' dir='ltr'><strong>illa.</strong></span> <span class='ocrx_word' id='word_1_596' title='bbox 3317 3569 3422 3622; x_wconf 86' lang='lat' dir='ltr'><strong>qua</strong></span> 
     </span>
    </p>
   </div>
   <div class='ocr_carea' id='block_1_81' title="bbox 1838 3644 3422 3712">
    <p class='ocr_par' dir='ltr' id='par_1_81' title="bbox 1838 3644 3422 3712">
     <span class='ocr_line' id='line_1_81' title="bbox 1838 3644 3422 3712; baseline 0.001 -15"><span class='ocrx_word' id='word_1_597' title='bbox 1838 3646 2136 3712; x_wconf 86' lang='lat' dir='ltr'><strong>plantabis,</strong></span> <span class='ocrx_word' id='word_1_598' title='bbox 2169 3645 2400 3698; x_wconf 80' lang='lat' dir='ltr'><strong>errabis.</strong></span> <span class='ocrx_word' id='word_1_599' title='bbox 2432 3644 2589 3699; x_wconf 84' lang='lat' dir='ltr'><strong>Mane</strong></span> <span class='ocrx_word' id='word_1_600' title='bbox 2617 3659 2748 3698; x_wconf 86' lang='lat' dir='ltr'><strong>vero</strong></span> <span class='ocrx_word' id='word_1_601' title='bbox 2785 3647 2828 3699; x_wconf 87' lang='lat' dir='ltr'><strong>si</strong></span> <span class='ocrx_word' id='word_1_602' title='bbox 2861 3647 3234 3711; x_wconf 84' lang='lat' dir='ltr'><strong>seminaveris,</strong></span> <span class='ocrx_word' id='word_1_603' title='bbox 3262 3645 3422 3699; x_wconf 83' lang='lat' dir='ltr'><strong>ﬂore-</strong></span> 
     </span>
    </p>
   </div>
   <div class='ocr_carea' id='block_1_82' title="bbox 1839 3735 3421 3808">
    <p class='ocr_par' dir='ltr' id='par_1_82' title="bbox 1839 3735 3421 3808">
     <span class='ocr_line' id='line_1_82' title="bbox 1839 3735 3421 3808; baseline 0 -18"><span class='ocrx_word' id='word_1_604' title='bbox 1839 3735 1990 3791; x_wconf 87' lang='lat' dir='ltr'><strong>bitin</strong></span> <span class='ocrx_word' id='word_1_605' title='bbox 2026 3753 2278 3800; x_wconf 89' lang='lat' dir='ltr'><strong>messem,</strong></span> <span class='ocrx_word' id='word_1_606' title='bbox 2305 3753 2410 3808; x_wconf 89' lang='lat' dir='ltr'><strong>qua</strong></span> <span class='ocrx_word' id='word_1_607' title='bbox 2441 3739 2526 3791; x_wconf 91' lang='lat' dir='ltr'><strong>die</strong></span> <span class='ocrx_word' id='word_1_608' title='bbox 2563 3739 2933 3792; x_wconf 68' lang='lat' dir='ltr'><strong>[nereditatem</strong></span> <span class='ocrx_word' id='word_1_609' title='bbox 2967 3737 3169 3791; x_wconf 88' lang='lat' dir='ltr'><strong>adibis:</strong></span> <span class='ocrx_word' id='word_1_610' title='bbox 3205 3746 3258 3792; x_wconf 93' lang='lat' dir='ltr'><strong>et</strong></span> <span class='ocrx_word' id='word_1_611' title='bbox 3303 3747 3421 3790; x_wconf 87' lang='lat' dir='ltr'><strong>tan-</strong></span> 
     </span>
    </p>
   </div>
   <div class='ocr_carea' id='block_1_83' title="bbox 1838 3829 3423 3899">
    <p class='ocr_par' dir='ltr' id='par_1_83' title="bbox 1838 3829 3423 3899">
     <span class='ocr_line' id='line_1_83' title="bbox 1838 3829 3423 3899; baseline 0.002 -18"><span class='ocrx_word' id='word_1_612' title='bbox 1838 3847 2000 3898; x_wconf 88' lang='lat' dir='ltr'><strong>quam</strong></span> <span class='ocrx_word' id='word_1_613' title='bbox 2060 3841 2214 3899; x_wconf 82' lang='lat' dir='ltr'><strong>pater</strong></span> <span class='ocrx_word' id='word_1_614' title='bbox 2263 3831 2503 3884; x_wconf 87' lang='lat' dir='ltr'><strong>hominis</strong></span> <span class='ocrx_word' id='word_1_615' title='bbox 2567 3829 2938 3884; x_wconf 57' lang='lat' dir='ltr'><strong>hereditatem</strong></span> <span class='ocrx_word' id='word_1_616' title='bbox 2987 3829 3234 3883; x_wconf 90' lang='lat' dir='ltr'><strong>sortieris</strong></span> <span class='ocrx_word' id='word_1_617' title='bbox 3293 3829 3423 3884; x_wconf 90' lang='lat' dir='ltr'><strong>ﬁliis</strong></span> 
     </span>
    </p>
   </div>
   <div class='ocr_carea' id='block_1_84' title="bbox 1840 3922 3422 3990">
    <p class='ocr_par' dir='ltr' id='par_1_84' title="bbox 1840 3922 3422 3990">
     <span class='ocr_line' id='line_1_84' title="bbox 1840 3922 3422 3990; baseline 0 -16"><span class='ocrx_word' id='word_1_618' title='bbox 1840 3923 1975 3975; x_wconf 90' lang='lat' dir='ltr'><strong>tuis..</strong></span> <span class='ocrx_word' id='word_1_619' title='bbox 2011 3942 2029 3973; x_wconf 81' lang='grc'><strong>›</strong></span> <span class='ocrx_word' id='word_1_620' title='bbox 2060 3922 2526 3988; x_wconf 85' lang='lat' dir='ltr'><strong>Quemadmodum</strong></span> <span class='ocrx_word' id='word_1_621' title='bbox 2576 3923 2744 3985; x_wconf 90' lang='lat' dir='ltr'><strong>enim,</strong></span> <span class='ocrx_word' id='word_1_622' title='bbox 2783 3923 2973 3990; x_wconf 85' lang='lat' dir='ltr'><strong>inquit,</strong></span> <span class='ocrx_word' id='word_1_623' title='bbox 3011 3922 3116 3975; x_wconf 88' lang='lat' dir='ltr'><strong>illis</strong></span> <span class='ocrx_word' id='word_1_624' title='bbox 3146 3922 3422 3990; x_wconf 85' lang='lat' dir='ltr'><strong>pereunti-</strong></span> 
     </span>
    </p>
   </div>
   <div class='ocr_carea' id='block_1_85' title="bbox 1837 4013 3420 4084">
    <p class='ocr_par' dir='ltr' id='par_1_85' title="bbox 1837 4013 3420 4084">
     <span class='ocr_line' id='line_1_85' title="bbox 1837 4013 3420 4084; baseline 0.001 -17"><span class='ocrx_word' id='word_1_625' title='bbox 1837 4014 1959 4078; x_wconf 85' lang='lat' dir='ltr'><strong>bus,</strong></span> <span class='ocrx_word' id='word_1_626' title='bbox 1992 4015 2312 4069; x_wconf 86' lang='lat' dir='ltr'><strong>accedentes</strong></span> <span class='ocrx_word' id='word_1_627' title='bbox 2351 4015 2440 4067; x_wconf 79' lang='lat' dir='ltr'><strong>alii</strong></span> <span class='ocrx_word' id='word_1_628' title='bbox 2487 4029 2676 4068; x_wconf 91' lang='lat' dir='ltr'><strong>eorum</strong></span> <span class='ocrx_word' id='word_1_629' title='bbox 2718 4013 2879 4067; x_wconf 86' lang='lat' dir='ltr'><strong>urbes</strong></span> <span class='ocrx_word' id='word_1_630' title='bbox 2915 4022 2970 4068; x_wconf 90' lang='lat' dir='ltr'><strong>et</strong></span> <span class='ocrx_word' id='word_1_631' title='bbox 3001 4017 3251 4084; x_wconf 74' lang='lat' dir='ltr'><strong>regiones</strong></span> <span class='ocrx_word' id='word_1_632' title='bbox 3278 4016 3420 4068; x_wconf 88' lang='lat' dir='ltr'><strong>obti-</strong></span> 
     </span>
    </p>
   </div>
   <div class='ocr_carea' id='block_1_86' title="bbox 1837 4101 3418 4172">
    <p class='ocr_par' dir='ltr' id='par_1_86' title="bbox 1837 4101 3418 4172">
     <span class='ocr_line' id='line_1_86' title="bbox 1837 4101 3418 4172; baseline 0.003 -18"><span class='ocrx_word' id='word_1_633' title='bbox 1837 4112 2066 4154; x_wconf 87' lang='lat' dir='ltr'><strong>nuerunt</strong></span> <span class='ocrx_word' id='word_1_634' title='bbox 2090 4143 2104 4166; x_wconf 95' lang='lat'><strong>,</strong></span> <span class='ocrx_word' id='word_1_635' title='bbox 2135 4102 2214 4155; x_wconf 89' lang='lat' dir='ltr'><strong>sic</strong></span> <span class='ocrx_word' id='word_1_636' title='bbox 2243 4111 2298 4154; x_wconf 90' lang='lat' dir='ltr'><strong>et</strong></span> <span class='ocrx_word' id='word_1_637' title='bbox 2323 4101 2488 4154; x_wconf 89' lang='lat' dir='ltr'><strong>urbes</strong></span> <span class='ocrx_word' id='word_1_638' title='bbox 2521 4111 2646 4164; x_wconf 72' lang='lat' dir='ltr'><strong>tuae,</strong></span> <span class='ocrx_word' id='word_1_639' title='bbox 2675 4102 2832 4156; x_wconf 90' lang='lat' dir='ltr'><strong>vobis</strong></span> <span class='ocrx_word' id='word_1_640' title='bbox 2853 4104 3045 4172; x_wconf 88' lang='lat' dir='ltr'><strong>ejectis</strong></span> <span class='ocrx_word' id='word_1_641' title='bbox 3069 4118 3131 4158; x_wconf 91' lang='lat' dir='ltr'><strong>ac</strong></span> <span class='ocrx_word' id='word_1_642' title='bbox 3159 4104 3418 4172; x_wconf 89' lang='lat' dir='ltr'><strong>depulsis,</strong></span> 
     </span>
    </p>
   </div>
   <div class='ocr_carea' id='block_1_87' title="bbox 1837 4196 3417 4266">
    <p class='ocr_par' dir='ltr' id='par_1_87' title="bbox 1837 4196 3417 4266">
     <span class='ocr_line' id='line_1_87' title="bbox 1837 4196 3417 4266; baseline 0.001 -16"><span class='ocrx_word' id='word_1_643' title='bbox 1837 4198 2026 4252; x_wconf 88' lang='lat' dir='ltr'><strong>incolis</strong></span> <span class='ocrx_word' id='word_1_644' title='bbox 2067 4198 2188 4252; x_wconf 89' lang='lat' dir='ltr'><strong>aliis</strong></span> <span class='ocrx_word' id='word_1_645' title='bbox 2236 4197 2612 4266; x_wconf 86' lang='lat' dir='ltr'><strong>replebuntur.</strong></span> <span class='ocrx_word' id='word_1_646' title='bbox 2651 4216 2668 4246; x_wconf 76' lang='grc' dir='ltr'><strong>ι</strong></span> <span class='ocrx_word' id='word_1_647' title='bbox 2709 4196 2772 4250; x_wconf 75' lang='lat' dir='ltr'><strong>F-t</strong></span> <span class='ocrx_word' id='word_1_648' title='bbox 2801 4207 2963 4251; x_wconf 91' lang='lat' dir='ltr'><strong>erunt</strong></span> <span class='ocrx_word' id='word_1_649' title='bbox 2998 4199 3252 4265; x_wconf 66' lang='lat' dir='ltr'><strong>desertae,</strong></span> <span class='ocrx_word' id='word_1_650' title='bbox 3291 4199 3417 4266; x_wconf 86' lang='lat' dir='ltr'><strong>quia</strong></span> 
     </span>
    </p>
   </div>
   <div class='ocr_carea' id='block_1_88' title="bbox 1835 4289 3419 4357">
    <p class='ocr_par' dir='ltr' id='par_1_88' title="bbox 1835 4289 3419 4357">
     <span class='ocr_line' id='line_1_88' title="bbox 1835 4289 3419 4357; baseline 0.001 -15"><span class='ocrx_word' id='word_1_651' title='bbox 1835 4289 2170 4357; x_wconf 83' lang='lat' dir='ltr'><strong>dereliquisti</strong></span> <span class='ocrx_word' id='word_1_652' title='bbox 2201 4289 2368 4343; x_wconf 87' lang='lat' dir='ltr'><strong>Deum</strong></span> <span class='ocrx_word' id='word_1_653' title='bbox 2401 4295 2740 4341; x_wconf 88' lang='lat' dir='ltr'><strong>servatorem</strong></span> <span class='ocrx_word' id='word_1_654' title='bbox 2775 4299 2925 4342; x_wconf 89' lang='lat' dir='ltr'><strong>tuum</strong></span> <span class='ocrx_word' id='word_1_655' title='bbox 2951 4331 2966 4353; x_wconf 86' lang='lat'><strong>,</strong></span> <span class='ocrx_word' id='word_1_656' title='bbox 2994 4301 3049 4344; x_wconf 93' lang='lat' dir='ltr'><strong>et</strong></span> <span class='ocrx_word' id='word_1_657' title='bbox 3083 4289 3290 4344; x_wconf 91' lang='lat' dir='ltr'><strong>Domini</strong></span> <span class='ocrx_word' id='word_1_658' title='bbox 3327 4289 3419 4344; x_wconf 89' lang='lat' dir='ltr'><strong>Dei</strong></span> 
     </span>
    </p>
   </div>
   <div class='ocr_carea' id='block_1_89' title="bbox 1836 4378 3422 4450">
    <p class='ocr_par' dir='ltr' id='par_1_89' title="bbox 1836 4378 3422 4450">
     <span class='ocr_line' id='line_1_89' title="bbox 1836 4378 3422 4450; baseline 0 -16"><span class='ocrx_word' id='word_1_659' title='bbox 1836 4382 1912 4434; x_wconf 90' lang='lat' dir='ltr'><strong>tui</strong></span> <span class='ocrx_word' id='word_1_660' title='bbox 1941 4384 2261 4435; x_wconf 88' lang='lat' dir='ltr'><strong>recordatus</strong></span> <span class='ocrx_word' id='word_1_661' title='bbox 2291 4397 2396 4436; x_wconf 92' lang='lat' dir='ltr'><strong>non</strong></span> <span class='ocrx_word' id='word_1_662' title='bbox 2425 4397 2504 4436; x_wconf 89' lang='lat' dir='ltr'><strong>es.</strong></span> <span class='ocrx_word' id='word_1_663' title='bbox 2547 4397 2566 4430; x_wconf 78' lang='grc'>›</span> <span class='ocrx_word' id='word_1_664' title='bbox 2597 4378 2696 4434; x_wconf 87' lang='lat' dir='ltr'><strong>Hic</strong></span> <span class='ocrx_word' id='word_1_665' title='bbox 2717 4396 2847 4435; x_wconf 89' lang='lat' dir='ltr'><strong>vero</strong></span> <span class='ocrx_word' id='word_1_666' title='bbox 2877 4381 3049 4450; x_wconf 91' lang='lat' dir='ltr'><strong>ipsum</strong></span> <span class='ocrx_word' id='word_1_667' title='bbox 3083 4381 3266 4437; x_wconf 81' lang='lat' dir='ltr'><strong>Jesum</strong></span> <span class='ocrx_word' id='word_1_668' title='bbox 3299 4382 3422 4436; x_wconf 76' lang='lat' dir='ltr'><strong>Sal~~</strong></span> 
     </span>
    </p>
   </div>
   <div class='ocr_carea' id='block_1_90' title="bbox 1835 4471 3418 4529">
    <p class='ocr_par' dir='ltr' id='par_1_90' title="bbox 1835 4471 3418 4529">
     <span class='ocr_line' id='line_1_90' title="bbox 1835 4471 3418 4529; baseline 0.002 -6"><span class='ocrx_word' id='word_1_669' title='bbox 1835 4481 2074 4527; x_wconf 88' lang='lat' dir='ltr'><strong>vatorem</strong></span> <span class='ocrx_word' id='word_1_670' title='bbox 2110 4481 2353 4526; x_wconf 87' lang='lat' dir='ltr'><strong>nostrum</strong></span> <span class='ocrx_word' id='word_1_671' title='bbox 2380 4471 2646 4529; x_wconf 86' lang='lat' dir='ltr'><strong>Hebraica</strong></span> <span class='ocrx_word' id='word_1_672' title='bbox 2681 4489 2780 4528; x_wconf 75' lang='lat' dir='ltr'><strong>vox</strong></span> <span class='ocrx_word' id='word_1_673' title='bbox 2827 4483 3258 4527; x_wconf 85' lang='lat' dir='ltr'><strong>commemorat:</strong></span> <span class='ocrx_word' id='word_1_674' title='bbox 3296 4489 3418 4527; x_wconf 90' lang='lat' dir='ltr'><strong>nam</strong></span> 
     </span>
    </p>
   </div>
   <div class='ocr_carea' id='block_1_91' title="bbox 1831 4561 3419 4635">
    <p class='ocr_par' dir='ltr' id='par_1_91' title="bbox 1831 4561 3419 4635">
     <span class='ocr_line' id='line_1_91' title="bbox 1831 4561 3419 4635; baseline -0.001 -17"><span class='ocrx_word' id='word_1_675' title='bbox 1831 4563 1960 4618; x_wconf 86' lang='lat' dir='ltr'><strong>Jesu</strong></span> <span class='ocrx_word' id='word_1_676' title='bbox 2002 4580 2198 4620; x_wconf 91' lang='lat' dir='ltr'><strong>nomen</strong></span> <span class='ocrx_word' id='word_1_677' title='bbox 2229 4567 2282 4619; x_wconf 94' lang='lat' dir='ltr'><strong>in</strong></span> <span class='ocrx_word' id='word_1_678' title='bbox 2314 4564 2561 4619; x_wconf 64' lang='lat' dir='ltr'><strong>Graecam</strong></span> <span class='ocrx_word' id='word_1_679' title='bbox 2595 4561 2834 4635; x_wconf 77' lang='lat' dir='ltr'><strong>linguam</strong></span> <span class='ocrx_word' id='word_1_680' title='bbox 2876 4567 3196 4620; x_wconf 90' lang='lat' dir='ltr'><strong>translatum</strong></span> <span class='ocrx_word' id='word_1_681' title='bbox 3226 4564 3419 4619; x_wconf 58' lang='lat' dir='ltr'><strong>Salva.</strong></span> 
     </span>
    </p>
   </div>
   <div class='ocr_carea' id='block_1_92' title="bbox 132 4653 1729 4730">
    <p class='ocr_par' dir='ltr' id='par_1_92' title="bbox 132 4653 1726 4730">
     <span class='ocr_line' id='line_1_92' title="bbox 132 4653 1726 4730; baseline 0.004 -25"><span class='ocrx_word' id='word_1_682' title='bbox 132 4655 218 4722; x_wconf 77' lang='grc' dir='ltr'><strong>νή·</strong></span> <span class='ocrx_word' id='word_1_683' title='bbox 241 4653 492 4724; x_wconf 85' lang='grc' dir='ltr'>σωτῆρα</span> <span class='ocrx_word' id='word_1_684' title='bbox 517 4656 628 4726; x_wconf 79' lang='grc' dir='ltr'>γὰρ</span> <span class='ocrx_word' id='word_1_685' title='bbox 646 4657 797 4726; x_wconf 84' lang='grc' dir='ltr'><strong>δηλοί</strong></span> <span class='ocrx_word' id='word_1_686' title='bbox 822 4657 883 4709; x_wconf 89' lang='grc' dir='ltr'><strong>τὸ</strong></span> <span class='ocrx_word' id='word_1_687' title='bbox 908 4658 1082 4727; x_wconf 87' lang='grc' dir='ltr'>Ἰησοῦ</span> <span class='ocrx_word' id='word_1_688' title='bbox 1121 4658 1294 4727; x_wconf 85' lang='grc' dir='ltr'>ὄνομα</span> <span class='ocrx_word' id='word_1_689' title='bbox 1327 4661 1406 4722; x_wconf 79' lang='grc' dir='ltr'>εἰς</span> <span class='ocrx_word' id='word_1_690' title='bbox 1431 4661 1529 4730; x_wconf 85' lang='grc' dir='ltr'>τὴν</span> <span class='ocrx_word' id='word_1_691' title='bbox 1547 4660 1726 4712; x_wconf 84' lang='grc' dir='ltr'>Ἐλλά-</span> 
     </span>
    </p>
   </div>
   <div class='ocr_carea' id='block_1_93' title="bbox 1838 4653 3419 4730">
    <p class='ocr_par' dir='ltr' id='par_1_93' title="bbox 1838 4654 3419 4726">
     <span class='ocr_line' id='line_1_93' title="bbox 1838 4654 3419 4726; baseline -0.001 -19"><span class='ocrx_word' id='word_1_692' title='bbox 1838 4665 1997 4709; x_wconf 85' lang='lat' dir='ltr'><strong>torem</strong></span> <span class='ocrx_word' id='word_1_693' title='bbox 2027 4655 2317 4726; x_wconf 87' lang='lat' dir='ltr'><strong>signiﬁcat.</strong></span> <span class='ocrx_word' id='word_1_694' title='bbox 2352 4657 2476 4710; x_wconf 69' lang='lat' dir='ltr'><strong>llazc</strong></span> <span class='ocrx_word' id='word_1_695' title='bbox 2501 4673 2630 4711; x_wconf 90' lang='lat' dir='ltr'><strong>vero</strong></span> <span class='ocrx_word' id='word_1_696' title='bbox 2663 4657 2718 4711; x_wconf 92' lang='lat' dir='ltr'><strong>in</strong></span> <span class='ocrx_word' id='word_1_697' title='bbox 2749 4672 2913 4712; x_wconf 87' lang='lat' dir='ltr'><strong>causa</strong></span> <span class='ocrx_word' id='word_1_698' title='bbox 2951 4659 3066 4712; x_wconf 81' lang='lat' dir='ltr'><strong>fore</strong></span> <span class='ocrx_word' id='word_1_699' title='bbox 3093 4654 3419 4724; x_wconf 83' lang='lat' dir='ltr'><strong>ait,utipsis</strong></span> 
     </span>
    </p>
   </div>
   <div class='ocr_carea' id='block_1_94' title="bbox 129 4745 1728 4819">
    <p class='ocr_par' dir='ltr' id='par_1_94' title="bbox 129 4745 1728 4819">
     <span class='ocr_line' id='line_1_94' title="bbox 129 4745 1728 4819; baseline 0.004 -21"><span class='ocrx_word' id='word_1_700' title='bbox 129 4745 196 4798; x_wconf 89' lang='grc' dir='ltr'><strong>δα</strong></span> <span class='ocrx_word' id='word_1_701' title='bbox 240 4745 493 4813; x_wconf 81' lang='grc' dir='ltr'>γλῶτταν</span> <span class='ocrx_word' id='word_1_702' title='bbox 536 4748 994 4819; x_wconf 82' lang='grc' dir='ltr'>ἑρμηνευόμενον.</span> <span class='ocrx_word' id='word_1_703' title='bbox 1040 4751 1149 4802; x_wconf 72' lang='grc' dir='ltr'>Καὶ</span> <span class='ocrx_word' id='word_1_704' title='bbox 1189 4750 1349 4802; x_wconf 87' lang='grc' dir='ltr'>τοῦτο</span> <span class='ocrx_word' id='word_1_705' title='bbox 1407 4752 1599 4814; x_wconf 78' lang='grc' dir='ltr'>αἴτιον,</span> <span class='ocrx_word' id='word_1_706' title='bbox 1648 4753 1728 4805; x_wconf 90' lang='grc' dir='ltr'><strong>διὸ</strong></span> 
     </span>
    </p>
   </div>
   <div class='ocr_carea' id='block_1_95' title="bbox 135 4839 1726 4915">
    <p class='ocr_par' dir='ltr' id='par_1_95' title="bbox 135 4839 1726 4915">
     <span class='ocr_line' id='line_1_95' title="bbox 135 4839 1726 4915; baseline 0.006 -26"><span class='ocrx_word' id='word_1_707' title='bbox 135 4839 511 4909; x_wconf 76' lang='grc' dir='ltr'>συμϐήσεσθαι</span> <span class='ocrx_word' id='word_1_708' title='bbox 540 4841 723 4905; x_wconf 84' lang='grc' dir='ltr'>αὺτοῖς</span> <span class='ocrx_word' id='word_1_709' title='bbox 763 4841 834 4894; x_wconf 86' lang='grc' dir='ltr'>τὰ</span> <span class='ocrx_word' id='word_1_710' title='bbox 879 4843 1244 4914; x_wconf 84' lang='grc' dir='ltr'>προλεχθέντα</span> <span class='ocrx_word' id='word_1_711' title='bbox 1267 4843 1463 4908; x_wconf 74' lang='grc' dir='ltr'>πάντα,</span> <span class='ocrx_word' id='word_1_712' title='bbox 1492 4845 1726 4915; x_wconf 74' lang='grc' dir='ltr'>εἴρηται,</span> 
     </span>
    </p>
   </div>
   <div class='ocr_carea' id='block_1_96' title="bbox 130 4930 1728 5007">
    <p class='ocr_par' dir='ltr' id='par_1_96' title="bbox 130 4930 1728 5007">
     <span class='ocr_line' id='line_1_96' title="bbox 130 4930 1728 5007; baseline 0.006 -27"><span class='ocrx_word' id='word_1_713' title='bbox 130 4930 261 4983; x_wconf 86' lang='grc' dir='ltr'>διότι</span> <span class='ocrx_word' id='word_1_714' title='bbox 289 4931 586 4983; x_wconf 87' lang='grc' dir='ltr'>κατέλιπον</span> <span class='ocrx_word' id='word_1_715' title='bbox 614 4933 706 4986; x_wconf 82' lang='grc' dir='ltr'><strong>τὸν</strong></span> <span class='ocrx_word' id='word_1_716' title='bbox 737 4935 868 4987; x_wconf 89' lang='grc' dir='ltr'>Θεὸν</span> <span class='ocrx_word' id='word_1_717' title='bbox 887 4936 979 4988; x_wconf 91' lang='grc' dir='ltr'><strong>τὸν</strong></span> <span class='ocrx_word' id='word_1_718' title='bbox 1002 4935 1231 5007; x_wconf 89' lang='grc' dir='ltr'>Σωτῆρα</span> <span class='ocrx_word' id='word_1_719' title='bbox 1257 4936 1456 5001; x_wconf 81' lang='grc' dir='ltr'>αὐτῶν,</span> <span class='ocrx_word' id='word_1_720' title='bbox 1496 4938 1588 4990; x_wconf 64' lang='grc' dir='ltr'><strong>κα)⁵</strong></span> <span class='ocrx_word' id='word_1_721' title='bbox 1616 4940 1728 4990; x_wconf 91' lang='grc' dir='ltr'>Κυ-</span> 
     </span>
    </p>
   </div>
   <div class='ocr_carea' id='block_1_97' title="bbox 134 5021 1725 5101">
    <p class='ocr_par' dir='ltr' id='par_1_97' title="bbox 134 5021 1725 5101">
     <span class='ocr_line' id='line_1_97' title="bbox 134 5021 1725 5101; baseline 0.005 -27"><span class='ocrx_word' id='word_1_722' title='bbox 134 5021 250 5091; x_wconf 85' lang='grc' dir='ltr'>ρίου</span> <span class='ocrx_word' id='word_1_723' title='bbox 302 5021 402 5074; x_wconf 89' lang='grc' dir='ltr'><strong>τοῦ</strong></span> <span class='ocrx_word' id='word_1_724' title='bbox 449 5022 678 5075; x_wconf 82' lang='grc' dir='ltr'>πάντοτε</span> <span class='ocrx_word' id='word_1_725' title='bbox 726 5024 921 5095; x_wconf 84' lang='grc' dir='ltr'>βοηθοῦ</span> <span class='ocrx_word' id='word_1_726' title='bbox 977 5027 1154 5080; x_wconf 81' lang='grc' dir='ltr'>αὐτῶν</span> <span class='ocrx_word' id='word_1_727' title='bbox 1208 5029 1308 5080; x_wconf 78' lang='grc' dir='ltr'><strong>οὐκ</strong></span> <span class='ocrx_word' id='word_1_728' title='bbox 1358 5029 1725 5101; x_wconf 79' lang='grc' dir='ltr'>ἐμνήσθησαν.</span> 
     </span>
    </p>
   </div>
   <div class='ocr_carea' id='block_1_98' title="bbox 143 5109 1718 5187">
    <p class='ocr_par' dir='ltr' id='par_1_98' title="bbox 143 5109 1718 5187">
     <span class='ocr_line' id='line_1_98' title="bbox 143 5109 1718 5187; baseline 0.006 -22"><span class='ocrx_word' id='word_1_729' title='bbox 143 5112 312 5166; x_wconf 82' lang='grc' dir='ltr'>Ἐπὰν</span> <span class='ocrx_word' id='word_1_730' title='bbox 340 5109 458 5178; x_wconf 84' lang='grc' dir='ltr'>οῦν,</span> <span class='ocrx_word' id='word_1_731' title='bbox 493 5115 648 5185; x_wconf 77' lang='grc' dir='ltr'>φησὶ,</span> <span class='ocrx_word' id='word_1_732' title='bbox 692 5115 754 5168; x_wconf 88' lang='grc' dir='ltr'><strong>τὸ</strong></span> <span class='ocrx_word' id='word_1_733' title='bbox 802 5117 1026 5187; x_wconf 81' lang='grc' dir='ltr'>σπέρμα</span> <span class='ocrx_word' id='word_1_734' title='bbox 1062 5119 1219 5171; x_wconf 85' lang='grc' dir='ltr'>τοῦτο</span> <span class='ocrx_word' id='word_1_735' title='bbox 1250 5119 1310 5170; x_wconf 90' lang='grc' dir='ltr'><strong>τὸ</strong></span> <span class='ocrx_word' id='word_1_736' title='bbox 1356 5120 1581 5174; x_wconf 77' lang='grc' dir='ltr'>ἄπιστον</span> <span class='ocrx_word' id='word_1_737' title='bbox 1624 5125 1718 5174; x_wconf 75' lang='grc' dir='ltr'>καὶ</span> 
     </span>
    </p>
   </div>
   <div class='ocr_carea' id='block_1_99' title="bbox 128 5199 1714 5282">
    <p class='ocr_par' dir='ltr' id='par_1_99' title="bbox 128 5199 1714 5282">
     <span class='ocr_line' id='line_1_99' title="bbox 128 5199 1714 5282; baseline 0.014 -30"><span class='ocrx_word' id='word_1_738' title='bbox 128 5201 223 5273; x_wconf 77' lang='grc' dir='ltr'>τὴν</span> <span class='ocrx_word' id='word_1_739' title='bbox 259 5203 485 5272; x_wconf 77' lang='grc' dir='ltr'>φυτείαν</span> <span class='ocrx_word' id='word_1_740' title='bbox 507 5199 605 5275; x_wconf 77' lang='grc' dir='ltr'>τὴν</span> <span class='ocrx_word' id='word_1_741' title='bbox 625 5205 851 5260; x_wconf 77' lang='grc' dir='ltr'>ἄπιστον</span> <span class='ocrx_word' id='word_1_742' title='bbox 876 5210 1107 5278; x_wconf 77' lang='grc' dir='ltr'>σπείρης</span> <span class='ocrx_word' id='word_1_743' title='bbox 1138 5211 1194 5261; x_wconf 88' lang='grc' dir='ltr'><strong>ἐν</strong></span> <span class='ocrx_word' id='word_1_744' title='bbox 1218 5211 1281 5278; x_wconf 82' lang='grc' dir='ltr'>τῇ</span> <span class='ocrx_word' id='word_1_745' title='bbox 1307 5211 1530 5262; x_wconf 84' lang='grc' dir='ltr'>σεαυτοῦ</span> <span class='ocrx_word' id='word_1_746' title='bbox 1547 5211 1714 5282; x_wconf 75' lang='grc' dir='ltr'>ψυχῇ,</span> 
     </span>
    </p>
   </div>
   <div class='ocr_carea' id='block_1_100' title="bbox 128 5295 1720 5370">
    <p class='ocr_par' dir='ltr' id='par_1_100' title="bbox 128 5295 1720 5370">
     <span class='ocr_line' id='line_1_100' title="bbox 128 5295 1720 5370; baseline 0.005 -23"><span class='ocrx_word' id='word_1_747' title='bbox 128 5295 250 5348; x_wconf 82' lang='grc' dir='ltr'>τότε</span> <span class='ocrx_word' id='word_1_748' title='bbox 289 5295 640 5369; x_wconf 70' lang='grc' dir='ltr'>πλανηθήσῃο</span> <span class='ocrx_word' id='word_1_749' title='bbox 670 5300 719 5350; x_wconf 90' lang='grc' dir='ltr'>εἰ</span> <span class='ocrx_word' id='word_1_750' title='bbox 757 5298 835 5362; x_wconf 87' lang='grc' dir='ltr'><strong>δέ,</strong></span> <span class='ocrx_word' id='word_1_751' title='bbox 871 5299 1299 5368; x_wconf 81' lang='grc' dir='ltr'>μεταϐαλὼνέπὶ</span> <span class='ocrx_word' id='word_1_752' title='bbox 1324 5297 1420 5370; x_wconf 83' lang='grc' dir='ltr'>τὴν</span> <span class='ocrx_word' id='word_1_753' title='bbox 1447 5303 1720 5355; x_wconf 83' lang='grc' dir='ltr'>ἀνατείλα-</span> 
     </span>
    </p>
   </div>
   <div class='ocr_carea' id='block_1_101' title="bbox 129 5385 1714 5462">
    <p class='ocr_par' dir='ltr' id='par_1_101' title="bbox 129 5385 1714 5462">
     <span class='ocr_line' id='line_1_101' title="bbox 129 5385 1714 5462; baseline 0.007 -26"><span class='ocrx_word' id='word_1_754' title='bbox 129 5401 227 5439; x_wconf 89' lang='grc' dir='ltr'><strong>σαν</strong></span> <span class='ocrx_word' id='word_1_755' title='bbox 272 5385 356 5457; x_wconf 82' lang='grc' dir='ltr'>τῷ</span> <span class='ocrx_word' id='word_1_756' title='bbox 384 5387 576 5458; x_wconf 83' lang='grc' dir='ltr'>κόσμῳ</span> <span class='ocrx_word' id='word_1_757' title='bbox 608 5389 818 5460; x_wconf 69' lang='grc' dir='ltr'>πρωίαν</span> <span class='ocrx_word' id='word_1_758' title='bbox 845 5389 942 5443; x_wconf 88' lang='grc' dir='ltr'><strong>τοῦ</strong></span> <span class='ocrx_word' id='word_1_759' title='bbox 990 5391 1165 5459; x_wconf 83' lang='grc' dir='ltr'>φωτὸς</span> <span class='ocrx_word' id='word_1_760' title='bbox 1191 5392 1286 5445; x_wconf 91' lang='grc' dir='ltr'><strong>τοῦ</strong></span> <span class='ocrx_word' id='word_1_761' title='bbox 1338 5393 1714 5462; x_wconf 81' lang='grc' dir='ltr'>εὑαγγελικοῦ,</span> 
     </span>
    </p>
   </div>
   <div class='ocr_carea' id='block_1_102' title="bbox 127 5477 1718 5557">
    <p class='ocr_par' dir='ltr' id='par_1_102' title="bbox 127 5477 1718 5557">
     <span class='ocr_line' id='line_1_102' title="bbox 127 5477 1718 5557; baseline 0.008 -29"><span class='ocrx_word' id='word_1_762' title='bbox 127 5477 314 5549; x_wconf 76' lang='grc' dir='ltr'>’ἕτερον</span> <span class='ocrx_word' id='word_1_763' title='bbox 340 5478 568 5549; x_wconf 83' lang='grc' dir='ltr'>σπέρμα</span> <span class='ocrx_word' id='word_1_764' title='bbox 606 5481 865 5535; x_wconf 84' lang='grc' dir='ltr'>κατάθοιο</span> <span class='ocrx_word' id='word_1_765' title='bbox 897 5484 964 5554; x_wconf 83' lang='grc' dir='ltr'>τῇ</span> <span class='ocrx_word' id='word_1_766' title='bbox 1001 5484 1196 5537; x_wconf 86' lang='grc' dir='ltr'>σαυτοῦ</span> <span class='ocrx_word' id='word_1_767' title='bbox 1231 5485 1459 5556; x_wconf 83' lang='grc' dir='ltr'>διανοίᾳ,</span> <span class='ocrx_word' id='word_1_768' title='bbox 1491 5487 1617 5557; x_wconf 74' lang='grc' dir='ltr'>περὶ</span> <span class='ocrx_word' id='word_1_769' title='bbox 1657 5482 1718 5540; x_wconf 76' lang='grc' dir='ltr'><strong>οῦ</strong></span> 
     </span>
    </p>
   </div>
   <div class='ocr_carea' id='block_1_103' title="bbox 129 5566 1718 5647">
    <p class='ocr_par' dir='ltr' id='par_1_103' title="bbox 129 5566 1718 5647">
     <span class='ocr_line' id='line_1_103' title="bbox 129 5566 1718 5647; baseline 0.004 -25"><span class='ocrx_word' id='word_1_770' title='bbox 129 5566 379 5623; x_wconf 83' lang='grc' dir='ltr'>λέλεκται</span> <span class='ocrx_word' id='word_1_771' title='bbox 425 5572 484 5623; x_wconf 90' lang='grc' dir='ltr'><strong>ἐν</strong></span> <span class='ocrx_word' id='word_1_772' title='bbox 519 5571 888 5640; x_wconf 86' lang='grc' dir='ltr'>Εὑαγγελίοις·</span> <span class='ocrx_word' id='word_1_773' title='bbox 937 5593 955 5624; x_wconf 85' lang='grc'><strong>‹</strong></span> <span class='ocrx_word' id='word_1_774' title='bbox 999 5573 1250 5644; x_wconf 79' lang='grc' dir='ltr'>Ἐξῆλθεν</span> <span class='ocrx_word' id='word_1_775' title='bbox 1279 5577 1306 5628; x_wconf 84' lang='grc' dir='ltr'><strong>ό</strong></span> <span class='ocrx_word' id='word_1_776' title='bbox 1336 5577 1575 5647; x_wconf 80' lang='grc' dir='ltr'>σπείρων</span> <span class='ocrx_word' id='word_1_777' title='bbox 1626 5577 1718 5630; x_wconf 90' lang='grc' dir='ltr'><strong>τοῦ</strong></span> 
     </span>
    </p>
   </div>
   <div class='ocr_carea' id='block_1_104' title="bbox 209 5686 1126 5754">
    <p class='ocr_par' dir='ltr' id='par_1_104' title="bbox 209 5686 1126 5754">
     <span class='ocr_line' id='line_1_104' title="bbox 209 5686 1126 5754; baseline 0.011 -16"><span class='ocrx_word' id='word_1_778' title='bbox 209 5687 255 5718; x_wconf 83' lang='grc'><strong>⁷³</strong></span> <span class='ocrx_word' id='word_1_779' title='bbox 282 5686 485 5742; x_wconf 79' lang='lat' dir='ltr'><strong>Matth.</strong></span> <span class='ocrx_word' id='word_1_780' title='bbox 517 5703 640 5754; x_wconf 78' lang='lat' dir='ltr'><strong>xm,</strong></span> <span class='ocrx_word' id='word_1_781' title='bbox 668 5690 721 5747; x_wconf 79' lang='lat'><strong>5.</strong></span> <span class='ocrx_word' id='word_1_782' title='bbox 795 5692 840 5724; x_wconf 82' lang='grc'><strong>⁸⁸</strong></span> <span class='ocrx_word' id='word_1_783' title='bbox 873 5694 1003 5749; x_wconf 87' lang='lat' dir='ltr'><strong>ibid.</strong></span> <span class='ocrx_word' id='word_1_784' title='bbox 1036 5693 1126 5749; x_wconf 60' lang='lat'><strong>‘24.</strong></span> 
     </span>
    </p>
   </div>
   <div class='ocr_carea' id='block_1_105' title="bbox 1829 4747 3418 4817">
    <p class='ocr_par' dir='ltr' id='par_1_105' title="bbox 1829 4747 3418 4817">
     <span class='ocr_line' id='line_1_105' title="bbox 1829 4747 3418 4817; baseline -0.001 -17"><span class='ocrx_word' id='word_1_785' title='bbox 1829 4749 2088 4816; x_wconf 69' lang='lat' dir='ltr'><strong>prmdicta</strong></span> <span class='ocrx_word' id='word_1_786' title='bbox 2107 4749 2288 4802; x_wconf 90' lang='lat' dir='ltr'><strong>omnia</strong></span> <span class='ocrx_word' id='word_1_787' title='bbox 2315 4748 2798 4817; x_wconf 85' lang='lat' dir='ltr'><strong>contingant,quia</strong></span> <span class='ocrx_word' id='word_1_788' title='bbox 2825 4747 3235 4815; x_wconf 87' lang='lat' dir='ltr'><strong>dereliquerunt</strong></span> <span class='ocrx_word' id='word_1_789' title='bbox 3253 4747 3418 4800; x_wconf 86' lang='lat' dir='ltr'><strong>Deum</strong></span> 
     </span>
    </p>
   </div>
   <div class='ocr_carea' id='block_1_106' title="bbox 1830 4838 3420 4910">
    <p class='ocr_par' dir='ltr' id='par_1_106' title="bbox 1830 4838 3420 4910">
     <span class='ocr_line' id='line_1_106' title="bbox 1830 4838 3420 4910; baseline -0.001 -16"><span class='ocrx_word' id='word_1_790' title='bbox 1830 4840 2174 4894; x_wconf 89' lang='lat' dir='ltr'><strong>Salvatorem</strong></span> <span class='ocrx_word' id='word_1_791' title='bbox 2220 4857 2376 4896; x_wconf 92' lang='lat' dir='ltr'><strong>suum</strong></span> <span class='ocrx_word' id='word_1_792' title='bbox 2407 4883 2418 4903; x_wconf 86' lang='lat'><strong><em>.</em></strong></span> <span class='ocrx_word' id='word_1_793' title='bbox 2453 4851 2506 4895; x_wconf 85' lang='lat' dir='ltr'><strong>et</strong></span> <span class='ocrx_word' id='word_1_794' title='bbox 2534 4842 2745 4897; x_wconf 88' lang='lat' dir='ltr'><strong>Domini</strong></span> <span class='ocrx_word' id='word_1_795' title='bbox 2789 4841 3052 4910; x_wconf 89' lang='lat' dir='ltr'><strong>adjutoris</strong></span> <span class='ocrx_word' id='word_1_796' title='bbox 3095 4854 3308 4908; x_wconf 90' lang='lat' dir='ltr'><strong>semper</strong></span> <span class='ocrx_word' id='word_1_797' title='bbox 3336 4838 3420 4892; x_wconf 87' lang='lat' dir='ltr'><strong>sui</strong></span> 
     </span>
    </p>
   </div>
   <div class='ocr_carea' id='block_1_107' title="bbox 1831 4932 3420 5004">
    <p class='ocr_par' dir='ltr' id='par_1_107' title="bbox 1831 4932 3420 5004">
     <span class='ocr_line' id='line_1_107' title="bbox 1831 4932 3420 5004; baseline -0.001 -19"><span class='ocrx_word' id='word_1_798' title='bbox 1831 4949 1936 4987; x_wconf 91' lang='lat' dir='ltr'><strong>non</strong></span> <span class='ocrx_word' id='word_1_799' title='bbox 1973 4934 2360 4987; x_wconf 83' lang='lat' dir='ltr'><strong>meminerunt.</strong></span> <span class='ocrx_word' id='word_1_800' title='bbox 2410 4933 2545 4987; x_wconf 90' lang='lat' dir='ltr'><strong>Cum</strong></span> <span class='ocrx_word' id='word_1_801' title='bbox 2578 4935 2800 5004; x_wconf 88' lang='lat' dir='ltr'><strong>itaque,</strong></span> <span class='ocrx_word' id='word_1_802' title='bbox 2829 4935 2940 4996; x_wconf 91' lang='lat' dir='ltr'><strong>ait,</strong></span> <span class='ocrx_word' id='word_1_803' title='bbox 2977 4933 3078 4985; x_wconf 89' lang='lat' dir='ltr'><strong>hoc</strong></span> <span class='ocrx_word' id='word_1_804' title='bbox 3107 4947 3290 4985; x_wconf 89' lang='lat' dir='ltr'><strong>semen</strong></span> <span class='ocrx_word' id='word_1_805' title='bbox 3338 4932 3420 4984; x_wconf 84' lang='lat' dir='ltr'><strong>in-</strong></span> 
     </span>
    </p>
   </div>
   <div class='ocr_carea' id='block_1_108' title="bbox 1831 5025 3414 5098">
    <p class='ocr_par' dir='ltr' id='par_1_108' title="bbox 1831 5025 3414 5098">
     <span class='ocr_line' id='line_1_108' title="bbox 1831 5025 3414 5098; baseline 0 -19"><span class='ocrx_word' id='word_1_806' title='bbox 1831 5026 2134 5090; x_wconf 88' lang='lat' dir='ltr'><strong>credulum,</strong></span> <span class='ocrx_word' id='word_1_807' title='bbox 2162 5038 2216 5082; x_wconf 93' lang='lat' dir='ltr'><strong>et</strong></span> <span class='ocrx_word' id='word_1_808' title='bbox 2242 5029 2385 5082; x_wconf 89' lang='lat' dir='ltr'><strong>hanc</strong></span> <span class='ocrx_word' id='word_1_809' title='bbox 2412 5025 2687 5081; x_wconf 89' lang='lat' dir='ltr'><strong>inﬁdelem</strong></span> <span class='ocrx_word' id='word_1_810' title='bbox 2717 5028 3112 5098; x_wconf 88' lang='lat' dir='ltr'><strong>plantationem</strong></span> <span class='ocrx_word' id='word_1_811' title='bbox 3149 5028 3203 5078; x_wconf 92' lang='lat' dir='ltr'><strong>in</strong></span> <span class='ocrx_word' id='word_1_812' title='bbox 3233 5025 3414 5079; x_wconf 84' lang='lat' dir='ltr'><strong>anima</strong></span> 
     </span>
    </p>
   </div>
   <div class='ocr_carea' id='block_1_109' title="bbox 1834 5119 3420 5187">
    <p class='ocr_par' dir='ltr' id='par_1_109' title="bbox 1834 5119 3420 5187">
     <span class='ocr_line' id='line_1_109' title="bbox 1834 5119 3420 5187; baseline 0.002 -15"><span class='ocrx_word' id='word_1_813' title='bbox 1834 5130 1924 5172; x_wconf 88' lang='lat' dir='ltr'><strong>tua</strong></span> <span class='ocrx_word' id='word_1_814' title='bbox 1957 5119 2315 5175; x_wconf 88' lang='lat' dir='ltr'><strong>seminaveris</strong></span> <span class='ocrx_word' id='word_1_815' title='bbox 2337 5161 2350 5185; x_wconf 91' lang='lat'><strong>,</strong></span> <span class='ocrx_word' id='word_1_816' title='bbox 2379 5130 2489 5175; x_wconf 89' lang='lat' dir='ltr'><strong>tum</strong></span> <span class='ocrx_word' id='word_1_817' title='bbox 2523 5122 2772 5187; x_wconf 89' lang='lat' dir='ltr'><strong>errabis;</strong></span> <span class='ocrx_word' id='word_1_818' title='bbox 2809 5123 2892 5176; x_wconf 91' lang='lat' dir='ltr'><strong>sin</strong></span> <span class='ocrx_word' id='word_1_819' title='bbox 2929 5131 3110 5174; x_wconf 87' lang='lat' dir='ltr'><strong>autem</strong></span> <span class='ocrx_word' id='word_1_820' title='bbox 3138 5121 3420 5175; x_wconf 78' lang='lat' dir='ltr'><strong>exoriente</strong></span> 
     </span>
    </p>
   </div>
   <div class='ocr_carea' id='block_1_110' title="bbox 1829 5212 3416 5284">
    <p class='ocr_par' dir='ltr' id='par_1_110' title="bbox 1829 5212 3416 5284">
     <span class='ocr_line' id='line_1_110' title="bbox 1829 5212 3416 5284; baseline 0.002 -20"><span class='ocrx_word' id='word_1_821' title='bbox 1829 5212 1882 5265; x_wconf 90' lang='lat' dir='ltr'><strong>in</strong></span> <span class='ocrx_word' id='word_1_822' title='bbox 1920 5213 2120 5268; x_wconf 90' lang='lat' dir='ltr'><strong>mundo</strong></span> <span class='ocrx_word' id='word_1_823' title='bbox 2155 5215 2454 5284; x_wconf 86' lang='lat' dir='ltr'><strong>evangelici</strong></span> <span class='ocrx_word' id='word_1_824' title='bbox 2487 5215 2708 5269; x_wconf 90' lang='lat' dir='ltr'><strong>luminis</strong></span> <span class='ocrx_word' id='word_1_825' title='bbox 2740 5213 3002 5279; x_wconf 90' lang='lat' dir='ltr'><strong>diluculo,</strong></span> <span class='ocrx_word' id='word_1_826' title='bbox 3050 5225 3253 5267; x_wconf 72' lang='lat' dir='ltr'><strong>mutata</strong></span> <span class='ocrx_word' id='word_1_827' title='bbox 3289 5231 3416 5269; x_wconf 85' lang='lat' dir='ltr'><strong>sen—</strong></span> 
     </span>
    </p>
   </div>
   <div class='ocr_carea' id='block_1_111' title="bbox 1835 5305 3416 5375">
    <p class='ocr_par' dir='ltr' id='par_1_111' title="bbox 1835 5305 3416 5375">
     <span class='ocr_line' id='line_1_111' title="bbox 1835 5305 3416 5375; baseline 0.001 -19"><span class='ocrx_word' id='word_1_828' title='bbox 1835 5305 2002 5359; x_wconf 81' lang='lat' dir='ltr'><strong>tentia</strong></span> <span class='ocrx_word' id='word_1_829' title='bbox 2039 5305 2185 5360; x_wconf 91' lang='lat' dir='ltr'><strong>aliud</strong></span> <span class='ocrx_word' id='word_1_830' title='bbox 2217 5322 2402 5361; x_wconf 87' lang='lat' dir='ltr'><strong>semen</strong></span> <span class='ocrx_word' id='word_1_831' title='bbox 2435 5307 2490 5361; x_wconf 89' lang='lat' dir='ltr'><strong>in</strong></span> <span class='ocrx_word' id='word_1_832' title='bbox 2520 5317 2703 5360; x_wconf 90' lang='lat' dir='ltr'><strong>mente</strong></span> <span class='ocrx_word' id='word_1_833' title='bbox 2735 5315 2824 5359; x_wconf 90' lang='lat' dir='ltr'><strong>tua</strong></span> <span class='ocrx_word' id='word_1_834' title='bbox 2851 5305 3072 5374; x_wconf 70' lang='lat' dir='ltr'><strong>ieceris,</strong></span> <span class='ocrx_word' id='word_1_835' title='bbox 3104 5307 3170 5359; x_wconf 86' lang='lat' dir='ltr'><strong>de</strong></span> <span class='ocrx_word' id='word_1_836' title='bbox 3198 5324 3306 5375; x_wconf 86' lang='lat' dir='ltr'><strong>quo</strong></span> <span class='ocrx_word' id='word_1_837' title='bbox 3333 5308 3416 5359; x_wconf 83' lang='lat' dir='ltr'><strong>di-</strong></span> 
     </span>
    </p>
   </div>
   <div class='ocr_carea' id='block_1_112' title="bbox 1831 5397 3414 5469">
    <p class='ocr_par' dir='ltr' id='par_1_112' title="bbox 1831 5397 3414 5469">
     <span class='ocr_line' id='line_1_112' title="bbox 1831 5397 3414 5469; baseline -0.001 -18"><span class='ocrx_word' id='word_1_838' title='bbox 1831 5407 1976 5451; x_wconf 91' lang='lat' dir='ltr'><strong>ctum</strong></span> <span class='ocrx_word' id='word_1_839' title='bbox 2005 5407 2090 5451; x_wconf 90' lang='lat' dir='ltr'><strong>est</strong></span> <span class='ocrx_word' id='word_1_840' title='bbox 2119 5397 2174 5451; x_wconf 89' lang='lat' dir='ltr'><strong>in</strong></span> <span class='ocrx_word' id='word_1_841' title='bbox 2205 5397 2542 5469; x_wconf 85' lang='lat' dir='ltr'><strong>Evangeliis,</strong></span> <span class='ocrx_word' id='word_1_842' title='bbox 2578 5417 2598 5450; x_wconf 83' lang='grc'><strong>‹</strong></span> <span class='ocrx_word' id='word_1_843' title='bbox 2633 5397 2781 5451; x_wconf 79' lang='lat' dir='ltr'><strong>Exiit</strong></span> <span class='ocrx_word' id='word_1_844' title='bbox 2826 5399 2916 5466; x_wconf 90' lang='lat' dir='ltr'><strong>qui</strong></span> <span class='ocrx_word' id='word_1_845' title='bbox 2970 5401 3207 5452; x_wconf 86' lang='lat' dir='ltr'><strong>seminat</strong></span> <span class='ocrx_word' id='word_1_846' title='bbox 3253 5403 3414 5452; x_wconf 75' lang='lat' dir='ltr'><strong>smni-</strong></span> 
     </span>
    </p>
   </div>
   <div class='ocr_carea' id='block_1_113' title="bbox 1831 5488 3416 5559">
    <p class='ocr_par' dir='ltr' id='par_1_113' title="bbox 1831 5488 3416 5559">
     <span class='ocr_line' id='line_1_113' title="bbox 1831 5488 3416 5559; baseline -0.003 -17"><span class='ocrx_word' id='word_1_847' title='bbox 1831 5504 1963 5544; x_wconf 90' lang='lat' dir='ltr'><strong>nare</strong></span> <span class='ocrx_word' id='word_1_848' title='bbox 1990 5491 2069 5556; x_wconf 70' lang='lat'><strong>7’;</strong></span> <span class='ocrx_word' id='word_1_849' title='bbox 2107 5508 2125 5540; x_wconf 69' lang='grc' dir='ltr'><strong>ι</strong></span> <span class='ocrx_word' id='word_1_850' title='bbox 2158 5499 2235 5551; x_wconf 83' lang='lat' dir='ltr'><strong>et.</strong></span> <span class='ocrx_word' id='word_1_851' title='bbox 2265 5508 2284 5542; x_wconf 69' lang='grc' dir='ltr'><strong>ε</strong></span> <span class='ocrx_word' id='word_1_852' title='bbox 2320 5489 2512 5544; x_wconf 87' lang='lat' dir='ltr'><strong>Simile</strong></span> <span class='ocrx_word' id='word_1_853' title='bbox 2545 5488 2746 5544; x_wconf 81' lang='lat' dir='ltr'><strong>factum</strong></span> <span class='ocrx_word' id='word_1_854' title='bbox 2776 5499 2861 5542; x_wconf 89' lang='lat' dir='ltr'><strong>est</strong></span> <span class='ocrx_word' id='word_1_855' title='bbox 2898 5505 3124 5559; x_wconf 82' lang='lat' dir='ltr'><strong>regnum</strong></span> <span class='ocrx_word' id='word_1_856' title='bbox 3153 5488 3416 5542; x_wconf 75' lang='lat' dir='ltr'><strong>cmlorum</strong></span> 
     </span>
    </p>
   </div>
   <div class='ocr_carea' id='block_1_114' title="bbox 1832 5580 3410 5652">
    <p class='ocr_par' dir='ltr' id='par_1_114' title="bbox 1832 5580 3410 5652">
     <span class='ocr_line' id='line_1_114' title="bbox 1832 5580 3410 5652; baseline -0.003 -17"><span class='ocrx_word' id='word_1_857' title='bbox 1832 5582 2038 5636; x_wconf 85' lang='lat' dir='ltr'><strong>homini</strong></span> <span class='ocrx_word' id='word_1_858' title='bbox 2069 5583 2361 5638; x_wconf 88' lang='lat' dir='ltr'><strong>seminanti</strong></span> <span class='ocrx_word' id='word_1_859' title='bbox 2402 5581 2604 5638; x_wconf 87' lang='lat' dir='ltr'><strong>bonum</strong></span> <span class='ocrx_word' id='word_1_860' title='bbox 2647 5597 2831 5636; x_wconf 86' lang='lat' dir='ltr'><strong>semen</strong></span> <span class='ocrx_word' id='word_1_861' title='bbox 2868 5583 2919 5635; x_wconf 90' lang='lat' dir='ltr'><strong>in</strong></span> <span class='ocrx_word' id='word_1_862' title='bbox 2967 5597 3096 5652; x_wconf 90' lang='lat' dir='ltr'><strong>agro</strong></span> <span class='ocrx_word' id='word_1_863' title='bbox 3136 5597 3235 5635; x_wconf 91' lang='lat' dir='ltr'><strong>suo</strong></span> <span class='ocrx_word' id='word_1_864' title='bbox 3263 5580 3344 5644; x_wconf 65' lang='lat'><strong>8“;</strong></span> <span class='ocrx_word' id='word_1_865' title='bbox 3393 5601 3410 5631; x_wconf 72' lang='grc' dir='ltr'><strong>ι</strong></span> 
     </span>
    </p>
   </div>
   <div class='ocr_carea' id='block_1_115' title="bbox 200 5781 3414 5865">
    <p class='ocr_par' dir='ltr' id='par_1_115' title="bbox 200 5781 3414 5865">
     <span class='ocr_line' id='line_1_115' title="bbox 200 5781 3414 5865; baseline -0.001 -16"><span class='ocrx_word' id='word_1_866' title='bbox 200 5781 476 5865; x_wconf 63' lang='grc' dir='ltr'>(ερψκε</span> <span class='ocrx_word' id='word_1_867' title='bbox 530 5785 646 5856; x_wconf 84' lang='lat' dir='ltr'><strong>ipsa</strong></span> <span class='ocrx_word' id='word_1_868' title='bbox 693 5785 1055 5861; x_wconf 76' lang='lat' dir='ltr'><strong>Hieronymus</strong></span> <span class='ocrx_word' id='word_1_869' title='bbox 1087 5792 1152 5848; x_wconf 92' lang='lat' dir='ltr'><strong>ad</strong></span> <span class='ocrx_word' id='word_1_870' title='bbox 1198 5793 1340 5850; x_wconf 86' lang='lat' dir='ltr'><strong>hunc</strong></span> <span class='ocrx_word' id='word_1_871' title='bbox 1387 5791 1563 5849; x_wconf 84' lang='lat' dir='ltr'><strong>locum</strong></span> <span class='ocrx_word' id='word_1_872' title='bbox 1626 5797 1717 5865; x_wconf 90' lang='lat' dir='ltr'><strong>qui</strong></span> <span class='ocrx_word' id='word_1_873' title='bbox 1760 5805 1927 5852; x_wconf 84' lang='lat' dir='ltr'><strong>totam</strong></span> <span class='ocrx_word' id='word_1_874' title='bbox 1998 5797 2208 5852; x_wconf 80' lang='lat' dir='ltr'><strong>Eusebii</strong></span> <span class='ocrx_word' id='word_1_875' title='bbox 2280 5796 2606 5853; x_wconf 83' lang='lat' dir='ltr'><strong>sententiam</strong></span> <span class='ocrx_word' id='word_1_876' title='bbox 2637 5806 2695 5851; x_wconf 89' lang='lat' dir='ltr'><strong>ut</strong></span> <span class='ocrx_word' id='word_1_877' title='bbox 2741 5809 2892 5852; x_wconf 84' lang='lat' dir='ltr'><strong>suam</strong></span> <span class='ocrx_word' id='word_1_878' title='bbox 2935 5793 3146 5850; x_wconf 76' lang='lat' dir='ltr'><strong>extulit.</strong></span> <span class='ocrx_word' id='word_1_879' title='bbox 3179 5791 3313 5848; x_wconf 76' lang='lat' dir='ltr'><strong>Vide</strong></span> <span class='ocrx_word' id='word_1_880' title='bbox 3353 5787 3414 5846; x_wconf 81' lang='lat' dir='ltr'><strong>in</strong></span> 
     </span>
    </p>
   </div>
   <div class='ocr_carea' id='block_1_116' title="bbox 135 5847 471 5910">
    <p class='ocr_par' dir='ltr' id='par_1_116' title="bbox 135 5847 471 5910">
     <span class='ocr_line' id='line_1_116' title="bbox 135 5847 471 5910; baseline 0.009 -5"><span class='ocrx_word' id='word_1_881' title='bbox 135 5847 471 5910; x_wconf 60' lang='lat' dir='ltr'><strong>Prtfatione.</strong></span> 
     </span>
    </p>
   </div>
  </div>
