4042 6432
689 440 786 497 ΞΗ
1413 434 1676 491 EUSEBH
1715 433 2181 491 CIESARIENSIS
2216 430 2365 487 ΟΡΡ.
2407 432 2581 489 PARS
2621 436 2704 489 III.
2749 464 2819 476 -—
2854 434 3261 494 EXEGETICA.
3791 437 3895 491 312

689 567 885 610 etcum
919 566 970 603 ιη
1003 549 1217 619 propria
1247 548 1369 604 luce
1391 550 1614 628 orientis
1648 550 1893 603 matutini
1931 549 2055 602 solis
2080 548 2220 614 justi-

2338 547 2576 613 σπεῖραι·
2617 565 2635 597 ι
2680 547 2794 607 καὶ,
2835 565 2855 597 ‹
2896 545 3159 618 Ὡμοιώθη
3197 545 3501 618 ήβασιλεία
3523 546 3632 601 τῶν
3657 546 3899 621 οὐρανῶν

689 646 775 696 tite
825 637 1013 702 fueris,
1053 640 1103 690 iu
1162 647 1214 691 te
1268 637 1331 692 ad
1382 652 1611 693 messem
1665 638 1910 702 ﬂorebit,
1952 640 2021 691 ita
2072 648 2130 690 ut
2170 639 2220 691 iit

2337 634 2605 704 ἀνθρώπῳ
2633 636 2902 706 σπείροντι
2928 634 3087 688 καλὸν
3120 637 3341 707 σπέρμα
3362 639 3417 689 ἐν
3438 636 3513 707 τῷ
3546 637 3661 707 ἰδίῳ
3687 639 3893 709 amp.

684 730 969 793 omnibus,
1034 729 1124 797 qui
1207 726 1299 780 tibi
1382 742 1478 794 per
1562 726 1852 781 salutarem
1934 727 2232 780 doctrinam

682 823 976 874 secundum
1016 821 1179 875 Deum
1221 816 1327 870 nati
1388 817 1618 880 fuerint,
1663 828 1865 871 sortem
1905 818 2102 873 bonam
2139 818 2235 871 tri-

684 912 837 965 liuas.

754 1180 1051 1235 Vsus.12.«
1068 1182 1154 1234 Vae
1180 1180 1499 1233 multitudini
1523 1180 1757 1248 gentium
1778 1180 2090 1233 multarum.
2112 1178 2229 1235 Sic-

683 1281 743 1324 ut
792 1284 937 1323 mare
972 1267 1254 1331 ﬂuctuans,
1288 1268 1365 1323 sic
1398 1268 1764 1322 turbabimini.
1802 1286 1820 1318 ι
1857 1267 2143 1336 Postquam
2166 1267 2232 1322 de

681 1360 1035 1415 conversione
1086 1359 1317 1428 gentium
1364 1361 1429 1412 ad
1478 1359 1678 1421 Deum,
1726 1366 1779 1411 et
1821 1358 1887 1411 de
1929 1356 2231 1412 Iudaeorum

680 1452 1054 1506 incredulitate
1102 1465 1225 1520 erga
1286 1449 1556 1504 Christum
1616 1449 1938 1503 vaticinatus
2006 1458 2118 1512 est,
2164 1450 2229 1502 ad

678 1541 1070 1595 multitudinem
1098 1542 1329 1609 gentium
1362 1539 1688 1607 pertransit,
1728 1554 1846 1607 quae
1887 1555 2007 1594 eum
2040 1540 2092 1593 in
2118 1542 2230 1608 ipsa

680 1634 959 1698 Damasco,
980 1633 1156 1685 tumin
1176 1631 1295 1684 aliis
1310 1631 1613 1700 regionibus
1635 1631 1686 1684 in
1706 1630 2075 1685 incredulitate
2090 1645 2230 1683 man-

679 1733 851 1786 surae,
882 1730 936 1773 et
967 1719 1258 1773 Ecclesiam
1301 1720 1393 1774 Dei
1443 1729 1714 1774 vexatura:
1742 1728 1795 1772 et
1844 1719 2228 1790 impugnatum

677 1829 803 1876 scut

747 1912 909 1966 Vens.
946 1909 1031 1975 15.
1070 1924 1088 1958 ι
1126 1906 1192 1960 Ει
1216 1904 1433 1958 dorsum
1466 1902 1705 1973 gentium
1749 1904 2037 1957 multarum
2086 1904 2226 1959 sicut
2255 1887 2300 1942 Β

678 2018 813 2072 aqua
840 2000 1069 2057 sonabit.
1102 1996 1256 2052 Sicut
1284 2010 1422 2065 aqua
1448 1993 1633 2055 multa,
1660 2003 1843 2063 gentes
1873 1994 2089 2049 multa:
2116 1996 2225 2050 sic-

678 2106 740 2150 ut
768 2108 901 2163 aqua
937 2092 988 2145 vi
1020 2090 1275 2159 impulsa.
1316 2108 1334 2139 i
1369 2086 1824 2153 Quemadmodum
1861 2086 2005 2141 enim
2064 2090 2225 2144 maris

677 2184 833 2238 dorsa
865 2180 1210 2234 tumescentia
1241 2186 1295 2231 et
1325 2177 1375 2230 in
1404 2174 1630 2230 sublime
1661 2175 1821 2242 elata,
1846 2177 1970 2231 dum
1997 2192 2024 2229 a
2055 2179 2227 2233 ventis

677 2275 986 2343 agitantur,
1034 2280 1199 2335 atque
1259 2269 1576 2333 turbantur,
1627 2268 1859 2324 sonitum
1933 2272 2225 2325 maximum

675 2369 876 2431 edunt,
907 2374 962 2421 et
1006 2373 1207 2418 metum
1249 2363 1627 2429 navigantibus
1675 2362 1941 2415 incutiunt
1980 2379 1994 2426 ;
2040 2365 2225 2417 eodem

676 2462 835 2514 modo
863 2458 1031 2513 turbae.
1057 2456 1375 2525 populorum
1396 2457 1509 2511 sive
1536 2457 1781 2511 Damasci
1801 2458 1912 2511 sive
1935 2458 1986 2511 in
2006 2458 2227 2527 reliquis

674 2550 1004 2621 regionibus,
1026 2549 1077 2602 in
1100 2547 1412 2601 inﬁdelitate
1432 2556 1485 2601 et
1507 2547 1803 2602 idololatria
1837 2560 2135 2611 manentes,
2159 2551 2226 2604 ab

674 2639 1029 2695 invisibilibus
1050 2637 1295 2707 gentibus
1319 2637 1549 2704 agitatas,
1584 2637 1755 2691 instar
1782 2638 2033 2692 ﬂuctuum
2059 2642 2224 2696 maris

676 2732 905 2784 sonitum
937 2733 1130 2791 edent,
1165 2738 1350 2782 contra
1388 2729 1684 2785 Ecclesiam
1722 2733 1811 2786 Dei
1860 2732 2221 2799 insurgentes.

672 2821 869 2875 Verum
916 2822 1032 2877 illas
1077 2839 1095 2873 ι
1149 2820 1441 2875 eiiminabit
1484 2830 1539 2876 et
1574 2824 1753 2892 procul
1798 2823 2112 2893 insequetur
2150 2843 2163 2879 :
2198 2844 2216 2875 ι

670 2916 769 2970 etsi
800 2915 903 2969 illa:
935 2914 1100 2969 maris
1131 2917 1298 2969 ferme
1323 2916 1496 2970 instar
1527 2926 1710 2969 contra
1732 2916 2067 2972 adversarios
2098 2933 2223 2974 suos

669 3008 865 3060 ﬂuctus
916 3006 1181 3061 attollant.
1218 3006 1387 3061 Dousa
1434 3016 1612 3060 autem
1660 3007 1946 3061 multarum
1982 3010 2217 3078 gentium

2336 724 2428 775 καὶ
2461 725 2597 777 ἐπὰν
2630 726 2687 778 ἐν
2712 726 2789 795 τῷ
2823 726 2935 794 ἰδίῳ
2981 726 3117 794 φωτὶ
3146 728 3319 795 γένοιο
3364 727 3465 799 τῆς
3494 729 3737 799 πρωῖνῆς
3772 730 3900 783 ἀνα-

2333 814 2491 883 τολῆς
2519 815 2612 867 τοῦ
2648 814 2797 885 ήλίου
2836 816 2934 885 τῆς
2972 816 3330 888 δικαιοσύνης,
3365 818 3583 888 ἀνθήσει
3614 818 3671 870 ἐν
3698 817 3781 871 σοὶ
3818 821 3896 883 είς

2334 905 2564 973 ἀμητόν·
2593 904 2668 968 ὼς
2714 905 3031 977 μεταδοῦναι
3062 906 3261 977 κλῆρον
3283 908 3487 977 ἀγαθὸν
3522 909 3614 961 καὶ
3644 909 3758 973 τοῖς
3776 911 3901 963 ἐαυ-

2333 995 2427 1049 τοῦ
2457 999 2590 1050 πᾶσι
2617 1000 2733 1061 τοῖς
2768 999 2909 1051 κατὰ
2948 997 3079 1051 Θεὸν
3114 1000 3525 1070 γεννησομένοις
3550 999 3637 1053 διά
3665 1000 3763 1071 τῆς
3793 1019 3900 1055 σω-

2333 1088 2522 1158 τηρίου
2543 1087 2907 1152 διδασκαλίας.

2410 1200 2427 1230 ι
2469 1180 2607 1233 Ούαὶ
2629 1179 2831 1250 πλῆθος
2855 1180 3022 1234 ἐθνῶν
3051 1179 3277 1234 πολλῶν.
3320 1182 3407 1245 Ὠς
3440 1182 3679 1236 Θάλασσα
3708 1184 3902 1254 κυμαί-

2332 1291 2515 1337 νουσα,
2562 1273 2734 1336 οὕτως
2784 1273 3209 1344 ταραχθήσεσθε.
3264 1275 3399 1345 Περὶ
3434 1276 3533 1345 τῆς
3574 1275 3681 1328 τῶν
3726 1275 3896 1329 ἐθνῶν

2332 1364 2423 1416 ἐπὶ
2455 1364 2544 1416 τὸν
2577 1364 2709 1417 Θεὸν
2743 1364 3099 1435 ἐπιστροφῆς,
3146 1363 3240 1416 καὶ
3271 1364 3370 1434 τῆς
3416 1368 3495 1428 είς
3521 1366 3610 1419 τὸν
3660 1367 3897 1438 Χριστὸν

2333 1453 2587 1516 ἀπιστίας
2609 1452 2704 1505 τοῦ
2744 1453 3007 1506 Ἰουδαίων
3033 1452 3217 1516 ἔθνους
3251 1452 3511 1517 θεσπίσας
3544 1456 3571 1506 ὁ
3595 1454 3770 1523 λόγος,
3800 1472 3900 1525 με-

2330 1544 2571 1597 ταϐαίνει
2592 1545 2683 1596 ἐπὶ
2711 1544 2780 1597 τά
2808 1545 2984 1616 πλήθη
3015 1544 3121 1597 τῶν
3143 1544 3330 1609 ἐθνῶν,
3356 1546 3413 1598 ἐν
3442 1547 3577 1617 αὐτῇ
3609 1564 3667 1598 τε
3700 1549 3765 1616 τῇ
3791 1549 3901 1599 Δα-

2334 1633 2527 1703 μασκῷ
2555 1635 2648 1687 καὶ
2679 1637 2796 1696 ταῖς
2836 1634 3045 1697 λοιπαῖς
3091 1634 3291 1705 χώραις
3316 1637 3371 1689 ἐν
3410 1638 3635 1707 ἀπιστίᾳ
3670 1638 3900 1708 ἀπομει-

2330 1723 2552 1786 νάντων,
2595 1724 2690 1776 καὶ
2729 1725 2828 1793 τὴν
2874 1726 3195 1793 Ἐκκλησίαν
3230 1725 3323 1779 τοῦ
3372 1726 3501 1780 Θεοῦ
3536 1728 3776 1781 ἐλαύνειν
3804 1729 3900 1781 καὶ

2329 1814 2627 1885 πολιορκεῖν
2655 1814 2969 1885 μελλόντων.

2404 1925 2422 1957 ι
2451 1907 2559 1959 Kal
2598 1907 2764 1969 νῶτος
2809 1906 2977 1959 ἐθνῶν
3027 1907 3234 1960 πολλῶν
3270 1908 3345 1971 ὡς
3380 1908 3521 1981 ὕδωρ
3563 1911 3772 1981 ὴχήσει·
3822 1908 3899 1973 ὡς

2329 1998 2471 2070 ὕδωρ
2492 1998 2649 2062 πολὺ,
2685 2000 2809 2068 ἔθνη
2845 1998 3033 2058 πολλὰ,
3066 1999 3141 2062 ὼς
3166 1998 3356 2062 ῦδατος
3384 1999 3578 2052 πολλοῦ
3614 2000 3705 2071 βίᾳ
3737 2017 3898 2072 φερο-

2330 2087 2511 2158 μένου.
2546 2107 2564 2139 ι
2612 2089 2701 2151 Ὠς
2721 2088 2828 2158 γὰρ
2861 2086 3135 2157 θαλάσσης
3155 2087 3223 2140 τά
3260 2087 3401 2140 νῶτα
3422 2088 3783 2158 κυρτούμενα,
3805 2087 3901 2140 καὶ

2333 2181 2414 2243 είς
2447 2178 2579 2248 ύψος
2605 2178 2888 2249 αίρὸμενα,
2912 2180 2969 2231 ἐν
2999 2176 3077 2248 τῷ
3116 2177 3470 2248 χειμάζεσθαι
3504 2178 3598 2230 καὶ
3627 2177 3895 2249 ταράσσε-

2328 2274 2451 2328 σθαι
2482 2275 2586 2328 ὑπδ
2620 2274 2855 2343 ἀνέμων,
2887 2268 3019 2343 ἦχον
3057 2273 3310 2341 μέγιστον
3340 2270 3559 2339 ἐμποιεῖ
3600 2269 3695 2321 καὶ
3734 2266 3902 2335 φόδον

2325 2371 2438 2430 τοῖς
2454 2366 2721 2419 πλέουσιν·
2747 2364 2890 2417 οὕτω
2915 2361 3008 2416 καὶ
3036 2361 3103 2414 τά
3128 2359 3305 2431 πλήθη
3332 2359 3440 2413 τῶν
3471 2362 3529 2413 ἐν
3581 2360 3716 2429 αὐτῇ
3744 2375 3803 2411 τε
3828 2362 3899 2430 τῇ

2325 2455 2598 2527 Δαμασκῷ
2624 2456 2717 2508 καὶ
2737 2457 2855 2516 ταῖς
2883 2453 3094 2516 λοιπαῖς
3116 2450 3319 2524 χώραις
3340 2451 3424 2505 ἐπ’
3458 2450 3683 2522 ἀπιστίᾳ
3708 2451 3803 2504 καὶ
3816 2451 3894 2503 ει-

2324 2547 2680 2617 δωλολατρείᾳ
2739 2546 3002 2615 μενόντων
3073 2544 3261 2609 ἐθνῶν,
3317 2544 3423 2598 ὑπὸ
3478 2544 3585 2597 τῶν
3653 2545 3899 2616 ἀοράτων

2326 2638 2491 2691 ἐθνῶν
2538 2637 2919 2708 ἐνεργούμενα,
2970 2636 3126 2708 δίκην
3162 2634 3421 2705 κυμάτων
3444 2635 3719 2706 θαλάσσης
3754 2634 3900 2707 ἠχή-

2328 2747 2494 2794 σουσι,
2518 2730 2656 2783 κατά
2683 2730 2783 2799 τῆς
2824 2729 3149 2798 Ἐκκλησίας
3167 2727 3261 2781 τοῦ
3291 2727 3425 2781 Θεοῦ
3468 2727 3896 2797 ἐπανιστάμενα.

2331 2841 2349 2872 ‹
2381 2824 2488 2875 Kal
2516 2823 2910 2893 ἀποσκορακιεί
2955 2822 3170 2884 αὐτοὺς,
3215 2822 3309 2873 καὶ
3551 2821 3746 2885 αὐτοὺς
3772 2818 3904 2875 διώ-

2323 2914 2487 2981 ξεται⁵
2516 2933 2533 2965 ι
2572 2914 2849 2985 μονονουχὶ
2879 2912 3151 2982 θαλάσσης
3174 2914 3328 2985 δίκην
3352 2913 3459 2965 τῶν
3490 2912 3902 2984 ἀνθεστηκότων

2322 3007 2837 3076 κατακυμαίνοντες.
2872 3006 3057 3057 Νῶτον
3088 3005 3143 3057 δέ
3186 3005 3383 3068 αὐτοὺς
3412 3003 3621 3058 πολλῶν
3646 3002 3817 3058 ἐθνῶν
3841 3006 3903 3058 ἐν

672 3099 760 3152 hic
790 3098 907 3153 illas
936 3106 1235 3166 nuncupat,
1267 3098 1387 3166 quia
1426 3109 1611 3169 gentes
1643 3100 1835 3154 multas
1880 3100 2220 3169 insequentes

2321 3099 2527 3160 τούτοις
2548 3098 2831 3158 ἀποκαλεῖ,
2858 3097 2945 3151 διά
2976 3098 3036 3150 τὸ
3052 3095 3220 3149 πολλὰ
3246 3095 3531 3151 διώκεσθαι
3559 3098 3684 3168 παρ’
3715 3097 3902 3151 αὐτῶν

672 3190 895 3241 instant.
922 3186 1022 3253 Qui
1064 3202 1190 3241 vero
1238 3187 1631 3258 insequuntur,
1664 3205 1691 3244 a
1730 3200 1876 3258 tergo
1912 3200 1964 3244 et
2002 3206 2029 3243 a
2063 3193 2220 3245 dorso

2323 3188 2467 3257 ἔθνη.
2495 3188 2757 3258 Τρέχουσι
2788 3189 2844 3240 δὲ
2884 3187 3025 3240 κατὰ
3043 3189 3210 3241 νώτου
3242 3188 3415 3259 πάντη
3451 3205 3509 3240 τε
3541 3188 3634 3241 καὶ
3678 3188 3902 3254 πάντως

672 3275 987 3343 fugientium
1030 3276 1245 3330 omnino
1286 3289 1528 3333 currunt.
1569 3298 1588 3331 ε
1626 3281 1691 3335 Ει
1729 3281 2028 3338 eiiminabit
2055 3282 2218 3346 illum,

2321 3279 2428 3331 τῶν
2464 3280 2765 3348 φευγόντων
2816 3282 2865 3332 οἱ
2917 3278 3221 3342 διώκοντες.
3266 3300 3283 3331 ι
3343 3282 3456 3334 Kal
3502 3281 3902 3351 ἀποσκορακιεῖ

668 3377 723 3420 et
746 3368 901 3437 longe
934 3369 1103 3438 ipsum
1131 3378 1497 3439 persequetur.
1545 3389 1563 3421 ι
1608 3370 1665 3425 ld
1700 3382 1817 3439 est,
1864 3381 2022 3428 retro’
2047 3375 2220 3428 mittet

2322 3372 2501 3435 αὐτὸν,
2534 3373 2624 3423 καὶ
2653 3372 2840 3442 τιόρρω
2868 3371 3026 3425 αὑτὸν
3053 3370 3317 3435 διώξεται.
3352 3390 3369 3422 ι
3397 3371 3701 3434 Τουτέστιν,
3720 3373 3900 3429 ὀπίσω

667 3465 724 3509 et
766 3455 937 3526 ipsum
980 3470 1347 3527 persequetur.
1382 3457 1688 3516 Secundum
1731 3464 1976 3533 Aquilam
2020 3475 2219 3529 autem,

2321 3460 2545 3531 πέμψει,
2588 3460 2682 3513 καὶ
2716 3461 2877 3512 αὑτὸν
2921 3460 3185 3523 διώξεται.
3224 3460 3379 3514 Κατά
3424 3462 3479 3514 δὲ
3504 3462 3593 3515 τὸν
3639 3462 3897 3528 Ἀκύλαν,

673 3562 693 3594 ι
724 3544 1151 3601 Commiuabitur
1181 3549 1256 3603 illi
1284 3589 1297 3612 ,
1333 3559 1387 3603 et
1422 3550 1588 3620 fugiet
1625 3552 1781 3624 longe
1814 3571 1827 3617 ;
1865 3572 1883 3605 ›
1924 3557 2217 3611 secundum

2326 3570 2344 3601 ‹
2388 3551 2727 3622 Ἐπιτιμήσει
2761 3553 2817 3603 ἐν
2833 3551 3001 3620 αύτῷ,
3031 3552 3122 3603 καὶ
3160 3551 3412 3620 φεύξεται
3448 3554 3681 3623 μακράν·
3711 3574 3729 3605 ι
3750 3558 3901 3611 κατά

670 3636 1048 3707 Symmachum
1097 3654 1264 3706 vero,
1315 3662 1332 3692 ‹
1372 3644 1437 3696 Et
1488 3644 1738 3699 iufremet
1793 3648 1929 3715 ipsi,
1960 3656 2013 3702 et
2056 3649 2220 3718 fugiet

667 3728 876 3793 procul.
907 3746 925 3777 ι
972 3728 1066 3783 Cui
1096 3744 1270 3786 autem
1303 3749 1489 3788 eorum
1523 3737 1771 3791 infremet
1800 3752 1887 3791 aut
1922 3743 2217 3796 commina-

667 3817 833 3882 bitur,
872 3817 968 3872 nisi
1001 3822 1266 3888 praedicta:
1297 3823 1592 3877 infidelium
1623 3828 1937 3893 populorum
1972 3832 2138 3899 genti,
2166 3842 2219 3886 et

668 3907 836 3972 ipsam
867 3910 1088 3979 agitanti
1116 3913 1374 3967 diabolo?
1407 3915 1536 3980 Quis
1560 3928 1737 3971 autem
1765 3920 1895 3988 ipsis
1926 3926 2219 3978 commina-

667 3996 833 4060 bitur,
866 4002 964 4054 nisi
996 4003 1041 4055 is
1074 4003 1137 4055 de
1165 4019 1270 4071 quo
1302 4006 1496 4059 dictum
1527 4017 1610 4061 est
1646 4028 1657 4061 :

745 4088 906 4143 Vens.
936 4090 1019 4144 li.
1060 4110 1076 4140 ι
1112 4091 1535 4149 Comminabitur
1582 4095 1838 4152 Dominus
1888 4101 1939 4153 in
1993 4112 2081 4167 te,
2128 4107 2215 4172 qui

684 4177 845 4247 elegit
888 4178 1202 4236 Jerusalem.
1232 4184 1311 4236 Ad
1355 4200 1631 4255 vesperam
1681 4191 1782 4242 erit
1826 4190 2036 4256 luctus,
2070 4208 2217 4249 ante-

679 4286 839 4340 quam
869 4272 936 4325 sit
963 4272 1270 4341 diluculum,
1291 4284 1471 4330 etnon
1508 4280 1628 4332 erit.
1661 4280 1783 4334 Haec
1829 4283 2003 4350 portio
2032 4298 2214 4339 eorum

671 4362 761 4431 qui
799 4363 1027 4432 pupulati
1058 4374 1183 4418 sunt
1212 4381 1347 4421 vos:
1379 4369 1660 4425 htereditas
1685 4386 1871 4426 eorum
1909 4378 1999 4443 qui
2037 4392 2131 4430 vos
2165 4379 2214 4431 in

664 4449 1026 4506 hereditatem
1070 4456 1441 4523 possederunt.
1477 4477 1495 4510 ›
1548 4458 1617 4513 lis
1659 4463 1855 4531 quippe
1902 4467 1992 4533 qui
2045 4467 2218 4522 instar

2318 3641 2372 3693 δὲ
2389 3642 2477 3694 τὸν
2510 3643 2823 3713 Σύμμαχον,
2855 3662 2873 3693 ι
2901 3643 3009 3695 Kal
3039 3642 3437 3714 ἐμϐριμήσεται
3471 3645 3617 3715 αύτῷ
3637 3648 3730 3701 καὶ
3761 3648 3901 3716 φεύ-

2319 3732 2465 3797 ξεται
2488 3734 2692 3803 πόρρω.
2735 3752 2752 3785 ι
2781 3734 2896 3785 Τίνι
2927 3734 2982 3786 δὲ
3020 3734 3196 3788 αὐτῶν
3227 3734 3681 3808 ἐμϐριμήσεταιῆ
3713 3741 3899 3793 ἐπιτι-

2320 3825 2571 3893 μήσεται,
2597 3825 2629 3894 ἢ
2656 3824 2731 3895 τῷ
2762 3825 3105 3896 προλεχθὲντι
3144 3826 3283 3878 ἔθνει
3304 3827 3411 3878 τῶν
3438 3828 3680 3881 ἀπίστων
3721 3830 3893 3897 λαῶν,

2318 3915 2410 3967 καὶ
2440 3915 2517 3985 τῷ
2569 3916 2791 3981 τούτους
2822 3917 3128 3987 ἐνεργοῦντι
3179 3918 3445 3990 διαϐόλῳ;
3481 3919 3576 3984 Τίς
3606 3922 3663 3974 δὲ
3702 3924 3897 3988 αὐτοῖς

2316 4006 2625 4076 ἐπιτιμήσει
2650 4006 2760 4059 ἀλλ’
2790 4008 2821 4079 ἢ
2852 4010 3055 4071 ἐκεῖνος
3089 4013 3216 4080 περὶ
3244 4006 3304 4063 οὗ
3338 4010 3575 4081 εἴρηται,

2390 4118 2407 4150 ι
2459 4102 2801 4171 Ἐπιτιμήσει
2839 4102 3039 4171 Κύριος
3070 4105 3126 4154 ἐν
3158 4102 3240 4154 σοὶ
3272 4102 3627 4175 ἐκλεξάμενος
3660 4108 3757 4176 τὴν
3788 4108 3891 4161 Ἱε-

2318 4190 2615 4260 ρουσαλήμ.
2650 4192 2791 4262 Πρὸς
2833 4192 3073 4263 ἑσπέραν
3107 4192 3258 4246 ἔσται
3286 4195 3479 4259 πένθος
3517 4198 3679 4267 πρινὴ
3717 4200 3890 4269 πρωῒ.

2315 4275 2407 4327 καὶ
2452 4277 2551 4328 οὐκ
2582 4276 2749 4330 ἔσται.
2777 4278 2922 4349 Αῦτη
2955 4282 2987 4348 ἡ
3039 4281 3193 4352 μερὶς
3245 4283 3353 4335 τῶν
3401 4286 3893 4355 προνομευσάντων

2315 4366 2478 4434 ὑμᾶς,
2510 4366 2843 4438 κληρονομία
2881 4371 2994 4433 τοῖς
3042 4371 3493 4443 κληρονομήσασι.
3553 4393 3573 4427 ι
3617 4376 3740 4441 Τοῖς
3772 4381 3893 4451 γὰρ

2313 4457 2466 4529 δίκην
2496 4458 2764 4530 θαλάσσης
2793 4461 3158 4533 κυμαινούσης
3190 4464 3574 4535 κατεπαρθεῖσι
3610 4468 3708 4539 τῆς
3759 4471 3891 4523 Ἐκ-

660 4544 828 4596 maris
854 4542 1165 4599 ﬂuctuantis
1192 4556 1376 4601 contra
1408 4548 1700 4607 Ecclesiam
1728 4570 1846 4611 sese
1882 4558 2212 4625 extulerunt,

2321 4550 2542 4621 κλησίας
2568 4552 2702 4623 πρὸς
2726 4556 2791 4623 τῇ
2813 4552 2959 4606 δύσει
2980 4554 3075 4607 τοῦ
3093 4554 3205 4625 βίου
3224 4556 3317 4609 καὶ
3340 4557 3475 4627 πρὸς
3489 4558 3637 4629 αὐτῷ
3741 4563 3888 4618 τέλει

660 4630 716 4684 in
743 4646 938 4686 occasu
972 4634 1088 4689 vita:
1109 4675 1124 4700 ,
1156 4644 1210 4689 et
1239 4637 1290 4690 in
1341 4640 1453 4707 ipso
1484 4641 1591 4696 ﬁne
1629 4643 1801 4699 luctus
1831 4649 2001 4702 aderit
2028 4692 2043 4715 ,
2089 4653 2213 4721 quia

661 4735 768 4773 non
802 4721 938 4775 ultra
981 4733 1162 4778 erunt.
1193 4724 1327 4779 Nam
1378 4729 1429 4782 in
1482 4730 1661 4788 futuro
1706 4738 1899 4792 saculo
1945 4755 2078 4793 nova
2123 4743 2210 4795 lux

658 4811 880 4867 orientis
901 4822 950 4868 et
979 4816 1225 4869 matutini
1256 4826 1380 4873 tunc
1404 4821 1468 4875 ad
1500 4822 1752 4879 ultionem
1786 4827 2062 4883 ferendam
2091 4830 2210 4884 iliu—

659 4902 819 4957 cebit.

1206 4999 1427 5057 CAPUT
1465 5002 1645 5056 XVIII.

730 5084 886 5139 Vens.
916 5087 1037 5152 1,2.
1075 5107 1092 5139 ‹
1126 5088 1217 5143 Vae
1243 5103 1398 5147 terra:
1426 5098 1665 5157 navium,
1692 5097 1789 5151 alte
1820 5099 1954 5152 ultra
1987 5099 2203 5155 ﬂumina

653 5174 979 5243 Ethiopiaa;
1016 5180 1103 5259 qui
1143 5181 1302 5233 mittit
1330 5183 1381 5235 in
1418 5199 1563 5237 mare
1591 5185 1838 5253 obsides,
1866 5200 1919 5242 et
1950 5192 2204 5260 epistolas

654 5266 882 5319 liiblinas
921 5283 1077 5336 supra
1129 5286 1341 5338 aquam.
1394 5293 1412 5325 ι
1467 5276 1615 5331 Unde
1664 5277 1862 5331 factum
1910 5289 1967 5333 nt
2017 5297 2205 5337 omnes

660 5355 849 5423 ubique
878 5355 1041 5411 Judaei
1096 5364 1292 5428 pariter
1337 5373 1387 5417 et
1417 5382 1521 5419 uno
1580 5384 1839 5424 consensu
1883 5371 2202 5429 Christiana

660 5447 907 5501 doctrina:
934 5453 1404 5509 contradicerent?
1442 5458 1493 5511 In
1526 5468 1765 5513 veterum
1808 5468 2021 5532 scriptis
2050 5483 2203 5536 repe-

869 5623 977 5709 Hi2
994 5626 1277 5709 Eusebium
1307 5634 1499 5709 acerbe
1520 5638 1704 5709 carpit
1734 5638 2201 5709 liieronymns~his

660 5693 853 5781 verbis,
885 5711 903 5743 ι
936 5694 1195 5781 Eusebius
1221 5693 1901 5781 Casariensisliistoricam
1932 5693 2196 5781 ῖιηεῖρὲέἰ

656 5764 906 5841 tationem
934 5766 1085 5841 titulo
1110 5772 1511 5841 repromittens,
1540 5776 1766 5829 diversis
1800 5764 2197 5835 sensibuseva~

654 5836 806 5894 gatur
830 5847 841 5883 :
863 5836 1016 5901 cujus
1035 5849 1152 5891 cum
1176 5837 1341 5897 libros
1366 5842 1616 5911 legerem,
1637 5845 1777 5900 aliud
1810 5848 1972 5904 multo
2002 5855 2192 5922 reperi,

2317 4641 2504 4705 πένθος
2538 4643 2740 4707 ἔσεται,
2762 4646 2841 4697 ὃτι
2869 4646 3049 4698 ούκέτι
3098 4647 3418 4717 ὑπάρχουσι⁸
3459 4651 3599 4704 κατά
3628 4652 3719 4706 τὸν
3756 4655 3889 4725 μέλ-

2314 4733 2469 4786 λοντα
2515 4729 2707 4798 αἰῶνα,
2762 4735 2884 4787 νέου
2916 4737 3095 4804 φωτὸς
3130 4738 3389 4809 ἀνατολῆς
3431 4744 3524 4796 καὶ
3555 4744 3769 4815 πρωὶας
3824 4748 3889 4801 τὸ

2312 4826 2610 4895 τηνικαῦτα
2632 4828 2752 4889 ταῖς
2765 4826 2939 4888 δίκαις
2970 4827 3389 4899 ἐπιλάμψαντος.

2812 5013 3200 5069 ΚΕΦΑΛΑΙΟΝ
3261 5020 3365 5071 ΙΗ’.

2385 5122 2403 5152 ι
2440 5103 2573 5155 Οὐαὶ
2624 5103 2727 5171 γῆς
2775 5103 2990 5169 πλοίων,
3036 5108 3299 5177 πτέρυγες
3327 5112 3583 5166 ἐπέκεινα
3615 5120 3881 5189 ποταμῶν

2309 5193 2607 5256 Αἰθιοπίας·
2640 5196 2667 5245 ὁ
2697 5195 3034 5249 ἀποστέλλων
3066 5201 3122 5250 ἐν
3151 5200 3392 5274 θαλάσσῃ
3411 5204 3613 5274 ὅμηρα,
3642 5210 3737 5261 καὶ
3757 5212 3884 5264 eum-

2312 5288 2501 5349 στολὰς
2536 5287 2773 5356 βιϐλίνας
2827 5291 3009 5345 ἐπάνω
3060 5294 3151 5345 τοῦ
3209 5294 3416 5359 ὓδατος.
3465 5318 3483 5349 ›
3534 5299 3703 5353 Πόθεν
3748 5306 3879 5369 τοὺς

2310 5380 2583 5448 πανταχοῦ
2629 5381 2910 5445 Ἰουδαίους
2942 5386 3065 5447 τοὺς
3097 5386 3302 5449 πάντας
3333 5390 3633 5458 συμφώνως
3667 5392 3726 5459 ἐξ
3758 5397 3879 5461 ἐνὸς

2311 5471 2649 5541 συνθήματος
2684 5473 2979 5542 ἀντιλέγειν
3007 5476 3083 5547 τῷ
3122 5478 3247 5548 περὶ
3280 5481 3513 5550 Χριστοῦ
3550 5483 3689 5554 λόγῳ
3725 5486 3876 5571 (2i);

2303 5665 2460 5726 quam
2493 5650 2667 5726 indice
2707 5653 3070 5726 promittebat.
3112 5656 3426 5726 Ubicunque
3454 5659 3598 5713 enim
3632 5676 3757 5713 eum
3795 5663 3875 5717 hi-

2299 5720 2463 5772 storia
2514 5719 2770 5799 defecerit
2794 5761 2808 5781 ,
2836 5725 3026 5799 transit
3068 5728 3132 5779 ad
3168 5719 3499 5796 allegoriam,
3528 5740 3581 5782 et
3613 5730 3682 5783 ita
3713 5746 3874 5799 sepa-

2299 5800 2418 5840 rata
2452 5792 2746 5851 consociat,
2774 5802 2831 5843 ut
2869 5794 3033 5846 mirer
3049 5808 3171 5849 eum
3206 5792 3338 5851 nova
3364 5792 3625 5852 sermonis
3658 5792 3871 5858 fabr-ica

2305 5858 2356 5912 in
2388 5874 2550 5913 unum
2584 5875 2780 5929 corpus
2803 5862 3030 5933 lapidem
3058 5865 3367 5935 ferrumque
3388 5868 3731 5935 conjungere.
3755 5870 3869 5929 lluc
