4042 6392
205 439 306 493 215

1155 433 1656 492 COMMENTARIA
1699 433 1761 487 IN
1804 433 2058 488 ISAIAM.
2101 463 2168 472 ——
2206 433 2358 489 CAP.
2405 433 2584 490 XVIII.
3353 435 3458 483 :rl

203 553 448 623 Εὖρομεν
469 552 528 604 ἐν
555 554 662 615 τοῖς
692 551 798 604 τῶν
828 550 1069 603 παλαιῶν
1109 551 1554 621 συγγράμμασιν,
1595 551 1670 614 ὡς
1726 553 1774 603 οἱ

1879 554 2068 629 rimus,
2094 551 2610 623 llicrosolymitanos
2656 548 2898 604 Iudaicae
2942 549 3116 618 gentis
3148 549 3458 602 sacerdotes

200 643 296 713 τὴν
349 643 704 714 Ἰερουσαλὴμ
732 643 1006 705 οίκοῦντες
1030 642 1122 694 τοῦ
1147 642 1253 694 τῶν
1301 642 1564 694 Ἰουδαίων
1594 643 1779 705 ἔθνους

203 735 368 804 ἱερεῖς
396 736 488 787 καὶ
518 733 872 804 πρεσϐύτεροι
905 734 1206 803 γράμματα
1240 732 1666 802 διαχαράξαντες
1701 735 1779 796 εἰς

200 828 378 879 πάντα
403 824 770 893 διεπέμψαντο
792 823 860 877 τὰ
883 825 1006 894 ἔθνη
1026 827 1137 886 τοῖς
1155 822 1467 891 ἁπανταχοῦ
1507 824 1778 886 Ἰουδαίοις

196 918 576 980 διαϐάλλοντες
628 916 724 987 τὴν
758 917 996 987 Χριστοῦ
1031 916 1399 979 διδασκαλίαν,
1447 916 1523 979 ὡς
1569 916 1779 987 αἵρεσιν

200 1011 396 1079 καινὴν
429 1008 524 1062 καὶ
549 1006 833 1079 ἀλλοτρίαν
867 1006 962 1060 τοῦ
997 1006 1153 1070 Θεοῦ,
1186 1007 1560 1080 παρήγγελλόν
1606 1024 1666 1059 τε
1710 1005 1778 1059 δι’

198 1101 500 1158 ἐπιστολῶν
551 1101 625 1171 μὴ
676 1098 1081 1171 παραδέξασθαι
1137 1099 1325 1168 αὐτήν.
1362 1096 1531 1151 Τοῦτο
1586 1097 1644 1150 δὲ
1685 1093 1778 1151 οὖν

195 1192 332 1247 αὐτὸ
363 1190 652 1262 σημαίνειν
692 1188 868 1241 ἔοικεν
901 1189 934 1256 ή
967 1186 1107 1257 μετὰ
1133 1189 1320 1256 χεῖρας
1347 1187 1673 1257 προφητεία,
1721 1188 1779 1238 ὲν

196 1280 240 1352 ᾧ
265 1283 439 1350 λέγει·
472 1300 490 1332 ι
529 1280 666 1333 Οὐαὶ
692 1280 795 1349 γῆς
827 1277 1045 1341 πλοίων,
1076 1278 1344 1346 πτέρυγες
1378 1277 1628 1330 ἐπέκεινα
1681 1294 1778 1328 πο-

192 1372 386 1444 ταμῶν
424 1370 726 1432 Αἰθιοπίαςο
753 1372 782 1422 ό
804 1368 1146 1422 ἀποστέλλων
1172 1369 1228 1421 ὲν
1256 1368 1498 1442 θαλάσσῃ
1524 1369 1729 1438 ὅμηραο
1754 1387 1772 1418 ι

191 1467 310 1520 ἀνθ’
333 1457 397 1518 οὗ
430 1467 460 1519 ό
484 1463 776 1534 Σύμμαχος
797 1461 1179 1527 ἀποστόλους
1193 1458 1314 1514 εἷπε
1338 1463 1537 1533 φήσας,
1572 1480 1590 1512 ι
1612 1463 1779 1512 Ἀπο-

196 1557 434 1612 στέλλων
485 1553 816 1616 ἀποστόλους
867 1555 926 1606 ὲν
962 1551 1225 1622 Θαλάσσῃ·
1272 1571 1290 1604 ›
1348 1554 1376 1605 ὁ
1435 1552 1492 1605 δὲ
1550 1551 1779 1612 Ἀκύλας

194 1647 540 1717 πρεσϐύτας
555 1643 816 1708 ἐξέδωκεν
853 1641 1042 1706 εἰπὼν,
1075 1659 1096 1693 ι
1139 1642 1197 1695 ’0
1229 1640 1572 1695 ἀποστέλλων
1601 1643 1658 1694 ὲν
1686 1640 1780 1692 θα-

194 1738 371 1808 λάσσῃ
399 1735 732 1807 πρεσϐύτας.
775 1753 794 1786 ι
834 1734 995 1803 Ὁρᾷς
1047 1732 1194 1795 ὅπως
1224 1734 1253 1784 ό
1283 1731 1440 1800 λόγος
1481 1733 1608 1793 τοὺς
1647 1747 1779 1800 προ-

193 1828 488 1899 λεχθέντας
534 1825 804 1879 Ἰουδαίων
825 1825 1091 1896 ἄρχοντας
1110 1822 1404 1887 ταλανίζει,
1439 1822 1531 1876 καὶ
1555 1823 1654 1891 τὴν
1673 1822 1777 1892 γῆν

1883 651 1938 697 et
1954 643 2216 705 seniores,
2236 641 2448 696 litteras
2469 642 2520 694 in
2553 655 2743 694 omnes
2760 649 2947 709 gentes
2966 639 3175 692 misisse
3193 639 3459 693 adomui-s

1881 734 2080 802 ubique
2100 731 2314 786 Judaeos
2339 773 2352 795 ,
2382 746 2488 799 quo
2518 731 2720 784 Christi
2752 730 3058 783 doctrinam
3090 730 3457 790 traducerent,

1882 831 1939 876 ut
1987 838 2180 876 novam
2218 837 2279 876 ac
2314 823 2422 877 Deo
2469 822 2746 875 inimicam
2797 830 3000 874 sectam
3051 839 3064 873 :
3103 835 3166 871 ac
3217 819 3459 888 epistolis

1881 913 2175 979 monuisse,
2220 923 2278 967 ut
2323 927 2390 968 ne
2423 912 2569 966 illam
2606 911 2928 979 reciperent.
2961 908 3074 962 lloc
3122 909 3296 975 ipsum
3330 923 3461 976 ergo

1880 1003 2187 1074 signiﬁcare
2215 1004 2429 1058 videtur
2461 1015 2698 1072 praesens
2749 999 3035 1070 prophetia
3083 998 3170 1052 ubi
3215 998 3454 1050 dicitur:

1885 1115 1904 1147 ι
1945 1095 2038 1149 Vae
2070 1105 2227 1149 terrae
2272 1095 2523 1158 navium,
2557 1092 2653 1146 alae
2683 1091 2820 1144 ultra
2866 1089 3088 1142 ﬂumina
3124 1086 3453 1156 Ethiopim;
3506 1088 3509 1090 ’

1879 1188 1972 1258 qui
2013 1187 2178 1240 mittit
2205 1188 2256 1240 in
2293 1201 2442 1240 mare
2478 1185 2734 1247 obsides;
2776 1202 2794 1234 ι
2827 1197 2924 1250 pro
2953 1197 3061 1250 quo
3097 1181 3458 1251 Symmachus

1879 1277 2139 1348 apostolos
2168 1277 2304 1331 dixit
2337 1277 2419 1330 his
2455 1277 2636 1330 verbis
2658 1316 2673 1339 ,
2708 1295 2728 1328 ‹
2760 1275 2862 1341 Qui
2893 1274 3060 1327 mittit
3087 1281 3142 1326 ct
3180 1270 3458 1339 apostolos

1879 1373 1932 1426 in
1964 1384 2152 1434 mare;
2187 1386 2206 1419 ο
2233 1366 2426 1436 Aquila
2452 1381 2580 1420 vero
2617 1367 2812 1436 legatos
2841 1365 3030 1430 edidit,
3062 1364 3269 1427 dicens,
3303 1381 3326 1416 ι
3355 1360 3458 1426 Qui

1881 1461 2047 1515 mittit
2097 1461 2151 1513 in
2200 1473 2349 1512 mare
2393 1457 2619 1528 legatos.
2664 1476 2681 1508 ι
2723 1456 2907 1511 Viden’
2958 1454 3234 1523 quomodo
3275 1466 3457 1506 sermo

1879 1551 2163 1619 praedictos
2207 1547 2513 1604 Judteorum
2567 1547 2836 1616 principes
2884 1545 3114 1599 miseros
3175 1543 3456 1612 praedicet,

1880 1658 2086 1698 necnon
2105 1652 2305 1696 terram
2328 1655 2537 1703 eorum,
2555 1638 2710 1707 cujus
2730 1637 2932 1690 malitia
2957 1651 3128 1706 usque
3154 1635 3221 1690 ad
3237 1632 3453 1688 Ethio—

1887 1747 1978 1804 pes
2001 1742 2330 1802 pervaserat.
2347 1731 2708 1798 Quamobrem
2729 1729 3021 1784 secundum
3040 1726 3451 1798 Symmachum,

1885 1844 1903 1877 ι
1943 1824 2036 1880 Vae
2064 1834 2220 1880 terra:
2261 1826 2469 1880 sonitus
2499 1823 2597 1877 alat
2618 1864 2632 1888 ,
2672 1836 2792 1890 qua:
2825 1820 2962 1875 ultra
2993 1821 3208 1874 ﬂumina
3241 1818 3457 1873 IEthio-

192 1920 396 1986 αὐτῶν,
439 1915 507 1990 ἦς
537 1921 572 1989 ἠ
609 1916 772 1970 κακία
803 1917 993 1987 μέχρις
1013 1915 1286 1969 Αἰθιόπων
1310 1914 1532 1984 ἔφθασε.
1562 1913 1652 1966 Διὸ
1675 1931 1774 1968 κα-

1881 1918 1981 1985 piaa
2009 1935 2028 1968 ι
2054 1933 2068 1970 :
2104 1917 2259 1985 queis
2283 1914 2575 1984 signiﬁcat,
2598 1914 2760 1968 etiam
2785 1911 2924 1965 ultra
2942 1909 3258 1980 Ethiopum
3277 1911 3458 1980 regio-

193 2012 260 2066 τὰ
292 2012 389 2065 τὸν
422 2010 720 2081 Σύμμαχον
751 2009 984 2080 εἴρηται,
1013 2027 1032 2060 ι
1064 2007 1200 2062 Οὐαὶ
1231 2007 1335 2076 γῆς
1359 2009 1387 2060 ό
1413 2002 1544 2077 ἦχος
1577 2005 1775 2076 πτέρυ-

191 2121 306 2173 γος,
335 2105 370 2174 ἡ
392 2101 631 2172 πέραθεν
659 2101 918 2172 ποταμῶν
933 2100 1231 2164 Αἰθιοπίας
1266 2119 1284 2151 ι
1312 2101 1376 2153 δι’
1393 2093 1466 2152 ὦν
1498 2100 1770 2170 σημαίνει,

190 2195 267 2259 ὡς
297 2196 395 2249 καὶ
430 2193 605 2265 πέραν
634 2191 735 2263 τῆς
777 2191 1051 2245 Αἰθιόπων
1079 2191 1280 2263 χώρας,
1318 2191 1476 2262 ἢτῶν
1507 2190 1773 2260 ὲσχατιῶν

188 2289 289 2357 τῆς
321 2288 448 2358 γῆς.
479 2287 508 2338 ό
537 2286 635 2356 τῆς
656 2285 918 2356 πονηρίας
940 2279 1073 2354 ἦχος
1102 2285 1208 2336 τῶν
1234 2283 1332 2353 τὴν
1377 2282 1634 2336 Ἰουδαίαν
1665 2284 1771 2353 γῆν

188 2378 489 2437 οἰκούντων
516 2375 607 2429 διά
639 2392 800 2428 τινων
837 2373 1025 2445 ὥσπερ
1066 2373 1375 2444 ἰπταμένων
1403 2374 1600 2427 πλοίων
1636 2391 1772 2446 προ-

187 2467 378 2538 ῆλθεν,
431 2465 485 2519 οῖ
512 2482 573 2518 τε
616 2463 900 2518 ἀπόστολοι
951 2463 1153 2527 αὐτῶν,
1203 2463 1494 2528 ἐπιστολὰς
1537 2463 1776 2534 βιὸλίνας

188 2558 570 2630 κομιζόμενοι,
612 2555 867 2626 ὑπεράνω
895 2572 954 2607 τε
990 2554 1098 2607 τῶν
1142 2555 1349 2608 ὑδάτων
1375 2555 1777 2626 ναυτιλλόμενοι

189 2638 286 2704 καὶ
310 2649 414 2720 τὴν
444 2646 717 2701 θάλασσαν
732 2644 1082 2715 ἐμπλέοντες,
1115 2647 1426 2716 ἁπανταχοῦ
1448 2648 1550 2717 γῆς
1574 2646 1779 2716 διέτρε-

189 2757 308 2812 χον,
339 2741 434 2795 τὸν
470 2741 599 2811 περὶ
624 2738 718 2792 τοῦ
759 2739 1012 2808 Σωτῆρος
1043 2737 1201 2808 ήμῶν
1233 2737 1670 2803 ἐνδιαϐάλλοντες
1689 2739 1778 2793 λό-

1881 2026 2026 2074 nem,
2070 2009 2184 2062 sive
2218 2007 2356 2062 ultra
2399 2014 2643 2059 extrema
2674 2012 2864 2070 terrae,
2903 2003 3122 2057 malitiae
3153 2002 3452 2057 incolarum

1879 2100 2076 2158 Iudaeae
2115 2103 2374 2166 sonitum,
2403 2115 2501 2155 ceu
2535 2097 2856 2168 quibusdam
2882 2096 3189 2151 volantibus
3218 2096 3447 2149 navibus

1878 2194 2138 2260 delatum,
2174 2193 2504 2264 pervenisse,
2559 2189 2938 2259 apostolosque
2974 2204 3160 2245 eorum
3190 2188 3450 2258 epistolas

1878 2285 2108 2340 biblinas
2151 2285 2486 2349 deterentes,
2521 2299 2583 2340 ac
2614 2300 2776 2351 supra
2817 2285 3037 2340 dorsum
3081 2297 3344 2349 aquarum
3393 2281 3451 2335 in

1880 2376 2123 2445 marique
2171 2377 2512 2446 navigantes,
2548 2377 2750 2446 ubique
2780 2385 3049 2430 terrarum
3101 2374 3449 2437 discurrisse,

1877 2479 2180 2520 sermonem
2207 2466 2272 2520 de
2305 2465 2593 2523 Servatore
2625 2477 2810 2521 nostro
2856 2466 3143 2522 calumniis
3186 2465 3453 2520 vellican-

1881 2565 1978 2612 tes.
2029 2557 2313 2627 Apostolus
2355 2574 2487 2614 vero
2538 2559 2702 2614 etiam
2748 2575 2890 2616 nunc
2935 2558 3105 2614 Judaei
3141 2571 3458 2628 nuncupare

1878 2649 2056 2704 solent
2083 2665 2198 2718 eos,
2221 2651 2312 2721 qui
2337 2651 2633 2708 circulares
2657 2653 2962 2722 principum
2996 2665 3215 2706 suorum
3245 2649 3456 2705 litteras

1882 2740 2305 2812 circumquaque
2331 2743 2637 2814 deportant.

189 2850 307 2902 γον.
347 2830 704 2895 ’Δποστόλους
754 2829 812 2883 δὲ
853 2830 1022 2883 εἰσέτι
1065 2830 1162 2883 καὶ
1190 2829 1284 2883 νῦν
1314 2830 1436 2894 ἔθος
1468 2831 1617 2885 ἐστὶν
1658 2830 1932 2896 Ἰουδαίοις
1969 2831 2257 2904 ὀνομάζειν
2292 2837 2422 2899 τοὺς
2468 2835 2731 2905 ἐγκύκλια
2765 2836 3069 2906 γράμματα
3133 2833 3287 2905 παρὰ
3347 2830 3457 2886 τῶν

187 2923 474 2994 ἀρχόντων
494 2920 673 2975 αὐτῶν
700 2919 1204 2992 ἐπικομιζομένους.

266 3035 287 3068 ι
310 3013 679 3086 Πορεύσονται
706 3013 814 3084 γὰρ
846 3012 1065 3082 ἄγγελοι.
1097 3011 1287 3080 κοῦφοι
1318 3011 1456 3084 πρὸς
1476 3011 1627 3077 ἔθνος
1657 3031 1779 3084 μετ-

190 3107 390 3179 έωρον
423 3107 521 3160 καὶ
556 3105 704 3172 ξένον
733 3104 862 3159 λαὸν
908 3105 1003 3158 καὶ
1034 3103 1288 3174 χαλεπόν.
1323 3104 1420 3167 Τίς
1477 3105 1642 3160 αὐτοῦ
1677 3108 1777 3160 ὲπ-

190 3200 380 3253 έκεινα
398 3216 414 3263 ;
432 3197 588 3261 ἔθνος
611 3197 722 3267 (οε)
745 3195 1062 3250 ἀνέλπιστον
1085 3197 1178 3249 καὶ
1195 3195 1739 3268 καταπεπατημένον.
1753 3216 1771 3249 ι

1959 3033 1978 3065 ι
2014 3012 2173 3069 Ibunt
2198 3015 2340 3069 enim
2382 3015 2556 3070 nuntii
2583 3015 2789 3071 celeres
2814 3016 2881 3071 ad
2905 3024 3120 3086 gentem
3154 3015 3454 3070 excelsamv

1881 3113 1936 3159 et
1957 3105 2301 3176 peregrinum
2319 3105 2598 3175 populum,
2615 3117 2671 3160 et
2694 3121 2934 3177 gravem.
2955 3106 3088 3172 Quis
3105 3107 3246 3161 ultra
3279 3107 3456 3161 illum?

1879 3210 2010 3267 gens
2039 3197 2321 3264 desperata
2351 3206 2406 3250 et
2427 3199 2770 3252 conculcata.
2825 3216 2843 3249 ι
2887 3195 2964 3250 lta
2995 3206 3054 3251 ut
3107 3198 3180 3252 sit
3217 3197 3346 3252 illud
3375 3199 3451 3251 rei

201 3291 291 3354 Ὧς
323 3284 467 3350 εἶναι
495 3286 668 3358 ἀρχὴν
701 3286 1058 3356 πράγματος’
1097 3283 1190 3340 καί
1227 3301 1318 3354 μοι
1347 3284 1494 3336 δοκεῖ
1523 3284 1681 3338 τοῦτο
1717 3285 1776 3337 τὸ

1881 3286 2092 3341 initium
2125 3305 2136 3340 :
2175 3287 2501 3356 videturque
2540 3288 2674 3341 mihi
2699 3289 2802 3342 hoc
2836 3298 3169 3357 praeceptum
3205 3288 3456 3344 Salvato-

191 3379 528 3450 πρόσταγμα
558 3376 695 3446 πρὸς
738 3377 864 3438 τοὺς
923 3373 1168 3444 μαθητὰς
1202 3372 1297 3426 τοῦ
1327 3375 1578 3445 Σωτῆρος
1621 3376 1777 3446 ἡμῶν

192 3468 452 3541 εἰρῆσθαι
471 3484 484 3497 ·
521 3464 613 3530 οὓς
643 3465 732 3520 διὰ
754 3466 814 3518 τὺ
838 3467 1004 3519 πᾶσιν
1028 3463 1333 3537 ἀνθρώποις
1365 3466 1586 3534 ἀγαθῶν
1616 3467 1778 3536 εὐαγ-

192 3559 452 3630 γελιστάς
485 3555 647 3622 εἶναι,
677 3559 942 3627 ἀγγέλους
978 3559 1072 3611 καὶ
1099 3557 1336 3627 κούφους
1368 3557 1618 3628 ὠνόμασε
1642 3559 1781 3629 πρὸς

193 3650 602 3722 ἁντιδιαστολὴν
629 3649 736 3703 τῶν
780 3649 1080 3704 Ἰουδαῖκῶν
1123 3650 1456 3704 ἀποστόλων.
1493 3652 1661 3720 Φησὶν
1687 3647 1778 3704 οὖν

193 3743 333 3815 πρὸς
367 3741 564 3805 αὐτοὺς
594 3742 719 3804 τοὺς
749 3740 859 3794 τῶν
878 3738 1096 3799 ἀγαθῶν
1135 3740 1399 3809 ἀγγέλους
1421 3757 1435 3770 ·
1488 3742 1697 3811 Ὑμεῖς,
1729 3742 1778 3794 οἱ

192 3832 435 3905 Χριστοῦ
459 3831 721 3904 μαθηταὶ,
740 3831 1058 3902 πορεύεσθε,
1082 3831 1270 3901 ῶσπερ
1294 3828 1388 3885 οὖν
1419 3832 1577 3896 αὐτὸς
1607 3834 1636 3885 ὁ
1663 3834 1778 3886 Σω-

190 3923 299 3995 τὴρ
326 3923 612 3990 διετάξατο
643 3921 780 3994 πρὸς
825 3922 971 3991 ὑμᾶς
1011 3920 1217 3989 λέγων·
1259 3940 1275 3972 ι
1303 3921 1605 3992 Πορεύεσθε
1643 3923 1779 3992 μᾶλο

193 4016 284 4070 λον
323 4017 465 4087 πρὸς
491 4014 565 4070 τὰ
604 4013 851 4087 πρόὸατα
876 4012 944 4066 τὰ
960 4013 1272 4068 ἀπολωλότα
1303 4015 1450 4067 οἴκου
1496 4014 1729 4085 Ἰσραὴλ,
1755 4034 1772 4067 ι

193 4107 738 4179 καί,‹Πορευθέντες.
761 4104 1135 4178 μαθητεύσατε
1163 4107 1341 4160 πάντα
1368 4107 1435 4159 τὰ
1464 4106 1590 4178 ἔθνη
1619 4111 1675 4160 ὲν
1702 4109 1780 4178 τῷ

192 4200 424 4272 ὀνόματί
459 4218 580 4271 μου.
608 4219 628 4252 ι
664 4200 1026 4272 Πορευόμενοι
1056 4199 1134 4266 δὲ,
1159 4201 1314 4270 φησὶ,
1343 4199 1535 4269 κοῦφοι
1563 4201 1779 4269 γίνεσθε

192 4292 290 4346 καὶ
325 4291 630 4356 εὐσταλεῖς,
663 4289 738 4354 ὡς
779 4289 844 4344 ἂν
887 4289 1078 4361 ῥᾳδίαν
1120 4289 1220 4360 τὴν
1252 4291 1475 4363 πορείαν
1511 4291 1738 4362 ποιῆσθε
1761 4309 1774 4322 ⁸

190 4383 222 4437 ὃ
251 4383 319 4454 δὴ
347 4382 444 4436 καὶ
476 4383 659 4445 αὐτοῖς
689 4382 850 4436 πάλιν
875 4382 1106 4454 παρῄνει
1125 4382 1298 4452 λέγων
1318 4399 1331 4412 ·
1361 4403 1381 4434 ι
1404 4383 1588 4452 Μηδὲν
1607 4385 1777 4454 ἀρητε

191 4472 340 4528 κατά
369 4471 469 4544 τὴν
495 4472 614 4526 ὁδόν
634 4488 650 4504 ·
685 4472 763 4543 μὴ
795 4471 1070 4544 κτήσησθε
1103 4472 1301 4544 χρυσὸν
1334 4471 1470 4543 μηδὲ
1510 4471 1774 4544 ἄργυρον,

195 4563 334 4637 μηδὲ
382 4562 581 4634 χαλκὸν
618 4564 698 4626 εἰς
731 4563 831 4628 τάς
878 4563 1056 4631 ζώνας
1115 4563 1289 4634 ὑμῶν,
1318 4583 1336 4616 ι
1383 4563 1478 4617 καὶ
1524 4563 1596 4617 τά
1628 4564 1772 4634 ἑξῆς.

1883 3377 1956 3432 ris
1978 3377 2148 3432 nostri
2179 3377 2460 3448 discipulis
2483 3377 2598 3431 dari
2625 3396 2638 3443 ;
2674 3378 2765 3448 qui
2806 3379 2950 3447 quod
2999 3379 3258 3433 omnibus
3280 3367 3456 3433 homi-

1881 3467 2040 3522 nibus
2068 3469 2334 3523 bonorum
2381 3470 2555 3523 nuntii
2584 3471 2710 3533 sint,
2746 3470 2918 3525 nuntii
2954 3482 3008 3525 et
3033 3471 3244 3525 celeres
3275 3472 3344 3526 ab
3387 3485 3453 3525 eo

1881 3567 2164 3623 vocantur,
2200 3560 2267 3614 ad
2293 3560 2648 3615 dilferentiam
2678 3560 3027 3616 Judaicorum
3057 3564 3447 3632 apostolorum.

1881 3650 2002 3705 lllos
2045 3650 2209 3720 igitur
2237 3653 2501 3707 bonorum
2546 3655 2764 3708 nuntios
2818 3654 2898 3708 sic
2945 3654 3285 3724 alloquitur:
3323 3655 3454 3720 Vos,

1879 3743 2080 3798 Christi
2105 3743 2376 3814 discipuli,
2403 3745 2494 3806 ite,
2527 3747 2980 3813 quemadmodum
3007 3747 3123 3815 ipse
3149 3746 3300 3801 vobis
3327 3745 3454 3801 Ser-

1879 3843 2037 3887 vator
2062 3833 2341 3903 praecepit,
2378 3853 2396 3884 ι
2437 3833 2513 3888 Ite
2534 3835 2711 3904 putius
2734 3835 2799 3888 ad
2829 3850 2979 3900 oves,
3009 3851 3130 3905 quae
3153 3837 3454 3905 perierunt,

1881 3925 2077 3978 domus
2109 3924 2274 3980 lsrael
2301 3925 2380 3991 ⁸¹.;
2434 3944 2452 3975 ι
2485 3936 2560 3988 et,
2591 3946 2607 3976 ε
2641 3926 2841 3982 Euntes
2865 3927 3055 3982 docete
3090 3942 3280 3982 omnes
3313 3943 3448 3998 gen-

1883 4023 1961 4069 tes
2008 4014 2060 4069 in
2093 4017 2310 4070 nomine
2354 4032 2476 4072 meo
2504 4018 2570 4073 ⁸².
2604 4037 2623 4069 ›
2675 4016 2882 4073 Euntes
2912 4029 3117 4081 autem,
3163 4021 3260 4084 ait,
3309 4019 3455 4074 leves

1878 4114 2054 4161 estote
2099 4114 2154 4160 et
2193 4108 2454 4176 expediti,
2504 4116 2563 4162 ut
2611 4108 2829 4163 facilius
2884 4109 3027 4162 viam
3073 4111 3450 4165 emetiamini:

1879 4195 2021 4264 quod
2055 4196 2218 4250 etiam
2249 4196 2357 4252 illis
2391 4197 2686 4253 mandabat
2718 4199 2804 4252 bis
2838 4199 3044 4263 verbis,
3074 4219 3090 4250 ι
3124 4199 3268 4254 Nihil
3313 4203 3447 4256 tule-

1879 4285 1999 4341 ritis
2026 4287 2226 4352 invia;
2260 4303 2326 4342 ne
2352 4290 2675 4357 possideatis
2711 4304 2926 4356 aurum,
2972 4307 3071 4345 nec
3122 4302 3408 4362 argentum
3437 4335 3451 4358 ,

1880 4392 1979 4432 nec
2010 4392 2084 4432 ms
2108 4379 2159 4432 in
2185 4379 2336 4433 zonis
2363 4379 2560 4436 vestris
2579 4379 2793 4443 “,ietc.
2824 4379 2985 4436 Jubet
3019 4371 3198 4436 autem
3232 4384 3452 4451 proﬁci-

1878 4468 1956 4523 sci
1982 4483 2078 4524 eos
2107 4470 2174 4524 ad
2211 4479 2430 4540 gentem
2489 4472 2778 4526 sublimem
2815 4483 2870 4527 et
2903 4474 3267 4544 peregrinam,
3304 4486 3360 4528 et
3387 4477 3454 4528 ad

1879 4558 2134 4629 populum
2168 4575 2410 4630 gravem.
2446 4559 2563 4616 Non
2595 4563 2738 4617 enim
2776 4565 2840 4615 ad
2877 4574 3036 4618 notos
3063 4564 3149 4621 vel
3195 4564 3457 4618 domesti-

192 4652 425 4708 Κελεύει
468 4653 524 4707 δὲ
562 4653 887 4726 πορεύεσθαι
921 4654 1058 4726 πρὸς
1085 4654 1236 4718 ἔθνος
1269 4655 1538 4726 μετέωρον
1564 4655 1655 4708 καὶ
1688 4655 1775 4722 ξέ-

1879 4665 1973 4706 eos
2007 4653 2122 4706 sive
2159 4650 2358 4706 fratres
2383 4652 2760 4717 mittebantur,
2794 4655 2890 4709 scd
2915 4655 2981 4708 ad
3010 4655 3272 4725 quosdam
3307 4669 3455 4723 peri:-

193 4758 306 4804 νον,
329 4741 428 4793 καὶ
454 4739 589 4812 πρὸς
619 4739 746 4792 λαὸν
772 4740 1024 4810 χαλεπόν.
1058 4740 1133 4794 Οὐ
1167 4738 1276 4810 γὰρ
1301 4739 1436 4810 πρὸς
1465 4739 1774 4810 γνωρίμους

1880 4743 2065 4812 grinos
2105 4743 2319 4813 ignotos
2352 4745 2502 4800 viros
2561 4757 2616 4800 et
2663 4748 3014 4818 alienigenas,
3071 4749 3214 4818 apud
3262 4763 3454 4803 omnes

265 4833 312 4865 ⁸¹
341 4831 534 4887 Matth.
563 4848 618 4897 ι,
641 4831 695 4887 6.
770 4832 816 4864 ⁸³
842 4831 1033 4887 Matth.
1058 4847 1250 4896 xxvm,
1283 4832 1368 4887 l9.
1444 4831 1491 4863 ⁸⁸
1515 4830 1704 4886 Matth.
1725 4848 1781 4899 ι,
1818 4830 1872 4886 9.

193 4927 438 4983 breviter
466 4926 743 4990 admonui,
775 4941 844 4980 ne
884 4927 1004 4995 quis
1049 4941 1148 4981 nos
1172 4935 1322 4995 putet
1343 4941 1410 4980 ex
1439 4926 1582 4979 illius
1610 4925 1766 4981 fonti-

193 4997 297 5052 bus
333 5005 610 5049 mutnasse
635 5011 756 5064 quae
784 4995 1049 5051 dicimus:
1076 5011 1198 5049 nam
1229 5003 1284 5049 et
1314 4998 1366 5049 in
1400 4997 1650 5064 prmsenti
1677 5011 1767 5051 ca-

193 5065 368 5137 pitulo
395 5065 685 5137 adversum
709 5063 923 5137 Iudaeos
950 5063 1616 5137 etllierosolymam_dicit
1643 5081 1769 5134 pro-

195 5134 443 5204 phetiam
472 5134 632 5200 dirigi
668 5148 684 5187 :
725 5135 868 5203 quod
909 5135 963 5188 in
1000 5135 1262 5205 principio
1289 5134 1412 5188 fidei
1439 5134 1766 5205 Christianae

197 5207 264 5259 ad
293 5213 439 5260 totas
467 5216 656 5272 gentes
702 5205 956 5272 epistolas
997 5204 1272 5268 miserint,
1321 5219 1389 5258 ne
1428 5204 1767 5272 susciperent

193 5275 506 5343 passionem
537 5272 759 5344 Christi,
786 5282 841 5344 et
864 5274 1109 5328 miserint
1138 5288 1308 5344 usque
1339 5274 1404 5327 ad
1434 5272 1764 5344 Ethiopiam

193 5341 250 5412 et
303 5343 698 5397 occidentalem
769 5341 1014 5412 plagam,
1076 5341 1358 5411 totumque
1413 5341 1768 5411 orbem'ejus

192 5411 549 5482 blasphemiae
577 5411 1016 5467 disseminatione
1049 5413 1454 5482 compleverint.
1491 5431 1510 5464 ι
1547 5412 1611 5482 Et
1641 5427 1770 5468 sane

194 5427 549 5538 magnemiae
577 5427 1016 5467 disseminatione
1049 5427 1454 5482 compleverint.
1491 5431 1510 5464 ι
1547 5427 1611 5466 ιιι
1641 5427 1769 5468 sane

194 5498 266 5551 qu
381 5483 459 5536 ait
485 5480 867 5554 Allierouymus
906 5482 1194 5554 Eusebium
1246 5481 1619 5554 ἀλληγορικῶς
1653 5483 1769 5554 ple-

194 5551 736 5620 rumque‘dictorum
783 5565 1000 5605 sensum
1046 5551 1416 5620 interpretari,
1453 5551 1664 5620 cuique
1692 5553 1772 5607 le-

193 5620 342 5744 genti
376 5617 549 5700 palam
584 5621 690 5674 erit
715 5637 728 5680 ;
757 5621 898 5688 quod
927 5635 1056 5676 vero
1084 5617 1238 5686 dicit,
1270 5637 1330 5676 se
1371 5637 1476 5676 non
1505 5617 1768 5702 ex.'Euse-

235 5706 269 5744 it
301 5689 546 5744 fontibus
573 5699 866 5744 mutuasse.
903 5689 971 5744 de
1003 5700 1113 5744 toto
1144 5695 1537 5744 commentario
1565 5692 1767 5744 intelli-

235 5691 269 5744 ii
301 5689 546 5744 fontibus
573 5699 866 5753 mutuasse,
903 5689 971 5745 de
1003 5700 1113 5744 toto
1144 5695 1537 5746 commentario
1565 5691 1767 5746 intelli-

265 5774 331 5813 s:
366 5758 568 5813 etenim
598 5759 857 5828 pleraque
885 5759 974 5814 ille
1014 5760 1190 5824 θίγοι-ι,
1215 5774 1335 5828 quae
1357 5761 1622 5816 Eusebius
1649 5761 1770 5816 nul-

252 5839 408 5886 teuus
450 5828 629 5891 attigit
672 5845 687 5888 ς
733 5830 830 5884 scd
880 5838 1057 5887 tamen
1100 5831 1266 5888 multa
1313 5846 1379 5888 ex
1429 5830 1578 5888 hisco
1620 5846 1770 5889 com-

1871 4922 2190 4983 mentariis.
2225 4925 2393 4995 etiam
2439 4923 2726 4995 allegorice
2770 4926 2910 4980 dicta
2968 4926 3186 4990 hausit,
3223 4942 3452 4994 quorum

1868 5010 2132 5064 perquam
2171 4993 2449 5047 minimam
2493 4993 2700 5063 partem
2733 5035 2747 5060 ,
2790 5012 2887 5050 nos
2927 4996 3057 5050 hinc
3098 5006 3154 5050 et
3191 4993 3318 5052 inde
3357 5013 3452 5052 no-

1869 5066 2122 5119 tavimus.

1961 5134 2051 5194 22)
2087 5132 2214 5188 Haec
2245 5132 2297 5185 in
2325 5132 2471 5187 hunc
2502 5134 2679 5189 locum
2730 5134 2789 5189 S.
2829 5135 3194 5203 Hieronymus
3239 5135 3406 5190 habet
3437 5179 3451 5198 ,

1875 5222 1894 5255 ι
1931 5203 2097 5267 LXX,
2133 5217 2231 5272 pro
2259 5204 2486 5273 eorquod
2516 5219 2616 5258 nos
2645 5205 2879 5260 diximus
2924 5216 3330 5273 exspectantem,
3358 5224 3451 5258 ca:-

1872 5283 2211 5342 spectantem,
2238 5282 2294 5326 et
2320 5272 2374 5325 in
2409 5272 2675 5328 llebraico
2708 5277 2969 5344 scriptum
2993 5272 3097 5338 est,
3130 5288 3450 5343 sperantem,

1878 5352 2211 5405 sperantem,
2261 5357 2290 5395 e
2337 5347 2613 5398 contrario
2673 5346 3008 5413 interpretati
3070 5345 3448 5399 ευηιάνέλπι-

1880 5429 2023 5473 στον,
2057 5413 2108 5465 id
2139 5422 2241 5473 est,
2272 5428 2374 5464 non
2400 5424 2716 5475 sperantem.
2751 5415 2818 5468 Et
2847 5417 2915 5470 ob
2945 5416 3083 5468 hanc
3108 5429 3328 5468 causam
3357 5418 3437 5469 de-

1878 5484 2075 5536 derunt
2098 5482 2442 5536 occasionem
2473 5483 2723 5550 Eusebio,
2748 5495 2808 5536 ut
2835 5487 2933 5537 hoc
2963 5486 3028 5538 de
3051 5485 3300 5553 gentibus
3336 5502 3450 5537 ma-

1878 5553 1982 5620 gis.
2012 5565 2130 5619 quae
2159 5565 2256 5604 nec
2279 5566 2428 5620 spem
2457 5553 2711 5612 habeant.
2762 5569 2861 5607 nec
2891 5554 3302 5608 Testamentum
3331 5554 3450 5615 Dei.

1879 5637 1979 5692 nec
2009 5621 2323 5692 prophetas,
2350 5622 2779 5692 intelligendum
2819 5625 3122 5689 putaverit;
3169 5638 3332 5692 quam
3387 5628 3453 5676 de

1877 5689 2076 5762 Iudaeis
2103 5708 2116 5742 :
2147 5692 2290 5758 quod
2313 5690 2380 5745 ab
2418 5689 2762 5761 ipsis'postea
2792 5694 3062 5753 Ecclesia,
3095 5689 3300 5762 qua-enin
3331 5710 3450 5762 spc-

1878 5761 1998 5814 cuia
2022 5763 2312 5814 constituta
2338 5759 2449 5827 est,
2471 5759 2614 5817 dona
2644 5762 2904 5819 mittenda
2930 5763 3059 5828 sint,
3084 5772 3137 5815 et
3166 5759 3454 5817 oll'creuilu:

1881 5831 2115 5886 victima:
2141 5829 2472 5898 spirituales.
