4042 6384
616 439 725 499 1ξ5

1283 432 1546 490 EUSEBII
1583 431 2047 492 CESARIENSIS
2081 437 2233 495 OPP.
2272 435 2453 493 PARS
2487 433 2577 491 111.
2617 464 2686 475 -
2717 429 3122 489 EXEGETICA.

3745 430 3852 487 216

622 565 810 626 gentes
839 553 1113 620 dispersos
1146 565 1163 604 :
1193 550 1246 617 in
1291 550 1486 619 quibus
1517 564 1645 606 vere
1673 551 1930 606 sublimes
1962 551 2169 621 quidam

2283 554 2377 606 καὶ
2408 552 2542 625 πρὸς
2575 553 2808 615 οἰκείους
2834 550 2991 613 τινάς
3024 549 3117 604 καὶ
3149 549 3406 620 ἀδελφοὺς
3436 548 3850 613 ἀπεστέλλοντο,

618 656 795 713 erant,
821 646 871 701 in
904 645 1049 699 nulla
1094 644 1245 697 ﬂrma
1299 658 1356 697 re
1393 643 1776 705 consistentes,
1801 657 1864 695 ac
1893 654 2173 707 errantes,

619 736 711 801 qui
760 730 906 790 omni
957 734 1351 802 superstitionis
1408 744 1571 788 vento
1632 733 2171 788 circumferebantur.

619 827 781 880 lidem
813 840 974 893 porro
1004 840 1131 895 gens
1161 825 1340 892 gravis
1369 835 1547 889 erant,
1582 826 1681 895 piae
1707 825 1988 895 religionis
2014 828 2177 879 verbo

621 915 804 968 infesti
838 926 891 969 et
919 916 1141 969 inimici.
1178 914 1285 968 llos
1337 920 1511 967 tamen
1545 923 1599 968 ut
1634 915 1828 969 adeam
1860 916 2034 968 nuntii
2083 929 2171 967 ve-

623 1006 766 1060 loces
795 1008 1053 1076 praecipit,
1088 1021 1149 1060 ac
1181 1006 1283 1060 illis
1312 1008 1629 1074 praedicent,
1669 1018 1721 1061 et
1769 1020 1943 1076 usque
1976 1008 2040 1061 ad
2080 1022 2175 1061 ex-

622 1105 792 1150 trema
838 1106 993 1150 terrae
1072 1099 1385 1163 pervadant.
1435 1098 1792 1164 Quamobrem
1853 1098 2171 1166 subiungit,

627 1205 647 1236 ι
685 1184 817 1252 Quis
842 1186 983 1240 ultra
1009 1186 1199 1241 illum?
1237 1206 1254 1239 ι
1283 1188 1396 1241 sive
1439 1189 1730 1241 secundum
1763 1186 2167 1256 Symmachum,

627 1298 645 1330 ι
679 1278 806 1333 Post
838 1294 999 1347 quem
1032 1296 1137 1334 non
1168 1288 1250 1334 est
1276 1280 1437 1333 ultra.
1466 1299 1484 1331 ι
1509 1278 1629 1333 Ηαιο
1664 1288 1843 1333 autem
1893 1295 2024 1349 gens
2079 1294 2171 1348 pe-

619 1375 831 1443 regrina
856 1382 911 1425 et
946 1372 1208 1433 sublimis.
1259 1372 1377 1425 sine
1411 1385 1507 1438 spe
1540 1372 1802 1440 degebat;
1840 1370 1911 1425 ita
1945 1379 2003 1424 ut
2031 1371 2174 1425 dicat

615 1464 925 1534 Apostolus,
967 1484 985 1516 ι
1011 1466 1233 1519 Erainus
1264 1464 1555 1532 aliquando
1582 1478 1733 1517 snem
1771 1478 1873 1518 non
1917 1464 2173 1519 habentes

616 1566 672 1609 et
703 1558 848 1610 athei
889 1557 942 1609 in
976 1556 1168 1609 mundo
1192 1557 1255 1609 ⁸⁸.
1286 1574 1305 1605 ι

2279 643 2413 695 ἀλλά
2458 642 2596 713 πρός
2634 659 2786 705 τινας
2822 638 3262 708 ἀπεξενωμένους
3298 639 3606 707 ἀγνώστους
3650 639 3853 709 ἄνδρας

2282 734 2375 785 καὶ
2402 732 2729 800 ἀλλογενεῑς,
2762 733 2885 795 τοὺς
2908 733 2964 783 ἐν
2988 732 3121 783 πᾶσι
3148 733 3259 793 τοῖς
3282 730 3454 783 ἔθνεσι
3475 748 3487 758 ’
3520 732 3575 782 ὲν
3602 725 3683 793 οἷς
3707 725 3851 801 ἦσαν

2287 826 2551 895 μετέωροι
2584 823 2820 893 ἀληθῶς,
2854 824 2945 876 ἐπὶ
2978 822 3143 893 μηδὲν
3172 823 3381 892 ἐδραίου
3425 823 3675 887 ἑστῶτες,
3706 823 3850 876 πλα-

2285 916 2509 986 νώμενοι
2552 917 2645 968 καὶ
2678 916 3091 987 περιφερόμενοι
3136 916 3297 967 παντὶ
3330 915 3513 985 ἀνέμῳ
3550 914 3651 983 τῆς
3684 913 3852 967 πολυ-

2285 1006 2407 1059 θέου
2446 1007 2673 1077 πλάνης.
2717 1009 2778 1059 Oi
2808 1008 2854 1060 δ’
2887 1007 3038 1059 αὐτοὶ
3076 1006 3171 1059 καὶ
3218 1005 3450 1075 χαλεπὸν
3495 1005 3645 1068 ἔθνος
3683 1001 3852 1076 ἦσαν,

2280 1098 2487 1167 ἐχθρῶς
2514 1099 2609 1151 καὶ
2640 1099 2911 1177 πολεμίως
2931 1098 3255 1169 διακείμενοι
3275 1098 3412 1166 πρὸς
3432 1100 3521 1151 τὸν
3542 1098 3641 1167 τῆς
3663 1098 3821 1153 θεοσι

2279 1190 2428 1252 ϐείας
2456 1189 2631 1257 λόγον.
2662 1189 2849 1258 Ὅμως
2878 1189 2922 1241 δ’
2947 1183 3039 1240 οὖν
3074 1188 3208 1257 πρὸς
3232 1188 3451 1252 τούτους
3480 1188 3851 1259 παρακελεύε-

2278 1296 2368 1333 ται
2408 1280 2625 1331 ἀπιέναι
2668 1281 2790 1342 τοὺς
2823 1278 3083 1346 ἀγγέλους
3124 1278 3358 1345 κούφους
3384 1281 3476 1332 καὶ
3502 1280 3711 1343 τούτοις
3742 1298 3851 1351 κη-

2284 1371 2510 1442 ρύττειν,
2550 1370 2842 1424 διαϐαίνειν
2870 1370 2925 1422 δὲ
2974 1370 3066 1422 καὶ
3104 1369 3195 1420 ἐπὶ
3239 1368 3305 1421 τά
3340 1369 3548 1439 πέρατα
3589 1371 3688 1441 τῆς
3717 1371 3847 1441 γῆς,

2280 1465 2371 1516 Διὸ
2393 1462 2654 1531 ἐπιλέγει,
2678 1482 2695 1513 ι
2720 1463 2815 1525 Τίς
2837 1462 2996 1515 αὑτοῦ
3020 1461 3305 1522 ὲπέκεινας
3331 1480 3349 1512 ι
3377 1462 3407 1532 ἢ
3433 1463 3571 1515 κατά
3592 1463 3681 1515 τὸν
3702 1462 3852 1535 Σύμ-

2286 1572 2474 1625 μαχον,
2516 1574 2533 1605 ί
2557 1554 2691 1607 Μεθ’
2720 1554 2777 1607 ὃν
2814 1554 2912 1607 οὐκ
2955 1553 3098 1605 ἔστιν
3133 1554 3406 1606 ἐπέκεινα.
3438 1574 3456 1605 ι
3493 1555 3659 1608 Τοῦτο
3695 1555 3752 1608 δὲ
3785 1554 3851 1609 τὸ

617 1650 1021 1721 ἀπεξενωμένον
1064 1652 1156 1703 καὶ
1200 1653 1470 1722 μετέωρον
1519 1652 1689 1719 ἔθνος,
1762 1655 1855 1705 καὶ
1896 1652 2207 1706 ἀνέλπιστον
2246 1646 2338 1721 ἦν·
2401 1652 2477 1713 ώς
2508 1650 2685 1718 λέγειν
2716 1651 2805 1703 τὸν
2845 1649 3197 1704 Ἀπόστολον·
3245 1668 3262 1699 ι
3296 1645 3476 1720 *Ημέν
3519 1670 3619 1705 που
3655 1651 3851 1706 ἐλπίδα

620 1741 695 1811 μὴ
728 1742 955 1809 ἔχοντες,
986 1742 1079 1793 καὶ
1111 1742 1256 1795 ἄθεοι
1289 1746 1345 1795 ὲν
1374 1744 1449 1814 τῷ
1478 1745 1683 1815 κόσμῳ.
1708 1766 1725 1796 ι

692 1836 851 1889 Vitas.
888 1835 939 1888 5.
975 1854 993 1885 ι
1041 1834 1189 1891 Nunc
1222 1836 1440 1892 ﬂumina
1468 1849 1627 1893 terra:
1676 1841 1856 1894 omnia
1899 1851 2173 1909 tamquam
2208 1846 2251 1901 Β

616 1928 762 1994 regio
794 1927 1033 1979 habitata
1063 1946 1076 1981 :
1113 1929 1449 1983 habitabitur
1471 1931 1617 1999 regio
1646 1945 1850 1984 eorum.
1896 1953 1913 1984 ο
1950 1935 2173 1987 Videtur

613 2016 745 2071 mihi
770 2018 1133 2081 subiudicare,
1181 2018 1485 2074 ﬂuminibus
1508 2021 1746 2090 quidem,
1778 2024 2171 2079 multitudinem

614 2108 855 2175 gentium
878 2124 995 2175 qua:
1020 2110 1181 2163 Deum
1208 2111 1495 2179 cognitum:
1518 2121 1642 2166 sunt
1668 2129 1683 2176 ;
1716 2116 2021 2183 regionibus
2048 2133 2173 2172 vero

614 2212 823 2261 earum,
868 2199 1124 2254 ecclesias
1178 2218 1191 2255 :
1246 2204 1691 2268 quemadmodum
1744 2207 1885 2258 enim
1930 2210 2173 2271 superius

612 2288 863 2346 luctibus
924 2292 1125 2354 maris,
1176 2291 1538 2361 ﬂuctibusque
1584 2296 1833 2359 turbatis,
1879 2298 2168 2352 inﬁdelium

611 2380 849 2447 gentium
874 2362 1057 2433 turbas
1080 2382 1443 2448 comparavit;
1480 2384 1555 2436 sic
1587 2392 1639 2435 et
1676 2398 1816 2438 nunc
1847 2384 2020 2439 ﬂuviis
2050 2388 2169 2439 diii-

611 2467 767 2525 cibus
803 2470 1119 2539 placideque
1151 2472 1517 2535 manantibus,
1545 2474 1743 2527 Christi
1777 2476 1995 2543 popuios
2019 2478 2169 2530 simi-

609 2559 691 2614 les
748 2561 852 2624 ait;
912 2576 1007 2628 per
1038 2563 1307 2630 regionem
1347 2574 1526 2616 autem
1587 2580 1793 2630 eorum,
1832 2568 2032 2621 indicat
2070 2569 2170 2623 Ec-

611 2651 854 2707 clesiam.
882 2652 1021 2708 Olim
1047 2669 1174 2724 ergo
1204 2655 1387 2708 isthmc
1414 2655 1631 2709 ﬂumina
1668 2657 1965 2713 inhabitata
1991 2674 2166 2726 erant,

612 2753 667 2798 et
690 2759 718 2798 a
746 2743 851 2798 Deo
886 2747 1099 2803 aliena:
1130 2762 1190 2799 ac
1224 2750 1370 2817 regio
1393 2765 1576 2804 eorum
1602 2754 1684 2820 pia
1713 2753 1968 2823 religione
2000 2772 2167 2810 vacua

612 2842 667 2887 et
692 2837 902 2890 deserta
933 2852 945 2898 ;
971 2835 1077 2902 jam
1106 2852 1233 2890 vero
1266 2854 1363 2907 per
1393 2852 1656 2906 nostram,
1691 2845 1880 2913 inquit,
1914 2848 2168 2914 praedica-

609 2924 837 2988 tionem,
870 2936 1158 2979 memorata
1197 2926 1413 2981 ﬂumina
1442 2942 1497 2983 et
1518 2933 1667 3001 regio
1689 2948 1895 2999 eorum,
1938 2937 1989 2989 in
2019 2936 2167 2990 habi-

607 3024 778 3069 tatam
812 3025 1007 3071 terram
1040 3032 1189 3071 versa
1220 3028 1365 3073 sunt.
1408 3022 1461 3074 Id
1493 3038 1653 3090 porro
1704 3027 2013 3093 procurabit
2066 3029 2167 3083 illis

2351 1857 2367 1883 ι
2400 1836 2513 1889 Νῦν
2545 1839 2593 1887 οἱ
2626 1835 2853 1905 ποταμοὶ
2886 1834 2981 1905 τῆς
3013 1835 3115 1905 γῆς
3146 1834 3343 1897 πάντες
3374 1835 3449 1898 ώς
3478 1835 3628 1907 χώρα
3657 1852 3849 1889 κατοι-

2277 1927 2542 1996 κουμένη·
2580 1925 3051 1996 κατοικισθήσεται
3096 1928 3127 1995 ἠ
3164 1923 3317 1995 χώρα
3360 1926 3557 1979 αὐτῶν.
3591 1945 3610 1977 ι
3666 1926 3850 1978 Αίνίτ-

2273 2018 2458 2071 τεσθαι
2510 2017 2565 2071 δὲ
2600 2017 2685 2071 διὰ
2730 2018 2935 2069 τούτων
2990 2035 3077 2086 μοι
3109 2017 3253 2069 δοκεί
3302 2020 3579 2087 ποταμοὺς
3633 2016 3730 2086 μὲν
3777 2017 3851 2071 τὰ

2273 2108 2449 2179 πλήθη
2476 2110 2581 2162 τῶν
2606 2110 2694 2161 τὸν
2726 2108 2856 2160 Θεὸν
2888 2108 3334 2177 ὲπιγνωσομένων
3362 2107 3537 2160 λαῶν·
3570 2106 3752 2178 χώρας
3786 2106 3850 2161 δὲ

2277 2199 2457 2251 αὐτῶν
2514 2200 2613 2261 τὰς
2663 2198 2977 2268 ἐκκλησίας·
3030 2198 3103 2260 ώς
3184 2197 3292 2268 γὰρ
3335 2199 3588 2271 ἀνωτέρω
3637 2198 3850 2267 κύμασι

2273 2290 2568 2360 θαλάσσης,
2601 2290 2692 2342 καὶ
2721 2290 2926 2359 κύμασι
2958 2290 3387 2360 τεταραγμένοις
3423 2291 3489 2345 τὰ
3521 2291 3695 2362 πλήθη
3736 2290 3850 2345 τῶν

2271 2384 2513 2436 ἀπίστων
2560 2382 2726 2435 ἐθνῶν
2768 2382 3089 2452 παρέϐαλεν,
3126 2383 3265 2435 οὕτω
3296 2384 3389 2435 νῦν
3424 2386 3684 2453 ποταμοῖς
3714 2383 3849 2451 γλυ-

2272 2475 2389 2527 κέσι
2434 2477 2525 2527 καὶ
2568 2474 2839 2537 εὐσταθῶς
2882 2475 3217 2544 κινουμένοις
3260 2478 3383 2538 τοὺς
3417 2474 3651 2547 Χριστοῦ
3678 2474 3847 2539 λαοὺς

2270 2571 2539 2639 ἀφομοιοῖ,
2591 2568 2772 2640 χώραν
2822 2570 2997 2621 αὐτῶν
3052 2569 3295 2641 δηλώσας
3336 2570 3433 2641 τὴν
3492 2568 3844 2640 Ἐκκλησίαν.

2270 2663 2441 2715 Πάλαι
2491 2663 2585 2731 μὲν
2629 2657 2719 2714 οῦν
2758 2658 2897 2733 ἦσαν
2930 2663 2977 2714 οἱ
3014 2664 3244 2731 ποταμοὶ
3274 2657 3416 2715 οῦτοι
3450 2661 3711 2730 ἀοίκητοι,
3748 2662 3846 2715 καὶ

2270 2754 2535 2824 ἀλλότριοι
2564 2753 2718 2816 Θεοῦ,
2743 2754 2775 2821 ἦ
2804 2771 2860 2805 τε
2890 2752 3042 2823 χώρα
3065 2753 3241 2805 αὐτῶν
3270 2752 3471 2823 ἔρημος
3500 2752 3807 2817 θεοσεϐείας
3826 2768 3843 2784 ·

2270 2846 2384 2897 νυνὶ
2428 2846 2483 2897 δὲ
2537 2846 2624 2897 διὰ
2683 2844 2775 2897 τοῦ
2821 2846 3107 2915 ἡμετέρου,
3162 2845 3318 2913 φησὶ,
3371 2845 3742 2915 κηρύγματος,
3791 2846 3845 2898 οε

2269 2938 2594 3009 δηλωθέντες
2629 2938 2859 3008 ποταμοὶ
2893 2938 2984 2988 καὶ¹
3014 2939 3045 3006 ή
3081 2935 3231 3006 χώρα
3265 2938 3442 2989 αὐτῶν
3482 2939 3560 2999 είς
3591 2935 3847 3006 οἰκουμέ-

2270 3049 2367 3101 νην
2396 3031 2528 3081 ὲστί.
2558 3028 2883 3100 Προξενήσει
2911 3028 2967 3080 δὲ
2999 3027 3153 3080 τοῦτο
3183 3028 3365 3091 αὐτοῖς
3386 3028 3446 3080 τὸ
3481 3028 3571 3081 τοῦ
3601 3027 3844 3101 Χριστοῦ

606 3103 809 3160 Christi
845 3107 1098 3175 signum:
1130 3129 1148 3159 ι
1203 3108 1379 3165 Veluti
1431 3115 1637 3183 signum
1687 3133 1714 3169 a
1766 3129 1947 3174 monte
1990 3120 2164 3175 eleva~

2273 3123 2520 3191 σημεῖον·
2561 3139 2577 3169 ι
2614 3120 2757 3171 Ὠσεὶ
2788 3122 3009 3190 σημεῖον
3038 3120 3143 3171 ἀπὸ
3181 3119 3339 3190 ὅρους
3379 3119 3535 3190 ἀρθῇ.
3570 3139 3587 3171 ι

608 3197 773 3250 bitur.
814 3216 831 3247 ι

690 3285 847 3340 Vsus.
873 3287 926 3340 4.
961 3306 978 3338 ι
1009 3288 1281 3357 Tanquam
1336 3292 1580 3349 buccina:
1604 3313 1701 3351 vox
1727 3300 2009 3354 audietur:
2045 3304 2165 3372 quia

608 3375 687 3431 sic
718 3376 855 3431 dixit
897 3378 1155 3434 Dominus
1203 3382 1331 3435 mihi
1362 3400 1376 3436 :
1408 3384 1680 3442 Securitas
1724 3391 1829 3443 erit
1862 3394 1912 3445 in
1946 3408 2059 3447 mea
2092 3397 2169 3449 ci-

603 3467 794 3521 vitate.
828 3487 848 3520 ι
886 3468 1143 3525 Praedicta
1203 3476 1352 3542 regio
1398 3491 1515 3530 mea
1564 3477 1775 3533 Domini
1836 3484 2023 3538 civitas
2049 3497 2165 3540 est:

606 3567 775 3622 quare
811 3558 1079 3612 securitas
1111 3561 1162 3611 in
1198 3575 1259 3613 ea
1290 3564 1414 3625 erit,
1471 3573 1657 3633 utpote
1689 3572 2024 3624 custodiente
2060 3589 2163 3635 me,

568 3678 571 3679 ν
607 3653 663 3699 et
692 3647 928 3712 undique
953 3648 1097 3701 illam
1127 3659 1364 3716 tutante;
1396 3652 1468 3707 ita
1505 3654 1699 3722 utjure
1722 3658 1788 3710 de
1815 3658 1903 3712 illa
1936 3661 2165 3728 dicatur,

613 3752 635 3787 ι
654 3734 899 3791 Gloriosa
922 3738 1059 3791 dicta
1086 3749 1209 3793 sunt
1240 3743 1306 3795 de
1330 3751 1400 3805 te,
1426 3744 1615 3800 civitas
1645 3747 1733 3801 Dei
1758 3748 1801 3779 ⁸⁸
1831 3768 1843 3814 ;
1872 3770 1889 3800 ι
1915 3761 1967 3803 et
1996 3770 2013 3801 ι
2039 3752 2168 3805 Flu-

606 3826 772 3881 minis
813 3827 1044 3897 impetus
1094 3830 1371 3887 laatiticant
1418 3837 1693 3891 civitatem
1726 3840 1837 3895 Dei.
1876 3839 2050 3897 Veluti
2078 3846 2169 3898 lux

604 3927 768 3972 aestus
807 3920 1112 3985 meridiani,
1144 3933 1293 3978 ρει-ιιι
1326 3928 1498 3982 nubes
1530 3930 1670 3989 roris
1700 3931 1803 3984 diei
1837 3935 2028 3988 messis
2061 3936 2160 3987 ⁸⁸.»

608 4008 686 4059 Ah
714 4006 1016 4074 huiusmodi
1043 4011 1181 4075 luce,
1209 4029 1328 4082 quae
1356 4017 1510 4082 quasi
1550 4030 1713 4074 aestus
1754 4023 2084 4078 meridianus
2109 4027 2161 4078 in

604 4096 824 4151 civitate
853 4115 967 4153 mea
1006 4101 1312 4173 eﬂ‘uuditur,
1356 4109 1505 4174 nihil,
1548 4110 1739 4180 inquit,
1794 4114 1997 4167 civitati
2035 4132 2166 4170 meae

606 4188 791 4241 damni
821 4190 1074 4256 infertur,
1108 4210 1282 4264 neque
1308 4198 1458 4253 dolor
1488 4201 1554 4255 iis
1588 4204 1680 4271 qui
1716 4204 2019 4272 huiusmodi
2049 4206 2165 4261 luce

602 4278 1022 4347 perfunduntur.
1041 4284 1153 4339 Lux
1178 4289 1339 4356 igitur
1362 4290 1465 4353 illa,
1490 4304 1571 4347 est
1592 4294 1762 4362 ipsum
1788 4298 1876 4351 Dei
1905 4299 2161 4367 Verbum,

602 4374 743 4438 quod
766 4373 1061 4430 Ecclesiam
1090 4380 1206 4449 ejus
1234 4398 1447 4450 semper
1470 4387 1767 4456 illuminat;
1796 4393 1962 4447 nubes
1983 4406 2162 4448 autem

601 4468 765 4530 roris,
794 4468 1029 4538 Spiritus
1050 4483 1292 4541 sanctus,
1311 4477 1400 4543 qui
1425 4493 1727 4547 supremam
1753 4487 2011 4554 unigeniti
2039 4485 2159 4539 Filii

600 4554 693 4611 Dei
742 4558 1084 4632 theologiam,
1123 4565 1210 4630 iis,
1266 4570 1357 4636 qui
1389 4584 1509 4623 eam
1561 4586 1755 4641 capere
1808 4590 1911 4628 non
1939 4576 2159 4642 valent,

604 4649 923 4705 ailumbrate
963 4656 1151 4721 tradit,
1189 4666 1246 4710 ut
1286 4670 1699 4730 attemperatum
1738 4667 2008 4735 quidpiam
2044 4668 2158 4721 eili-

599 4739 793 4803 ciatur,
810 4740 970 4794 altam
991 4753 1045 4797 et
1066 4750 1331 4805 sntnmam
1353 4752 1417 4803 de
1432 4751 1647 4806 Christo
1669 4754 1989 4824 theologiam
2018 4772 2161 4811 com-

2344 3318 2362 3349 ι
2403 3299 2488 3359 Ὠς
2524 3298 2819 3365 σάλπιγγος
2872 3298 3021 3369 φωνὴ
3072 3299 3329 3352 ἀκουστὸν
3362 3300 3511 3352 ἔσται
3534 3318 3546 3330 ·
3584 3300 3715 3353 διότι
3748 3300 3843 3355 οῦ-

2268 3406 2373 3451 τως
2413 3386 2531 3442 εἷπε
2579 3389 2779 3459 Κύριός
2824 3408 2942 3459 μοι·
2988 3390 3277 3459 Ἀσφάλεια
3323 3391 3472 3443 ἔσται
3512 3394 3568 3444 ἐν
3608 3386 3673 3462 τῇ
3728 3393 3841 3467 ἐμῇ

2269 3482 2436 3533 πόλει.
2465 3501 2481 3531 ι
2542 3484 2604 3533 'H
2648 3483 2701 3533 δὲ
2750 3482 3099 3552 προλεχθεῖσα
3143 3482 3292 3554 χώρα
3346 3485 3449 3555 ἐμὴ
3499 3484 3589 3536 τοῦ
3633 3485 3841 3556 Κυρίου

2268 3572 2382 3624 ἐστὶ
2410 3573 2590 3635 πόλις
2629 3574 2709 3625 διὸ
2740 3574 3005 3640 ἀσφάλεια
3039 3575 3188 3629 ἔσται
3220 3578 3276 3627 ὲν
3311 3577 3466 3646 αὐτῇ,
3497 3576 3571 3639 ώς
3609 3576 3672 3629 ἂν
3701 3577 3839 3647 ἐμοῦ

2268 3663 2619 3730 φυλάττοντος
2660 3667 2749 3717 καὶ
2798 3666 3125 3735 πανταχόθεν
3161 3668 3328 3737 αὐτὴν
3371 3668 3838 3739 ἀσφαλιζομένουο

2268 3754 2406 3807 ὥστε
2439 3758 2660 3819 εἰκότως
2718 3758 2843 3827 περὶ
2888 3758 3057 3828 αὐτῆς
3082 3758 3382 3825 λέγεσθαιο
3422 3779 3439 3810 ι
3463 3760 3841 3831 Δεδοξασμένα

2268 3845 2498 3916 ἐλαλήθη
2537 3848 2661 3917 περὶ
2696 3846 2809 3911 σοῦ,
2845 3850 2878 3921 η
2934 3849 3084 3911 πόλις
3132 3850 3225 3902 τοῦ
3272 3850 3427 3913 Θεοῦ,
3464 3871 3480 3901 ι
3518 3853 3639 3904 καὶο
3684 3872 3700 3903 ι
3728 3852 3841 3907 Τοῦ

2269 3938 2512 4006 ποταμοῦ
2560 3939 2627 3991 τά
2672 3941 2967 4009 όρμήματα
3012 3942 3358 4011 εὐφραίνουσι
3396 3944 3495 4013 τὴν
3534 3943 3689 3996 πόλιν
3739 3944 3839 4000 τοῦ

2267 4027 2419 4080 Θεοῦ.
2458 4028 2543 4090 Ὠς
2572 4029 2685 4095 φῶς
2718 4028 2991 4099 καύματος
3022 4033 3383 4103 μεσημϐρίας,
3406 4034 3499 4085 καὶ
3531 4035 3606 4097 ὡς
3637 4034 3839 4108 νεφέλη

2265 4118 2454 4188 δρόσου
2514 4121 2723 4191 ἡμέρας
2774 4122 3049 4191 ἀμητοῦ.»
3104 4124 3355 4177 Τοιούτου
3409 4126 3464 4178 δὲ
3517 4126 3691 4195 φωτὸς
3737 4126 3839 4182 καὶ

2266 4209 2452 4281 ὥσπερ
2486 4213 2760 4280 καύματος
2810 4214 3179 4283 μεσημϐρινοῦ
3211 4216 3500 4287 γενομένου
3537 4218 3592 4269 ὲν
3626 4220 3691 4287 τῇ
3725 4219 3837 4292 ἐμῇ

2266 4302 2436 4367 πόλει,
2484 4306 2581 4356 οῦκ
2629 4304 2761 4368 ἔστι,
2808 4307 2961 4377 φησὶ,
3015 4306 3205 4378 βλάϐη,
3240 4308 3357 4359 οὐδὲ
3397 4308 3539 4378 λύπη
3585 4312 3693 4373 τοῖς
3731 4310 3838 4365 ὑπὸ

2263 4394 2486 4463 τοιούτῳ
2519 4396 2655 4463 φωτὶ
2690 4396 3201 4469 καταυγαζομένοις.
3251 4399 3368 4462 Φῶς
3406 4400 3501 4469 μὲν
3543 4395 3635 4453 οῦν
3675 4401 3836 4466 αὑτός

2266 4487 2410 4537 ἐστιν
2440 4488 2467 4540 ὁ
2492 4485 2583 4538 τοῦ
2612 4486 2744 4539 Θεοῦ
2777 4488 2965 4556 Λόγος,
2995 4492 3023 4541 ό
3050 4489 3146 4557 τὴν
3174 4490 3497 4561 Ἐκκλησίαν
3522 4492 3685 4545 αὑτοῦ
3714 4492 3836 4547 δια-ρ

2269 4576 2466 4640 παντὸς
2512 4578 2788 4643 φωτίζωνο
2842 4579 3036 4647 νεφέλη
3074 4580 3131 4631 δὲ
3180 4581 3369 4651 δρόσου
3414 4583 3473 4634 τὸ
3517 4583 3739 4653 Πνεῦμα
3771 4586 3836 4640 τὸ

2270 4666 2440 4735 ἅγιον,
2476 4668 2536 4730 τὸ
2569 4668 2665 4738 τὴν
2708 4668 2881 4741 ἄκραν
2900 4670 3174 4738 θεολογίαν
3219 4672 3311 4725 τοῦ
3350 4674 3671 4743 μονογενοῦς
3700 4676 3835 4730 Υίοῦ

2257 4759 2349 4811 τοῦ
2379 4758 2512 4812 Θεοῦ
2540 4764 2648 4823 τοῖς
2674 4760 2745 4831 μὴ
2782 4763 2914 4824 οἵοις
2945 4781 3001 4815 τε
3040 4765 3210 4836 αὐτὴν
3255 4769 3449 4836 χωρεῖν
3493 4767 3835 4837 ὲπισκιάζον,

601 4826 875 4895 plectens;
906 4831 1065 4900 idque
1090 4850 1155 4889 ex
1183 4838 1402 4893 accessu
1450 4842 1726 4907 cujusdam
1777 4846 1930 4899 nubis
1984 4850 2153 4901 Sancti

2272 4850 2331 4912 b;
2365 4852 2701 4922 κεκραμένον
2733 4854 3108 4908 ἀποτελεῖσθαί
3150 4874 3201 4910 τι
3236 4858 3367 4910 πολὺ
3402 4854 3493 4911 καί
3533 4860 3835 4932 ἀκρότατον

599 4917 852 4985 Spiritus.
885 4922 1009 4978 Haec
1046 4942 1208 4994 porro
1237 4940 1361 4983 ante
1392 4946 1618 4985 messeni
1659 4933 1834 4989 futura
1871 4939 2111 5004 prazdicit
2138 4957 2153 4992 ι

2272 4946 2349 5012 τῆς
2378 4917 2501 5015 περὶ
2531 4917 2763 5017 Χριστοῦ
2799 4945 3089 5014 θεολογίας,
3108 4948 3191 5001 διὰ
3222 4950 3317 5020 τὴν
3350 4949 3441 5003 τοῦ
3474 4917 3628 5019 ἀγίού
3663 4930 3833 5009 Ilvati-

600 5010 703 5064 hac
746 5013 955 5068 ratione
993 5016 1197 5073 fructus
1229 5022 1279 5073 in
1314 5022 1549 5077 Ecclesia
1582 5025 1671 5077 Dei
1703 5027 2025 5095 puliulautes
2081 5032 2157 5085 si-

2272 5010 2428 5100 ματος
2450 5010 2462 5015 -
2485 5010 2722 5107 ὡσπερεί
2756 5054 2899 5099 τινος
2924 5010 3146 5109 νεφέλης
3171 5010 3499 5111 ὑποδρομὴν.
3522 5010 3639 5094 ’Καὶ
3660 5044 3832 5101 ταῦτα

598 5104 886 5171 gniﬁcaus,
922 5110 1008 5176 qui
1048 5112 1221 5165 instar
1250 5116 1519 5181 spicarum
1544 5116 1888 5173 etllorescunt
1915 5139 1927 5174 :
1965 5137 2069 5187 qua
2093 5123 2157 5174 de

2272 5123 2473 5179 ἔσεσθαί
2518 5104 2652 5198 φησι
2685 5128 2789 5199 πρὸ
2822 5128 2913 5181 τοῦ
2960 5104 3254 5199 θερισμοῦ·
3521 5133 3696 5204 δηλῶν
3738 5136 3832 5190 τὸν

596 5210 653 5247 re
682 5199 929 5265 superius
966 5202 1007 5231 ⁸⁷
1043 5203 1155 5256 haec
1184 5205 1516 5270 declarabat,
1560 5229 1577 5261 ι
1615 5210 1681 5263 Ει
1710 5212 2034 5265 iaztahuntur
2066 5230 2157 5267 ρο-

2272 5218 2455 5285 τρόπον
2495 5220 2594 5280 τάς
2628 5222 2683 5272 ὲν
2719 5223 2835 5283 ταῖς
2893 5223 3207 5292 ἐκκλησίαις
3247 5224 3338 5277 τοῦ
3374 5225 3508 5278 Θεοῦ
3552 5244 3830 5298 καρποφο-

594 5299 708 5347 ram
749 5297 817 5353 te,
845 5290 985 5342 sient
1024 5293 1113 5361 qui
1152 5294 1400 5349 laetantur
1437 5298 1487 5351 in
1521 5314 1713 5355 inesse.
1753 5320 1771 5351 ι
1808 5302 1872 5355 Et
1906 5301 2156 5356 Salvator

2272 5307 2397 5370 stag,
2428 5309 2581 5378 δίκην
2616 5311 2858 5380 σταχύων
2890 5313 3180 5377 ἀνθούσας·
3218 5317 3345 5386 περὶ
3373 5310 3435 5369 οὗ
3460 5318 3549 5368 καὶ
3575 5319 3833 5391 ἀνωτέρω

593 5374 841 5429 similiter
880 5393 1000 5432 cum
1060 5381 1285 5447 diceret,
1321 5404 1339 5435 ι
1369 5386 1570 5441 Levate
1617 5392 1799 5446 oculos
1840 5404 2067 5455 vestros,
2100 5401 2152 5447 et

2272 5398 2438 5467 εδήλου
2469 5374 2641 5468 λέγων
2661 5418 2673 5429 ·
2700 5374 2855 5458 «ΗΚαὶ
2886 5374 3342 5475 εὐφρανθησοντάι
3363 5406 3589 5462 ἐνώπιόν
3620 5374 3829 5475 crowd);

592 5465 767 5520 \idele
793 5482 971 5537 agros,
1002 5476 1255 5540 quoniam
1319 5477 1424 5532 albi
1474 5490 1600 5533 sunt
1651 5486 1717 5535 ad
1768 5500 1995 5538 messem
2023 5486 2085 5536 ⁸⁸.
2126 5504 2144 5535 ι

2272 5489 2299 5538 ιι
2326 5465 2737 5562 εὐφραινόμενοι
2789 5496 2845 5547 ὲν
3214 5499 3324 5551 Καὶ
3356 5502 3383 5551 ὁ
3414 5500 3602 5571 Σωτὴρ
3629 5465 3828 5571 ὁμοίως

589 5552 707 5609 Erit
735 5557 914 5625 itaque
962 5560 1051 5615 lux
1082 5564 1381 5624 divinitatis
1432 5569 1619 5636 Verbi,
1658 5574 1707 5627 in
1754 5578 1871 5644 ejus
1904 5578 2146 5640 civitate,

2272 5580 2313 5630 it'
2339 5552 2414 5632 ὧν
2433 5552 2623 5649 ’ἔλεγεν
2649 5599 2660 5610 ·
2697 5602 2714 5633 ι
2753 5552 3020 5657 Ἐπάράτε
3045 5552 3169 5651 τοὺς
3198 5589 3509 5659 ὀφθαλμοὺς
3539 5552 3828 5661 ύμῶν,

587 5657 694 5697 non
726 5653 1019 5715 temperata
1044 5656 1195 5723 quasi
1221 5658 1405 5727 vigens
1427 5670 1484 5714 et
1510 5663 1801 5719 meridiana
1824 5684 1838 5732 ;
1870 5669 1994 5736 quia
2022 5682 2147 5722 vero

2272 5668 2386 5721 δετε
2436 5671 2532 5735 τὰς
2566 5670 2769 5742 χώρας,
2814 5653 2903 5727 ὃτι
2936 5674 3119 5729 λευκαί
3176 5653 3279 5731 εισι
3329 5653 3464 5749 πρὸς
3498 5653 3776 5753 θερισμόν.
3804 5704 3821 5733 ι

656 5821 702 5854 ⁸⁸
720 5820 914 5893 Ephes.
944 5843 1003 5896 tt,
1034 5831 1117 5887 ιε.
1190 5834 1233 5867 ⁸⁸
1266 5835 1403 5894 Psal.
1437 5817 1728 5909 LxxX\'1,5.
1808 5846 1851 5877 ⁸⁸
1884 5847 2019 5902 Psal.
2062 5864 2181 5917 xu,
2205 5850 2255 5905 5.
2332 5853 2373 5884 ⁸⁷
2405 5853 2535 5922 Cap.
2566 5869 2638 5921 nt,
2667 5869 2800 5911 vers.
2829 5857 2883 5910 '5.
2953 5858 2997 5891 “
3038 5857 3188 5914 Juan.
3224 5877 3289 5925 ιν,
3345 5863 3431 5917 35.
