4042 6406
236 445 339 506 ιη

1179 446 1687 508 COMMENTARIA
1726 448 1793 504 IN
1835 449 2091 505 ISAIAM.
2130 483 2192 494 —-
2232 451 2386 507 CAP.
2429 450 2622 508 XVIII.

3387 454 3493 512 218

240 565 426 620 Ἔσται
479 564 660 618 τοίνυν
691 532 749 616 τὸ
785 565 881 634 μὲν
912 582 1024 633 φως
1072 567 1172 637 τῆς
1215 568 1468 635 θεότητος
1514 565 1607 618 τοῦ
1638 565 1787 632 Λόγοι

1918 565 1985 617 ab
2010 567 2319 619 hominibus
2353 567 2472 633 capi
2504 563 2714 633 nequit,
2759 564 3106 619 intercedens
3131 565 3308 620 media
3345 581 3494 636 qua:-

231 658 466 726 ἀκρατον
499 657 685 726 ὥσπερ
731 659 963 727 ἀκμαῖον
997 661 1090 712 καὶ
1126 645 1493 731 μεσημϐρινὸν
1523 661 1580 711 ἐν
1617 661 1682 728 τῇ
1714 659 1808 710 αὺ-

228 747 318 798 τοῦ
348 747 504 800 πόλει
522 764 534 776 ·
568 747 654 798 διὰ
681 747 737 798 δὲ
768 747 829 800 τὸ
861 750 934 819 μὴ
967 751 1280 822 χωρηθῆναι
1308 752 1438 804 αὐτὸ
1466 751 1570 804 ὑπὸ
1597 749 1806 819 ἀνθρώ-

228 854 363 902 πων,
399 837 542 907 μέση
570 836 852 892 διελθοῦσα
881 841 914 909 ή
941 839 1134 912 νεφέλη
1161 841 1255 894 τοῦ
1289 841 1444 909 ἁγίου
1467 840 1607 894 Πνεύ
1617 857 1805 909 ματος,

224 928 418 1000 δρόσου
467 927 738 997 ἔμπλεως,
785 931 1091 986 ἐπισκιάσει
1140 933 1238 1003 τὴν
1278 931 1448 1002 αὐτὴν
1496 931 1670 989 πόλιν,
1697 931 1804 993 ἵνα,

225 1020 301 1082 ὡς
327 1021 388 1072 ὲν
415 1019 655 1091 ἡμέραις
682 1021 1048 1091 ἀμητοῦ,ταίς
1081 1024 1186 1094 πρὸ
1208 1023 1303 1077 τοῦ
1338 1024 1619 1094 θερισμοῦ.
1643 1020 1807 1075 καὶτὸ

227 1108 342 1177 φῶς
379 1110 638 1181 ἐκλάμπη
673 1113 767 1164 καὶ
793 1115 824 1184 ή
860 1115 1052 1183 νεφέλη
1083 1117 1373 1186 ἐπισκιάζῃ
1403 1118 1589 1186 αὑτήν.

301 1217 320 1249 ι
356 1200 552 1252 Ἔσται
589 1203 694 1272 πρὸ
722 1203 815 1255 τοῦ
858 1205 1140 1276 θερισμοῦ,
1170 1207 1298 1259 ὅταν
1345 1206 1668 1277 συντελεσθῇ
1712 1207 1806 1260 άν-

226 1287 338 1350 θος,
382 1291 477 1341 καὶ
520 1291 700 1360 ὄμφαξ
748 1294 1016 1367 ἐξανθήσῃ
1062 1296 1221 1360 άνθος
1263 1297 1671 1367 ὀμφακίζουσαο
1710 1298 1804 1350 καὶ

223 1381 418 1448 ἀφελεῖ
446 1382 514 1434 τά
545 1383 797 1452 βοτρύδια
822 1386 889 1438 τά
927 1388 1096 1458 μικρὰ
1120 1392 1230 1453 τοῖς
1252 1390 1558 1460 δρεπάνοις,
1591 1391 1805 1460 καὶτὰς

226 1472 567 1542 κληματίδας
598 1476 802 1544 ἀφελεῖ,
837 1479 930 1531 καὶ
968 1479 1512 1552 ἀποκόψει.›”Ωσπερ
1537 1479 1665 1550 γὰρ,
1698 1497 1800 1549 φη-

225 1565 329 1626 σὶν,
364 1568 422 1618 ἐν
450 1569 571 1629 ταῖς
601 1568 883 1638 ἀμπέλοις,
916 1571 1132 1625 ἐπειδὰν
1179 1572 1430 1640 ὄμφακες
1464 1565 1596 1624 ὦσιν
1636 1571 1804 1640 οἱιβό-

219 1670 404 1725 τρυες,
459 1658 686 1720 ἐπιστὰς
725 1661 752 1712 ό
784 1662 1023 1730 γεωργὸς
1065 1661 1134 1714 τά
1164 1660 1393 1733 περιττά
1417 1663 1510 1716 καὶ
1553 1663 1801 1734 ἄχρηστα

216 1745 324 1796 τῶν
365 1743 663 1814 κλημάτων
695 1750 972 1811 ἐκκόπτει,
1000 1750 1059 1802 οὺ
1092 1751 1272 1819 μόνον,
1298 1751 1433 1804 ἀλλὰ
1459 1751 1554 1804 καὶ
1575 1752 1642 1804 τὰ
1674 1752 1799 1803 ἀτε-

215 1828 455 1901 λεσφόρα
482 1835 575 1887 καὶ
603 1835 844 1904 ὡσπερεὶ
873 1841 1189 1907 νεκριμαῖαο
1222 1839 1316 1892 καὶ
1354 1837 1524 1891 ταῦτα
1555 1839 1684 1908 γὰρ,
1725 1839 1800 1905 ὡς

1910 658 2032 708 dum
2077 658 2245 712 nubes
2273 658 2510 724 Spiritus
2544 654 2744 717 sancti,
2764 655 2921 724 plena
2957 656 3120 719 roris,
3144 658 3389 711 eamdem
3416 660 3496 713 ci-

1911 752 2128 802 vitatem
2178 749 2532 811 inumbrabit,
2589 761 2668 812 Ill,
2715 749 3170 815 quemadmodum
3218 749 3270 801 in
3303 749 3494 804 diebus

1913 839 2127 899 messis.
2154 854 2271 907 quae
2308 841 2477 907 ipsam
2519 852 2747 892 messem
2813 847 3154 906 praavert'unt
3176 876 3191 903 ,
3223 848 3278 892 et
3311 839 3491 895 lumen

1911 931 2210 999 splendeat,
2234 941 2289 984 et
2322 931 2492 984 nubes
2524 931 2794 983 inumbret
2828 928 2992 984 illam.

1982 1193 2145 1252 Vens.
2177 1198 2233 1263 5,
2264 1198 2317 1252 6.
2351 1216 2370 1249 ‹
2404 1197 2522 1252 Erit
2549 1207 2674 1252 ante
2703 1211 2962 1263 messem,
2989 1210 3111 1249 cum
3144 1192 3306 1248 fuerit
3352 1206 3486 1246 con-

1909 1299 2212 1343 summatus
2242 1288 2362 1354 ﬂos,
2390 1298 2444 1342 et
2476 1304 2578 1342 uva
2611 1305 2716 1342 non
2750 1298 2964 1341 matura
3012 1287 3265 1340 eduxerit
3298 1284 3483 1338 ﬂorem

1906 1382 2220 1451 germinans
2249 1399 2262 1434 ε
2298 1393 2353 1435 et
2388 1380 2600 1435 auferet
2640 1381 2946 1434 racemulos
2991 1392 3188 1447 parvos
3221 1376 3445 1431 falcibus
3469 1415 3483 1438 ,

1904 1484 1962 1528 et
1990 1483 2266 1528 sarmenta
2302 1473 2453 1527 tollet
2516 1483 2571 1527 et
2597 1472 2914 1539 _abscindet.
2951 1489 2970 1522 ι
3016 1468 3483 1536 Quemadmodum

1904 1567 2072 1630 enim,
2116 1566 2312 1634 inquit,
2340 1565 2392 1618 in
2420 1565 2613 1626 vineis,
2647 1565 2772 1617 dum
2811 1578 2927 1618 uva:
2954 1563 3259 1616 immaturae
3311 1569 3437 1612 sunt
3466 1599 3482 1620 ,

1905 1659 2202 1711 adventans
2237 1656 2471 1725 agricola
2505 1654 2717 1708 inutiles
2746 1655 2994 1722 palmites
3020 1653 3223 1706 excidit
3251 1690 3265 1714 ,
3306 1665 3483 1718 neque

1904 1749 1957 1802 id
1982 1756 2212 1812 tantum,
2231 1747 2324 1801 sed
2342 1747 2508 1799 etiam
2537 1744 2872 1798 infructuosa
2897 1757 3126 1813 quaeque
3152 1752 3208 1795 et
3235 1756 3484 1794 aresceni

1907 1843 1979 1894 tia
2008 1848 2218 1895 resecat
2246 1857 2259 1892 :
2310 1839 2511 1893 etenim
2548 1837 2634 1891 illa
2668 1849 2883 1905 quoque
2915 1878 2930 1903 ,
2972 1844 3161 1900 utpote
3196 1847 3316 1901 quae
3344 1829 3481 1886 nihil

211 1925 312 1977 οὐκ
343 1924 411 1978 ἂν
441 1926 658 1990 άλκαία,
685 1928 801 1980 οὐδὲ
831 1929 1040 2001 ἀγαθὴν
1069 1929 1260 1999 ἔχοντα
1281 1930 1472 1985 ἐλπίδα
1495 1930 1634 2002 πρὸς
1661 1948 1787 2001 καρ-

1904 1931 2102 1999 vigoris
2135 1930 2404 1992 habeant,
2447 1943 2622 1997 neque
2648 1929 2811 1982 ullam
2841 1928 2907 1980 ad
2943 1925 3157 1980 fructus
3180 1922 3477 1994 perfectio-

213 2013 315 2066 ποῦ
366 2015 665 2081 τελείωσιν,
721 2023 994 2090 περιαιρεῖ
1042 2021 1319 2092 ἐπιστήμῃ
1355 2025 1657 2092 γεωργικῇ,
1707 2023 1794 2075 ἵνα

213 2105 286 2176 μὴ
329 2107 658 2177 λυμαίνηται
689 2113 798 2174 τοῖς
831 2111 1164 2181 ἐρρωμένοις
1193 2112 1412 2185 βότρυσι
1456 2111 1524 2166 τὰ
1565 2114 1792 2183 περιττά

208 2197 302 2250 καὶ
330 2198 614 2269 ἀχρηστα·
653 2201 786 2255 διότι
824 2203 997 2256 ταῦτα
1032 2203 1130 2273 μὲν
1157 2205 1381 2273 ἀφαιρεῖ
1421 2203 1515 2255 καὶ
1562 2204 1790 2274 παραδί-

203 2287 372 2342 δωσιν
417 2290 500 2352 είς
542 2290 743 2362 βρῶσιν
788 2311 806 2344 ι
830 2295 939 2356 τοῖς
981 2297 1244 2355 πετεινοῖς
1297 2291 1388 2346 τοῦ
1432 2293 1662 2365 οὐρανοῦ
1698 2295 1790 2347 καὶ

203 2381 318 2439 τοῖς
347 2379 561 2450 θηρίοις
586 2381 686 2450 τῆς
715 2381 839 2453 γῆς,
872 2402 890 2433 ι
927 2385 993 2437 τὰ
1026 2384 1082 2438 δὲ
1111 2383 1202 2438 τὸν
1229 2385 1419 2455 ἐντελῆ
1453 2385 1789 2448 διασώζονται

203 2470 420 2541 καρπὸν
451 2470 539 2523 διὰ
567 2472 748 2542 πάσης
777 2473 1091 2542 ἐπιμελείας
1137 2475 1426 2542 φυλάττει·
1475 2475 1615 2528 οὕτω
1650 2477 1788 2529 κατά

201 2559 295 2612 τὸν
344 2561 539 2630 καιρὸν
578 2561 670 2615 τοῦ
711 2563 971 2634 θερισμοῦ
997 2566 1320 2635 γενήσεσθαί
1355 2583 1508 2635 φησι,
1551 2567 1658 2620 τῶν
1689 2568 1787 2636 τῆς

201 2651 454 2721 ἀμπέλου
481 2654 748 2726 περιττῶν
767 2655 1082 2725 κλημάτων,
1101 2655 1315 2708 καὶτῶν
1338 2658 1624 2727 ἀχρήστων
1646 2659 1784 2728 αὐτῇ

201 2743 446 2813 βοτρύων
492 2748 984 2818 περιαιρουμένων,
1037 2750 1128 2801 καὶ
1180 2750 1659 2819 ἀποκοπτομένων,
1709 2753 1786 2813 είς

200 2835 369 2907 βοράν
412 2854 473 2888 τε
520 2838 874 2909 ικδιδομένων
912 2843 1033 2904 ταῖς
1080 2843 1428 2904 κολαστικαῖς
1459 2841 1781 2910 δυνάμεσιν,

195 2929 246 2982 oi
296 2929 497 2996 ἀγαθοὶ
544 2930 784 3002 βότρυες,
816 2934 870 2986 αἱ
911 2934 1247 3005 καρποφόροι
1281 2933 1468 3004 ψυχαὶ,
1503 2935 1604 3003 τῆς
1635 2935 1785 3004 παρά

195 3020 332 3073 Θεοῦ
363 3021 642 3087 τεύξονται
681 3023 896 3092 ἀγαθῆς
927 3023 1158 3088 ἐλπίδος.
1206 3026 1293 3078 Ἐν
1323 3025 1534 3089 τούτοις
1563 3027 1724 3090 αὐτὸς
1754 3030 1783 3080 ὁ

196 3110 389 3181 Σωτὴρ
420 3113 613 3166 ἑαυτὸν
640 3109 779 3167 εἶναι
801 3116 898 3185 τὴν
925 3116 1167 3186 ἄμπελον
1195 3116 1394 3187 ἔφησεν
1412 3134 1424 3147 ·
1444 3120 1572 3181 τοὺς
1598 3118 1653 3171 δὲ
1682 3137 1784 3189 μα-

1898 2037 2020 2076 nem
2057 2036 2208 2092 spem
2233 2022 2566 2089 relinquant,
2590 2036 2654 2074 ex
2683 2020 3029 2090 agricultura:
3049 2019 3245 2088 peritia
3276 2018 3340 2072 de
3370 2033 3478 2072 me-

1897 2116 1985 2168 dio
2017 2114 2177 2178 tollit,
2240 2127 2310 2167 ne
2351 2113 2625 2181 superflua
2665 2123 2720 2166 et
2770 2111 2977 2165 inutilia
3010 2110 3316 2179 vigentibus
3355 2108 3477 2163 uvis

1894 2214 2169 2260 noceant:
2232 2204 2593 2273 quamobrem
2662 2203 2751 2256 illa
2788 2205 3012 2271 quidem
3063 2200 3266 2265 aufert,
3315 2210 3371 2253 et
3417 2199 3471 2252 in

1894 2313 2072 2353 escam
2116 2315 2137 2349 ι
2159 2297 2474 2353 volatilibus
2497 2296 2619 2351 caali
2655 2305 2711 2350 et
2762 2296 2952 2350 bestiis
2987 2306 3144 2349 terra:
3177 2312 3195 2344 ι
3234 2291 3470 2361 abjicit';

1892 2403 2014 2456 quae
2042 2402 2172 2441 vero
2199 2387 2501 2455 perfeCtum
2544 2385 2778 2440 fructum
2821 2394 3045 2439 servant
3082 2384 3424 2450 retinentque
3453 2420 3468 2445 ,

1892 2493 2100 2532 summa
2144 2477 2505 2532 sollicitudine
2534 2475 2664 2531 colit
2688 2485 2743 2530 et
2778 2486 2992 2541 tuetur;
3028 2475 3107 2527 sic
3141 2475 3193 2526 in
3223 2481 3470 2541 tempore

1893 2569 2088 2624 messis
2120 2567 2360 2622 futurum
2395 2582 2516 2622 esse
2544 2567 2640 2631 ait,
2667 2567 2863 2620 ablatis
2914 2566 3113 2634 quippe
3143 2578 3470 2629 supervaca-

1891 2662 2012 2717 neis
2041 2663 2212 2716 vinea:
2238 2661 2574 2730 palmitibus,
2623 2661 2960 2729 succisisque
2991 2659 3270 2713 inutilibus
3301 2660 3419 2712 uvis
3449 2695 3465 2720 ,

1891 2761 2054 2820 atque
2084 2754 2138 2807 in
2167 2767 2346 2807 escam
2377 2752 2647 2806 ultricium
2679 2759 3002 2820 potestatum
3035 2751 3283 2813 traditis;
3314 2749 3470 2803 bona:

1890 2857 2024 2906 uvae,
2055 2845 2167 2897 sive
2183 2845 2379 2897 animae
2401 2843 2715 2906 fructiferze,
2745 2843 2940 2896 bonam
2971 2856 3119 2910 spem
3143 2857 3172 2894 a
3205 2842 3312 2895 Deo
3332 2855 3469 2894 con-

1888 2943 2202 3000 sequentur.
2229 2934 2284 2987 ln
2319 2935 2400 2988 bis
2418 2948 2580 3002 porro
2609 2935 2724 3003 ipse
2752 2934 3008 2987 Servator
3025 2948 3083 2987 se
3103 2934 3313 2986 vineam
3343 2946 3466 2986 esse

1888 3025 2058 3090 dixit;
2085 3026 2378 3094 discipulos
2409 3041 2538 3080 vero
2588 3039 2738 3088 suos,
2777 3026 3060 3091 palmites;
3118 3039 3250 3078 uvas
3284 3033 3466 3077 autem

1885 3118 2166 3186 palmitum
2199 3134 2538 3188 consequens
2571 3129 2653 3173 est
2675 3130 2732 3172 ut
2767 3117 3125 3186 intelligamus
3179 3129 3299 3168 esse
3330 3129 3421 3167 eos
3449 3152 3466 3177 ,

191 3202 366 3274 θητὰς
405 3204 478 3257 τά
518 3205 799 3277 κλήματα·
834 3207 1059 3277 βότρυες
1089 3207 1144 3260 δὲ
1187 3209 1295 3260 τῶν
1324 3209 1619 3281 κλημάτων
1649 3212 1780 3265 ἀκό-

1888 3211 1978 3280 qui
2016 3210 2083 3264 ab
2111 3212 2369 3280 apostolis
2396 3211 2624 3265 instituti
2659 3209 2914 3263 fuerunt:
2951 3223 3180 3276 quorum
3211 3207 3332 3261 illos
3366 3221 3466 3259 ceu

192 3293 386 3348 λοδθόν
416 3298 713 3358 ἐστιλνοείν,
731 3299 854 3361 τοὺς
883 3298 986 3351 ὑπὸ
1009 3299 1116 3351 τῶν
1138 3300 1449 3352 ἀποστόλων
1477 3303 1780 3373 μαθητευο-

191 3395 394 3458 μένους
414 3404 428 3416 ο
455 3380 529 3438 ὧν
554 3387 622 3440 τὰ
645 3387 830 3459 ὥσπερ
852 3393 1143 3459 νεκριμαία
1172 3389 1422 3459 βοτρύδια
1444 3391 1512 3444 τὰ
1535 3391 1783 3464 ἄχρηστα

191 3479 288 3530 καὶ⁸
320 3465 564 3549 ζωτικῆς
595 3479 876 3549 δυνάμεως
909 3478 1267 3553 ἐστερημένα,
1289 3483 1428 3534 κατὰ
1469 3483 1560 3536 τὸν
1591 3487 1782 3556 καιρὸν

195 3567 288 3637 τῆς
324 3569 564 3642 κρίσεως
600 3571 1072 3642 ἀποϐληθήσεσθαι
1116 3573 1392 3628 διδάσκει’
1429 3575 1524 3628 καὶ
1554 3576 1619 3629 τά
1649 3577 1780 3648 κλή-

190 3677 338 3730 ματα
368 3661 426 3714 δὲ
456 3661 737 3725 ὡσαύτως,
769 3663 836 3716 τά
878 3663 1079 3733 μηδένα
1128 3665 1322 3736 βότρυν
1368 3665 1624 3737 φέροντα,
1668 3662 1779 3732 οἷος

187 3749 251 3821 ἦν
275 3753 302 3804 ὁ
331 3752 603 3823 προδότης
640 3753 860 3817 Ἰούδας,
887 3753 1087 3824 ὁμοίως
1117 3758 1229 3824 τοῖς
1261 3758 1558 3828 ἀχρήστοις
1588 3758 1780 3834 βότρυ-

1889 3301 2189 3357 racémulos
2215 3302 2429 3357 inutiles
2460 3318 2524 3357 ac
2568 3304 2718 3355 vitali
2737 3302 2935 3355 virtute
2955 3302 3212 3369 privatos,
3243 3299 3296 3352 in
3329 3307 3467 3352 teni-

1887 3408 2018 3462 pore
2061 3393 2251 3461 judicii
2301 3393 2636 3461 abjiciendos
2693 3408 2813 3446 esse
2864 3395 3053 3455 docet;
3106 3390 3467 3458 similiterque

1885 3487 2135 3554 palmites
2157 3485 2359 3540 nullam
2389 3501 2545 3540 uvam
2581 3485 2837 3548 ferentes,
2866 3483 3042 3553 qualis
3074 3491 3192 3534 erat
3220 3482 3466 3548 proditor

1883 3576 2069 3644 Judas,
2098 3579 2319 3645 perinde
2345 3587 2506 3647 atque
2530 3577 2748 3631 inutiles
2769 3591 2922 3637 uvas.
2949 3589 2978 3628 ε
3002 3573 3314 3629 volatilibus
3339 3571 3465 3625 coeli

1882 3679 1936 3724 et
1966 3671 2155 3725 bestiis
2183 3680 2361 3733 terras,
2419 3669 2670 3724 videlicet
2717 3667 3048 3722 adversariis
3087 3675 3141 3720 et
3181 3654 3465 3719 ultricibus

1879 3762 2193 3826 virtutibus,
2226 3765 2467 3816 excisum
2506 3763 2592 3826 iri,

188 3862 296 3908 σιν,
339 3843 791 3914 ἀποκοπήσεσθαι
821 3847 933 3909 τοῖς
974 3851 1240 3910 πετεινοῖς
1288 3847 1383 3901 τοῦ
1407 3851 1636 3922 οὐρανοῦ
1685 3852 1781 3906 καὶ
1814 3854 1929 3916 τοῖς
1961 3852 2170 3926 θηρίοις
2231 3856 2328 3927 τῆς
2371 3855 2494 3925 γῆς,
2530 3855 2900 3924 ἁντικείμεναι
2933 3853 3249 3907 κολαστικαὶ
3305 3851 3461 3922 δηλο-

185 3938 300 3990 νότι
334 3937 619 4012 δυνάμεις.

260 4051 280 4084 ι
325 4032 417 4084 Ἐν
441 4031 519 4101 τῷ
553 4031 726 4103 καιρῷ
751 4032 942 4103 ἐκείνῳ
966 4034 1384 4106 ἀνενεχθήσεται
1408 4037 1557 4110 δῶρα
1585 4040 1776 4113 Κυρίῳ

183 4122 420 4178 Σαϐαὼθ
470 4125 535 4176 ἐκ
576 4123 704 4175 λαοῦ
758 4124 1114 4195 τεθλιμμένου
1159 4127 1255 4179 καὶ
1297 4128 1633 4199 τετιλμένου,
1681 4132 1777 4184 καὶ

183 4216 294 4268 ἀπὸ
326 4213 460 4268 λαοῦ
496 4214 756 4284 μεγάλου,
808 4216 917 4269 ἀπὸ
961 4216 1055 4269 τοῦ
1099 4217 1194 4272 νῦν
1220 4219 1316 4273 καὶ
1345 4223 1425 4284 εἰς
1471 4222 1560 4273 τὸν
1605 4223 1777 4277 αἰῶνα

185 4305 400 4376 χρόνον.
419 4324 437 4356 ι
463 4306 565 4374 Είη
590 4305 635 4357 δ’
669 4304 734 4359 ἂν
758 4301 914 4370 οὗτος
941 4309 970 4361 ὁ
1001 4307 1100 4376 τὴν
1137 4311 1327 4380 στενὴν
1362 4312 1454 4363 καὶ
1481 4312 1776 4384 τεθλιμμέ-

183 4412 285 4466 την
313 4397 518 4450 ὁδεύων
552 4398 650 4467 τὴν
691 4399 1011 4467 ἀπάγουσαν
1047 4402 1127 4462 είς
1176 4401 1275 4472 τὴν
1316 4402 1460 4473 ζωήν
1485 4421 1496 4432 ·
1549 4406 1577 4456 ὀ
1613 4404 1774 4468 αὐτὸς
1823 4434 1846 4456 ο

1956 4039 2119 4095 Vsus.
2140 4038 2192 4091 7.
2222 4056 2240 4090 ι
2287 4037 2340 4090 In
2365 4046 2607 4105 tempore
2635 4035 2726 4089 illo
2743 4033 3044 4089 afferentur
3068 4036 3205 4088 dona
3233 4034 3462 4091 Domino

1882 4130 2145 4195 Sabaoth,
2183 4143 2212 4183 a
2240 4126 2436 4198 populo
2467 4127 2709 4180 contrito
2742 4133 2797 4179 et
2831 4124 3058 4189 divulso,
3101 4134 3154 4178 et
3207 4140 3236 4178 a
3265 4140 3463 4194 populo

1881 4236 2101 4292 magno,
2121 4220 2189 4274 ab
2221 4221 2324 4274 hoc
2350 4228 2594 4285 tempore
2620 4232 2790 4285 usque
2821 4217 2872 4270 in
2897 4225 3237 4285 perpetuum.
3271 4234 3290 4266 ι
3322 4215 3461 4270 Fue-
3509 4282 3512 4285 Α

1879 4316 1951 4369 rit
1971 4323 2151 4368 autem
2181 4313 2270 4366 hic
2294 4311 2516 4381 pepulus
2546 4311 2592 4364 is
2619 4311 2712 4378 qui
2736 4311 2786 4362 in
2813 4318 3042 4378 angusta
3075 4317 3130 4362 et
3160 4317 3311 4362 arcta
3347 4309 3456 4369 via,

1879 4419 2000 4472 qua:
2022 4402 2173 4457 ducit
2203 4402 2268 4455 ad
2293 4401 2482 4464 vitam,
2505 4401 2789 4470 graditur:
2821 4399 3043 4467 ipseque
3076 4398 3322 4452 divulsus
3353 4407 3456 4464 est,

187 4490 283 4542 καὶ
335 4487 716 4558 ἐκτετιλμένος
760 4491 1014 4563 ὑπάρχει,
1079 4493 1156 4557 ὡς
1207 4494 1272 4547 ἂν
1322 4495 1422 4561 τῆς
1453 4496 1638 4566 κοινῆς
1669 4497 1776 4550 τῶν

1888 4504 2064 4563 utpote
2092 4494 2238 4562 quia
2275 4491 2554 4547 communi
2593 4491 2873 4544 hominum
2931 4490 3040 4543 vita
3101 4491 3308 4544 alienus
3346 4491 3454 4556 sit,

186 4581 494 4651 ἀνθρώπων
540 4580 689 4650 ζωῆς
717 4582 1170 4655 ήλλοτριωμένος,
1206 4588 1300 4639 καὶ
1338 4587 1511 4658 μέγας
1553 4588 1607 4641 δέ
1657 4590 1770 4642 ἐστι

187 4672 340 4741 παρὰ
378 4671 459 4742 τῷ
500 4672 621 4743 Θεῷ
668 4675 762 4727 καὶ
803 4675 1002 4739 πολύς·
1035 4676 1114 4729 διὸ
1152 4678 1418 4745 λέλεκται,
1459 4699 1476 4730 ι
1504 4681 1611 4733 ἀπὸ
1639 4679 1769 4735 λαοῦ

191 4763 455 4833 μεγάλου.
480 4782 498 4814 ι
537 4765 646 4817 Καὶ
675 4764 783 4835 γάρ
819 4766 876 4819 ἐν
924 4766 1003 4837 τῷ
1038 4769 1264 4840 παρόντι
1300 4770 1419 4842 βίῳ,
1469 4773 1562 4825 καὶ
1597 4774 1654 4824 ἐν
1693 4773 1770 4844 τῷ

189 4854 438 4924 μέλλοντι
463 4854 518 4908 δὲ
546 4856 700 4910 αἰῶνι
731 4857 800 4910 τὰ
826 4858 1018 4928 λογικὰ
1073 4859 1220 4930 δῶρα
1259 4863 1352 4914 καὶ
1392 4861 1492 4926 τὰς
1534 4865 1769 4934 ἀναιμὰ-
1822 4913 1824 4916 .

187 4960 353 5008 κτους
407 4944 487 5015 τῷ
526 4947 646 5018 Θεῷ
684 4949 875 5014 θυσίας
921 4951 1260 5023 ἀναπέμπων
1283 4953 1343 5006 οὑ
1367 4955 1712 5024 διαλιμπάνει
1740 4957 1768 5006 ὁ

184 5037 448 5109 δηλωθεὶς
473 5037 618 5102 λαός.

261 5148 280 5180 ι
317 5129 512 5193 Ἔθνος
558 5130 775 5195 ἐλπίζον
823 5135 918 5188 καὶ
966 5139 1517 5209 καταπεπατημένον,
1563 5141 1591 5194 ὃ
1620 5142 1767 5197 ἐστιν

185 5223 242 5276 ἐν
273 5221 432 5293 μέρει
462 5213 706 5293 ⁴ποταμοῦ
754 5225 857 5296 τῆς
895 5225 1076 5296 χώρας
1115 5229 1282 5283 αὑτοῦ
1332 5232 1411 5294 εἰς
1449 5232 1542 5285 τὸν
1582 5235 1766 5299 τόπον,

182 5305 243 5364 οὗ
272 5312 336 5365 τὸ
377 5314 548 5385 ὄνομα
591 5315 796 5388 Κυρίου
845 5318 1088 5384 Σαϐαὼθ,
1144 5322 1224 5384 εἰς
1267 5321 1392 5392 ὅρος
1431 5322 1604 5391 ἅγιον.
1636 5343 1652 5374 ι
1696 5326 1768 5376 Τὸ

181 5402 291 5474 γὰρ
319 5403 471 5467 ἔθνος
509 5405 671 5459 τοῦτο
709 5406 767 5459 ἐν
816 5408 971 5478 μέρει
1021 5410 1267 5480 ποταμοῦ
1307 5413 1404 5482 τῆς
1447 5413 1628 5484 χώρας
1666 5414 1760 5467 τοῦ

183 5491 316 5545 Θεοῦ
349 5492 665 5564 ἐτύγχανεν,
700 5495 789 5549 ὅτε
835 5496 890 5550 ὲν
925 5501 990 5569 τῇ
1035 5499 1330 5570 Ἐκκληοιία
1359 5502 1450 5555 τοῦ
1479 5503 1613 5555 Θεοῦ
1639 5506 1764 5558 ἐπο-

184 5583 422 5637 λιτεύετο
442 5602 453 5614 ·
483 5585 559 5648 ὡς
590 5586 770 5654 λέγειν
792 5605 806 5619 ·
853 5607 872 5640 ι
907 5589 997 5644 Ἐν
1030 5591 1185 5663 μέρει
1217 5594 1554 5664 ⁸γινώσκομεν
1581 5597 1674 5649 καὶ⁸
1705 5598 1762 5649 ἐν

191 5675 340 5746 μέρει
370 5679 807 5749 προφητεύομεν.
839 5701 854 5734 ι
891 5679 1025 5735 Οὔτε
1054 5682 1162 5752 γιὶο
1191 5684 1279 5737 τὸν
1315 5686 1488 5739 πάντα
1520 5690 1762 5759 ποταμὸν

254 5855 298 5891 "
326 5855 343 5913 ι
371 5856 489 5911 Cor.
527 5873 643 5915 χιιι.
679 5857 731 5912 9.

1879 4601 2109 4655 magnus
2143 4585 2270 4639 item
2321 4593 2376 4638 et
2405 4584 2608 4638 multus
2635 4591 2717 4637 est
2757 4581 2898 4649 apud
2935 4581 3102 4635 Deum
3135 4601 3144 4634 :
3175 4596 3344 4650 quare
3374 4582 3457 4635 di-

1879 4688 2022 4732 ctum
2051 4685 2154 4740 est,
2193 4693 2213 4727 ι
2261 4691 2290 4728 a
2320 4675 2514 4744 pepulo
2550 4687 2766 4744 magno.
2795 4690 2814 4724 ι
2850 4673 2920 4728 At
2949 4673 3090 4728 enim
3122 4674 3173 4726 in
3198 4675 3455 4742 pmsenti

1877 4770 1982 4823 vita
2016 4778 2070 4823 et
2100 4771 2155 4824 in
2208 4768 2389 4823 futuro
2426 4767 2662 4830 saeculo,
2715 4766 3060 4821 rationabilia
3091 4767 3255 4833 dona,
3286 4777 3343 4821 et
3371 4768 3454 4821 in-

1876 4872 2131 4918 cruentas
2155 4862 2360 4916 hostias
2386 4860 2494 4916 Deo
2519 4862 2768 4915 emittere
2797 4874 3069 4930 nunquam
3129 4868 3311 4915 cessat
3335 4875 3452 4915 me.

1879 4962 2119 5008 moratus
2152 4954 2395 5023 populus.

1953 5157 1969 5188 ι
2001 5137 2150 5192 Gens
2179 5150 2404 5206 sperans
2438 5146 2490 5190 et
2525 5135 2868 5202 conculcata,
2910 5149 3031 5205 quae
3061 5143 3145 5191 est
3193 5133 3246 5188 in
3295 5144 3456 5205 parte

1870 5231 2015 5284 fluvii
2058 5232 2294 5300 regionis
2327 5229 2465 5297 ejus,
2500 5229 2552 5281 in
2586 5227 2710 5283 loco
2735 5227 2824 5281 ubi
2859 5242 3052 5282 nomen
3093 5227 3307 5282 Domini
3351 5223 3452 5281 Sa-

1870 5325 2054 5390 baoth,
2093 5324 2145 5376 in
2178 5333 2359 5377 monte
2415 5331 2624 5376 sancto.
2659 5341 2677 5374 ›
2711 5322 2835 5376 Ηωο
2864 5323 3007 5376 enim
3049 5336 3180 5391 gens
3212 5322 3262 5374 in
3295 5330 3454 5390 parte

1851 5414 2017 5469 ﬂuvii
2048 5415 2288 5485 regionis
2319 5415 2409 5469 Dei
2436 5424 2575 5481 erat,
2596 5415 2814 5484 quando
2851 5416 2901 5468 in
2934 5413 3173 5468 Ecclesia
3213 5413 3306 5467 Dei
3335 5427 3450 5466 ver~

1874 5509 2130 5572 sabatur;
2166 5507 2238 5560 ita
2273 5518 2332 5560 ut
2365 5509 2531 5571 dicat,
2576 5526 2595 5559 ‹
2632 5505 2689 5560 1η
2720 5516 2874 5576 parte
2912 5505 3294 5573 cognoscimus
3314 5511 3369 5557 et
3392 5503 3451 5559 in

1871 5609 2022 5666 parte
2048 5599 2431 5668 prophetamus
2468 5599 2536 5652 θ’.
2569 5619 2587 5651 ι
2623 5598 2805 5667 Neque
2826 5598 2968 5652 enim
3002 5607 3172 5650 tOtum
3198 5595 3441 5659 fluvium,

1871 5691 2083 5747 scilicet
2106 5689 2338 5747 Verbum
2369 5691 2487 5758 Dei,
2533 5691 2782 5760 capiebat
2839 5689 2927 5745 illa
2957 5688 3144 5759 regio:
3181 5701 3351 5758 quare
3386 5685 3448 5742 in
