4042 6392
627 460 733 515 219

1296 451 1559 508 EUSEBII
1597 446 2062 505 CAESARIENSIS
2098 442 2249 499 OPP.
2290 439 2464 495 PARS
2503 439 2593 494 III.
2631 469 2700 480 —-
2736 435 3147 500 EXEGETICA.

3742 434 3849 485 ἳΞο

627 584 780 647 parte
807 571 950 627 ﬂuvii
997 570 1233 642 regionis
1269 568 1362 624 Dei
1412 567 1575 622 fuisse
1612 566 1810 620 dicitur
1855 571 2182 619 memeratus

2284 557 2498 625 ἐχώρει,
2535 556 2675 623 λέγω
2722 554 2777 607 δὲ
2812 554 2901 605 τὸν
2946 553 3037 604 τοῦ
3067 550 3201 603 Θεοῦ
3243 550 3431 617 Λόγον,
3475 550 3507 618 ἡ
3552 548 3850 618 δηλωθεῖσα

627 666 875 738 populus.

1203 837 1430 893 CAPUT
1465 837 1603 891 XIX.

698 934 862 989 Vsus.
890 932 943 985 l.
973 948 991 981 ι
1015 929 1161 983 Visio
1193 926 1433 997 Egypti.
1468 926 1607 980 Ecce
1631 926 1885 981 Dominus
1922 925 2071 979 sedet
2097 940 2183 976 su-

625 1039 725 1094 per
751 1023 940 1077 nnbem
979 1020 1171 1081 levem,
1192 1028 1247 1072 et
1270 1018 1446 1071 veniet
1477 1019 1527 1069 in
1560 1014 1869 1084 Egyptum.
1904 1034 1923 1067 ι
1962 1017 2181 1067 Auente

629 1112 1081 1170 considerandum
1118 1120 1220 1173 est,
1257 1126 1365 1179 quo
1393 1120 1549 1175 pacto
1572 1110 1817 1171 dicatur,
1851 1128 1869 1159 ι
1901 1106 2053 1161 Visio
2086 1106 2182 1161 ᾸΞ-

628 1202 795 1273 gypti.
828 1219 848 1253 ι
894 1199 1007 1254 Νοη
1038 1199 1183 1252 enim
1213 1198 1655 1267 quemadmodum
1693 1198 1757 1251 de
1786 1197 2056 1268 Babylone
2098 1199 2179 1251 di-

628 1295 870 1356 cebatur,
908 1310 926 1342 ι
967 1288 1117 1345 Visio
1156 1300 1342 1344 contra
1379 1288 1743 1356 Babylonem;
1783 1308 1802 1342 ι
1840 1305 2011 1357 neque
2042 1291 2179 1343 sicut

627 1384 693 1439 de
727 1382 907 1437 Iudaea
954 1392 1005 1435 et
1049 1380 1363 1447 Jerusalem,
1416 1398 1432 1431 ι
1477 1382 1623 1435 Visio
1655 1396 1812 1449 quam
1859 1381 1988 1435 vidit
2016 1381 2177 1435 Isaias

626 1474 769 1529 ﬁlius
789 1475 983 1537 Amos;
1037 1488 1195 1542 quam
1228 1472 1360 1524 vidit
1389 1482 1577 1530 contra
1612 1471 1849 1527 Iudaeam
1882 1481 1936 1527 et
1958 1471 2176 1527 Jerusa-

626 1565 765 1627 lem;
793 1584 811 1616 ο
851 1580 1023 1633 neque
1073 1573 1129 1617 ut
1179 1565 1244 1619 de
1270 1564 1529 1619 Damasco
1561 1572 1615 1619 et
1642 1564 1708 1618 de
1743 1564 2059 1631 Moabitide;
2084 1579 2177 1618 eo-

628 1654 750 1708 dem
777 1655 932 1709 modo
976 1657 1040 1708 de
1073 1652 1341 1724 Egypto:
1378 1671 1486 1709 non
1536 1655 1681 1709 enim
1714 1654 1929 1716 dicitur,
1968 1674 1987 1705 ι
2030 1656 2179 1709 Visio

630 1757 822 1802 contra
853 1744 1180 1815 Egyptum;
1224 1763 1244 1798 ι
1274 1748 1366 1800 sed
1399 1747 1551 1815 quasi
1586 1746 1850 1816 Egyptus
1882 1748 2095 1812 visura,
2124 1758 2179 1803 et

628 1837 800 1891 oculis
831 1837 1169 1891 discernendi
1205 1838 1254 1890 vi
1308 1839 1549 1906 praeditis
1596 1839 2019 1906 contemplatura
2062 1848 2177 1893 erat

2286 648 2435 717 χώρα
2456 666 2467 675 ε
2499 645 2580 698 διὸ
2604 648 2659 697 ὲν
2684 646 2836 715 μέρει
2862 644 2953 696 τοῦ
2980 643 3224 711 ποταμοῦ
3252 644 3347 712 τῆς
3378 640 3560 713 χώρας
3591 640 3687 693 τοῦ
3711 641 3846 694 Θεοῦ

2287 738 2503 805 λέγεται
2530 736 2804 803 γεγονέναι
2832 736 2890 786 τὸ
2912 734 3146 803 δηλωθὲν
3174 732 3339 795 ἒθνοςι

2794 824 3184 878 ΚΕΦΑΛΑΙΟΝ
3223 824 3321 875 ΙΘ¹.

2357 939 2374 970 ι
2403 920 2631 988 Ὄρασις
2683 917 2976 984 Αἰγύπτου.
3038 915 3167 967 Ἰδοὺ
3226 914 3426 982 Κύριος
3474 913 3708 983 κάθηται
3752 914 3845 966 ἐπὶ

2279 1010 2505 1079 νεφέλης
2543 1008 2767 1077 κούφης,
2810 1009 2903 1060 καί
2931 1006 3047 1076 ἣξει
3081 1008 3159 1067 εἰς
3200 1005 3487 1073 Αἴγυπτον.
3517 1025 3535 1056 ι
3570 1006 3846 1075 Προσήκει

2278 1102 2333 1154 δὲ
2362 1102 2451 1154 τὸν
2483 1100 2605 1153 νοῦν
2643 1100 2931 1167 ἐπιστῆσαι
2976 1099 3123 1160 ὅπως
3158 1098 3369 1165 εἴρηται
3394 1115 3408 1127 ·
3456 1116 3473 1146 ι
3501 1098 3723 1165 ὐρασις
3749 1096 3847 1147 Αἰ-

2280 1192 2504 1259 γύπτου.
2532 1212 2548 1242 ι
2585 1192 2658 1267 Οὐ
2704 1190 2813 1259 γὰρ
2854 1190 2928 1251 ώς
2974 1189 3065 1240 ἐπὶ
3104 1186 3202 1257 τῆς
3242 1183 3555 1247 Βαὸυλῶνος
3582 1184 3800 1251 ἐλέγετο
3824 1199 3841 1213 ο

2286 1304 2304 1335 ι
2337 1286 2562 1354 Ὅρασις
2596 1281 2735 1334 κατά
2781 1278 3124 1341 Βαϐυλῶνος·
3160 1276 3263 1329 οὐδ’
3306 1275 3380 1337 ὼς
3428 1276 3519 1326 ἐπὶ
3566 1275 3660 1343 τῆς
3719 1274 3846 1326 Ἰου-

2278 1375 2431 1438 δαίας
2453 1374 2662 1442 καὶτῆς
2686 1370 3053 1442 Ἰερουσαλὴμ,
3076 1388 3093 1419 ι
3122 1370 3350 1439 Ὄρασις
3371 1369 3436 1438 ἢν
3456 1364 3589 1421 εἶδεν
3616 1364 3845 1427 Ἡσαΐας

2280 1464 2395 1525 υίὸς
2436 1462 2632 1532 Ἀμὼς,
2658 1464 2724 1531 ἣν
2755 1456 2861 1512 εἶδε
2892 1458 3031 1511 κατά
3072 1458 3169 1527 τῆς
3210 1457 3465 1519 Ἰουδαίας
3503 1456 3595 1507 καί⁵
3642 1454 3841 1524 Ἰερουο

2280 1554 2490 1625 σαλήμ’
2515 1572 2533 1604 ι
2570 1552 2676 1604 οὐδ’
2707 1551 2781 1613 ὡς
2807 1549 2897 1602 ἐπὶ
2921 1549 3019 1617 τῆς
3056 1546 3343 1616 Δαμασκοῦ
3378 1546 3470 1598 καὶ
3495 1546 3592 1615 τῆς
3621 1541 3845 1597 Μωαϐί-

2276 1646 2439 1708 τιδος,
2485 1644 2656 1706 οὕτως
2701 1644 2791 1695 ἐπὶ
2844 1640 2942 1709 τῆς
2981 1640 3285 1707 Αἰγύπτου·
3333 1638 3395 1690 οὐ
3441 1637 3547 1707 γὰρ
3598 1637 3843 1707 εἴρηται,

2284 1755 2301 1786 ι
2330 1737 2557 1805 Ὅρασις
2600 1731 2739 1785 κατὰ
2757 1730 2853 1800 τῆς
2873 1728 3173 1797 Αἰγύπτουο
3202 1746 3218 1778 ι
3245 1728 3361 1797 ἦτοι
3382 1726 3457 1789 ὡς
3481 1726 3645 1794 αὐτῆς
3686 1722 3849 1792 Αἰγύ-

2282 1844 2412 1880 πτου
2433 1824 2727 1895 μελλούσης
2753 1824 2904 1893 όρᾷν,
2933 1822 3024 1874 καί
3047 1820 3265 1889 θεωρεῖν
3299 1817 3593 1888 ὀφθαλμοῖς
3614 1817 3850 1886 διορατι-

626 1942 692 1983 ea
714 1942 829 1995 quae
857 1929 909 1981 in
940 1928 1188 1982 vaticinio
1219 1928 1461 1981 feruntur
1486 1947 1498 1982 :
1528 1928 1610 1983 vel
1639 1930 1761 1999 quia
1806 1932 2066 1999 propheta
2097 1931 2181 1982 vi-

2284 1919 2398 1979 κοτς
2424 1916 2491 1968 τά
2517 1912 2905 1983 θεσπιζόμενω
2941 1911 2974 1981 ἢ
3002 1910 3077 1973 ώς
3103 1908 3195 1962 τοῦ
3225 1909 3506 1979 προφήτου
3532 1910 3630 1978 τὴν
3655 1909 3849 1977 ὅρασιν

631 2022 839 2074 sionem
894 2020 1158 2074 habuerat
1186 2020 1454 2091 Egyptiis
1503 2023 1874 2091 pulcherrima
1928 2038 2182 2091 praznun-

628 2111 847 2165 tiantes.
878 2111 1013 2177 Quid
1041 2112 1181 2165 enim
1212 2111 1504 2180 pulchrius,
1533 2113 1659 2180 quid
1688 2112 1895 2168 beatius
1916 2113 2183 2185 Egyptiis

630 2209 948 2255 eventurum
976 2208 1113 2262 erat,
1138 2215 1298 2269 quam
1318 2202 1457 2268 quod
1491 2202 1743 2255 Dominus
1771 2205 2054 2270 praesentia
2086 2219 2181 2258 sua

630 2290 781 2359 ipsos
834 2289 1167 2359 dignaturus,
1205 2298 1258 2342 et
1310 2290 1550 2343 notitiam
1587 2290 1670 2345 sui
1727 2292 1857 2361 ipsis
1890 2292 2184 2348 collaturus

626 2389 795 2446 esset,
820 2378 1165 2449 {acturusque
1206 2381 1310 2435 alia
1339 2383 1519 2437 omnia
1541 2396 1661 2452 qua:
1696 2382 1748 2435 iu
1800 2381 2181 2455 Egyptiorum

625 2468 825 2524 bonum
859 2479 1135 2524 verterent
1155 2472 1179 2523 ἲ

704 2579 725 2613 ι
758 2561 824 2616 Et
858 2562 1209 2617 movebuntur
1248 2562 1551 2618 manufacta
1590 2562 1804 2633 Βαγριί
1831 2578 1858 2616 a
1889 2563 2022 2619 l'acie
2045 2565 2179 2632 ejus,
2247 2604 2251 2608 -

625 2658 685 2705 οι
709 2664 802 2704 cor
834 2665 1018 2705 eorum
1050 2652 1390 2721 superabitur
1424 2654 1474 2706 in
1502 2652 1650 2723 ipsis.
1676 2671 1697 2705 ι
1732 2652 1882 2719 Quod
1907 2668 2038 2709 sane
2061 2657 2183 2724 quis

626 2742 921 2799 locandum
954 2742 1193 2797 historia
1223 2744 1505 2797 veritatem
1541 2753 1668 2797 tunc
1688 2745 2008 2815 completum
2035 2748 2185 2802 dixe-

629 2833 723 2897 rit,
753 2823 874 2886 cum
906 2831 1022 2900 ipse
1052 2833 1328 2898 Dominus,
1350 2833 1440 2903 qui
1470 2834 1521 2887 in
1558 2834 1822 2903 principio
1846 2836 1985 2904 apud
2016 2837 2181 2890 Deum

629 2928 772 2985 erat,
808 2922 951 2975 Deus
982 2919 1241 2984 Verbum,
1279 2938 1385 2977 non
1421 2922 1743 2991 incorporeo
1780 2936 1955 2992 neque
1994 2923 2187 2979 invisi-

625 3010 721 3067 bili
754 3014 911 3068 modo
945 3012 996 3066 in
1034 3012 1408 3082 Egyptiorum
1454 3014 1675 3083 regione
1717 3014 2181 3084 peregrinabatur,

628 3100 724 3153 sed
754 3100 808 3154 in
832 3102 972 3156 nube
997 3102 1081 3155 illa
1103 3102 1228 3165 levi,
1259 3110 1317 3155 ut
1339 3102 1700 3165 existimatur,
1730 3103 1923 3157 sedens
1942 3104 2182 3167 advenit,

627 3189 836 3243 scilicet
859 3189 910 3243 in
936 3204 1183 3259 corpore,
1228 3189 1367 3257 quod
1396 3187 1646 3243 Christus
1699 3201 2083 3260 assumpserat,
2117 3206 2182 3245 ex

630 3280 837 3349 Spiritu
879 3290 1064 3334 sancto
1115 3288 1169 3333 et
1222 3295 1289 3334 ex
1322 3290 1506 3333 sancta
1564 3280 1780 3349 Virgine
1808 3272 2178 3335 constitutum.

629 3367 765 3422 Nam
799 3369 845 3423 si
881 3383 987 3422 non
1015 3370 1273 3437 scriptum
1300 3377 1446 3422 esset
1479 3368 1649 3435 ipsum
1690 3368 1815 3421 nubi
1861 3369 2180 3423 insidentem

625 3466 915 3511 venturum
936 3472 1073 3520 esse,
1109 3467 1287 3527 posset
1306 3456 1574 3525 quispiam
1624 3454 1826 3521 dicere,
1860 3455 2023 3511 Deum
2053 3455 2183 3511 Ver-

626 3548 753 3603 bum
783 3549 1189 3617 incorporaliter
1218 3560 1271 3603 et
1299 3547 1475 3602 divina
1503 3548 1702 3602 virtute
1723 3549 1921 3617 ubique
1950 3562 2180 3617 praesen-

626 3646 760 3704 tem,
808 3649 991 3709 utpote
1024 3641 1111 3708 qui
1140 3640 1315 3692 omnia
1359 3636 1593 3705 impleat,
1637 3651 1759 3689 nam
1807 3655 1825 3686 ι
1872 3637 1929 3690 In
1987 3634 2183 3689 mundo

628 3740 767 3797 erat,
798 3739 853 3785 et
891 3732 1116 3784 mundus
1150 3744 1244 3798 per
1275 3730 1444 3799 ipsum
1481 3728 1652 3782 factus
1677 3738 1755 3783 est
1787 3728 1854 3791 ’°,
1887 3746 1905 3779 ι
1941 3727 2182 3781 eamdem

629 3823 685 3876 in
740 3821 966 3891 Egypto
1019 3821 1357 3889 prmsentiam
1419 3820 1707 3885 exhibere,
1753 3817 2181 3887 quandoquidem

630 3911 1011 3980 inspectiouem
1052 3920 1105 3964 et
1151 3910 1536 3980 providentiam
1594 3910 1659 3962 ad
1710 3910 1829 3963 illos
1880 3922 2046 3977 usque
2090 3922 2185 3963 ex-

630 4002 820 4055 tendit.
840 3999 1035 4055 Verum
1059 4000 1147 4055 illo
1171 4002 1325 4056 modo
1351 4015 1455 4054 non
1480 3988 1646 4071 magis
1668 4001 1718 4055 in
1742 3998 1994 4070 Egypto,
2022 4013 2182 4068 quam

631 4091 688 4145 in
727 4091 833 4145 alia
867 4092 1100 4160 qualibet
1132 4092 1312 4145 mundi
1354 4102 1505 4160 parte
1527 4106 1647 4147 esse
1677 4093 1909 4147 dicatur.
1945 4089 2015 4143 At
2044 4103 2186 4144 nunc

632 4182 946 4249 specialiter
970 4193 1024 4237 et
1052 4183 1303 4237 distincte
1337 4183 1555 4248 dicitur,
1593 4185 1765 4255 ipsum
1796 4184 1921 4239 nubi
1959 4183 2061 4238 levi
2095 4182 2182 4236 in-

632 4273 899 4329 sidentem
935 4283 1221 4329 venturum
1250 4276 1302 4330 in
1324 4275 1612 4347 Egyptum
1634 4290 1774 4341 esse,
1806 4290 1911 4344 quo
1932 4275 2185 4345 proprius

631 4365 850 4434 quidam
872 4376 925 4421 et
948 4381 1240 4437 corporeus
1268 4368 1383 4437 ejus
1402 4368 1663 4421 adventus
1703 4366 2058 4435 signiﬁcatur.
2087 4363 2185 4420 Cui

631 4453 829 4510 dixerit
854 4456 1123 4525 quispiam
1156 4457 1211 4511 in
1242 4457 1429 4512 eadem
1467 4456 1848 4525 explanatione
1905 4454 2182 4519 insistens,

2282 2007 2605 2076 τεθεαμένου
2629 2005 2727 2074 τὴν
2748 2002 2817 2055 τὰ
2848 2000 3108 2054 κάλλιστα
3134 2004 3244 2063 τοῖς
3271 1999 3583 2067 Αἰγυπτίοις
3605 2015 3850 2067 προανα-

2283 2100 2625 2169 φωνήσασαν.
2644 2095 2707 2149 Τί
2728 2094 2833 2164 γὰρ
2854 2092 3089 2154 κάλλιον,
3102 2092 3152 2143 τί
3168 2092 3223 2143 δὲ
3247 2090 3655 2161 μακαριώτερον
3674 2089 3851 2159 ὑπάρ-

2283 2208 2393 2261 χειν
2421 2189 2648 2259 ἦμελλεν
2698 2188 3011 2255 Αἰγυπτίοις
3051 2182 3145 2235 τοῦ
3186 2182 3276 2233 τὸν
3316 2180 3519 2250 Κύριον
3548 2180 3647 2249 τῆς
3683 2178 3850 2232 αὐτοῦ

2284 2279 2583 2351 παρουσίας
2626 2275 2909 2340 καταξιοῦν
2943 2276 3156 2336 αὐτοὺς,
3202 2273 3295 2325 καὶ
3327 2268 3423 2340 τὴν
3455 2268 3618 2322 αὑτοῦ
3647 2268 3853 2337 γνῶσιν

2283 2374 2463 2434 αὐτοῖς
2497 2370 2774 2441 παρέξειν,
2816 2369 2908 2422 καὶ
2957 2368 3200 2436 ποιήσειν
3229 2365 3329 2417 ὅσα
3376 2362 3511 2416 ἄλλα
3553 2361 3850 2433 ἐμφέρεται

2280 2466 2391 2525 τοῖς
2416 2461 2730 2529 Αἰγυπτίοις
2751 2477 2763 2524 ;

2358 2572 2375 2605 ι
2404 2553 2513 2605 Καὶ
2564 2550 2902 2620 σεισθήσεται
2933 2547 3001 2601 τὰ
3052 2545 3399 2617 χειροποίητα
3432 2540 3705 2610 Αἰγύπτου
3739 2539 3851 2600 ἀπὸ

2282 2644 2571 2716 προσώπου
2602 2640 2789 2701 αὑτοῦ,
2831 2640 2925 2692 καὶ
2958 2639 2991 2708 ἠ
3037 2636 3230 2709 καρδία
3270 2634 3448 2689 αὐτῶν
3486 2632 3850 2704 ήττηθήσεται

2283 2740 2340 2790 ὲν
2372 2736 2573 2797 αὐτοῖς.
2601 2753 2620 2783 ι
2659 2734 2723 2784 '0
2750 2730 2814 2801 δὴ
2859 2727 3246 2799 πεπληρῶσθαι
3280 2727 3483 2779 εῐποιεν
3513 2725 3578 2779 ἄν
3601 2739 3684 2787 τις
3712 2722 3851 2792 πρὸς

2286 2824 2540 2898 ἰστορίαν,
2583 2823 2671 2874 ὅτε
2710 2818 2870 2882 αὐτὸς
2907 2820 2935 2872 6
2974 2818 3196 2889 Κύριος,
3229 2817 3258 2869 6
3289 2818 3346 2869 έν
3397 2815 3538 2885 ἀρχῇ
3592 2813 3727 2881 πρὸς
3756 2811 3855 2865 τὸν

2282 2918 2433 2982 Θεὸν,
2463 2916 2594 2978 Θεὸς
2620 2914 2788 2981 Λόγος
2812 2912 2912 2964 οὐκ
2936 2910 3239 2981 ἀσωμάτως
3266 2908 3386 2961 οὐδὲ
3404 2905 3622 2976 ἀφανῶς
3654 2904 3851 2975 ἐπεδή-

2287 3027 2373 3079 μει
2400 3011 2465 3078 τῇ
2493 3007 2602 3059 τῶν
2630 3002 2937 3072 Αἰγυπτίων
2965 3000 3137 3073 χώρᾳ,
3174 2998 3311 3052 ἀλλά
3340 2997 3478 3068 μετά
3504 2996 3600 3067 τῆς
3631 2993 3851 3063 νομιζο-

2288 3099 2453 3170 μένης
2486 3097 2691 3167 κούφης
2724 3094 2950 3165 νεφέλης
2998 3092 3303 3163 καθήμενον
3341 3088 3500 3142 αὑτὸν
3534 3085 3850 3157 ἀφικέσθαι,

2284 3187 2376 3240 τοῦ
2433 3186 2681 3256 σώματος
2728 3183 2947 3255 δηλαδὴ,
2981 3174 3040 3235 οῦ
3087 3180 3362 3251 ἀνειλήφει
3404 3180 3432 3233 6
3487 3176 3741 3249 Χριστὸς,
3790 3177 3855 3243 ἐξ

2287 3278 2438 3346 ἁγίου
2492 3277 2807 3343 Πνεύματος
2871 3272 2961 3324 καὶ
3023 3271 3120 3341 τῆς
3204 3269 3367 3338 ἁγίας
3421 3267 3694 3339 Παρθένου
3756 3266 3854 3319 ἑπ-

2284 3368 2699 3437 εσκευασμένου.
2733 3366 2794 3418 Εἰ
2825 3365 2921 3433 μὲν
2942 3364 3048 3433 γὰρ
3080 3362 3155 3434 μὴ
3194 3360 3511 3431 προσέκειτο
3540 3360 3601 3412 τὸ
3645 3358 3737 3412 ἐπὶ
3760 3376 3853 3413 νε·-

2284 3462 2449 3531 φέλην
2493 3458 2791 3528 καθήμενον
2820 3455 2979 3508 αὑτὸν
3008 3452 3320 3523 ἀφικέσθαι,
3349 3451 3468 3523 ἦτοι
3512 3450 3743 3519 ὴδύνατό
3766 3466 3861 3514 τις

2283 3549 2481 3615 λέγειν,
2529 3548 2609 3599 ὅτι
2656 3545 2959 3615 άσωμάτως
3004 3544 3096 3595 καὶ
3128 3542 3281 3611 θεῖκῇ
3312 3540 3538 3611 δυνάμει
3574 3536 3852 3611 πανταχοῦ

2283 3640 2472 3711 παρὼν
2523 3642 2551 3692 6
2592 3639 2722 3701 Θεὸς
2750 3636 2940 3705 Λόγος,
2976 3636 3071 3689 άτε
3103 3635 3167 3706 δὴ
3200 3635 3378 3688 πάντα
3422 3633 3671 3704 πληρῶν
3707 3652 3725 3684 ι
3763 3632 3851 3686 Ἐν

2282 3731 2358 3801 τῷ
2389 3731 2576 3799 κόσμῳ
2599 3748 2617 3779 ο
2651 3728 2758 3798 γὰρ
2800 3747 2817 3778 ι
2841 3723 2928 3797 ἦν,
2963 3728 3055 3779 καὶ
3079 3728 3107 3778 6
3137 3726 3336 3795 κόσμος
3370 3725 3435 3778 δι’
3476 3723 3639 3777 αὑτοῦ
3666 3723 3853 3791 ἐγένε-

2281 3840 2362 3887 το,
2392 3842 2408 3874 ι
2442 3824 2536 3875 καὶ
2571 3825 2637 3893 τῇ
2670 3820 2926 3889 Αἰγύπτῳ
2951 3820 3049 3890 τὴν
3081 3819 3248 3890 αὐτὴν
3276 3819 3576 3891 παρουσίαν
3599 3817 3852 3887 παρέχει,

2283 3915 2370 3967 διὰ
2402 3913 2493 3966 τοῦ
2536 3914 2633 3984 τὴν
2674 3911 2976 3982 ἐπισκοπὴν
3011 3910 3174 3964 αὑτοῦ
3213 3912 3307 3964 καὶ
3336 3909 3433 3980 τὴν
3470 3910 3723 3981 πρόνοιαν
3756 3908 3859 3979 μέ-

2285 4022 2405 4076 χρις
2454 4003 2631 4056 αὐτῶν
2700 4002 2978 4055 ἐκτείνειν.
3052 4001 3189 4054 Ἀλλ’
3234 4001 3294 4053 οὐ
3341 3998 3540 4069 μᾶλλον
3588 4000 3730 4051 εἴποι
3768 4015 3856 4061 τις

2285 4093 2445 4146 αὑτὸν
2492 4094 2549 4145 έν
2592 4091 2869 4161 Αἰγύπτῳ,
2899 4091 2931 4161 ἢ
2972 4095 3028 4147 ὲν
3060 4092 3230 4162 ἑτέρῳ
3264 4091 3418 4161 μέρει
3454 4090 3672 4153 πάντως
3710 4090 3865 4145 κατὰ.

2284 4182 2469 4236 τοῦτον
2509 4184 2771 4253 ὑπάρχειν
2808 4184 2898 4236 τὸν
2934 4184 3156 4257 τρόπον.
3200 4183 3315 4236 Νῦν
3359 4183 3415 4236 δὲ
3456 4182 3859 4253 ἀφωρισμένως

2286 4274 2364 4335 εἰς
2399 4272 2671 4340 Αἴγυπτον
2696 4272 2857 4325 αὑτὸν
2886 4272 3034 4341 ἥξειν
3061 4274 3089 4326 6
3114 4272 3271 4340 λόγος
3306 4272 3399 4324 ἐπὶ
3437 4271 3663 4341 νεφέλης
3691 4272 3857 4325 αὐτὸν

2284 4365 2571 4436 ὀχούμενον
2604 4364 2809 4436 κούφης
2838 4360 3013 4431 εἶπεν,
3044 4364 3348 4429 ἰδιάζουσάν
3389 4382 3509 4418 τινα
3540 4366 3628 4418 καὶ
3664 4377 3855 4435 σωμα-

2284 4456 2441 4527 τικὴν
2464 4455 2561 4526 τὴν
2586 4456 2882 4526 παρουσίαν
2911 4455 3073 4518 αὑτοῦ
3100 4448 3378 4527 δηλῶνέᾨ
3402 4455 3466 4525 δὴ
3506 4454 3649 4508 εῐποι
3676 4454 3742 4508 ἀν
3773 4472 3864 4519 τις

630 4550 763 4598 tunc
778 4545 1145 4613 propheticum
1175 4546 1375 4600 dictum
1405 4546 1561 4600 ﬁnem
1588 4544 1863 4609 habuisse,
1884 4558 2005 4598 cum
2032 4542 2077 4597 is
2094 4544 2183 4613 qui

2287 4550 2315 4602 6
2340 4548 2510 4618 ταύτῃ
2536 4548 2921 4619 συνιστάμενος
2956 4551 3020 4619 τῇ
3048 4548 3240 4619 ὲκδοχῇ
3272 4548 3457 4611 τέλους
3503 4546 3765 4617 ἠξιῶσθαι
3794 4549 3865 4602 τὸ.

630 4633 933 4704 exVirgine
958 4644 1115 4691 natus
1142 4646 1227 4691 est
1248 4636 1411 4701 Deus,
1432 4651 1591 4705 quem
1620 4633 2024 4688 Emmanuelem
2054 4648 2180 4701 pro-

668 4726 814 4781 hetia
847 4736 1023 4790 vocat,
1052 4728 1119 4781 ad
1144 4727 1388 4783 homines
1435 4727 1671 4783 advenlt.
1720 4722 2181 4792 Quemadmodum

670 4742 814 4781 neua
847 4742 1023 4790 vocat,
1052 4742 1119 4781 au
1144 4742 1388 4783 nomines
1435 4742 1671 4783 advenit.
1720 4742 2181 4792 quemadmouum

630 4742 779 4871 {nim
804 4818 973 4871 nubes
990 4832 1093 4870 non
1118 4816 1334 4871 aliunde
1354 4818 1789 4871 constitutionem
1817 4814 1999 4879 habet,
2024 4828 2184 4883 quam

631 4921 696 4962 ex
734 4920 861 4961 aere
888 4914 943 4959 et
973 4920 1039 4960 ex
1080 4920 1281 4975 vapore
1332 4918 1523 4971 terra,
1562 4907 1640 4961 sic
1694 4915 1748 4959 et
1807 4919 2002 4974 corpus
2044 4905 2188 4972 quod

631 4998 944 5066 assumpsit,
976 5014 1041 5053 ex
1075 4997 1281 5067 Spiritu
1310 5006 1496 5052 sancto
1521 5006 1575 5052 et
1601 5012 1666 5052 ex
1696 5008 1912 5053 terrena
1936 4998 2188 5051 substan-

632 5091 705 5143 tia
737 5090 1113 5157 constitutum,
1147 5091 1269 5159 jure
1300 5090 1425 5144 nubi
1457 5090 1558 5143 levi
1601 5098 1963 5159 comparatur,
1998 5090 2080 5141 cui
2104 5088 2186 5140 in-

630 5179 813 5235 sidens
842 5180 1107 5245 Christus,
1152 5182 1205 5234 in
1258 5180 1512 5250 Egypto,
1546 5183 1673 5235 dum
1713 5181 1887 5233 adhuc
1934 5188 2078 5233 esset
2108 5179 2187 5231 iu-

633 5274 774 5337 fans,
807 5273 1265 5341 peregrinabatur.
1298 5272 1352 5325 ld
1384 5273 1575 5340 quippe
1599 5283 1713 5326 erat
1736 5270 1999 5341 Egyptiis
2031 5272 2183 5335 satis,

634 5363 723 5430 qui
745 5362 940 5415 virtute
972 5362 1225 5417 ineffabili
1246 5378 1311 5415 ex
1336 5364 1563 5417 adventu
1586 5360 1883 5427 salvatoris
1935 5374 2185 5430 magnam

636 5461 761 5505 sunt
796 5453 1076 5507 utilitatem
1110 5454 1272 5507 nacti.
1332 5453 1400 5506 At
1452 5456 1737 5507 secundum
1791 5451 2184 5519 profundiorem

639 5548 897 5604 mentem,
923 5539 1132 5595 Domini
1166 5542 1446 5611 praesentia
1490 5540 1720 5611 Agyptii
1756 5540 2019 5609 praecipue
2060 5554 2187 5609 ege-

642 5630 794 5694 bant,
826 5640 1004 5699 utpote
1024 5634 1261 5687 omnium
1314 5633 1590 5688 hominum
1626 5632 2138 5701 superstitiosissimi
2168 5648 2180 5698 ;

715 5810 757 5843 ⁹⁶
810 5810 962 5865 Joau.
1006 5813 1153 5877 1,10.

2282 4640 2437 4709 ῥητὸν
2464 4640 2553 4700 ἐπὶ
2579 4641 2644 4708 τῇ
2671 4640 2749 4701 εἰς
2775 4638 3095 4708 ἀνθρώπους
3119 4637 3331 4707 προόδῳ
3355 4637 3452 4690 τοῦ
3479 4639 3541 4689 ὲκ
3566 4639 3663 4708 τῆς
3693 4639 3863 4707 ἁγίας

2280 4728 2551 4800 Παρθένου
2605 4728 2952 4799 γεννηθέντος
2996 4726 3152 4791 Θεοῦ,
3206 4728 3265 4783 ὃν
3303 4729 3651 4800 Ἐμμανουὴλ
3699 4730 3857 4784 καλεῖ

2280 4822 2313 4889 ή
2342 4818 2661 4889 προφητεία.
2708 4818 2794 4881 Ὠς
2824 4818 2931 4889 γὰρ
2958 4820 2991 4887 ὴ
3026 4818 3221 4889 νεφέλη
3247 4819 3345 4872 οὐκ
3376 4818 3595 4873 ἄλλοθεν
3623 4820 3737 4891 ἔχει
3758 4823 3855 4893 τὴν

2286 4911 2572 4973 σύστασιν,
2618 4908 2650 4978 ἢ
2698 4908 2755 4973 ἐξ
2798 4910 2957 4979 ἀέρος
3000 4910 3092 4961 καὶ
3142 4908 3555 4980 ἀναθυμιάσεως
3592 4912 3692 4981 τῆς
3730 4913 3860 4984 γῆς,

2286 4997 2454 5061 οὕτως
2487 4999 2547 5051 τὸ
2598 4997 2755 5068 σῶμα
2811 4998 2839 5049 ὃ
2886 4998 3193 5069 ἀνείληφεν,
3240 4998 3299 5063 ἐξ
3342 5000 3495 5067 ἁγίου
3542 5001 3867 5072 Πνεύματος-

2288 5092 2378 5144 καὶ
2430 5090 2529 5159 τῆς
2589 5090 2818 5158 γεώδους
2863 5091 3047 5153 οὐσίας
3100 5090 3337 5143 ὑποστὰν
3379 5091 3603 5154 εἰκότως
3659 5094 3859 5167 νεφέλῃ

2287 5180 2461 5253 κούφῃ
2501 5180 2835 5250 παρεὸλήθη,
2946 5180 3313 5250 ἐγκαθήμενος
3353 5180 3382 5231 ὁ
3406 5178 3637 5251 Χριστὸς
3673 5183 3851 5254 ὲπεδήυ

2293 5288 2379 5339 μει
2407 5274 2471 5341 τῇ
2502 5270 2760 5340 Αἰγύπτῳ
2786 5271 2923 5323 κατὰ
2954 5271 3051 5341 τὴν
3086 5271 3285 5340 νηπίαν
3307 5269 3540 5340 ἡλικίαν.
3594 5272 3858 5343 Ἀπήρκει

2289 5362 2395 5432 γὰρ
2431 5363 2521 5414 καὶ
2564 5361 2720 5414 τοῦτο
2762 5363 3094 5430 Αἰγυπτίοις,
3129 5363 3351 5434 ἀρρήτῳ
3377 5362 3601 5432 δυνάμει
3628 5364 3857 5432 μέγιστα

2291 5452 2684 5522 ὠφελουμένοις
2711 5455 2772 5505 ὲκ
2796 5455 2893 5523 τῆς
2927 5454 3021 5505 τοῦ
3060 5454 3311 5523 Σωτῆρος
3350 5453 3675 5517 ὲπιϐάσεως.
3703 5457 3861 5510 Κατά

2290 5543 2346 5595 δὲ
2386 5543 2677 5613 βαθύτερον
2712 5542 2854 5600 νοῦν,
2902 5545 2999 5613 τῆς
3025 5542 3117 5595 τοῦ
3149 5544 3353 5613 Κυρίου
3382 5547 3682 5615 παρουσίας
3720 5545 3859 5610 ὲξαι-

2296 5633 2461 5704 ρέτως
2496 5634 2664 5687 ἐδεῖτο
2694 5636 2727 5705 ἡ
2772 5633 3061 5703 Αίγυπτος,
3100 5634 3283 5705 ἐπειδὴ
3312 5634 3529 5689 πάντων
3556 5635 3863 5709 ἀνθρώπων
