4042 6412
267 446 362 501 εει

1219 442 1725 500 COMMENTARIA
1762 443 1829 499 IN
1869 440 2126 499 ISAIAM.
2165 470 2234 482 —
2272 440 2426 498 CAP.
2466 440 2611 496 XIX.

3423 435 3533 491 222

264 567 812 639 δεισιδαιμονέστεροι
858 567 1170 636 γεγόνασιν,
1213 566 1289 631 ὡς
1333 567 1407 637 μὴ
1457 566 1615 636 μόνον
1658 568 1844 637 εἱμαρ-

1954 566 2027 619 ita
2064 574 2123 620 ut
2146 580 2252 619 non
2282 565 2454 621 solum
2478 565 2590 619 fato
2609 572 2666 620 et
2685 563 2857 621 stellis
2887 563 3010 621 coeli
3035 562 3276 619 universi
3306 575 3529 618 causam

267 658 403 731 μένῃ
433 662 531 712 καὶ
577 661 690 721 τοῖς
732 660 854 712 κατ’
886 657 1115 730 οὐρανὸν
1141 658 1364 729 ἄστροις
1396 657 1495 728 τὴν
1529 658 1621 711 τοῦ
1651 658 1851 720 παντὸς

265 750 576 803 ἀνατιθέναι
617 750 818 814 αἰτίαν,
872 752 1127 804 ἐκπεσεῖν
1168 750 1223 802 δὲ
1268 750 1362 803 καὶ
1401 750 1559 821 μέχρι
1602 749 1703 819 τῆς
1740 748 1849 801 τῶν

263 840 474 908 ἀλόγων
502 837 678 901 ζώων,
709 839 803 891 καὶ
827 839 1031 909 Θηρίων
1056 838 1365 892 ἀτιθάσσων
1412 837 1629 907 πτηνῶν
1670 855 1729 890 τε
1754 836 1849 891 καὶ

266 931 513 1002 ἑρπετῶν
554 930 845 995 θεοποιίας.
895 931 1048 985 Οὓτω
1096 931 1152 983 δὲ
1209 930 1501 984 ἀδέσποτον
1543 931 1638 984 καὶ
1678 930 1851 1000 ἀπρο-

264 1022 452 1093 νόητον
504 1022 734 1093 ἡγοῦντο
776 1024 838 1076 τὸ
890 1025 1036 1089 πᾶν,
1096 1022 1171 1086 ὡς
1230 1022 1321 1075 καὶ
1389 1022 1612 1092 βασιλέα
1667 1020 1848 1075 αὐτῶν

262 1114 443 1183 γυμνῇ
484 1116 552 1184 τῇ
602 1113 812 1183 κεφαλῇ
842 1113 1051 1183 λέγειν·
1088 1132 1106 1165 ι
1132 1115 1245 1167 Οὐκ
1266 1109 1382 1167 οἴδα
1423 1114 1515 1167 τὸν
1558 1100 1841 1185 Κύριονη

261 1202 377 1264 καὶ,
409 1221 428 1253 ι
461 1203 559 1266 Τίς
573 1205 721 1257 ἐστιν
745 1198 805 1257 οὗ
836 1204 1226 1275 εἰσακούσομαι
1269 1208 1369 1276 τῆς
1395 1204 1580 1274 φωνῆς
1606 1203 1769 1258 αὑτοῦ
1794 1220 1842 1268 ;›

261 1291 451 1345 ταῦτα
471 1293 529 1345 δὲ
554 1294 739 1357 αὐτοῖς
761 1294 942 1363 ἔργοις
964 1295 1118 1357 τέλος
1139 1295 1410 1366 ὲλάμῦανε
1436 1295 1631 1359 καθ’-ὃν
1657 1294 1846 1367 χρόνον

262 1379 549 1450 ἐκκλησίαι
602 1381 699 1451 μὲν
747 1380 883 1434 θεοῦ
940 1382 1057 1436 καθ’
1102 1383 1230 1453 ὅλης
1290 1384 1499 1454 ἵδρυντο
1543 1384 1641 1453 τῆς
1682 1382 1848 1451 Αἰγύ-

271 1487 435 1534 πτου,
483 1472 799 1543 ἐπεδήμησε
827 1472 884 1524 δὲ
911 1473 1071 1535 αὐτὸς
1096 1476 1124 1526 ὁ
1150 1474 1352 1545 Κύριος
1382 1477 1493 1536 τοῖς
1508 1474 1844 1542 Αἰγυπτίοις,

262 1561 581 1615 ἐπισκοπῶν
622 1562 720 1625 τὰς
753 1562 1046 1632 ἐκκλησίας
1069 1564 1232 1618 αὑτοῦ
1257 1564 1397 1617 κατά
1419 1565 1498 1618 τό·
1527 1584 1544 1615 ι
1560 1567 1731 1619 Ὅπου
1754 1564 1847 1618 δύο

261 1652 294 1723 ἢ
317 1657 469 1724 τρεῖς
499 1655 830 1725 συνηγμένοι
857 1657 993 1710 εἰσὶν
1022 1658 1102 1719 εἰς
1125 1656 1186 1708 τὸ
1215 1656 1347 1726 ἐμὸν
1372 1657 1565 1727 ὄνομα,
1593 1658 1711 1710 ἐκεῖ
1732 1660 1846 1729 εἰμι

261 1746 319 1799 ὲν
342 1746 497 1817 μέσῳ
517 1747 716 1801 αὐτῶν.
746 1766 765 1799 ι
794 1747 950 1803 Οῦτω
975 1749 1106 1817 γοῦν
1130 1751 1183 1801 αἰ
1229 1749 1326 1818 μὲν
1348 1750 1721 1821 ἐκκλησίαιιτῇ
1752 1751 1849 1803 αύ-

261 1833 354 1887 τοῦ
379 1836 681 1906 διέλαμπον
703 1838 906 1909 χάριτι,
936 1839 970 1908 ἡ
1004 1838 1061 1891 δὲ
1100 1836 1210 1892 τῶν
1245 1838 1429 1893 αὐτόθι
1454 1840 1724 1911 δαιμόνων
1749 1859 1849 1895 κα-

264 1923 485 1998 θηρείτο
510 1925 708 1996 πλάνη.

335 2035 357 2068 ι
399 2016 513 2069 Καὶ
544 2014 1005 2087 ἐπεγερθήσονται
1051 2017 1341 2086 Αἰγύπτιοι
1372 2020 1457 2071 ἐπ’
1492 2020 1845 2088 Αἰγυπτίους,

262 2108 357 2163 καὶ
406 2108 711 2179 πολεμήσει
750 2107 1040 2180 ἄνθρωπος
1089 2111 1183 2163 τὸν
1234 2112 1461 2181 ἀδελφὸν
1514 2114 1703 2178 αὐτοῦ,
1754 2115 1849 2168 καὶ

260 2199 548 2269 ἄνθρωπος
576 2200 668 2253 τὸν
693 2200 923 2269 πλησίον
948 2202 1135 2256 αὐτοῦ.
1167 2222 1186 2255 ι
1226 2204 1338 2257 Καὶ
1361 2204 1532 2258 ταῦτα
1559 2208 1658 2277 μὲν
1681 2208 1850 2278 ἐπλη-

262 2288 422 2361 ροῦτο
459 2288 601 2359 μετά
641 2290 702 2343 τὸ
735 2290 1093 2358 εὐαγγελικὸν
1135 2294 1418 2365 κήρυγμα,
1453 2296 1516 2348 τὸ
1554 2298 1634 2359 εἰς
1668 2300 1848 2351 πᾶσαν

259 2380 504 2434 δωδοθέν
551 2382 651 2453 τὴν
688 2383 986 2449 Αἴγυπτον,
1028 2384 1114 2454 ἐφ’
1146 2378 1191 2453 ᾧ
1223 2386 1292 2439 τὰ
1341 2387 1439 2457 μὲν
1474 2388 1655 2458 ἀψυχα
1687 2389 1849 2453 ξόανα

263 2472 359 2542 τῆς
389 2470 452 2535 ἐξ
497 2470 695 2535 αἰῶνος
741 2472 1003 2543 ἀκινήτου
1054 2476 1298 2540 στάσεως
1330 2479 1512 2532 αὐτῶν
1560 2479 1845 2550 ἐσαλεύθη,

262 2561 402 2615 ὥστε
434 2563 509 2633 μὴ
546 2564 903 2636 καθιδρύσθαι
936 2567 1032 2619 καὶ
1059 2566 1283 2637 βεϐαίαν
1316 2568 1457 2640 ἔχειν
1488 2570 1629 2623 αὐτά
1658 2571 1847 2624 στάσιν

259 2652 347 2706 διὰ
389 2652 483 2705 τὸν
535 2654 894 2727 ἐγγενόμενον
926 2658 1114 2722 αὐτοῖς
1156 2658 1314 2725 λαὸν,
1366 2663 1413 2713 οἰ
1461 2661 1519 2713 δὲ
1560 2663 1619 2714 ἐν
1665 2663 1846 2727 αὐτοῖς

260 2743 673 2813 ἐμφωλεύοντες
700 2745 956 2817 δαίμονες
983 2750 1233 2820 πονηροὶ,
1264 2750 1327 2803 τὸ
1359 2752 1524 2823 μηδὲν
1553 2752 1704 2817 ὄντες
1733 2754 1848 2824 διη-

261 2832 519 2903 λέγχοντο
545 2836 637 2889 ἐπὶ
668 2835 895 2902 τούτοις.
928 2839 1138 2912 Ὥσπερ
1164 2839 1273 2912 γάρ
1308 2844 1341 2913 ὴ
1372 2843 1634 2913 ἐμφύλιος
1662 2846 1849 2909 στάσις

142 3000 151 3001 7
262 2924 383 2978 καθ’
405 2926 538 2997 ὅλης
564 2927 871 2998 διηγείρετο
898 2930 996 2999 τῆς
1025 2931 1299 2999 Αἰγύπτου
1322 2952 1335 2964 ·
1364 2933 1722 3005 διισταμένων
1752 2937 1847 2991 ἀπ’

260 3014 508 3086 ἀλλήλων
537 3017 631 3070 καὶ
672 3019 1019 3089 τεμνομένων
1050 3023 1144 3075 καὶ
1182 3024 1563 3096 μεριζομένων
1606 3030 1728 3081 κατ’
1765 3025 1847 3079 ol-

260 3123 411 3171 κους,
445 3110 541 3162 καὶ
570 3108 802 3165 πολιτῶν
825 3112 923 3183 τὴν
948 3111 1131 3185 χώραν
1160 3115 1475 3180 οἰκούντων,
1497 3116 1576 3187 τῷ
1594 3119 1720 3183 τοὺς
1753 3119 1847 3176 μὲν

260 3199 443 3253 αὐτῶν
485 3202 843 3273 προστρέχειν
875 3203 954 3275 τῷ
985 3204 1304 3278 κηρύγματι
1338 3208 1678 3282 εὐαγγελικῷ
1718 3213 1849 3267 ἀνα-

260 3270 573 3363 χωροῦντας
597 3270 699 3364 τῆς
729 3270 1185 3369 δαιμονικῆς-καί
1206 3270 1580 3374 Αἰγυπτιακῆς
1612 3270 1841 3375 πλάνης·
1872 3270 1915 3328 C

259 3388 385 3450 τοὺς
433 3386 490 3439 δὲ
538 3389 972 3458 ἐναπομεκοντας
1015 3391 1073 3442 ἐν
1116 3392 1251 3462 αὐτῇ
1299 3393 1531 3464 πόλεμον
1580 3395 1843 3449 ἄσπονδον

261 3477 399 3531 κατά
425 3478 632 3532 τούτων
657 3478 891 3549 ἐγείρειν
913 3496 926 3510 ·
957 3480 1129 3547 οὕτως
1156 3477 1248 3537 οὖν
1288 3484 1645 3538 ἐπανίσταντο
1673 3485 1842 3554 Αἰγύ-

260 3585 404 3621 πτιοι
428 3570 520 3621 ἐπ’
551 3568 905 3637 Αἰγυπτίους.

336 3766 354 3798 ι
390 3745 555 3810 Πόλις
586 3748 678 3801 ἐπὶ
717 3747 891 3813 πόλιν,
923 3752 1018 3804 καὶ
1058 3752 1221 3822 νομὸς
1260 3752 1353 3807 ἐπὶ
1386 3757 1566 3825 νομόν.
1604 3758 1715 3811 Καὶ
1755 3777 1844 3813 τα-

254 3840 595 3911 ραχθήσεται
624 3842 684 3894 τὸ
707 3841 926 3913 πνεῦμα
955 3844 1064 3896 τῶν
1093 3848 1407 3914 Αἰγυπτίων
1435 3851 1493 3901 ἐν
1519 3850 1721 3915 αὐτοῖς,
1749 3854 1843 3907 καὶ

257 3932 356 4003 τὴν
409 3930 604 4003 βουλὴν
644 3933 822 3989 αὐτῶν
867 3934 1225 3991 διασκεδάσω.
1271 3940 1381 3993 Καὶ
1435 3942 1841 4014 ἐπερογτήσουσι

255 4023 385 4087 τοὺς
420 4021 578 4085 θεοὺς
605 4023 785 4077 αὐτῶν
822 4027 916 4078 καὶ
962 4026 1030 4079 τὰ
1065 4029 1355 4100 ἀγάλματα
1391 4032 1567 4085 αὐτῶν
1596 4034 1691 4087 καὶ
1716 4036 1844 4100 τοὺς

256 4111 319 4163 ἐκ
363 4111 465 4181 τῆς
506 4112 610 4181 γῆς
640 4113 983 4180 φωνοῦντας,
1029 4116 1121 4169 καὶ
1164 4120 1290 4182 τοὺς
1348 4122 1837 4193 ἐγγαστριμύθους.

257 4203 368 4259 Καὶ
411 4203 721 4274 παραδώσω
753 4206 851 4278 τὴν
889 4208 1163 4277 Αἴγυπτον
1191 4214 1271 4275 εἰς
1308 4216 1495 4285 χεῖρας
1539 4217 1842 4289 ἀνθρώπων

257 4293 464 4364 κυρίων
496 4295 769 4368 σκληρῶν,
796 4301 891 4352 καὶ
928 4299 1167 4369 βασιλεῖς
1203 4305 1432 4377 σκληροὶ
1464 4309 1843 4380 κυριεύσουσιν

255 4382 460 4437 αὐτῶν.
498 4403 517 4435 ι
554 4386 728 4456 Νομοὶ
751 4389 809 4441 δὲ
836 4390 1123 4445 καλοῦνται
1153 4394 1284 4465 παρ’
1312 4396 1632 4465 Αἰγυπτίοις
1674 4402 1842 4455 εἰσέτι

255 4474 350 4530 καὶ
376 4474 477 4527 νῦν
509 4477 567 4529 αἰ
599 4479 728 4549 παρ’
774 4482 958 4545 αὐτοῖς
996 4484 1190 4556 χῶραι,
1217 4486 1274 4540 αἰ
1305 4490 1399 4540 καὶ
1424 4490 1585 4543 αύταὶ
1608 4491 1843 4546 διίσταν-

253 4581 344 4619 ται
372 4566 510 4638 πρὸς
538 4568 771 4640 ἀλλήλας
794 4572 893 4641 τῆς
915 4574 1082 4646 αὐτῆς
1110 4577 1295 4632 ἕνεκεν
1320 4580 1646 4648 ὑποθέσεως.
1686 4587 1845 4657 Ἐχω-

258 4659 440 4731 ρίξετο
466 4659 523 4713 δὲ
551 4661 654 4733 τῆς
687 4665 833 4718 κατά
860 4666 995 4720 Θεοῦ
1031 4669 1304 4736 πολιτείας
1322 4675 1351 4726 ὁ
1371 4675 1481 4728 τῶν
1501 4677 1675 4731 ἀθέων
1706 4679 1839 4748 βίος,

254 4752 347 4843 καὶ
581 4756 907 4829 ἐπηγείρετο
934 4762 1107 4832 νομῷ,
1140 4764 1233 4818 τοῦ
1278 4767 1636 4838 εὐαγγελικοῦ
1669 4773 1837 4843 νόμου

254 4840 321 4894 τὰ
349 4840 459 4900 τῶν
491 4842 808 4911 Αἰγυπτίων
835 4848 1231 4921 ἀνατρέποντος
1259 4857 1485 4927 νόμιμα,
1529 4860 1605 4923 ὡς
1632 4859 1697 4916 αὖ
1731 4840 1838 4916 πά-

254 4929 338 4984 λιν
372 4932 467 4986 τοῦ
502 4935 603 5005 τῆς
641 4938 1084 5011 εἰδωλολατρείας
1127 4946 1293 5016 νόμου
1341 4950 1705 5021 πολεμοῦντος
1746 4957 1838 5009 τὸν

255 5027 525 5118 σωτηριον
563 5026 740 5095 λόγον.
789 5031 974 5087 Ταῦτα
1016 5036 1072 5089 δὲ
1103 5038 1280 5092 πάντα
1329 5042 1559 5109 ἐγίνετο,
1607 5046 1704 5118 τὴν
1745 5050 1839 5102 ἐπὶ

446 5122 768 5189 συμφωνίαν
812 5124 921 5177 τῶν
961 5128 1275 5196 Αἰγυπτίων
1320 5134 1416 5187 καὶ
1445 5135 1544 5206 τὴν
1586 5115 1838 5209 ὁμόνοιαν

252 5206 434 5297 αὐτῶν
456 5209 556 5278 τὴν
588 5213 717 5283 περὶ
744 5215 845 5282 τὴν
876 5217 1133 5273 πολύθεον
1167 5223 1377 5295 πλάνην
1401 5206 1719 5297 συγχέοντος
1742 5231 1837 5285 τοῦ

252 5295 690 5388 μήσαντος
713 5304 896 5369 αὐτοῖς
925 5308 1150 5380 Κυρίου.
1180 5314 1273 5365 Διὸ
1308 5295 1536 5388 εἴρηται.
1564 5320 1705 5373 κατὰ
1747 5323 1837 5375 τὸν

264 5386 516 5478 Ἀκύλαν,
548 5409 566 5439 ι
600 5393 711 5445 Καὶ
747 5398 1025 5453 στασιάσω
1058 5386 1375 5471 Αἰγυπτίοις
1414 5386 1771 5478 Αἰγυπτίους·
1812 5433 1829 5466 ι

253 5475 395 5529 κατὰ
436 5476 492 5531 δὲ
530 5479 623 5531 τὸν
656 5481 971 5557 Σύμμαχον,
1014 5507 1032 5540 ι
1073 5490 1340 5561 Συμϐαλῶ
1368 5475 1696 5565 Αἰγυπτίους
1735 5475 1836 5554 Αἰ-

252 5567 521 5661 γυπτίοις.
629 5571 873 5647 Συγγενῆ
914 5577 970 5629 δὲ
1005 5582 1216 5645 τούτοις
1246 5586 1339 5638 καὶ
1381 5588 1603 5657 ἀδελφὰ,
1634 5592 1833 5661 μᾶλλον

250 5655 311 5711 δὲ
352 5658 421 5711 τά
451 5658 593 5713 αὑτά
640 5662 850 5737 ἑτέροις
890 5668 1128 5739 ῥήμασιν
1162 5674 1325 5739 αὐτὸς
1365 5680 1393 5730 ὁ
1434 5655 1646 5753 Κύριος.
1673 5684 1832 5755 ἡμῶν

325 5833 369 5867 ⁸⁵⁸
398 5836 569 5896 Exod.
608 5855 639 5895 v
665 5883 679 5911 ,
734 5843 789 5899 2.
864 5847 907 5878 "
940 5846 1126 5905 Matth.
1170 5867 1321 5922 xvm,
1352 5853 1439 5911 20.

1956 654 2367 722 adscriberent,
2393 658 2489 712 sed
2510 657 2674 711 etiam
2699 655 2766 711 ad
2784 670 2954 725 usque
2978 657 3259 712 brutorum
3284 654 3535 709 animan-

1956 747 2114 812 tium,
2149 747 2388 803 ferarum
2423 749 2763 813 immanium,
2787 746 3071 804 volucrum
3124 756 3179 803 et
3229 746 3528 816 reptilium,

1955 847 2015 893 ut
2052 838 2299 902 deorum,
2331 838 2533 893 cultum
2556 839 2959 893 delaberentur.
2994 838 3069 891 lta
3096 850 3224 891 vero
3254 836 3533 890 dominatu

1954 938 2011 985 et
2039 929 2375 998 providentia
2403 945 2633 983 vacuum
2659 930 2975 983 universum
3012 926 3443 986 arbitrabantur,
3472 930 3533 975 ut

1954 1036 2051 1075 rex
2074 1022 2296 1091 quidam
2326 1036 2516 1075 eorum
2545 1020 2892 1088 impudenter
2922 1018 3149 1080 diceret,
3190 1035 3207 1067 ι
3243 1014 3359 1069 Non
3406 1011 3532 1067 novi

1954 1112 2265 1178 Dominum,
2301 1120 2404 1177 iet,
2437 1129 2455 1162 ι
2487 1111 2619 1178 Quis
2644 1119 2727 1164 est
2750 1110 2904 1178 cujus
2932 1122 3121 1162 vocem
3154 1103 3372 1160 audiam
3398 1100 3446 1137 “
3468 1102 3523 1158 τι

1954 1205 2079 1259 Haec
2111 1219 2272 1273 porro
2326 1203 2456 1274 ipsis
2514 1204 2774 1272 operibus
2827 1203 2987 1259 tinem
3023 1198 3388 1268 acceperunt,
3422 1208 3531 1265 quo

1954 1306 2200 1365 tempore
2234 1296 2480 1351 ecclesiae
2511 1295 2604 1349 Dei
2641 1308 2735 1364 per
2767 1302 2935 1351 totam
2977 1291 3273 1361 Egyptum
3321 1285 3529 1343 consti-

1954 1389 2265 1454 tuebantur,
2292 1403 2356 1443 ac
2384 1388 2499 1457 ipse
2536 1387 2797 1441 Dominus
2847 1387 2914 1439 ad
2970 1383 3255 1454 Egyptios
3284 1378 3530 1449 peregri-

1954 1490 2114 1536 natus
2144 1480 2249 1542 est,
2277 1494 2406 1535 suas
2456 1478 2686 1532 visitans
2712 1475 2975 1544 ecclesias
3029 1472 3331 1528 secundum
3372 1468 3528 1530 illud,

1958 1590 1977 1624 ι
2005 1572 2112 1628 Ubi
2143 1572 2249 1626 duo
2287 1569 2372 1623 vel
2431 1578 2544 1623 tres
2603 1566 2922 1638 congregati
2969 1564 3173 1619 fuerint
3227 1562 3282 1615 in
3312 1557 3530 1613 nomine

1951 1678 2095 1727 meo,
2132 1663 2241 1717 illic
2272 1675 2391 1716 sum
2424 1661 2477 1715 in
2519 1660 2696 1714 medio
2743 1672 2931 1713 eorum
2963 1656 3033 1709 ”.
3075 1674 3095 1708 ι
3127 1651 3204 1707 Ita
3232 1652 3398 1721 igitur
3440 1662 3528 1704 ec-

1952 1757 2130 1810 clesize
2165 1754 2381 1823 quidem
2417 1752 2535 1822 ejus
2566 1751 2742 1823 gratia
2771 1748 3072 1820 fulgebant,
3101 1746 3407 1801 datmonttm
3436 1755 3529 1797 au-

1953 1858 2060 1904 tem
2087 1848 2161 1903 ibi
2190 1846 2491 1917 vigentium
2518 1859 2674 1901 error
2708 1842 3112 1900 destruebatur.

2024 2026 2190 2083 Vens.
2226 2026 2280 2082 2.
2321 2045 2339 2079 ι
2374 2026 2440 2081 Et
2470 2024 2854 2081 excitabuntur
2872 2019 3111 2096 Egﬂlﬁi
3136 2017 3189 2076 in
3213 2018 3526 2089 Egyptian,

1952 2128 2008 2175 et
2047 2120 2273 2176 bellabit
2316 2120 2480 2175 homo
2507 2118 2765 2174 adversus
2801 2115 3033 2173 fratrem
3061 2129 3241 2178 suum,
3281 2123 3336 2167 et
3365 2113 3530 2168 homo

1952 2212 2211 2267 adversus
2242 2212 2551 2282 proximum
2598 2223 2782 2264 suum.
2816 2228 2835 2262 ι
2896 2209 2964 2263 Et
3014 2210 3128 2263 haec
3165 2206 3385 2276 quidem
3428 2204 3530 2258 im-

1948 2303 2235 2374 plebantur
2254 2312 2375 2372 post
2397 2304 2763 2373 evangelicam
2790 2301 3259 2371 praedicationem,
3280 2312 3401 2368 qua:
3432 2312 3531 2367 per

1953 2408 2116 2453 totam
2150 2396 2442 2467 Egyptum
2490 2397 2757 2466 pervasit,
2808 2411 2918 2467 quo
2949 2404 3195 2465 tempore
3232 2393 3529 2448 inanimata

1949 2487 2239 2543 simulacra
2290 2501 2319 2538 a
2372 2487 2612 2541 statione
2674 2500 2771 2541 sua
2820 2500 2981 2555 quam
3018 2500 3047 2555 a
3088 2481 3286 2538 saeculo
3322 2481 3531 2537 obtine-

1947 2580 2100 2643 bant,
2142 2592 2372 2634 excussa
2424 2586 2587 2645 sunt,
2640 2586 2699 2633 ut
2737 2592 2846 2633 non
2884 2576 3028 2631 ultra
3080 2590 3148 2628 ex
3194 2573 3377 2643 populi
3422 2572 3531 2627 fre-

1950 2671 2169 2741 quentia
2212 2672 2448 2726 tirmiter
2495 2681 2663 2734 stare,
2714 2685 2814 2724 nec
2860 2668 3029 2724 solida
3070 2667 3366 2722 subsistere
3401 2678 3529 2734 pos-

1948 2770 2112 2817 sent:
2148 2761 2429 2817 daemones
2460 2777 2590 2817 vero
2631 2762 2893 2832 maligni,
2931 2759 3021 2828 qui
3071 2760 3123 2814 in
3170 2758 3301 2829 ipsis
3340 2772 3441 2813 ceu
3472 2757 3529 2811 in

1949 2852 2187 2908 latibulis
2216 2854 2474 2925 agebant,
2511 2855 2563 2908 in
2595 2854 2661 2907 iis
2700 2854 2832 2921 ipsis
2865 2849 2999 2905 nihil
3037 2865 3159 2905 esse
3190 2848 3530 2919 comprobati

1952 2953 2098 2999 sunt.
2137 2943 2605 3010 Quemadmodum
2638 2944 2781 2999 enim
2814 2941 2992 2998 civilis
3023 2939 3287 2995 tumultus
3319 2952 3418 3007 per
3447 2946 3530 2992 to-

1950 3046 2060 3091 tam
2092 3036 2386 3108 JEgyptum
2418 3036 2794 3091 concitabatur
2814 3074 2829 3100 ,
2873 3033 3084 3104 populis
3116 3030 3527 3093 dissidentibus,

1951 3127 2247 3200 divisisque
2285 3127 2479 3185 studiis
2507 3141 2604 3197 per
2637 3128 2827 3181 domos
2871 3135 3060 3179 mutuo
3089 3121 3480 3177 altercantibus
3511 3137 3526 3173 :

1952 3220 2094 3292 quod
2132 3236 2200 3276 ex
2236 3221 2446 3277 civibus
2481 3218 2719 3291 regionis
2766 3216 2976 3282 incolis,
3013 3216 3102 3271 alii
3151 3214 3367 3285 quidem
3401 3212 3529 3267 reli-

1951 3321 2040 3366 cto
2072 3313 2340 3368 diabolico
2364 3327 2426 3367 ac
2460 3310 2784 3383 Egyptiaco
2819 3324 3029 3374 errore,
3059 3309 3125 3363 ad
3160 3306 3527 3378 evangelicam

1950 3404 2384 3475 [medicationem
2416 3404 2771 3465 accederent,
2808 3402 2899 3455 alii
2946 3416 3076 3456 vero
3115 3401 3168 3453 in
3210 3399 3397 3453 eodem
3447 3412 3528 3452 er-

1952 3510 2077 3549 rore
2115 3503 2554 3564 perseverantes,
2586 3491 2915 3561 inexpiabile
2942 3491 3141 3547 bellum
3186 3499 3371 3545 contra
3406 3488 3527 3543 illos

1950 3588 2295 3642 excitarent:
2338 3587 2417 3642 sic
2470 3586 2633 3658 igitur
2669 3584 3020 3656 insurgebant
3058 3582 3294 3654 Egyptii
3334 3590 3525 3637 contra

1949 3678 2252 3750 Egyptins.

2025 3769 2187 3825 Vsns.
2221 3770 2346 3838 5,6.
2370 3788 2388 3821 ι
2410 3768 2611 3825 Civitas
2644 3770 2903 3826 adversus
2936 3769 3233 3836 civitatem,
3262 3777 3526 3823 etnomus

1950 3877 2211 3917 adversus
2266 3878 2505 3917 nomum.
2546 3862 2608 3915 Et
2634 3862 2944 3918 turbabitur
2987 3862 3210 3931 spiritus
3245 3859 3522 3931 Egyptia-

1951 3967 2069 4007 rum
2117 3954 2169 4006 in
2222 3953 2387 4023 ipsis,
2434 3962 2488 4007 et
2537 3951 2819 4008 consilium
2864 3966 3049 4007 eorum
3108 3949 3401 4021 dissipabo.
3458 3949 3525 4005 Et

1950 4044 2360 4111 interrogabant
2428 4044 2556 4097 deos
2604 4058 2734 4097 suos
2798 4049 2850 4098 et
2920 4041 3211 4097 simulacra
3262 4056 3400 4106 sua,
3470 4050 3524 4097 et

1950 4149 2067 4197 eos,
2098 4134 2188 4203 qui
2229 4134 2298 4188 de
2346 4142 2488 4187 terra
2546 4133 2843 4204 loquuntur
2872 4173 2887 4200 ,
2930 4143 2985 4187 et
3027 4131 3417 4202 ventriloquos.
3458 4132 3523 4188 Et

1954 4226 2159 4278 tradam
2213 4223 2505 4295 ngyptum
2549 4225 2602 4279 in
2657 4238 2851 4278 manus
2899 4224 3211 4287 hominum,
3261 4222 3523 4278 durorum

1950 4314 2316 4378 dominorum,
2347 4324 2399 4367 et
2442 4328 2596 4383 reges
2625 4314 2743 4369 duri
2784 4314 3207 4368 dominabuntur
3247 4327 3455 4369 eorum.
3498 4332 3521 4367 ι

1950 4405 2107 4461 Nomi
2166 4407 2307 4475 apud
2356 4404 2645 4476 Egyptios
2696 4405 2965 4474 hodieque
3027 4417 3291 4460 vocantur
3336 4418 3523 4460 eorum

1950 4500 2220 4569 regiones,
2257 4513 2377 4567 quae
2430 4500 2593 4553 etiam
2640 4499 2831 4553 eadem
2864 4496 2933 4551 de
2971 4510 3135 4552 causa
3181 4506 3367 4552 mutuo
3410 4497 3521 4552 dis-

1951 4591 2150 4645 sident.
2189 4590 2484 4644 Atheorum
2534 4599 2714 4643 autem
2760 4588 2869 4642 vita
2919 4587 2988 4641 ab
3040 4588 3284 4644 instituto
3327 4602 3522 4643 secuno

1949 4681 2074 4735 dum
2133 4681 2297 4734 Deum
2346 4679 2740 4745 dissentiebat,
2785 4690 2841 4734 et
2886 4694 3081 4733 nomus
3119 4680 3378 4734 adversus
3421 4696 3521 4736 no-

1948 4788 2093 4827 mum
2133 4772 2478 4844 insurgebat,
2520 4771 2831 4841 evangelica
2875 4770 2992 4842 lege
3033 4772 3105 4842 (s.
3148 4770 3319 4843 νόμῳ)
3354 4770 3520 4843 Egy-

1948 4864 2179 4932 ptiorum
2228 4862 2421 4933 legalia
2472 4865 2856 4927 subvertente,
2909 4878 2971 4917 ac
3022 4862 3261 4917 vicissim
3298 4861 3520 4917 idolola-

1950 4956 2064 5009 triae
2102 4955 2217 5027 lege
2262 4955 2500 5010 salutare
2533 4956 2758 5010 verbum
2784 4965 3151 5025 oppugnante.
3193 4953 3319 5008 Haec
3355 4968 3522 5025 porro

1945 5046 2126 5099 omnia
2177 5046 2601 5116 contingebant,
2657 5043 3037 5116 Egyptiorum
3094 5059 3422 5101 consensum
3461 5053 3519 5099 et

1946 5139 2291 5194 concordiam
2328 5141 2474 5194 circa
2519 5140 2808 5194 multorum
2852 5139 3074 5193 deorum
3112 5152 3351 5192 errorem
3387 5151 3518 5191 cou-

1948 5229 2205 5285 fundente
2238 5230 2484 5295 Domino,
2540 5231 2632 5300 qui
2677 5231 2743 5284 ad
2790 5229 2937 5298 ipsos
2985 5229 3303 5284 advenerat.
3342 5227 3518 5295 Quare

1944 5323 2239 5376 secundum
2268 5322 2517 5392 Aquilam
2552 5324 2773 5388 dlClllll',
2809 5343 2827 5376 ι
2868 5323 2935 5377 Ει
2970 5322 3290 5377 seditionem
3319 5335 3518 5388 ponam

1939 5415 2081 5470 inter
2121 5416 2404 5489 AEgyptios
2432 5427 2485 5470 et
2515 5416 2837 5488 Egyptios;
2882 5436 2900 5468 ι
2936 5418 3232 5472 secundum
3272 5416 3517 5487 Symma—
3550 5418 3554 5424 ’

1938 5505 2097 5559 chum
2143 5522 2289 5570 vero,
2346 5524 2365 5558 ι
2423 5505 2766 5562 Committam
2821 5505 3111 5577 Egyptios
3170 5522 3292 5561 cum
3352 5503 3516 5575 Egy-

1936 5604 2083 5664 plus.
2129 5614 2147 5647 ι
2198 5594 2292 5651 llis
2340 5612 2502 5667 porro
2545 5595 2722 5651 alliuia
2783 5608 2839 5654 et
2885 5596 3103 5661 similia,
3165 5596 3275 5650 imo
3335 5596 3515 5664 potius

1934 5686 2122 5743 eadem
2167 5687 2280 5760 ipsa
2316 5689 2437 5746 aliis
2478 5690 2661 5747 verbis
2705 5690 2960 5748 Dominus
3004 5697 3189 5745 noster
3228 5691 3283 5744 in
3331 5686 3512 5743 Evan-
