4042 6384
512 479 623 536 295

516 597 672 668 geliis
713 592 914 654 docuit.
960 591 1171 652 dicens,
1236 603 1252 638 I
1289 583 1467 638 Nolite
1513 591 1704 650 putare
1749 590 1854 645 quo

520 667 620 742 rint
657 698 842 754 pacem
873 681 1090 735 mittere
1127 691 1290 744 super
1317 684 1554 743 terram:
1601 684 1705 722 non
1743 667 1858 720 veni
1894 675 2077 731 pacem

527 779 760 838 mittere,
793 775 887 829 sed
919 771 1149 842 gladium
1180 765 1249 828 ”,
1285 783 1302 814 ι
1333 774 1387 817 et
1424 770 1638 814 caetera.
1677 757 1771 810 His
1801 769 1964 824 porro
1991 765 2081 819 ge-

519 869 642 933 stis,
673 861 1100 920 conturbandum
1133 869 1252 909 esse
1286 853 1361 906 ait
1385 852 1632 920 spiritum
1671 845 2078 915 Egyptiorum;

521 931 817 1010 secundum
859 947 1239 1020 Symmachum
1289 956 1440 1006 vero,
1490 958 1508 990 ι
1556 938 1621 991 Et
1667 945 1943 1002 rutupetur
1978 931 2083 998 spi-

523 1046 664 1101 ritus
701 1041 916 1112 Egypti
955 1039 1008 1091 in
1043 1037 1191 1104 ipsa;
1240 1052 1257 1084 ι
1299 1029 1593 1084 secundum
1637 1026 2080 1084 Theodotionem,

528 1151 552 1188 ι
590 1134 652 1188 Et
692 1108 967 1186 scindetur
1009 1124 1230 1194 spiritus
1272 1116 1489 1186 Egypti
1535 1116 1586 1167 iu
1632 1114 1783 1179 ipsa;
1829 1131 1847 1162 ι
1892 1108 2080 1176 Aquila

525 1233 705 1279 autem
741 1221 819 1275 sic
868 1219 962 1280 ait,
1024 1235 1042 1266 ι
1091 1213 1156 1267 Ει
1198 1211 1439 1265 tradetur
1484 1207 1710 1274 spiritus
1757 1202 1975 1271 Egypti
2031 1199 2082 1253 in

525 1315 823 1371 visceribus
852 1311 987 1379 ejus.
1037 1327 1055 1359 ι
1088 1308 1198 1362 Hoc
1235 1314 1412 1358 autem
1460 1302 1673 1367 dirupto
1717 1312 1776 1350 ac
1805 1311 1868 1349 ex
1903 1293 2087 1346 Eccle-

526 1410 606 1466 sia
650 1408 927 1477 proiecto,
975 1402 1039 1455 ad
1092 1397 1386 1467 profectum
1439 1391 1817 1461 Egyptiorum
1859 1385 2086 1440 consilia

525 1514 686 1571 prava
717 1495 1034 1555 ineuntium,
1065 1490 1175 1558 Ego
1212 1488 1343 1557 ipse,
1389 1485 1465 1538 ait
1497 1485 1771 1543 Dominus,
1801 1478 2086 1536 consilium

525 1606 714 1647 eorum
749 1585 1037 1654 dissipabo.
1089 1599 1107 1632 ι
1160 1579 1225 1633 Ει
1264 1575 1674 1643 interrogabunt
1708 1573 1846 1638 deos
1877 1583 2004 1623 suos
2036 1574 2090 1618 et

525 1681 813 1739 simulacra
846 1693 972 1741 sua,
1018 1683 1074 1727 et
1107 1687 1199 1726 eos
1236 1669 1326 1736 qui
1368 1669 1434 1722 de
1480 1678 1621 1720 terra
1674 1665 1996 1733 loquuntur,
2036 1666 2090 1710 et

526 1771 910 1839 ventriloquos.
949 1785 966 1818 ι
1009 1762 1211 1818 Horum
1257 1757 1472 1812 nemine
1513 1769 1609 1823 pro
1650 1760 1908 1807 consueto
1942 1759 2089 1799 more

529 1838 839 1932 apparente,
885 1859 936 1912 in
978 1865 1246 1911 extremas
1277 1851 1551 1916 angustias
1581 1847 1915 1900 delabentur.
1965 1857 1982 1889 ι
2025 1838 2088 1890 Et

533 1915 738 2008 tradam
764 1951 1051 2021 Egyptum
1083 1949 1136 2001 in
1167 1915 1687 2000 manusihominum,
1748 1935 2086 1988 dominorum
2122 1915 2164 1968 Β

530 2046 813 2109 durorum,
870 2049 924 2096 et
971 2053 1125 2108 reges
1167 2037 1283 2091 duri
1341 2030 1757 2089 dominabuntur
1802 2037 2012 2077 eorum.
2067 2039 2085 2071 ι

533 2127 630 2182 His
669 2128 889 2182 iudicari
937 2136 1062 2194 puto
1105 2134 1310 2192 tempus
1367 2135 1472 2188 quo
1547 2125 1800 2171 eventura
1853 2121 1978 2165 sunt
2030 2124 2091 2161 ea

528 2232 649 2287 quae
677 2219 727 2270 in
758 2217 1011 2269 vaticinio
1039 2213 1317 2267 feruntur:
1361 2225 1483 2264 nam
1527 2206 1908 2276 [Egyptiorum
1942 2201 2090 2269 regni

530 2306 880 2361 mutationem
931 2303 1045 2357 fore
1083 2302 1388 2372 significat,
1424 2314 1530 2366 quo
1562 2306 1803 2364 tempore
1841 2292 2095 2346 Dominus

533 2397 587 2451 iu
621 2393 916 2466 Egyptum
949 2392 1341 2461 proficiscetur.
1391 2388 1522 2454 Quis
1554 2402 1679 2441 vero
1710 2402 1813 2439 non
1859 2392 2092 2451 stupeat,

533 2489 583 2542 si
663 2497 875 2553 tempus
920 2485 1162 2538 conferat
1210 2482 1460 2537 salutaris
1513 2476 1904 2548 praedicationis
1974 2489 2092 2529 cum

533 2578 686 2648 regni
727 2576 1034 2647 Egyptiaci
1086 2575 1398 2636 eversione,
1456 2571 1719 2641 quomodo
1764 2567 1969 2622 scilicet
1999 2581 2094 2619 ex-

534 2671 658 2724 inde
693 2669 758 2722 ad
793 2669 1108 2723 hodiernum
1149 2680 1317 2734 usque
1367 2663 1531 2728 diem,
1583 2676 1686 2714 non
1739 2659 1880 2712 ultra
1929 2657 2092 2726 prisci

535 2763 611 2816 illi
646 2763 932 2832 principes,
959 2759 1226 2814 Ptolemaei
1257 2772 1466 2825 nempe,
1503 2755 1635 2824 ipsis
1664 2755 1969 2824 imperent,
2001 2748 2094 2803 sed

536 2852 764 2907 Romani
803 2866 987 2905 eorum
1015 2848 1256 2903 domini?

602 3117 708 3173 Pro
745 3117 836 3172 illo
868 3125 1070 3180 autem,
1107 3134 1125 3167 ι
1164 3128 1318 3183 reges
1367 3114 1506 3175 duri,
1544 3132 1561 3164 ι
1596 3111 1806 3180 Aquila,
1843 3128 1860 3159 ι
1901 3109 1967 3162 Ει
2002 3121 2099 3160 rex

537 3210 822 3263 roboratus
848 3206 1092 3276 regnabit
1131 3205 1297 3273 ipsis:
1337 3223 1353 3254 ι
1384 3203 1737 3272 Symmachus
1775 3215 1902 3253 vero
1925 3240 1938 3261 ,
1975 3217 1993 3248 ι
2037 3197 2101 3251 Et

537 3313 634 3352 rex
676 3297 843 3351 durus
870 3302 1186 3364 potestatem
1217 3294 1438 3346 habebit
1488 3293 1540 3344 in
1587 3291 1744 3353 illos;
1779 3307 1797 3338 ι
1849 3286 2098 3340 Theodo-

539 3390 636 3454 tio,
671 3407 690 3440 ι
723 3389 789 3442 Et
824 3404 916 3444 rex
955 3387 1107 3441 fortis
1134 3385 1498 3440 dominabitur
1531 3382 1653 3435 illis.
1691 3400 1709 3432 ι
1750 3380 1900 3433 Hunc
1939 3392 2102 3446 porro

531 3479 738 3539 dixeris
763 3493 884 3532 esse
923 3477 1322 3545 imperatorem,
1374 3473 1463 3541 qui
1502 3481 1741 3538 tempore
1783 3479 1933 3522 ortus
1980 3467 2100 3521 Sal-

537 3567 742 3622 vatoris
771 3567 945 3621 nostri
993 3565 1364 3620 Romanorum
1394 3561 1763 3616 monarbhiam
1803 3560 2098 3614 obtinebat.

540 3656 692 3712 Tunc
729 3659 872 3712 enim
919 3658 1190 3727 Augustus
1232 3668 1360 3708 vere
1420 3653 1724 3713 roboratus,
1775 3665 1837 3704 ac
1890 3650 2106 3703 fortiter

541 3749 853 3818 imperans,
900 3749 1106 3817 primus
1168 3745 1454 3814 IEgyptum
1524 3741 1785 3798 Romanis
1838 3740 2102 3807 subiecit,

538 3851 822 3911 postquam
865 3840 1177 3894 diuturnam
1222 3836 1366 3889 illam
1414 3834 1484 3887 ibi
1539 3833 1879 3902 regnantium
1927 3831 2106 3887 Ptole-

509 3946 794 3991 rtuaaorum
832 3929 1234 3986 successionem
1275 3924 1590 3982 sustulerat.

615 4216 777 4272 Vens.
815 4217 870 4270 5.
906 4235 925 4267 ι
962 4214 1087 4271 Hec
1119 4217 1251 4270 dicit
1279 4216 1542 4269 Dominus
1585 4211 1857 4269 Sabaoth.
1917 4213 1984 4268 Et
2025 4213 2106 4267 bi-

543 4309 674 4364 bent
701 4307 936 4379 Egyptii
964 4323 1158 4376 aquam
1186 4322 1305 4376 qua:
1331 4316 1412 4361 est
1437 4308 1589 4375 juxta
1627 4320 1794 4359 mare.
1827 4324 1846 4356 ι
1868 4305 1972 4358 Pro
1999 4320 2105 4373 quo

543 4401 766 4471 Aquila,
806 4418 826 4451 ι
857 4399 923 4454 Et
956 4399 1295 4465 haurientur,
1329 4398 1522 4465 inquit,
1554 4415 1573 4447 ‹
1611 4411 1764 4464 aqua:
1786 4411 1850 4450 ex
1879 4396 2047 4460 mari;
2085 4413 2102 4445 ι

543 4491 899 4561 Symmachus
956 4505 1122 4556 vero,
1159 4509 1178 4541 ι
1225 4489 1289 4543 Et
1335 4489 1842 4542 exterminabuntur
1888 4501 1918 4540 a
1971 4489 2108 4540 mari

1179 459 1450 520 EUSEBII
1485 449 1960 514 ΟιλΕΞΑΙῖὶΕΝὸΙΒ
1993 443 2142 507 ΟΡΡ.
2187 438 2364 495 PARS
2399 435 2486 491 lll.
2521 463 2591 477 ——
2628 424 3034 486 EXEGETICA.

1861 575 1890 629 (Ι
1919 585 2078 626 vene-
2111 573 2156 626 Α
2185 567 2241 615 ὲν
2267 557 2620 627 Εὑαγγελίοις
2664 551 2905 604 ἐδίδασκε
2947 545 3122 611 λέγων
3144 558 3157 570 ο
3211 557 3229 588 ‹
3269 533 3358 604 Μὴ
3379 525 3758 629 νομίσητε-ὃτι

3651 404 3761 460 2ἓῦ

2179 653 2338 726 ἦλθον
2370 617 2546 722 βαλεῖν
2572 646 2793 716 είρήνην
2824 640 2915 692 ἐπὶ
2945 637 3045 706 τὴν
3077 634 3202 703 γῆν·
3245 630 3344 681 οὐκ
3377 621 3548 726 ἦλθον,
3575 617 3760 726 βαλεῖν

2181 707 2424 816 εἰρήνην,
2455 739 2590 794 ἀλλὰ
2628 707 2928 807 μάχαιραν,
2971 746 2987 778 ι
3019 726 3112 778 καὶ
3144 723 3212 774 τὰ
3259 719 3416 816 έξῆς.
3447 711 3669 816 Τούτων
3700 707 3760 761 δὲ

2182 798 2501 905 γινομένων,
2534 798 2972 896 ταραχθήσεσθαί
2998 829 3159 884 φησιν
3199 813 3227 862 6
3259 809 3414 875 λόγος
3449 805 3510 856 τὸ
3540 798 3762 905 πνεῦμα

2182 891 2631 989 τῶνιΑίγυπτίων
2652 891 2847 967 ’-κατὰ
2873 911 2928 962 δὲ
2956 909 3046 959 τὸν
3066 904 3379 974 Σύμμαχον,
3405 896 3554 989 (Καὶ
3583 891 3760 989 ραἡγή-

2185 1033 2332 1069 σεται
2367 981 2583 1081 πνεῦμα
2613 1005 2886 1074 Αἰγύπτου
2913 1002 2968 1052 ὲν
3002 999 3162 1065 αὐτῇ.
3199 1014 3218 1044 ι
3256 991 3411 1045 Κατὰ
3430 988 3486 1039 δὲ
3514 985 3606 1037 τὸν
3629 981 3764 1081 Θερ-

2183 1108 2428 1168 δοτίωνα,
2474 1071 2650 1153 (Καὶ
2683 1071 3030 1166 σχισθήσεται
3058 1088 3118 1140 τὸ
3151 1083 3366 1152 πνεῦμα
3395 1076 3671 1168 Αἰγύπτου
3699 1071 3759 1122 ὲν

2184 1202 2341 1268 αὐτῇ·
2385 1163 2463 1248 »νὸ
2491 1195 2547 1246 δὲ
2608 1163 2871 1248 Ἀκύλας,
2898 1203 2916 1234 ι
2951 1182 3061 1234 Καὶ
3084 1173 3514 1246 παραδοθήσεται
3542 1163 3764 1232 πνεῦμα

2185 1255 2458 1358 Αἰγύπτου
2490 1289 2545 1338 ὲν
2575 1282 2789 1351 ἑγκάτῳ
2815 1275 3004 1342 αὐτῆς.
3037 1291 3053 1322 ι
3101 1267 3304 1321 Τούτου
3330 1264 3386 1316 δὲ
3420 1255 3760 1333 ῥηγνυμένου

2186 1347 2278 1438 καί
2311 1347 2852 1452 καταρριπτ-ουμένου
2883 1371 2945 1421 ὲκ
2987 1367 3087 1435 τῆς
3125 1358 3469 1428 Ἐκκλησίας,

2186 1436 2293 1532 τῶν
2323 1436 2630 1542 Αίγυπτίων
2673 1436 2865 1537 βουλὰς
2909 1455 3149 1527 πονηρὰς
3185 1447 3559 1505 ἐπινοούντων,
3594 1436 3762 1542 Ἐγὼ,

2189 1570 2376 1640 φησὶν,
2393 1532 2552 1626 αὐτὸς
2576 1565 2603 1614 6
2626 1532 2849 1628 K'uptog,
2864 1553 2962 1621 τὴν
2993 1545 3180 1619 βουλὴν
3203 1539 3381 1596 αὐτῶν
3402 1532 3762 1590 διασκεδάσω.

2195 1625 2212 1713 ί
2252 1625 2789 1728 Καὶ-ἐπερωτήσουσι
2813 1648 2939 1705 τους
2961 1641 3116 1702 θεοὺς
3145 1635 3344 1696 αὐτῶν,
3374 1632 3469 1685 καὶ
3505 1628 3570 1682 τὰ
3596 1625 3768 1694 ἀγάλ-

2194 1769 2337 1823 ματα
2380 1749 2576 1810 αὐτῶν,
2621 1743 2716 1797 καὶ
2755 1740 2879 1801 τοὺς
2920 1738 2983 1787 ἐκ
3026 1732 3123 1801 τῆς
3167 1728 3270 1797 γῆς
3312 1722 3640 1794 φωνοῦντας,
3671 1717 3771 1771 καὶ

2191 1845 2315 1904 τοὺς
2349 1833 2836 1907 ἐγγαστριμύθους.
2879 1848 2895 1877 ι
2932 1822 3128 1881 Οὐκέτι
3176 1816 3399 1890 μηδενὸς
3432 1811 3635 1865 τούτων
3671 1807 3770 1859 αὐ-

2192 1897 2574 1995 τοῖς-συνήθως
2617 1897 2968 1990 ιραινομένου,
3009 1915 3088 1975 είς
3131 1908 3364 1978 ἐσχάτην
3401 1897 3770 1973 ἐμπεσοῦνται

2193 2022 2444 2093 ἀπορίαν,
2492 2039 2506 2070 ι
2544 2017 2654 2070 Καὶ
2684 2007 2986 2083 παραδώσω
3026 2003 3125 2073 τὴν
3163 2000 3433 2066 Αἴγυπτον
3463 1994 3541 2056 εἰς
3580 1992 3773 2060 χεῖρας

2194 2081 2515 2186 ἀνθρώπων,
2567 2081 2773 2178 κυρίων
2818 2097 3083 2168 σκληρῶν,
3130 2095 3221 2146 καὶ
3267 2089 3503 2161 βασιλεῖς
3540 2081 3774 2180 σκληροὶ

2196 2203 2573 2275 κυριεύσουσιν
2642 2195 2839 2250 αὐτῶν.
2903 2210 2919 2241 ι
3004 2183 3266 2239 Ἐνταῦθα
3335 2174 3622 2247 δηλοῦσθαι
3677 2170 3774 2223 τον

2195 2265 2382 2363 χρδνον
2424 2287 2575 2358 οἶμαι
2615 2285 2714 2354 τῆς
2753 2281 2859 2333 τῶν
2893 2272 3292 2344 θεσπιζομένων
3338 2265 3630 2323 ἐκϐάσεως·
3672 2275 3775 2328 με·

2193 2351 2421 2452 ⁸τριϐολὴν
2459 2351 2562 2448 γὰρ
2605 2351 2823 2428 ἔσεσθαι
2855 2370 2953 2438 τῆς
2998 2362 3278 2436 βασιλείας
3317 2357 3425 2409 τῶν
3456 2351 3774 2420 Αἰγυπτίων

2197 2439 2478 2544 σημαίνει,
2501 2439 2640 2522 κατὰ
2668 2465 2794 2525 τοὺς
2827 2461 3051 2532 χρόνους
3087 2455 3185 2524 τῆς
3214 2450 3306 2502 τοῦ
3334 2446 3541 2544 Κυρίου
3568 2444 3647 2506 εἰς
3679 2439 3777 2544 ἐῖ-

2195 2528 2398 2632 γύπτον
2435 2528 2690 2627 άφίξεως.
2723 2528 2959 2610 Καί-’τίς
2984 2546 3081 2598 οὐκ
3120 2545 3185 2594 ἂν
3217 2533 3535 2602 ἐκπλαγείη,
3566 2528 3778 2631 συμϐαῖ

2197 2655 2302 2708 λὼν
2330 2653 2454 2715 τοὺς
2483 2649 2574 2702 τοῦ
2612 2644 2879 2715 σωτηρίου
2907 2638 3257 2709 κηρύγματος
3289 2629 3380 2681 καὶ
3407 2625 3507 2692 τῆς
3535 2625 3590 2674 ὲν
3622 2617 3778 2689 αὺτῷ

2197 2742 2543 2803 καταλύσεως
2588 2736 2681 2790 τοῦ
2731 2732 2848 2787 κατ’
2905 2729 3178 2795 Αἴγυπτον
3244 2717 3535 2790 βασιλείου,
3586 2713 3660 2775 ὡς
3717 2711 3777 2777 ἐξ

2197 2837 2402 2892 ἐκείνου
2449 2832 2544 2885 καὶ
2573 2832 2650 2890 εἰς
2691 2826 2847 2896 δεῦρο
2892 2821 3084 2893 μηκέτι
3125 2813 3302 2868 αὐτῶν
3345 2812 3470 2871 τοὺς
3509 2807 3778 2877 πρότερον

2199 2932 2481 2999 ἄρχοντας,
2511 2922 2653 2988 λέγω
2685 2918 2749 2987 δὴ
2778 2917 2902 2976 τοὺς
2929 2906 3316 2978 Πτολεμαίους,
3349 2902 3590 2972 κρατεῖν,
3638 2897 3778 2947 Ῥω-

2206 2998 2395 3091 μαίους
2422 3017 2478 3069 δὲ
2510 3011 2690 3066 αὐτῶν
2725 3007 2945 3078 κυρίους
2975 2998 3382 3068 ἁποφανθῆναι;

2284 3110 2427 3162 Ἀντὶ
2468 3107 2525 3158 δὲ
2557 3103 2672 3165 τοῦ,
2712 3119 2729 3150 ι
2775 3097 3008 3168 βασιλεῖς
3049 3091 3293 3161 σκληροὶ.
3353 3106 3370 3137 ι
3409 3088 3436 3137 6
3475 3084 3570 3152 μὲν
3616 3078 3779 3130 Ἀκύ-

2203 3205 2320 3265 λας,
2361 3218 2380 3250 ι
2419 3197 2529 3250 Καὶ
2561 3192 2810 3264 βασιλεὺς
2841 3181 3314 3257 κεκραταιωμένος
3341 3175 3646 3247 βασιλεύσει
3677 3172 3780 3223 αὺ-

2203 3295 2333 3356 τῶν,
2387 3311 2404 3341 ι
2446 3288 2681 3359 ἐἴρηκεν
2759 3284 2786 3333 ὁ
2825 3280 2879 3331 δὲ
2920 3278 3235 3347 Σύμμαχος,
3287 3291 3303 3320 ε
3358 3269 3467 3321 Καὶ
3522 3263 3781 3334 βασιλεὺς

2205 3385 2436 3455 σκληρὸς
2471 3378 2769 3444 ὲξουσιάσει
2805 3371 2982 3427 αὐτῶν
3004 3387 3015 3397 ·
3057 3387 3073 3418 ι
3119 3367 3146 3417 ὁ
3178 3365 3235 3417 δὲ
3267 3359 3577 3420 Θεοδοτίων,
3618 3375 3636 3405 ι
3666 3354 3784 3408 Καὶ

2207 3478 2454 3549 βασιλεὺς
2502 3469 2718 3540 ἰσχυρὸς
2758 3462 3033 3531 κυριεύσει
3087 3455 3284 3511 αὐτῶν.
3331 3472 3348 3502 ι
3407 3451 3596 3511 Eing
3628 3446 3672 3498 δ’
3713 3445 3783 3498 ἂν

2205 3570 2392 3622 τοῦτον
2431 3562 2566 3616 εἶναι
2599 3560 2689 3610 τὸν
2727 3557 2868 3609 κατὰ
2901 3555 3024 3614 τοὺς
3069 3549 3292 3620 χρόνους
3340 3543 3439 3611 τῆς
3478 3539 3784 3608 γεννήσεως

2204 3660 2298 3712 τοῦ
2357 3660 2603 3729 Σωτῆρος
2665 3655 2820 3725 ἡμῶν
2879 3651 2984 3703 τῶν
3028 3644 3311 3715 Ῥωμαίων
3365 3637 3786 3710 μοναρχήσαντα

2209 3751 2449 3820 βασιλέα.
2487 3724 2617 3801 ’ῗότε
2635 3724 2764 3816 γοῦν
2795 3744 3098 3810 Αὔγουστος
3132 3729 3610 3806 κεκραταιωμένος
3639 3724 3781 3794 ἀλη-

2208 3818 2315 3904 θῶς
2349 3842 2442 3893 καὶ
2484 3837 2718 3909 ἰσχυρῶς
2762 3833 3082 3905 βασιλεύων,
3125 3826 3339 3898 πρῶτος
3379 3823 3476 3891 τὴν
3508 3818 3788 3884 Αἴγυπτον

2209 3933 2442 3998 ὑπέταξε
2488 3932 2797 4000 Ῥωμαίοις,
2829 3923 3071 3979 καθελὼν
3100 3921 3199 3990 τὴν
3233 3920 3297 3969 ἐκ
3331 3911 3540 3986 μακροῦ
3572 3909 3788 3979 κρατή-

2212 4044 2381 4080 σασαν
2407 4025 2655 4094 διαδοχὴν
2684 4022 2790 4073 τῶν
2818 4019 2947 4088 παρ’
2975 4016 3156 4076 αὐτοῖς
3189 4005 3622 4080 βασιλευσάντων
3649 4002 3789 4053 Πτο-

2210 4119 2265 4171 λε
2275 4118 2462 4188 μαίων.

2285 4230 2303 4261 ‹
2340 4208 2476 4261 Τάδε
2508 4206 2654 4273 λέγει
2688 4201 2894 4274 Κύριος
2944 4193 3168 4250 Σαϐαὼθ
3189 4209 3201 4224 ·
3248 4193 3360 4244 Ka‘t
3399 4190 3612 4274 πίονται
3641 4185 3791 4257 ὕδωρ

2210 4304 2270 4356 τὸ
2319 4301 2470 4371 παρὰ
2518 4271 2791 4350 θάλασσαν
2829 4293 2878 4344 οί
2910 4289 3215 4358 Αἰγύπτιοι.
3270 4304 3286 4335 ι
3357 4280 3497 4333 Ἀνθ’
3534 4271 3593 4331 οὗ
3627 4280 3654 4330 6
3687 4278 3791 4347 μὲν

2225 4370 2471 4454 Ἀκύλας,
2503 4411 2520 4441 ι
2548 4390 2658 4442 Καὶ
2688 4383 3112 4452 άναποθήσεται,
3153 4377 3338 4446 φησὶν,
3367 4374 3535 4427 ’ὕδατα
3563 4371 3671 4424 ἀπὸ
3699 4370 3792 4422 θα-

2211 4486 2414 4554 λάσσης
2436 4501 2447 4512 ·
2490 4501 2507 4532 ι
2544 4483 2571 4532 6
2598 4480 2653 4531 δὲ
2681 4478 2993 4547 Σύμμαχος,
3036 4491 3052 4522 ι
3091 4471 3201 4523 Καὶ
3228 4465 3654 4535 ἀφανισθήσεται
3681 4462 3793 4515 ἀπὸ

543 4555 718 4653 aqua.
752 4602 772 4636 ι
818 4583 914 4637 Hic
949 4555 1113 4648 porro
1156 4597 1252 4650 per
1295 4580 1465 4635 maria
1519 4578 1882 4633 turbulentam
1937 4576 2098 4649 Egy-

2213 4577 2485 4642 θαλάσσης
2519 4572 2700 4624 ὕδατα.
2737 4589 2753 4619 ι
2790 4563 3082 4636 Τροπικῶς
3109 4562 3166 4613 δὲ
3187 4563 3215 4613 6
3243 4560 3398 4626 λόγος
3428 4557 3703 4617 θαλάσσας
3731 4555 3793 4608 ὲν

545 4679 780 4744 ptiorum
833 4675 1228 4742 multitudinem
1276 4672 1659 4730 subindicavit.

620 4858 782 4917 Vsus.
822 4861 876 4918 6.
923 4880 941 4912 ‹
983 4861 1201 4916 Fluvius
1230 4869 1408 4914 autem
1455 4857 1671 4913 deficiet
1709 4868 1766 4913 et
1807 4864 2108 4912 exarescet.

550 4948 616 5004 Et
651 4949 899 5005 deficient
937 4950 1180 5013 ﬂumina,
1220 4959 1274 5004 et
1335 4949 1551 5008 canales
1608 4947 1755 5001 ﬂuvii
1784 4986 1800 5011 ,
1844 4955 1898 5001 et
1934 4944 2115 5000 exsic-

550 5040 760 5094 cabitur
796 5041 972 5094 omnis
1035 5041 1380 5110 congregatio
1439 5055 1723 5109 aquarum.
1778 5057 1796 5089 ι
1857 5035 1928 5091 Ut
1974 5051 2114 5090 novo

551 5131 670 5187 illos
697 5142 819 5202 potu
853 5133 1126 5202 excipias:
1166 5149 1289 5187 cum
1324 5135 1466 5187 enim
1503 5147 1671 5201 neque
1703 5131 1900 5184 flumen
1937 5142 2113 5198 neque

553 5225 656 5278 alia
695 5225 746 5278 in
794 5225 1023 5294 Egypto
1067 5240 1205 5293 aqua
1236 5226 1493 5295 supersit,
1529 5241 1627 5278 nec
1662 5223 1872 5277 marina
1923 5223 1987 5276 ad
2023 5237 2115 5289 po-

554 5323 664 5368 tum
696 5315 893 5396 idonea
935 5314 1024 5379 sit,
1063 5329 1257 5368 novam
1305 5323 1362 5367 et
1400 5313 1740 5383 peregrinam
1770 5312 1889 5367 illos
1917 5327 2112 5380 aquam

555 5402 820 5457 hibituros
860 5403 953 5457 ait.
999 5402 1129 5457 Erat
1167 5419 1331 5472 porro
1369 5403 1457 5456 illa
1489 5418 1606 5470 quae
1649 5419 1716 5457 ex
1755 5404 1997 5457 fontibus
2025 5417 2115 5455 sa-

555 5495 746 5548 lutaris
774 5511 800 5548 a
833 5494 1060 5550 Domino
1096 5496 1228 5566 ipsis
1269 5494 1734 5566 suppeditabatur.
1767 5494 1906 5562 Quin
1951 5493 2118 5549 etiam

558 5581 793 5639 Judaicis
827 5586 1202 5642 deficientibus
1234 5589 1413 5657 aquis,
1444 5597 1690 5656 captores
1721 5586 1977 5655 piscium,
2020 5587 2118 5639 hu-

558 5692 838 5732 manarum
870 5692 1063 5747 nempe
1106 5679 1430 5745 animarum,
1473 5677 1735 5750 plancturi
1768 5691 1898 5735 esse
1922 5678 2118 5750 dicun-

631 5878 676 5911 ”
705 5877 893 5934 Matth.
935 5894 962 5932 κ
986 5918 998 5942 .
1032 5879 1120 5932 Eii.

2216 4668 2423 4729 τούτοις
2467 4666 2528 4718 τὸ
2575 4660 2888 4736 ταραχῶδες
2936 4655 3138 4726 πλῆθος
3179 4652 3285 4706 τῶν
3328 4649 3637 4719 Αἰγυπτίων
3676 4647 3793 4718 ﬂvi-

2219 4761 2364 4826 ξατο.

2294 4872 2311 4901 ι
2363 4851 2419 4903 Ὀ
2469 4849 2525 4900 δὲ
2558 4846 2798 4916 ποταμὸς
2829 4841 3066 4910 ἐκλείψει
3101 4839 3193 4892 καὶ
3227 4836 3644 4907 ξηρανθήσεται.
3680 4833 3794 4884 Καὶ

2220 4943 2553 5011 ἐκλείψουσιν
2585 4941 2633 4990 οἱ
2669 4936 2921 5006 ποταμοὶ,
2953 4935 3046 4986 καὶ
3094 4934 3149 4984 αἱ
3188 4930 3452 5001 διώρυγες
3495 4926 3589 4979 τοῦ
3622 4930 3794 4978 ποτα-

2225 5035 2345 5105 μοῦ,
2396 5035 2488 5086 καὶ
2539 5028 2930 5101 ξηρανθήσεται
2975 5027 3122 5078 πᾶσα
3165 5019 3453 5089 συναγωγὴ
3493 5018 3725 5070 ὑδάτων.
3773 5036 3791 5068 ι

2233 5129 2318 5190 Ὠς
2359 5125 2540 5180 καινὸν
2584 5123 2764 5183 αὐτοῖς
2797 5118 3008 5190 ξενίζῃς
3055 5117 3233 5168 πότον·
3275 5112 3470 5183 μηκέτι
3522 5109 3631 5179 γὰρ
3662 5109 3796 5178 ὑφε-

2223 5218 2422 5279 στῶτος
2453 5215 2544 5267 τοῦ
2576 5210 2842 5281 ποταμοῦ,
2879 5210 3011 5279 μηδὲ
3041 5208 3225 5276 ἑτέρου
3263 5200 3632 5271 Δίγυπτιακοῦ
3670 5199 3796 5253 ῦδα-

2220 5327 2331 5372 τος,
2355 5307 2488 5361 ἀλλὰ
2523 5306 2654 5376 μηδὲ
2690 5303 2780 5356 τοῦ
2816 5301 3099 5354 θαλαττίου
3136 5296 3438 5366 ἐπιτηδείου
3474 5295 3624 5356 ὄντος
3659 5295 3797 5363 πρὸς

2225 5402 2400 5462 πόσιν,
2441 5400 2558 5452 νέον
2606 5398 2699 5448 καὶ
2739 5395 2884 5459 ξένον
2932 5394 3072 5463 ὕδωρ
3130 5390 3350 5442 πίεσθαι
3394 5387 3590 5449 αὐτούς
3636 5404 3795 5456 φησιο

2224 5492 2380 5544 τοῦτο
2409 5491 2465 5543 δὲ
2486 5486 2552 5560 ἦν
2588 5489 2646 5539 τὸ
2674 5490 2735 5539 ὲκ
2763 5487 2868 5538 τῶν
2895 5485 3085 5554 πηγῶν
3115 5482 3207 5534 τοῦ
3228 5481 3497 5550 σωτηρίου
3527 5477 3678 5547 παρὰ
3700 5477 3797 5530 τοῦ

2227 5585 2430 5654 Κυρίου
2468 5581 2647 5643 αὐτοῖς
2683 5577 3103 5649 χορηγούμενον.
3165 5573 3324 5626 Ἀλλά
3363 5572 3481 5643 γὰρ’
3520 5571 3613 5624 καὶ
3652 5570 3796 5622 έκλι-

2227 5678 2432 5728 πόντων
2488 5673 2593 5727 τῶν
2654 5670 2958 5725 Ἰουδαϊκῶν
3014 5668 3241 5733 ὑδάτων,
3294 5667 3342 5719 οἱ
3395 5663 3630 5738 θηραταὶ
3686 5661 3797 5718 τῶν
