  <div class='ocr_page' id='page_1' title='image "/cluster/home/n/w/nwhite01/storage/ocr_20150623/24/ien.35556001660497/124.png"; bbox 0 0 4042 6416; ppageno 0'>
   <div class='ocr_carea' id='block_1_1' title="bbox 279 398 380 450">
    <p class='ocr_par' dir='ltr' id='par_1_1' title="bbox 279 398 380 450">
     <span class='ocr_line' id='line_1_1' title="bbox 279 398 380 450; baseline 0 0"><span class='ocrx_word' id='word_1_1' title='bbox 279 398 380 450; x_wconf 63' lang='grc'><strong>225</strong></span> 
     </span>
    </p>
   </div>
   <div class='ocr_carea' id='block_1_2' title="bbox 1243 393 2652 454">
    <p class='ocr_par' dir='ltr' id='par_1_2' title="bbox 1243 393 2652 454">
     <span class='ocr_line' id='line_1_2' title="bbox 1243 393 2652 454; baseline 0.004 -6"><span class='ocrx_word' id='word_1_2' title='bbox 1243 393 1753 448; x_wconf 68' lang='grc' dir='ltr'><strong>(ΣΟΜΜΕΝΤΑΒΙΑ</strong></span> <span class='ocrx_word' id='word_1_3' title='bbox 1796 395 1861 448; x_wconf 80' lang='lat' dir='ltr'><strong>IN</strong></span> <span class='ocrx_word' id='word_1_4' title='bbox 1906 395 2159 451; x_wconf 75' lang='lat' dir='ltr'><strong>ISAIAM.</strong></span> <span class='ocrx_word' id='word_1_5' title='bbox 2203 425 2273 435; x_wconf 89' lang='lat'><strong>-—</strong></span> <span class='ocrx_word' id='word_1_6' title='bbox 2309 397 2464 454; x_wconf 83' lang='lat' dir='ltr'><strong>CAP.</strong></span> <span class='ocrx_word' id='word_1_7' title='bbox 2508 398 2652 454; x_wconf 74' lang='lat' dir='ltr'><strong>XIX.</strong></span> 
     </span>
    </p>
   </div>
   <div class='ocr_carea' id='block_1_3' title="bbox 3459 402 3571 458">
    <p class='ocr_par' dir='ltr' id='par_1_3' title="bbox 3459 402 3571 458">
     <span class='ocr_line' id='line_1_3' title="bbox 3459 402 3571 458; baseline 0 0"><span class='ocrx_word' id='word_1_8' title='bbox 3459 402 3571 458; x_wconf 68' lang='lat'><strong>226</strong></span> 
     </span>
    </p>
   </div>
   <div class='ocr_carea' id='block_1_4' title="bbox 277 513 1845 586">
    <p class='ocr_par' dir='ltr' id='par_1_4' title="bbox 277 513 1845 586">
     <span class='ocr_line' id='line_1_4' title="bbox 277 513 1845 586; baseline -0.002 -17"><span class='ocrx_word' id='word_1_9' title='bbox 277 513 495 585; x_wconf 84' lang='grc' dir='ltr'>ἰχθύων,</span> <span class='ocrx_word' id='word_1_10' title='bbox 525 515 729 586; x_wconf 80' lang='grc' dir='ltr'>δηλαδὴ</span> <span class='ocrx_word' id='word_1_11' title='bbox 769 515 877 567; x_wconf 85' lang='grc' dir='ltr'><strong>τῶν</strong></span> <span class='ocrx_word' id='word_1_12' title='bbox 913 514 1270 585; x_wconf 78' lang='grc' dir='ltr'><strong>ἀνθρωπίνων</strong></span> <span class='ocrx_word' id='word_1_13' title='bbox 1305 513 1530 583; x_wconf 58' lang='grc' dir='ltr'>ψυχῶν,</span> <span class='ocrx_word' id='word_1_14' title='bbox 1579 514 1845 585; x_wconf 75' lang='grc' dir='ltr'>πενθήσειι</span> 
     </span>
    </p>
   </div>
   <div class='ocr_carea' id='block_1_5' title="bbox 1948 513 3568 586">
    <p class='ocr_par' dir='ltr' id='par_1_5' title="bbox 1975 513 3568 586">
     <span class='ocr_line' id='line_1_5' title="bbox 1975 513 3568 586; baseline 0.003 -21"><span class='ocrx_word' id='word_1_15' title='bbox 1975 521 2082 568; x_wconf 93' lang='lat' dir='ltr'><strong>tur.</strong></span> <span class='ocrx_word' id='word_1_16' title='bbox 2134 513 2258 569; x_wconf 89' lang='lat' dir='ltr'><strong>Illos</strong></span> <span class='ocrx_word' id='word_1_17' title='bbox 2295 523 2480 569; x_wconf 88' lang='lat' dir='ltr'><strong>autem</strong></span> <span class='ocrx_word' id='word_1_18' title='bbox 2521 531 2551 570; x_wconf 89' lang='lat' dir='ltr'><strong>a</strong></span> <span class='ocrx_word' id='word_1_19' title='bbox 2603 514 2870 586; x_wconf 89' lang='lat' dir='ltr'><strong>propheta</strong></span> <span class='ocrx_word' id='word_1_20' title='bbox 2902 524 3236 570; x_wconf 88' lang='lat' dir='ltr'><strong>memoratos</strong></span> <span class='ocrx_word' id='word_1_21' title='bbox 3265 515 3568 584; x_wconf 72' lang='lat' dir='ltr'><strong>piscatores</strong></span> 
     </span>
    </p>
   </div>
   <div class='ocr_carea' id='block_1_6' title="bbox 273 604 1867 677">
    <p class='ocr_par' dir='ltr' id='par_1_6' title="bbox 273 604 1867 677">
     <span class='ocr_line' id='line_1_6' title="bbox 273 604 1867 677; baseline -0.001 -19"><span class='ocrx_word' id='word_1_22' title='bbox 273 605 533 673; x_wconf 79' lang='grc' dir='ltr'>λέγονται.</span> <span class='ocrx_word' id='word_1_23' title='bbox 564 609 796 677; x_wconf 81' lang='grc' dir='ltr'>Νοήσεις</span> <span class='ocrx_word' id='word_1_24' title='bbox 824 607 878 658; x_wconf 85' lang='grc' dir='ltr'>δὲ</span> <span class='ocrx_word' id='word_1_25' title='bbox 910 608 1038 668; x_wconf 82' lang='grc' dir='ltr'>τοὺς</span> <span class='ocrx_word' id='word_1_26' title='bbox 1068 607 1126 657; x_wconf 81' lang='grc' dir='ltr'>ἐν</span> <span class='ocrx_word' id='word_1_27' title='bbox 1148 604 1226 675; x_wconf 79' lang='grc' dir='ltr'><strong>τῷ</strong></span> <span class='ocrx_word' id='word_1_28' title='bbox 1258 606 1511 676; x_wconf 76' lang='grc' dir='ltr'><strong>προφήτῃ</strong></span> <span class='ocrx_word' id='word_1_29' title='bbox 1539 605 1867 669; x_wconf 81' lang='grc' dir='ltr'><strong>λεγομένους</strong></span> 
     </span>
    </p>
   </div>
   <div class='ocr_carea' id='block_1_7' title="bbox 274 697 1866 769">
    <p class='ocr_par' dir='ltr' id='par_1_7' title="bbox 274 697 1866 769">
     <span class='ocr_line' id='line_1_7' title="bbox 274 697 1866 769; baseline 0.001 -19"><span class='ocrx_word' id='word_1_30' title='bbox 274 699 441 761; x_wconf 82' lang='grc' dir='ltr'><strong>ἁλιεῖς</strong></span> <span class='ocrx_word' id='word_1_31' title='bbox 479 700 576 753; x_wconf 71' lang='grc' dir='ltr'>καὶ</span> <span class='ocrx_word' id='word_1_32' title='bbox 609 698 933 768; x_wconf 81' lang='grc' dir='ltr'>ἀμφιϐολεῖς</span> <span class='ocrx_word' id='word_1_33' title='bbox 978 697 1036 764; x_wconf 81' lang='grc' dir='ltr'>ἐξ</span> <span class='ocrx_word' id='word_1_34' title='bbox 1075 697 1278 769; x_wconf 81' lang='grc' dir='ltr'>ἑτέρων</span> <span class='ocrx_word' id='word_1_35' title='bbox 1311 697 1506 750; x_wconf 84' lang='grc' dir='ltr'>ἁλιέων</span> <span class='ocrx_word' id='word_1_36' title='bbox 1558 699 1651 750; x_wconf 80' lang='grc' dir='ltr'>καὶ</span> <span class='ocrx_word' id='word_1_37' title='bbox 1695 715 1866 767; x_wconf 88' lang='grc' dir='ltr'>σαγη-</span> 
     </span>
    </p>
   </div>
   <div class='ocr_carea' id='block_1_8' title="bbox 264 791 1862 862">
    <p class='ocr_par' dir='ltr' id='par_1_8' title="bbox 264 791 1862 862">
     <span class='ocr_line' id='line_1_8' title="bbox 264 791 1862 862; baseline 0.002 -20"><span class='ocrx_word' id='word_1_38' title='bbox 264 791 496 851; x_wconf 70' lang='grc' dir='ltr'>νευτῶν,</span> <span class='ocrx_word' id='word_1_39' title='bbox 532 791 676 858; x_wconf 83' lang='grc' dir='ltr'>λέγω</span> <span class='ocrx_word' id='word_1_40' title='bbox 705 791 768 861; x_wconf 84' lang='grc' dir='ltr'>δὴ</span> <span class='ocrx_word' id='word_1_41' title='bbox 799 791 908 843; x_wconf 90' lang='grc' dir='ltr'><strong>τῶν</strong></span> <span class='ocrx_word' id='word_1_42' title='bbox 940 791 1275 853; x_wconf 82' lang='grc' dir='ltr'>ἀποστόλων,</span> <span class='ocrx_word' id='word_1_43' title='bbox 1322 792 1415 844; x_wconf 79' lang='grc' dir='ltr'><strong>καὶ</strong></span> <span class='ocrx_word' id='word_1_44' title='bbox 1467 791 1725 862; x_wconf 82' lang='grc' dir='ltr'>μαθητῶν</span> <span class='ocrx_word' id='word_1_45' title='bbox 1765 791 1862 845; x_wconf 88' lang='grc' dir='ltr'><strong>τοῦ</strong></span> 
     </span>
    </p>
   </div>
   <div class='ocr_carea' id='block_1_9' title="bbox 269 877 1863 954">
    <p class='ocr_par' dir='ltr' id='par_1_9' title="bbox 269 877 1863 954">
     <span class='ocr_line' id='line_1_9' title="bbox 269 877 1863 954; baseline 0 -18"><span class='ocrx_word' id='word_1_46' title='bbox 269 883 523 954; x_wconf 80' lang='grc' dir='ltr'>Σωτῆρος</span> <span class='ocrx_word' id='word_1_47' title='bbox 575 883 754 954; x_wconf 79' lang='grc' dir='ltr'>ἡμῶν,</span> <span class='ocrx_word' id='word_1_48' title='bbox 799 877 881 946; x_wconf 74' lang='grc' dir='ltr'>οἷς</span> <span class='ocrx_word' id='word_1_49' title='bbox 928 883 1168 950; x_wconf 82' lang='grc' dir='ltr'><strong>ἐλέγετο,</strong></span> <span class='ocrx_word' id='word_1_50' title='bbox 1221 902 1239 932; x_wconf 88' lang='grc'><strong><em>‹</em></strong></span> <span class='ocrx_word' id='word_1_51' title='bbox 1275 882 1462 949; x_wconf 88' lang='grc' dir='ltr'>Δεῦτε,</span> <span class='ocrx_word' id='word_1_52' title='bbox 1507 885 1602 936; x_wconf 73' lang='grc' dir='ltr'><strong>καὶ</strong></span> <span class='ocrx_word' id='word_1_53' title='bbox 1651 886 1863 951; x_wconf 86' lang='grc' dir='ltr'>ποιήσω</span> 
     </span>
    </p>
   </div>
   <div class='ocr_carea' id='block_1_10' title="bbox 271 971 1862 1047">
    <p class='ocr_par' dir='ltr' id='par_1_10' title="bbox 271 971 1862 1047">
     <span class='ocr_line' id='line_1_10' title="bbox 271 971 1862 1047; baseline 0.001 -20"><span class='ocrx_word' id='word_1_54' title='bbox 271 975 412 1044; x_wconf 75' lang='grc' dir='ltr'>ὑμᾶς</span> <span class='ocrx_word' id='word_1_55' title='bbox 435 976 609 1038; x_wconf 78' lang='grc' dir='ltr'><strong>ἁλιεῖς</strong></span> <span class='ocrx_word' id='word_1_56' title='bbox 629 974 950 1045; x_wconf 85' lang='grc' dir='ltr'>ἀνθρώπων.</span> <span class='ocrx_word' id='word_1_57' title='bbox 994 995 1010 1026; x_wconf 78' lang='grc' dir='ltr'><strong>ι</strong></span> <span class='ocrx_word' id='word_1_58' title='bbox 1041 977 1101 1027; x_wconf 83' lang='grc' dir='ltr'>Εἰ</span> <span class='ocrx_word' id='word_1_59' title='bbox 1137 975 1247 1047; x_wconf 81' lang='grc' dir='ltr'>γὰρ</span> <span class='ocrx_word' id='word_1_60' title='bbox 1276 971 1420 1028; x_wconf 81' lang='grc' dir='ltr'>οῦτοι</span> <span class='ocrx_word' id='word_1_61' title='bbox 1443 975 1530 1028; x_wconf 82' lang='grc' dir='ltr'>διὰ</span> <span class='ocrx_word' id='word_1_62' title='bbox 1554 977 1654 1046; x_wconf 83' lang='grc' dir='ltr'>τῆς</span> <span class='ocrx_word' id='word_1_63' title='bbox 1681 976 1862 1029; x_wconf 82' lang='grc' dir='ltr'>αὐτῶν</span> 
     </span>
    </p>
   </div>
   <div class='ocr_carea' id='block_1_11' title="bbox 268 1064 1863 1138">
    <p class='ocr_par' dir='ltr' id='par_1_11' title="bbox 268 1064 1863 1138">
     <span class='ocr_line' id='line_1_11' title="bbox 268 1064 1863 1138; baseline 0.002 -21"><span class='ocrx_word' id='word_1_64' title='bbox 268 1064 614 1128; x_wconf 77' lang='grc' dir='ltr'><strong>διδασκαλίας</strong></span> <span class='ocrx_word' id='word_1_65' title='bbox 648 1066 906 1138; x_wconf 81' lang='grc' dir='ltr'>ἐθήρευον</span> <span class='ocrx_word' id='word_1_66' title='bbox 933 1066 1033 1130; x_wconf 87' lang='grc' dir='ltr'>τὰς</span> <span class='ocrx_word' id='word_1_67' title='bbox 1061 1066 1168 1118; x_wconf 89' lang='grc' dir='ltr'><strong>τῶν</strong></span> <span class='ocrx_word' id='word_1_68' title='bbox 1195 1067 1499 1138; x_wconf 86' lang='grc' dir='ltr'>ἀνθρώπων</span> <span class='ocrx_word' id='word_1_69' title='bbox 1541 1068 1739 1138; x_wconf 78' lang='grc' dir='ltr'>ψυχὰς,</span> <span class='ocrx_word' id='word_1_70' title='bbox 1775 1069 1863 1121; x_wconf 81' lang='grc' dir='ltr'><strong>ἓλ-</strong></span> 
     </span>
    </p>
   </div>
   <div class='ocr_carea' id='block_1_12' title="bbox 269 1159 1861 1230">
    <p class='ocr_par' dir='ltr' id='par_1_12' title="bbox 269 1159 1861 1230">
     <span class='ocr_line' id='line_1_12' title="bbox 269 1159 1861 1230; baseline 0.002 -20"><span class='ocrx_word' id='word_1_71' title='bbox 269 1175 455 1222; x_wconf 87' lang='grc' dir='ltr'>κοντες</span> <span class='ocrx_word' id='word_1_72' title='bbox 479 1159 576 1212; x_wconf 79' lang='grc' dir='ltr'><strong>ἐπὶ</strong></span> <span class='ocrx_word' id='word_1_73' title='bbox 621 1160 918 1230; x_wconf 77' lang='grc' dir='ltr'>σωτηρίαν,</span> <span class='ocrx_word' id='word_1_74' title='bbox 953 1161 1041 1214; x_wconf 81' lang='grc' dir='ltr'>διὰ</span> <span class='ocrx_word' id='word_1_75' title='bbox 1080 1161 1132 1212; x_wconf 88' lang='grc' dir='ltr'><strong>τί</strong></span> <span class='ocrx_word' id='word_1_76' title='bbox 1165 1161 1267 1213; x_wconf 79' lang='grc' dir='ltr'><strong>οὐκ</strong></span> <span class='ocrx_word' id='word_1_77' title='bbox 1297 1159 1362 1212; x_wconf 78' lang='grc' dir='ltr'><strong>ἂν</strong></span> <span class='ocrx_word' id='word_1_78' title='bbox 1402 1161 1576 1222; x_wconf 74' lang='grc' dir='ltr'>εἴποις</span> <span class='ocrx_word' id='word_1_79' title='bbox 1610 1161 1703 1214; x_wconf 80' lang='grc' dir='ltr'>καὶ</span> <span class='ocrx_word' id='word_1_80' title='bbox 1732 1161 1861 1223; x_wconf 83' lang='grc' dir='ltr'>τοὺς</span> 
     </span>
    </p>
   </div>
   <div class='ocr_carea' id='block_1_13' title="bbox 267 1249 1861 1320">
    <p class='ocr_par' dir='ltr' id='par_1_13' title="bbox 267 1249 1861 1320">
     <span class='ocr_line' id='line_1_13' title="bbox 267 1249 1861 1320; baseline 0.001 -19"><span class='ocrx_word' id='word_1_81' title='bbox 267 1251 584 1317; x_wconf 77' lang='grc' dir='ltr'>Αἰγυπτίων</span> <span class='ocrx_word' id='word_1_82' title='bbox 638 1251 962 1320; x_wconf 83' lang='grc' dir='ltr'>λεγομένους</span> <span class='ocrx_word' id='word_1_83' title='bbox 1009 1249 1177 1313; x_wconf 80' lang='grc' dir='ltr'>ἁλιεῖς</span> <span class='ocrx_word' id='word_1_84' title='bbox 1219 1252 1313 1304; x_wconf 72' lang='grc' dir='ltr'>καὶ</span> <span class='ocrx_word' id='word_1_85' title='bbox 1359 1251 1683 1319; x_wconf 78' lang='grc' dir='ltr'>ἁμφιόολείς</span> <span class='ocrx_word' id='word_1_86' title='bbox 1731 1253 1861 1314; x_wconf 80' lang='grc' dir='ltr'>τοὺς</span> 
     </span>
    </p>
   </div>
   <div class='ocr_carea' id='block_1_14' title="bbox 265 1336 1853 1412">
    <p class='ocr_par' dir='ltr' id='par_1_14' title="bbox 265 1336 1853 1412">
     <span class='ocr_line' id='line_1_14' title="bbox 265 1336 1853 1412; baseline 0.003 -22"><span class='ocrx_word' id='word_1_87' title='bbox 265 1339 432 1391; x_wconf 86' lang='grc' dir='ltr'>πάλαι</span> <span class='ocrx_word' id='word_1_88' title='bbox 454 1340 812 1405; x_wconf 78' lang='grc' dir='ltr'>διδασκάλους</span> <span class='ocrx_word' id='word_1_89' title='bbox 839 1342 937 1410; x_wconf 83' lang='grc' dir='ltr'>τῆς</span> <span class='ocrx_word' id='word_1_90' title='bbox 963 1343 1090 1412; x_wconf 84' lang='grc' dir='ltr'>παρ’</span> <span class='ocrx_word' id='word_1_91' title='bbox 1121 1342 1308 1403; x_wconf 72' lang='grc' dir='ltr'>αὐτοῖς</span> <span class='ocrx_word' id='word_1_92' title='bbox 1343 1339 1663 1409; x_wconf 83' lang='grc' dir='ltr'>φιλοσοφίας</span> <span class='ocrx_word' id='word_1_93' title='bbox 1691 1336 1853 1404; x_wconf 78' lang='grc' dir='ltr'>εἶναι,</span> 
     </span>
    </p>
   </div>
   <div class='ocr_carea' id='block_1_15' title="bbox 263 1426 1886 1502">
    <p class='ocr_par' dir='ltr' id='par_1_15' title="bbox 263 1426 1886 1502">
     <span class='ocr_line' id='line_1_15' title="bbox 263 1426 1886 1502; baseline 0.004 -22"><span class='ocrx_word' id='word_1_94' title='bbox 263 1429 310 1480; x_wconf 84' lang='grc' dir='ltr'>οἳ</span> <span class='ocrx_word' id='word_1_95' title='bbox 353 1429 444 1483; x_wconf 80' lang='grc' dir='ltr'>διὰ</span> <span class='ocrx_word' id='word_1_96' title='bbox 490 1433 592 1500; x_wconf 81' lang='grc' dir='ltr'><strong>τῆς</strong></span> <span class='ocrx_word' id='word_1_97' title='bbox 630 1433 1012 1500; x_wconf 69' lang='grc' dir='ltr'>Αἰγυπτιακῆς</span> <span class='ocrx_word' id='word_1_98' title='bbox 1063 1433 1339 1502; x_wconf 82' lang='grc' dir='ltr'>γοητείας,</span> <span class='ocrx_word' id='word_1_99' title='bbox 1393 1434 1715 1501; x_wconf 84' lang='grc' dir='ltr'>έπαγίδευον</span> <span class='ocrx_word' id='word_1_100' title='bbox 1762 1426 1886 1486; x_wconf 57' lang='grc' dir='ltr'>κατ’</span> 
     </span>
    </p>
   </div>
   <div class='ocr_carea' id='block_1_16' title="bbox 263 1521 1693 1595">
    <p class='ocr_par' dir='ltr' id='par_1_16' title="bbox 263 1521 1693 1595">
     <span class='ocr_line' id='line_1_16' title="bbox 263 1521 1693 1595; baseline 0.004 -25"><span class='ocrx_word' id='word_1_101' title='bbox 263 1521 451 1592; x_wconf 75' lang='grc' dir='ltr'>ὥσπερ</span> <span class='ocrx_word' id='word_1_102' title='bbox 487 1523 766 1586; x_wconf 78' lang='grc' dir='ltr'>ὲδελέαζον</span> <span class='ocrx_word' id='word_1_103' title='bbox 798 1525 922 1586; x_wconf 81' lang='grc' dir='ltr'>τοὺς</span> <span class='ocrx_word' id='word_1_104' title='bbox 956 1524 1047 1576; x_wconf 83' lang='grc' dir='ltr'>ὑπ’</span> <span class='ocrx_word' id='word_1_105' title='bbox 1088 1524 1266 1576; x_wconf 80' lang='grc' dir='ltr'>αὐτῶν</span> <span class='ocrx_word' id='word_1_106' title='bbox 1301 1524 1693 1595; x_wconf 81' lang='grc' dir='ltr'>ἁλισκομένους</span> 
     </span>
    </p>
   </div>
   <div class='ocr_carea' id='block_1_17' title="bbox 337 1611 1853 1684">
    <p class='ocr_par' dir='ltr' id='par_1_17' title="bbox 337 1611 1853 1684">
     <span class='ocr_line' id='line_1_17' title="bbox 337 1611 1853 1684; baseline 0.004 -24"><span class='ocrx_word' id='word_1_107' title='bbox 337 1630 354 1659; x_wconf 85' lang='grc'><em>‹</em></span> <span class='ocrx_word' id='word_1_108' title='bbox 395 1611 506 1662; x_wconf 74' lang='grc' dir='ltr'>Καὶ</span> <span class='ocrx_word' id='word_1_109' title='bbox 535 1611 592 1662; x_wconf 81' lang='grc' dir='ltr'><strong>ὲν</strong></span> <span class='ocrx_word' id='word_1_110' title='bbox 621 1614 780 1664; x_wconf 81' lang='grc' dir='ltr'>παντὶ</span> <span class='ocrx_word' id='word_1_111' title='bbox 814 1612 921 1664; x_wconf 82' lang='grc' dir='ltr'>’έλει</span> <span class='ocrx_word' id='word_1_112' title='bbox 949 1611 1194 1681; x_wconf 86' lang='grc' dir='ltr'>καλάμου</span> <span class='ocrx_word' id='word_1_113' title='bbox 1225 1614 1319 1665; x_wconf 78' lang='grc' dir='ltr'><strong>καὶ</strong></span> <span class='ocrx_word' id='word_1_114' title='bbox 1361 1613 1640 1684; x_wconf 86' lang='grc' dir='ltr'>παπύρου,</span> <span class='ocrx_word' id='word_1_115' title='bbox 1668 1616 1762 1666; x_wconf 77' lang='grc' dir='ltr'><strong>καὶ</strong></span> <span class='ocrx_word' id='word_1_116' title='bbox 1791 1615 1853 1667; x_wconf 88' lang='grc' dir='ltr'><strong>τὸ</strong></span> 
     </span>
    </p>
   </div>
   <div class='ocr_carea' id='block_1_18' title="bbox 262 1700 1848 1772">
    <p class='ocr_par' dir='ltr' id='par_1_18' title="bbox 262 1700 1848 1772">
     <span class='ocr_line' id='line_1_18' title="bbox 262 1700 1848 1772; baseline 0.004 -22"><span class='ocrx_word' id='word_1_117' title='bbox 262 1700 353 1768; x_wconf 69' lang='lat' dir='ltr'><strong>axi.</strong></span> <span class='ocrx_word' id='word_1_118' title='bbox 384 1700 446 1751; x_wconf 74' lang='grc' dir='ltr'>τὸ</span> <span class='ocrx_word' id='word_1_119' title='bbox 482 1701 711 1771; x_wconf 72' lang='grc' dir='ltr'>χλωρὸν,</span> <span class='ocrx_word' id='word_1_120' title='bbox 747 1702 854 1753; x_wconf 77' lang='grc' dir='ltr'>πᾶν</span> <span class='ocrx_word' id='word_1_121' title='bbox 887 1703 948 1753; x_wconf 83' lang='grc' dir='ltr'><strong>τὸ</strong></span> <span class='ocrx_word' id='word_1_122' title='bbox 982 1701 1166 1771; x_wconf 84' lang='grc' dir='ltr'>κύκλῳ</span> <span class='ocrx_word' id='word_1_123' title='bbox 1192 1702 1284 1754; x_wconf 85' lang='grc' dir='ltr'><strong>τοῦ</strong></span> <span class='ocrx_word' id='word_1_124' title='bbox 1312 1704 1580 1772; x_wconf 86' lang='grc' dir='ltr'>ποταμοῦ,</span> <span class='ocrx_word' id='word_1_125' title='bbox 1610 1705 1706 1756; x_wconf 76' lang='grc' dir='ltr'>καὶ</span> <span class='ocrx_word' id='word_1_126' title='bbox 1741 1705 1848 1758; x_wconf 77' lang='grc' dir='ltr'><strong>πᾶν</strong></span> 
     </span>
    </p>
   </div>
   <div class='ocr_carea' id='block_1_19' title="bbox 259 1791 1850 1865">
    <p class='ocr_par' dir='ltr' id='par_1_19' title="bbox 259 1791 1850 1865">
     <span class='ocr_line' id='line_1_19' title="bbox 259 1791 1850 1865; baseline 0.003 -23"><span class='ocrx_word' id='word_1_127' title='bbox 259 1791 317 1842; x_wconf 79' lang='grc' dir='ltr'>τὸ</span> <span class='ocrx_word' id='word_1_128' title='bbox 348 1792 708 1862; x_wconf 80' lang='grc' dir='ltr'>σπειρόμενον</span> <span class='ocrx_word' id='word_1_129' title='bbox 749 1792 834 1844; x_wconf 79' lang='grc' dir='ltr'>διὰ</span> <span class='ocrx_word' id='word_1_130' title='bbox 873 1792 967 1844; x_wconf 85' lang='grc' dir='ltr'><strong>τοῦ</strong></span> <span class='ocrx_word' id='word_1_131' title='bbox 1017 1793 1264 1862; x_wconf 85' lang='grc' dir='ltr'>ποταμοῦ</span> <span class='ocrx_word' id='word_1_132' title='bbox 1297 1793 1696 1865; x_wconf 77' lang='grc' dir='ltr'>ξηρανθήσεται</span> <span class='ocrx_word' id='word_1_133' title='bbox 1727 1795 1850 1846; x_wconf 90' lang='grc' dir='ltr'>ἀνε-</span> 
     </span>
    </p>
   </div>
   <div class='ocr_carea' id='block_1_20' title="bbox 264 1867 1924 1954">
    <p class='ocr_par' dir='ltr' id='par_1_20' title="bbox 264 1867 1924 1954">
     <span class='ocr_line' id='line_1_20' title="bbox 264 1867 1924 1954; baseline 0.003 -20"><span class='ocrx_word' id='word_1_134' title='bbox 264 1883 555 1954; x_wconf 79' lang='grc' dir='ltr'>μόφθορον.</span> <span class='ocrx_word' id='word_1_135' title='bbox 586 1885 694 1936; x_wconf 80' lang='lat' dir='ltr'><em>Ka‘t</em></span> <span class='ocrx_word' id='word_1_136' title='bbox 734 1885 1078 1950; x_wconf 79' lang='grc' dir='ltr'>στενάξουσιν</span> <span class='ocrx_word' id='word_1_137' title='bbox 1105 1887 1153 1938; x_wconf 89' lang='grc' dir='ltr'><strong>οἰ</strong></span> <span class='ocrx_word' id='word_1_138' title='bbox 1183 1886 1376 1949; x_wconf 82' lang='grc' dir='ltr'>ἁλιεῖς,</span> <span class='ocrx_word' id='word_1_139' title='bbox 1408 1888 1498 1938; x_wconf 75' lang='grc' dir='ltr'><strong>καὶ</strong></span> <span class='ocrx_word' id='word_1_140' title='bbox 1532 1886 1848 1952; x_wconf 81' lang='grc' dir='ltr'>στενάξουσι</span> <span class='ocrx_word' id='word_1_141' title='bbox 1883 1867 1924 1920; x_wconf 79' lang='grc' dir='ltr'><strong>Β</strong></span> 
     </span>
    </p>
   </div>
   <div class='ocr_carea' id='block_1_21' title="bbox 259 1977 1849 2049">
    <p class='ocr_par' dir='ltr' id='par_1_21' title="bbox 259 1977 1849 2049">
     <span class='ocr_line' id='line_1_21' title="bbox 259 1977 1849 2049; baseline 0.001 -21"><span class='ocrx_word' id='word_1_142' title='bbox 259 1977 461 2037; x_wconf 82' lang='grc' dir='ltr'>πάντες</span> <span class='ocrx_word' id='word_1_143' title='bbox 491 1979 542 2028; x_wconf 87' lang='grc' dir='ltr'>οἱ</span> <span class='ocrx_word' id='word_1_144' title='bbox 574 1977 858 2046; x_wconf 79' lang='grc' dir='ltr'>βάλλοντες</span> <span class='ocrx_word' id='word_1_145' title='bbox 895 1977 1192 2048; x_wconf 79' lang='grc' dir='ltr'>ἄγκιστρον</span> <span class='ocrx_word' id='word_1_146' title='bbox 1223 1979 1300 2040; x_wconf 87' lang='grc' dir='ltr'><strong>εἰς</strong></span> <span class='ocrx_word' id='word_1_147' title='bbox 1336 1979 1427 2030; x_wconf 88' lang='grc' dir='ltr'><strong>τὸν</strong></span> <span class='ocrx_word' id='word_1_148' title='bbox 1463 1979 1730 2049; x_wconf 74' lang='grc' dir='ltr'>ποταμὸν,</span> <span class='ocrx_word' id='word_1_149' title='bbox 1757 1980 1849 2031; x_wconf 74' lang='grc' dir='ltr'><strong>καὶ</strong></span> 
     </span>
    </p>
   </div>
   <div class='ocr_carea' id='block_1_22' title="bbox 256 2069 1843 2141">
    <p class='ocr_par' dir='ltr' id='par_1_22' title="bbox 256 2069 1843 2141">
     <span class='ocr_line' id='line_1_22' title="bbox 256 2069 1843 2141; baseline 0.001 -20"><span class='ocrx_word' id='word_1_150' title='bbox 256 2069 302 2121; x_wconf 88' lang='grc' dir='ltr'><strong>οἰ</strong></span> <span class='ocrx_word' id='word_1_151' title='bbox 332 2069 618 2138; x_wconf 77' lang='grc' dir='ltr'>βάλλοντες</span> <span class='ocrx_word' id='word_1_152' title='bbox 648 2071 890 2140; x_wconf 87' lang='grc' dir='ltr'>σαγήνας</span> <span class='ocrx_word' id='word_1_153' title='bbox 921 2070 1014 2123; x_wconf 72' lang='grc' dir='ltr'><strong>καὶ</strong></span> <span class='ocrx_word' id='word_1_154' title='bbox 1049 2070 1371 2139; x_wconf 80' lang='grc' dir='ltr'>ἁμφιϐολείς</span> <span class='ocrx_word' id='word_1_155' title='bbox 1396 2070 1776 2141; x_wconf 86' lang='grc' dir='ltr'>πενθήσουσιν.</span> <span class='ocrx_word' id='word_1_156' title='bbox 1826 2091 1843 2122; x_wconf 78' lang='grc' dir='ltr'><strong>ι</strong></span> 
     </span>
    </p>
   </div>
   <div class='ocr_carea' id='block_1_23' title="bbox 259 2157 1850 2234">
    <p class='ocr_par' dir='ltr' id='par_1_23' title="bbox 259 2157 1850 2234">
     <span class='ocr_line' id='line_1_23' title="bbox 259 2157 1850 2234; baseline 0.003 -22"><span class='ocrx_word' id='word_1_157' title='bbox 259 2161 501 2232; x_wconf 84' lang='grc' dir='ltr'>Παντελῆ</span> <span class='ocrx_word' id='word_1_158' title='bbox 533 2161 589 2214; x_wconf 83' lang='grc' dir='ltr'><strong>δὲ</strong></span> <span class='ocrx_word' id='word_1_159' title='bbox 629 2157 782 2230; x_wconf 76' lang='grc' dir='ltr'>οἶμαι</span> <span class='ocrx_word' id='word_1_160' title='bbox 829 2161 1093 2232; x_wconf 80' lang='grc' dir='ltr'>ξηρασίαν</span> <span class='ocrx_word' id='word_1_161' title='bbox 1139 2162 1346 2214; x_wconf 80' lang='grc' dir='ltr'>ὑδάτων</span> <span class='ocrx_word' id='word_1_162' title='bbox 1392 2163 1481 2215; x_wconf 84' lang='grc' dir='ltr'>διὰ</span> <span class='ocrx_word' id='word_1_163' title='bbox 1526 2164 1730 2217; x_wconf 86' lang='grc' dir='ltr'>τούτων</span> <span class='ocrx_word' id='word_1_164' title='bbox 1761 2181 1850 2234; x_wconf 86' lang='grc' dir='ltr'>ση-</span> 
     </span>
    </p>
   </div>
   <div class='ocr_carea' id='block_1_24' title="bbox 260 2250 1848 2324">
    <p class='ocr_par' dir='ltr' id='par_1_24' title="bbox 260 2250 1848 2324">
     <span class='ocr_line' id='line_1_24' title="bbox 260 2250 1848 2324; baseline -0.001 -21"><span class='ocrx_word' id='word_1_165' title='bbox 260 2250 492 2319; x_wconf 87' lang='grc' dir='ltr'>μαίνειν,</span> <span class='ocrx_word' id='word_1_166' title='bbox 531 2250 606 2312; x_wconf 82' lang='grc' dir='ltr'>ὡς</span> <span class='ocrx_word' id='word_1_167' title='bbox 646 2251 780 2320; x_wconf 76' lang='grc' dir='ltr'>μηδε</span> <span class='ocrx_word' id='word_1_168' title='bbox 829 2250 974 2320; x_wconf 80' lang='grc' dir='ltr'>ἴχνος</span> <span class='ocrx_word' id='word_1_169' title='bbox 1006 2251 1225 2304; x_wconf 87' lang='grc' dir='ltr'>νοτίδων</span> <span class='ocrx_word' id='word_1_170' title='bbox 1271 2252 1479 2304; x_wconf 80' lang='grc' dir='ltr'>ὑδάτων</span> <span class='ocrx_word' id='word_1_171' title='bbox 1514 2255 1650 2324; x_wconf 85' lang='grc' dir='ltr'>μήτε</span> <span class='ocrx_word' id='word_1_172' title='bbox 1679 2256 1734 2304; x_wconf 82' lang='grc' dir='ltr'><strong>ὲν</strong></span> <span class='ocrx_word' id='word_1_173' title='bbox 1770 2251 1848 2321; x_wconf 80' lang='grc' dir='ltr'>τῷ</span> 
     </span>
    </p>
   </div>
   <div class='ocr_carea' id='block_1_25' title="bbox 255 2342 1848 2420">
    <p class='ocr_par' dir='ltr' id='par_1_25' title="bbox 255 2342 1848 2420">
     <span class='ocr_line' id='line_1_25' title="bbox 255 2342 1848 2420; baseline 0 -24"><span class='ocrx_word' id='word_1_174' title='bbox 255 2343 484 2412; x_wconf 81' lang='grc' dir='ltr'>ποταμῷ</span> <span class='ocrx_word' id='word_1_175' title='bbox 520 2343 828 2410; x_wconf 83' lang='grc' dir='ltr'>φαίνεσθαι,</span> <span class='ocrx_word' id='word_1_176' title='bbox 866 2344 1002 2413; x_wconf 82' lang='grc' dir='ltr'>μήτε</span> <span class='ocrx_word' id='word_1_177' title='bbox 1039 2345 1095 2394; x_wconf 80' lang='grc' dir='ltr'>ὲν</span> <span class='ocrx_word' id='word_1_178' title='bbox 1133 2343 1210 2413; x_wconf 82' lang='grc' dir='ltr'><strong>τῷ</strong></span> <span class='ocrx_word' id='word_1_179' title='bbox 1236 2342 1343 2395; x_wconf 74' lang='grc' dir='ltr'>ἕλει</span> <span class='ocrx_word' id='word_1_180' title='bbox 1392 2345 1518 2414; x_wconf 78' lang='grc' dir='ltr'>μήτ’</span> <span class='ocrx_word' id='word_1_181' title='bbox 1549 2346 1693 2420; x_wconf 75' lang='grc' dir='ltr'>ἀμφὶ</span> <span class='ocrx_word' id='word_1_182' title='bbox 1741 2344 1848 2396; x_wconf 88' lang='grc' dir='ltr'><strong>τῶν</strong></span> 
     </span>
    </p>
   </div>
   <div class='ocr_carea' id='block_1_26' title="bbox 253 2433 1844 2505">
    <p class='ocr_par' dir='ltr' id='par_1_26' title="bbox 253 2433 1844 2505">
     <span class='ocr_line' id='line_1_26' title="bbox 253 2433 1844 2505; baseline -0.003 -17"><span class='ocrx_word' id='word_1_183' title='bbox 253 2436 516 2503; x_wconf 81' lang='grc' dir='ltr'>ποταμῶν</span> <span class='ocrx_word' id='word_1_184' title='bbox 545 2435 719 2495; x_wconf 69' lang='grc' dir='ltr'>ἐκτός,</span> <span class='ocrx_word' id='word_1_185' title='bbox 751 2434 875 2502; x_wconf 80' lang='grc' dir='ltr'>μήτ’</span> <span class='ocrx_word' id='word_1_186' title='bbox 898 2436 954 2484; x_wconf 83' lang='grc' dir='ltr'>ὲν</span> <span class='ocrx_word' id='word_1_187' title='bbox 975 2433 1122 2503; x_wconf 85' lang='grc' dir='ltr'>αύτῷ</span> <span class='ocrx_word' id='word_1_188' title='bbox 1146 2434 1314 2504; x_wconf 85' lang='grc' dir='ltr'>μέσῳ,</span> <span class='ocrx_word' id='word_1_189' title='bbox 1341 2436 1465 2505; x_wconf 83' lang='grc' dir='ltr'>μήτ’</span> <span class='ocrx_word' id='word_1_190' title='bbox 1488 2438 1544 2487; x_wconf 83' lang='grc' dir='ltr'><strong>ὲν</strong></span> <span class='ocrx_word' id='word_1_191' title='bbox 1570 2436 1844 2505; x_wconf 79' lang='grc' dir='ltr'>διώρυξιν,</span> 
     </span>
    </p>
   </div>
   <div class='ocr_carea' id='block_1_27' title="bbox 255 2525 1846 2597">
    <p class='ocr_par' dir='ltr' id='par_1_27' title="bbox 255 2525 1846 2597">
     <span class='ocr_line' id='line_1_27' title="bbox 255 2525 1846 2597; baseline 0 -19"><span class='ocrx_word' id='word_1_192' title='bbox 255 2526 379 2597; x_wconf 79' lang='grc' dir='ltr'>μήτ’</span> <span class='ocrx_word' id='word_1_193' title='bbox 405 2527 466 2578; x_wconf 83' lang='grc' dir='ltr'>ὲν</span> <span class='ocrx_word' id='word_1_194' title='bbox 493 2526 776 2594; x_wconf 87' lang='grc' dir='ltr'>στασίμοις</span> <span class='ocrx_word' id='word_1_195' title='bbox 815 2525 1034 2578; x_wconf 84' lang='grc' dir='ltr'>ῦδασιν·</span> <span class='ocrx_word' id='word_1_196' title='bbox 1073 2525 1246 2593; x_wconf 65' lang='grc' dir='ltr'>λεῐψιν</span> <span class='ocrx_word' id='word_1_197' title='bbox 1290 2525 1346 2577; x_wconf 86' lang='grc' dir='ltr'>δὲ</span> <span class='ocrx_word' id='word_1_198' title='bbox 1381 2526 1594 2597; x_wconf 87' lang='grc' dir='ltr'>ἀθρόως</span> <span class='ocrx_word' id='word_1_199' title='bbox 1641 2526 1846 2582; x_wconf 61' lang='grc' dir='ltr'>τούτων</span> 
     </span>
    </p>
   </div>
   <div class='ocr_carea' id='block_1_28' title="bbox 249 2617 1846 2690">
    <p class='ocr_par' dir='ltr' id='par_1_28' title="bbox 249 2617 1846 2690">
     <span class='ocr_line' id='line_1_28' title="bbox 249 2617 1846 2690; baseline -0.003 -18"><span class='ocrx_word' id='word_1_200' title='bbox 249 2619 469 2672; x_wconf 74' lang='grc' dir='ltr'>ἔσεσθαι</span> <span class='ocrx_word' id='word_1_201' title='bbox 513 2619 790 2680; x_wconf 88' lang='grc' dir='ltr'>ἁπάντων,</span> <span class='ocrx_word' id='word_1_202' title='bbox 826 2617 900 2680; x_wconf 84' lang='grc' dir='ltr'>ὡς</span> <span class='ocrx_word' id='word_1_203' title='bbox 936 2618 1186 2688; x_wconf 81' lang='grc' dir='ltr'>μηδαμοῦ</span> <span class='ocrx_word' id='word_1_204' title='bbox 1232 2619 1332 2688; x_wconf 86' lang='grc' dir='ltr'>τῆς</span> <span class='ocrx_word' id='word_1_205' title='bbox 1375 2620 1693 2686; x_wconf 78' lang='grc' dir='ltr'>Αἰγυπτίων</span> <span class='ocrx_word' id='word_1_206' title='bbox 1745 2624 1846 2690; x_wconf 79' lang='grc' dir='ltr'>γῆς</span> 
     </span>
    </p>
   </div>
   <div class='ocr_carea' id='block_1_29' title="bbox 251 2705 1846 2779">
    <p class='ocr_par' dir='ltr' id='par_1_29' title="bbox 251 2705 1846 2779">
     <span class='ocr_line' id='line_1_29' title="bbox 251 2705 1846 2779; baseline 0 -15"><span class='ocrx_word' id='word_1_207' title='bbox 251 2709 418 2764; x_wconf 65' lang='grc' dir='ltr'>ὕδατα</span> <span class='ocrx_word' id='word_1_208' title='bbox 467 2710 786 2779; x_wconf 72' lang='grc' dir='ltr'>ὑφεστάναι.</span> <span class='ocrx_word' id='word_1_209' title='bbox 835 2709 974 2761; x_wconf 85' lang='grc' dir='ltr'>Ἀλλ’</span> <span class='ocrx_word' id='word_1_210' title='bbox 1014 2705 1166 2772; x_wconf 71' lang='grc' dir='ltr'>οὗτος</span> <span class='ocrx_word' id='word_1_211' title='bbox 1207 2711 1234 2760; x_wconf 88' lang='grc' dir='ltr'>ὁ</span> <span class='ocrx_word' id='word_1_212' title='bbox 1279 2709 1434 2777; x_wconf 80' lang='grc' dir='ltr'>λόγος</span> <span class='ocrx_word' id='word_1_213' title='bbox 1476 2713 1571 2763; x_wconf 75' lang='grc' dir='ltr'><strong>καὶ</strong></span> <span class='ocrx_word' id='word_1_214' title='bbox 1611 2711 1701 2763; x_wconf 83' lang='grc' dir='ltr'><strong>τὸν</strong></span> <span class='ocrx_word' id='word_1_215' title='bbox 1746 2714 1846 2764; x_wconf 78' lang='grc' dir='ltr'><strong>οὐκ</strong></span> 
     </span>
    </p>
   </div>
   <div class='ocr_carea' id='block_1_30' title="bbox 249 2801 1842 2874">
    <p class='ocr_par' dir='ltr' id='par_1_30' title="bbox 249 2801 1842 2874">
     <span class='ocr_line' id='line_1_30' title="bbox 249 2801 1842 2874; baseline -0.001 -16"><span class='ocrx_word' id='word_1_216' title='bbox 249 2803 502 2858; x_wconf 75' lang='grc' dir='ltr'>ἐθέλοντα</span> <span class='ocrx_word' id='word_1_217' title='bbox 529 2803 776 2873; x_wconf 79' lang='grc' dir='ltr'>βιάζεται</span> <span class='ocrx_word' id='word_1_218' title='bbox 799 2802 890 2853; x_wconf 72' lang='grc' dir='ltr'>ἐπὶ</span> <span class='ocrx_word' id='word_1_219' title='bbox 914 2802 1180 2872; x_wconf 77' lang='grc' dir='ltr'>τροπικὴν</span> <span class='ocrx_word' id='word_1_220' title='bbox 1211 2801 1560 2871; x_wconf 73' lang='grc' dir='ltr'>μεταϐαίνειν</span> <span class='ocrx_word' id='word_1_221' title='bbox 1587 2802 1842 2874; x_wconf 84' lang='grc' dir='ltr'>Θεωρίαν·</span> 
     </span>
    </p>
   </div>
   <div class='ocr_carea' id='block_1_31' title="bbox 247 2894 1844 2964">
    <p class='ocr_par' dir='ltr' id='par_1_31' title="bbox 247 2894 1844 2964">
     <span class='ocr_line' id='line_1_31' title="bbox 247 2894 1844 2964; baseline 0 -16"><span class='ocrx_word' id='word_1_222' title='bbox 247 2896 390 2948; x_wconf 83' lang='grc' dir='ltr'>ὥστε</span> <span class='ocrx_word' id='word_1_223' title='bbox 418 2895 478 2961; x_wconf 81' lang='grc' dir='ltr'>ἐξ</span> <span class='ocrx_word' id='word_1_224' title='bbox 511 2895 756 2962; x_wconf 77' lang='grc' dir='ltr'>ἀνάγκης</span> <span class='ocrx_word' id='word_1_225' title='bbox 789 2894 1067 2964; x_wconf 77' lang='grc' dir='ltr'>ποταμοὺς</span> <span class='ocrx_word' id='word_1_226' title='bbox 1090 2895 1182 2948; x_wconf 80' lang='grc' dir='ltr'><strong>καὶ</strong></span> <span class='ocrx_word' id='word_1_227' title='bbox 1213 2894 1379 2947; x_wconf 77' lang='grc' dir='ltr'>ὕδατα</span> <span class='ocrx_word' id='word_1_228' title='bbox 1403 2897 1543 2949; x_wconf 86' lang='grc' dir='ltr'>νοεῖν</span> <span class='ocrx_word' id='word_1_229' title='bbox 1570 2897 1844 2963; x_wconf 86' lang='grc' dir='ltr'>Αἰγύπτια</span> 
     </span>
    </p>
   </div>
   <div class='ocr_carea' id='block_1_32' title="bbox 249 2986 1845 3058">
    <p class='ocr_par' dir='ltr' id='par_1_32' title="bbox 249 2986 1845 3058">
     <span class='ocr_line' id='line_1_32' title="bbox 249 2986 1845 3058; baseline -0.001 -17"><span class='ocrx_word' id='word_1_230' title='bbox 249 2989 366 3058; x_wconf 70' lang='grc' dir='ltr'><strong>ιἦτοι</strong></span> <span class='ocrx_word' id='word_1_231' title='bbox 389 2987 460 3040; x_wconf 80' lang='grc' dir='ltr'><strong>τά</strong></span> <span class='ocrx_word' id='word_1_232' title='bbox 485 2986 662 3057; x_wconf 80' lang='grc' dir='ltr'>πλήθη</span> <span class='ocrx_word' id='word_1_233' title='bbox 687 2987 789 3056; x_wconf 80' lang='grc' dir='ltr'>τῆς</span> <span class='ocrx_word' id='word_1_234' title='bbox 818 2987 1200 3055; x_wconf 78' lang='grc' dir='ltr'>Αἰγυπτιακῆς</span> <span class='ocrx_word' id='word_1_235' title='bbox 1223 2987 1526 3056; x_wconf 89' lang='grc' dir='ltr'>δυνάμεως,</span> <span class='ocrx_word' id='word_1_236' title='bbox 1556 2987 1588 3057; x_wconf 81' lang='grc' dir='ltr'>ἢ</span> <span class='ocrx_word' id='word_1_237' title='bbox 1614 2988 1712 3058; x_wconf 84' lang='grc' dir='ltr'><strong>τὴν</strong></span> <span class='ocrx_word' id='word_1_238' title='bbox 1749 2987 1845 3056; x_wconf 83' lang='grc' dir='ltr'>βα-</span> 
     </span>
    </p>
   </div>
   <div class='ocr_carea' id='block_1_33' title="bbox 251 3078 1842 3149">
    <p class='ocr_par' dir='ltr' id='par_1_33' title="bbox 251 3078 1842 3149">
     <span class='ocr_line' id='line_1_33' title="bbox 251 3078 1842 3149; baseline -0.001 -17"><span class='ocrx_word' id='word_1_239' title='bbox 251 3081 456 3133; x_wconf 87' lang='grc' dir='ltr'>σιλείαν</span> <span class='ocrx_word' id='word_1_240' title='bbox 501 3080 679 3131; x_wconf 78' lang='grc' dir='ltr'>αὐτῶν</span> <span class='ocrx_word' id='word_1_241' title='bbox 728 3080 827 3148; x_wconf 85' lang='grc' dir='ltr'>τὴν</span> <span class='ocrx_word' id='word_1_242' title='bbox 879 3078 1043 3134; x_wconf 88' lang='grc' dir='ltr'>πάλαι</span> <span class='ocrx_word' id='word_1_243' title='bbox 1091 3078 1340 3148; x_wconf 83' lang='grc' dir='ltr'>ποταμοῦ</span> <span class='ocrx_word' id='word_1_244' title='bbox 1386 3079 1540 3148; x_wconf 90' lang='grc' dir='ltr'>δίκην</span> <span class='ocrx_word' id='word_1_245' title='bbox 1581 3079 1842 3149; x_wconf 83' lang='grc' dir='ltr'>πλημμυ-</span> 
     </span>
    </p>
   </div>
   <div class='ocr_carea' id='block_1_34' title="bbox 251 3169 1913 3266">
    <p class='ocr_par' dir='ltr' id='par_1_34' title="bbox 251 3169 1913 3266">
     <span class='ocr_line' id='line_1_34' title="bbox 251 3169 1913 3266; baseline 0.001 -42"><span class='ocrx_word' id='word_1_246' title='bbox 251 3172 509 3242; x_wconf 73' lang='grc' dir='ltr'>ροῦσανῆ</span> <span class='ocrx_word' id='word_1_247' title='bbox 542 3171 661 3224; x_wconf 87' lang='grc' dir='ltr'>καθ’</span> <span class='ocrx_word' id='word_1_248' title='bbox 694 3171 888 3241; x_wconf 79' lang='grc' dir='ltr'>ἑτέραν</span> <span class='ocrx_word' id='word_1_249' title='bbox 933 3169 1180 3240; x_wconf 78' lang='grc' dir='ltr'>ἐκδοχὴν,</span> <span class='ocrx_word' id='word_1_250' title='bbox 1220 3171 1320 3240; x_wconf 84' lang='grc' dir='ltr'>τὴν</span> <span class='ocrx_word' id='word_1_251' title='bbox 1351 3172 1502 3266; x_wconf 49' lang='grc' dir='ltr'>παρ’.</span> <span class='ocrx_word' id='word_1_252' title='bbox 1520 3173 1840 3239; x_wconf 86' lang='grc' dir='ltr'>Αἰγυπτίοις</span> <span class='ocrx_word' id='word_1_253' title='bbox 1870 3205 1913 3266; x_wconf 65' lang='lat' dir='ltr'><strong>C</strong></span> 
     </span>
    </p>
   </div>
   <div class='ocr_carea' id='block_1_35' title="bbox 246 3257 1833 3333">
    <p class='ocr_par' dir='ltr' id='par_1_35' title="bbox 246 3257 1833 3333">
     <span class='ocr_line' id='line_1_35' title="bbox 246 3257 1833 3333; baseline -0.001 -17"><span class='ocrx_word' id='word_1_254' title='bbox 246 3266 305 3317; x_wconf 63' lang='grc' dir='ltr'>τὸ</span> <span class='ocrx_word' id='word_1_255' title='bbox 327 3265 562 3318; x_wconf 80' lang='grc' dir='ltr'>παλαιὸν</span> <span class='ocrx_word' id='word_1_256' title='bbox 584 3263 937 3333; x_wconf 73' lang='grc' dir='ltr'>ἀκμάζουσαν</span> <span class='ocrx_word' id='word_1_257' title='bbox 956 3261 1293 3330; x_wconf 77' lang='grc' dir='ltr'>φιλοσοφίαν,</span> <span class='ocrx_word' id='word_1_258' title='bbox 1319 3280 1383 3313; x_wconf 88' lang='grc' dir='ltr'><strong>πε</strong></span> <span class='ocrx_word' id='word_1_259' title='bbox 1395 3264 1446 3332; x_wconf 78' lang='lat' dir='ltr'><strong>pl.</strong></span> <span class='ocrx_word' id='word_1_260' title='bbox 1473 3257 1540 3333; x_wconf 82' lang='grc' dir='ltr'>ἦς</span> <span class='ocrx_word' id='word_1_261' title='bbox 1567 3262 1833 3315; x_wconf 76' lang='grc' dir='ltr'>λέλεκται·</span> 
     </span>
    </p>
   </div>
   <div class='ocr_carea' id='block_1_36' title="bbox 253 3352 1834 3424">
    <p class='ocr_par' dir='ltr' id='par_1_36' title="bbox 253 3352 1834 3424">
     <span class='ocr_line' id='line_1_36' title="bbox 253 3352 1834 3424; baseline -0.003 -15"><span class='ocrx_word' id='word_1_262' title='bbox 253 3375 270 3408; x_wconf 76' lang='lat' dir='ltr'><strong>r</strong></span> <span class='ocrx_word' id='word_1_263' title='bbox 312 3358 424 3409; x_wconf 87' lang='lat' dir='ltr'><strong>Kal.</strong></span> <span class='ocrx_word' id='word_1_264' title='bbox 462 3353 755 3424; x_wconf 81' lang='grc' dir='ltr'>ἐπαιδεύθη</span> <span class='ocrx_word' id='word_1_265' title='bbox 785 3353 1026 3422; x_wconf 82' lang='grc' dir='ltr'>Μωῦσῆς</span> <span class='ocrx_word' id='word_1_266' title='bbox 1064 3353 1212 3423; x_wconf 81' lang='grc' dir='ltr'>πάσῃ</span> <span class='ocrx_word' id='word_1_267' title='bbox 1241 3352 1401 3423; x_wconf 76' lang='grc' dir='ltr'>σοφία</span> <span class='ocrx_word' id='word_1_268' title='bbox 1429 3355 1762 3421; x_wconf 79' lang='grc' dir='ltr'>Αἰγυπτίων.</span> <span class='ocrx_word' id='word_1_269' title='bbox 1817 3375 1834 3405; x_wconf 74' lang='grc' dir='ltr'><strong>ι</strong></span> 
     </span>
    </p>
   </div>
   <div class='ocr_carea' id='block_1_37' title="bbox 249 3441 1840 3518">
    <p class='ocr_par' dir='ltr' id='par_1_37' title="bbox 249 3441 1840 3518">
     <span class='ocr_line' id='line_1_37' title="bbox 249 3441 1840 3518; baseline -0.005 -18"><span class='ocrx_word' id='word_1_270' title='bbox 249 3447 424 3518; x_wconf 79' lang='grc' dir='ltr'>Πολλὴ</span> <span class='ocrx_word' id='word_1_271' title='bbox 453 3447 559 3517; x_wconf 87' lang='grc' dir='ltr'><strong>γάρ</strong></span> <span class='ocrx_word' id='word_1_272' title='bbox 587 3464 669 3509; x_wconf 87' lang='grc' dir='ltr'><strong>τις</strong></span> <span class='ocrx_word' id='word_1_273' title='bbox 691 3441 758 3514; x_wconf 78' lang='grc' dir='ltr'>ἦν</span> <span class='ocrx_word' id='word_1_274' title='bbox 783 3445 940 3515; x_wconf 80' lang='grc' dir='ltr'>αὑτὴ,</span> <span class='ocrx_word' id='word_1_275' title='bbox 970 3446 1061 3497; x_wconf 77' lang='grc' dir='ltr'><strong>καὶ</strong></span> <span class='ocrx_word' id='word_1_276' title='bbox 1090 3445 1262 3513; x_wconf 80' lang='grc' dir='ltr'>μέγας</span> <span class='ocrx_word' id='word_1_277' title='bbox 1284 3447 1311 3496; x_wconf 88' lang='grc' dir='ltr'><strong>ό</strong></span> <span class='ocrx_word' id='word_1_278' title='bbox 1341 3447 1466 3515; x_wconf 78' lang='grc' dir='ltr'>παρ’</span> <span class='ocrx_word' id='word_1_279' title='bbox 1493 3446 1676 3508; x_wconf 81' lang='grc' dir='ltr'>αὐτοῖς</span> <span class='ocrx_word' id='word_1_280' title='bbox 1702 3447 1840 3515; x_wconf 71' lang='grc' dir='ltr'>ῥέων</span> 
     </span>
    </p>
   </div>
   <div class='ocr_carea' id='block_1_38' title="bbox 247 3535 1840 3610">
    <p class='ocr_par' dir='ltr' id='par_1_38' title="bbox 247 3535 1840 3610">
     <span class='ocr_line' id='line_1_38' title="bbox 247 3535 1840 3610; baseline -0.002 -18"><span class='ocrx_word' id='word_1_281' title='bbox 247 3539 514 3610; x_wconf 76' lang='grc' dir='ltr'>ποταμὸς,</span> <span class='ocrx_word' id='word_1_282' title='bbox 545 3540 572 3590; x_wconf 91' lang='grc' dir='ltr'><strong>ό</strong></span> <span class='ocrx_word' id='word_1_283' title='bbox 611 3539 711 3607; x_wconf 82' lang='grc' dir='ltr'>τῆς</span> <span class='ocrx_word' id='word_1_284' title='bbox 752 3538 883 3608; x_wconf 84' lang='grc' dir='ltr'>παρ’</span> <span class='ocrx_word' id='word_1_285' title='bbox 933 3537 1115 3598; x_wconf 70' lang='grc' dir='ltr'>αὐτοῖς</span> <span class='ocrx_word' id='word_1_286' title='bbox 1163 3535 1588 3606; x_wconf 73' lang='grc' dir='ltr'>θαυμαζομένης</span> <span class='ocrx_word' id='word_1_287' title='bbox 1646 3538 1840 3606; x_wconf 82' lang='grc' dir='ltr'>σοφίας</span> 
     </span>
    </p>
   </div>
   <div class='ocr_carea' id='block_1_39' title="bbox 245 3627 1840 3698">
    <p class='ocr_par' dir='ltr' id='par_1_39' title="bbox 245 3627 1840 3698">
     <span class='ocr_line' id='line_1_39' title="bbox 245 3627 1840 3698; baseline -0.002 -16"><span class='ocrx_word' id='word_1_288' title='bbox 245 3630 422 3698; x_wconf 71' lang='grc' dir='ltr'>λόγος.</span> <span class='ocrx_word' id='word_1_289' title='bbox 453 3629 656 3681; x_wconf 87' lang='grc' dir='ltr'>Τούτου</span> <span class='ocrx_word' id='word_1_290' title='bbox 696 3627 752 3679; x_wconf 80' lang='grc' dir='ltr'><strong>δὲ</strong></span> <span class='ocrx_word' id='word_1_291' title='bbox 791 3628 1002 3696; x_wconf 81' lang='grc' dir='ltr'>ὑπῆρχε</span> <span class='ocrx_word' id='word_1_292' title='bbox 1052 3629 1190 3696; x_wconf 80' lang='grc' dir='ltr'>μέρη</span> <span class='ocrx_word' id='word_1_293' title='bbox 1224 3627 1394 3678; x_wconf 88' lang='grc' dir='ltr'>πολλὰ</span> <span class='ocrx_word' id='word_1_294' title='bbox 1429 3644 1840 3698; x_wconf 71' lang='grc' dir='ltr'>κατακερματιο</span> 
     </span>
    </p>
   </div>
   <div class='ocr_carea' id='block_1_40' title="bbox 245 3719 1842 3793">
    <p class='ocr_par' dir='ltr' id='par_1_40' title="bbox 245 3719 1842 3793">
     <span class='ocr_line' id='line_1_40' title="bbox 245 3719 1842 3793; baseline -0.001 -19"><span class='ocrx_word' id='word_1_295' title='bbox 245 3720 477 3792; x_wconf 80' lang='grc' dir='ltr'>ζομένου</span> <span class='ocrx_word' id='word_1_296' title='bbox 508 3723 586 3781; x_wconf 84' lang='grc' dir='ltr'><strong>εἰς</strong></span> <span class='ocrx_word' id='word_1_297' title='bbox 611 3719 880 3790; x_wconf 81' lang='grc' dir='ltr'>διώρυγας</span> <span class='ocrx_word' id='word_1_298' title='bbox 904 3720 1126 3782; x_wconf 80' lang='grc' dir='ltr'>πολλὰς,</span> <span class='ocrx_word' id='word_1_299' title='bbox 1160 3719 1254 3770; x_wconf 72' lang='grc' dir='ltr'><strong>καὶ</strong></span> <span class='ocrx_word' id='word_1_300' title='bbox 1284 3722 1361 3782; x_wconf 80' lang='grc' dir='ltr'><strong>εἰς</strong></span> <span class='ocrx_word' id='word_1_301' title='bbox 1394 3720 1618 3783; x_wconf 79' lang='grc' dir='ltr'>πολλοὺς</span> <span class='ocrx_word' id='word_1_302' title='bbox 1665 3722 1842 3793; x_wconf 83' lang='grc' dir='ltr'>μαθη-</span> 
     </span>
    </p>
   </div>
   <div class='ocr_carea' id='block_1_41' title="bbox 242 3807 1837 3879">
    <p class='ocr_par' dir='ltr' id='par_1_41' title="bbox 242 3807 1837 3879">
     <span class='ocr_line' id='line_1_41' title="bbox 242 3807 1837 3879; baseline 0.001 -18"><span class='ocrx_word' id='word_1_303' title='bbox 242 3809 340 3871; x_wconf 78' lang='grc' dir='ltr'>τὰς</span> <span class='ocrx_word' id='word_1_304' title='bbox 382 3807 491 3860; x_wconf 84' lang='grc' dir='ltr'><strong>τῶν</strong></span> <span class='ocrx_word' id='word_1_305' title='bbox 543 3807 664 3860; x_wconf 81' lang='grc' dir='ltr'>καθ’</span> <span class='ocrx_word' id='word_1_306' title='bbox 707 3809 934 3860; x_wconf 82' lang='grc' dir='ltr'>’ἑκαστον</span> <span class='ocrx_word' id='word_1_307' title='bbox 990 3807 1099 3859; x_wconf 87' lang='grc' dir='ltr'><strong>τῶν</strong></span> <span class='ocrx_word' id='word_1_308' title='bbox 1144 3808 1270 3876; x_wconf 87' lang='grc' dir='ltr'>παρ’</span> <span class='ocrx_word' id='word_1_309' title='bbox 1309 3809 1492 3870; x_wconf 80' lang='grc' dir='ltr'>αὐτοῖς</span> <span class='ocrx_word' id='word_1_310' title='bbox 1544 3810 1837 3879; x_wconf 86' lang='grc' dir='ltr'>μαθήσεων</span> 
     </span>
    </p>
   </div>
   <div class='ocr_carea' id='block_1_42' title="bbox 242 3893 1836 3969">
    <p class='ocr_par' dir='ltr' id='par_1_42' title="bbox 242 3893 1836 3969">
     <span class='ocr_line' id='line_1_42' title="bbox 242 3893 1836 3969; baseline 0.001 -17"><span class='ocrx_word' id='word_1_311' title='bbox 242 3899 438 3967; x_wconf 85' lang='grc' dir='ltr'>λόγων,</span> <span class='ocrx_word' id='word_1_312' title='bbox 470 3898 530 3962; x_wconf 78' lang='grc' dir='ltr'>ἐξ</span> <span class='ocrx_word' id='word_1_313' title='bbox 558 3893 632 3952; x_wconf 83' lang='grc' dir='ltr'>ὧν</span> <span class='ocrx_word' id='word_1_314' title='bbox 657 3898 817 3967; x_wconf 81' lang='grc' dir='ltr'>έφυον</span> <span class='ocrx_word' id='word_1_315' title='bbox 841 3900 941 3950; x_wconf 79' lang='grc' dir='ltr'><strong>οὐκ</strong></span> <span class='ocrx_word' id='word_1_316' title='bbox 977 3899 1211 3969; x_wconf 82' lang='grc' dir='ltr'>ἄμπελοι</span> <span class='ocrx_word' id='word_1_317' title='bbox 1246 3899 1365 3950; x_wconf 76' lang='grc' dir='ltr'>οὐδὲ</span> <span class='ocrx_word' id='word_1_318' title='bbox 1404 3900 1604 3963; x_wconf 80' lang='grc' dir='ltr'>ἐλαῖαι,</span> <span class='ocrx_word' id='word_1_319' title='bbox 1637 3902 1755 3953; x_wconf 83' lang='grc' dir='ltr'>ούδέ</span> <span class='ocrx_word' id='word_1_320' title='bbox 1786 3919 1836 3952; x_wconf 84' lang='grc' dir='ltr'><strong>τι</strong></span> 
     </span>
    </p>
   </div>
   <div class='ocr_carea' id='block_1_43' title="bbox 242 3990 1839 4063">
    <p class='ocr_par' dir='ltr' id='par_1_43' title="bbox 242 3990 1839 4063">
     <span class='ocr_line' id='line_1_43' title="bbox 242 3990 1839 4063; baseline 0.002 -20"><span class='ocrx_word' id='word_1_321' title='bbox 242 3991 350 4043; x_wconf 83' lang='grc' dir='ltr'><strong>τῶν</strong></span> <span class='ocrx_word' id='word_1_322' title='bbox 407 3990 703 4061; x_wconf 88' lang='grc' dir='ltr'>καρπίμων</span> <span class='ocrx_word' id='word_1_323' title='bbox 744 3990 852 4043; x_wconf 89' lang='grc' dir='ltr'><strong>τῶν</strong></span> <span class='ocrx_word' id='word_1_324' title='bbox 896 3992 1208 4057; x_wconf 82' lang='grc' dir='ltr'>ἀναγκαίων</span> <span class='ocrx_word' id='word_1_325' title='bbox 1256 3992 1509 4063; x_wconf 85' lang='grc' dir='ltr'>δένδρων,</span> <span class='ocrx_word' id='word_1_326' title='bbox 1553 3993 1690 4046; x_wconf 77' lang='grc' dir='ltr'>ἀλλὰ</span> <span class='ocrx_word' id='word_1_327' title='bbox 1741 3996 1839 4047; x_wconf 85' lang='grc' dir='ltr'>πά-</span> 
     </span>
    </p>
   </div>
   <div class='ocr_carea' id='block_1_44' title="bbox 244 4082 1830 4156">
    <p class='ocr_par' dir='ltr' id='par_1_44' title="bbox 244 4082 1830 4156">
     <span class='ocr_line' id='line_1_44' title="bbox 244 4082 1830 4156; baseline 0.004 -24"><span class='ocrx_word' id='word_1_328' title='bbox 244 4098 436 4152; x_wconf 78' lang='grc' dir='ltr'>πυρος,</span> <span class='ocrx_word' id='word_1_329' title='bbox 479 4082 721 4151; x_wconf 83' lang='grc' dir='ltr'>κάλαμος</span> <span class='ocrx_word' id='word_1_330' title='bbox 749 4084 842 4136; x_wconf 75' lang='grc' dir='ltr'><strong>καὶ</strong></span> <span class='ocrx_word' id='word_1_331' title='bbox 873 4084 931 4136; x_wconf 83' lang='grc' dir='ltr'><strong>τὸ</strong></span> <span class='ocrx_word' id='word_1_332' title='bbox 967 4084 1175 4152; x_wconf 77' lang='grc' dir='ltr'>χλωρὸν</span> <span class='ocrx_word' id='word_1_333' title='bbox 1207 4085 1319 4155; x_wconf 84' lang='grc' dir='ltr'>ἁχί.</span> <span class='ocrx_word' id='word_1_334' title='bbox 1370 4085 1623 4156; x_wconf 83' lang='grc' dir='ltr'>Σαγήνας</span> <span class='ocrx_word' id='word_1_335' title='bbox 1652 4087 1706 4138; x_wconf 83' lang='grc' dir='ltr'>δὲ</span> <span class='ocrx_word' id='word_1_336' title='bbox 1733 4089 1830 4138; x_wconf 83' lang='grc' dir='ltr'>αύ-</span> 
     </span>
    </p>
   </div>
   <div class='ocr_carea' id='block_1_45' title="bbox 244 4173 1835 4248">
    <p class='ocr_par' dir='ltr' id='par_1_45' title="bbox 244 4173 1835 4248">
     <span class='ocr_line' id='line_1_45' title="bbox 244 4173 1835 4248; baseline 0.002 -24"><span class='ocrx_word' id='word_1_337' title='bbox 244 4173 350 4224; x_wconf 89' lang='grc' dir='ltr'><strong>τῶν</strong></span> <span class='ocrx_word' id='word_1_338' title='bbox 378 4175 594 4242; x_wconf 81' lang='grc' dir='ltr'>νοήσεις</span> <span class='ocrx_word' id='word_1_339' title='bbox 631 4173 738 4226; x_wconf 81' lang='grc' dir='ltr'>ἀπὸ</span> <span class='ocrx_word' id='word_1_340' title='bbox 763 4173 862 4241; x_wconf 78' lang='grc' dir='ltr'>τῆς</span> <span class='ocrx_word' id='word_1_341' title='bbox 903 4175 997 4226; x_wconf 88' lang='grc' dir='ltr'><strong>τοῦ</strong></span> <span class='ocrx_word' id='word_1_342' title='bbox 1029 4176 1280 4245; x_wconf 72' lang='grc' dir='ltr'>Σωτῆρος</span> <span class='ocrx_word' id='word_1_343' title='bbox 1319 4176 1474 4244; x_wconf 76' lang='grc' dir='ltr'>ἡμῶν</span> <span class='ocrx_word' id='word_1_344' title='bbox 1517 4177 1835 4248; x_wconf 76' lang='grc' dir='ltr'>παραϐολῆς</span> 
     </span>
    </p>
   </div>
   <div class='ocr_carea' id='block_1_46' title="bbox 244 4259 1835 4338">
    <p class='ocr_par' dir='ltr' id='par_1_46' title="bbox 244 4259 1835 4338">
     <span class='ocr_line' id='line_1_46' title="bbox 244 4259 1835 4338; baseline 0.004 -24"><span class='ocrx_word' id='word_1_345' title='bbox 244 4261 310 4315; x_wconf 73' lang='grc' dir='ltr'>δι’</span> <span class='ocrx_word' id='word_1_346' title='bbox 342 4259 412 4334; x_wconf 82' lang='grc' dir='ltr'>ἦς</span> <span class='ocrx_word' id='word_1_347' title='bbox 452 4262 701 4334; x_wconf 76' lang='grc' dir='ltr'>εἴρηται·</span> <span class='ocrx_word' id='word_1_348' title='bbox 743 4284 760 4315; x_wconf 76' lang='grc' dir='ltr'><strong>ι</strong></span> <span class='ocrx_word' id='word_1_349' title='bbox 808 4265 996 4335; x_wconf 82' lang='grc' dir='ltr'>Ὁμοία</span> <span class='ocrx_word' id='word_1_350' title='bbox 1027 4267 1172 4318; x_wconf 75' lang='grc' dir='ltr'>ἐστὶν</span> <span class='ocrx_word' id='word_1_351' title='bbox 1202 4269 1232 4334; x_wconf 80' lang='grc' dir='ltr'>ἡ</span> <span class='ocrx_word' id='word_1_352' title='bbox 1263 4266 1504 4335; x_wconf 87' lang='grc' dir='ltr'>βασιλεία</span> <span class='ocrx_word' id='word_1_353' title='bbox 1536 4269 1644 4320; x_wconf 86' lang='grc' dir='ltr'><strong>τῶν</strong></span> <span class='ocrx_word' id='word_1_354' title='bbox 1670 4271 1835 4338; x_wconf 84' lang='grc' dir='ltr'>ούρα-</span> 
     </span>
    </p>
   </div>
   <div class='ocr_carea' id='block_1_47' title="bbox 244 4355 1835 4428">
    <p class='ocr_par' dir='ltr' id='par_1_47' title="bbox 244 4355 1835 4428">
     <span class='ocr_line' id='line_1_47' title="bbox 244 4355 1835 4428; baseline 0.006 -22"><span class='ocrx_word' id='word_1_355' title='bbox 244 4355 348 4408; x_wconf 90' lang='grc' dir='ltr'><strong>νῶν</strong></span> <span class='ocrx_word' id='word_1_356' title='bbox 376 4357 588 4425; x_wconf 79' lang='grc' dir='ltr'>σαγήνῃ</span> <span class='ocrx_word' id='word_1_357' title='bbox 633 4355 891 4428; x_wconf 82' lang='grc' dir='ltr'>βληθείσῃ</span> <span class='ocrx_word' id='word_1_358' title='bbox 917 4360 998 4420; x_wconf 85' lang='grc' dir='ltr'><strong>εἰς</strong></span> <span class='ocrx_word' id='word_1_359' title='bbox 1032 4359 1129 4428; x_wconf 78' lang='grc' dir='ltr'><strong>τὴν</strong></span> <span class='ocrx_word' id='word_1_360' title='bbox 1168 4357 1465 4424; x_wconf 84' lang='grc' dir='ltr'>θάλασσαν,</span> <span class='ocrx_word' id='word_1_361' title='bbox 1506 4362 1600 4413; x_wconf 72' lang='grc' dir='ltr'><strong>καὶ</strong></span> <span class='ocrx_word' id='word_1_362' title='bbox 1643 4363 1835 4416; x_wconf 85' lang='grc' dir='ltr'>συλλα-</span> 
     </span>
    </p>
   </div>
   <div class='ocr_carea' id='block_1_48' title="bbox 243 4445 1829 4524">
    <p class='ocr_par' dir='ltr' id='par_1_48' title="bbox 243 4445 1829 4524">
     <span class='ocr_line' id='line_1_48' title="bbox 243 4445 1829 4524; baseline 0.005 -26"><span class='ocrx_word' id='word_1_363' title='bbox 243 4445 412 4520; x_wconf 78' lang='grc' dir='ltr'>ϐούσῃ</span> <span class='ocrx_word' id='word_1_364' title='bbox 441 4447 550 4499; x_wconf 81' lang='grc' dir='ltr'><strong>ἀπὸ</strong></span> <span class='ocrx_word' id='word_1_365' title='bbox 585 4447 782 4512; x_wconf 77' lang='grc' dir='ltr'>παντὸς</span> <span class='ocrx_word' id='word_1_366' title='bbox 815 4448 1003 4516; x_wconf 87' lang='grc' dir='ltr'>γένους</span> <span class='ocrx_word' id='word_1_367' title='bbox 1034 4449 1246 4518; x_wconf 83' lang='grc' dir='ltr'>ἰχθύων.</span> <span class='ocrx_word' id='word_1_368' title='bbox 1285 4469 1302 4500; x_wconf 71' lang='grc' dir='ltr'><strong>ι</strong></span> <span class='ocrx_word' id='word_1_369' title='bbox 1351 4450 1556 4521; x_wconf 84' lang='grc' dir='ltr'>Ὥσπερ</span> <span class='ocrx_word' id='word_1_370' title='bbox 1588 4452 1642 4504; x_wconf 79' lang='grc' dir='ltr'>δὲ</span> <span class='ocrx_word' id='word_1_371' title='bbox 1680 4456 1735 4505; x_wconf 80' lang='grc' dir='ltr'>ὲν</span> <span class='ocrx_word' id='word_1_372' title='bbox 1765 4457 1829 4524; x_wconf 82' lang='grc' dir='ltr'>τῇ</span> 
     </span>
    </p>
   </div>
   <div class='ocr_carea' id='block_1_49' title="bbox 1969 606 3568 678">
    <p class='ocr_par' dir='ltr' id='par_1_49' title="bbox 1969 606 3568 678">
     <span class='ocr_line' id='line_1_49' title="bbox 1969 606 3568 678; baseline 0.003 -19"><span class='ocrx_word' id='word_1_373' title='bbox 1969 615 2025 659; x_wconf 90' lang='lat' dir='ltr'><strong>et</strong></span> <span class='ocrx_word' id='word_1_374' title='bbox 2078 606 2213 660; x_wconf 89' lang='lat' dir='ltr'><strong>retia</strong></span> <span class='ocrx_word' id='word_1_375' title='bbox 2257 607 2528 674; x_wconf 82' lang='lat' dir='ltr'><strong>jacientes</strong></span> <span class='ocrx_word' id='word_1_376' title='bbox 2575 606 2852 678; x_wconf 77' lang='lat' dir='ltr'><strong>intelligas</strong></span> <span class='ocrx_word' id='word_1_377' title='bbox 2902 621 2966 662; x_wconf 78' lang='lat' dir='ltr'><strong>ex</strong></span> <span class='ocrx_word' id='word_1_378' title='bbox 3029 607 3152 662; x_wconf 89' lang='lat' dir='ltr'><strong>aliis</strong></span> <span class='ocrx_word' id='word_1_379' title='bbox 3196 606 3568 677; x_wconf 74' lang='lat' dir='ltr'><strong>piscatoribus</strong></span> 
     </span>
    </p>
   </div>
   <div class='ocr_carea' id='block_1_50' title="bbox 1967 700 3570 768">
    <p class='ocr_par' dir='ltr' id='par_1_50' title="bbox 1967 700 3570 768">
     <span class='ocr_line' id='line_1_50' title="bbox 1967 700 3570 768; baseline 0.003 -18"><span class='ocrx_word' id='word_1_380' title='bbox 1967 707 2021 751; x_wconf 90' lang='lat' dir='ltr'><strong>et</strong></span> <span class='ocrx_word' id='word_1_381' title='bbox 2069 700 2286 764; x_wconf 80' lang='lat' dir='ltr'><strong>sagenis</strong></span> <span class='ocrx_word' id='word_1_382' title='bbox 2332 700 2645 764; x_wconf 74' lang='lat' dir='ltr'><strong>utentibus;</strong></span> <span class='ocrx_word' id='word_1_383' title='bbox 2697 715 2764 754; x_wconf 80' lang='lat' dir='ltr'><strong>ex</strong></span> <span class='ocrx_word' id='word_1_384' title='bbox 2819 701 3084 768; x_wconf 84' lang='lat' dir='ltr'><strong>apostolis</strong></span> <span class='ocrx_word' id='word_1_385' title='bbox 3134 701 3258 756; x_wconf 88' lang='lat' dir='ltr'><strong>dico</strong></span> <span class='ocrx_word' id='word_1_386' title='bbox 3303 711 3357 756; x_wconf 87' lang='lat' dir='ltr'><strong>et</strong></span> <span class='ocrx_word' id='word_1_387' title='bbox 3406 701 3570 757; x_wconf 89' lang='lat' dir='ltr'><strong>disci-</strong></span> 
     </span>
    </p>
   </div>
   <div class='ocr_carea' id='block_1_51' title="bbox 1967 790 3566 862">
    <p class='ocr_par' dir='ltr' id='par_1_51' title="bbox 1967 790 3566 862">
     <span class='ocr_line' id='line_1_51' title="bbox 1967 790 3566 862; baseline 0.004 -20"><span class='ocrx_word' id='word_1_388' title='bbox 1967 790 2110 860; x_wconf 90' lang='lat' dir='ltr'><strong>pulis</strong></span> <span class='ocrx_word' id='word_1_389' title='bbox 2152 790 2452 846; x_wconf 83' lang='lat' dir='ltr'><strong>Salvatoris</strong></span> <span class='ocrx_word' id='word_1_390' title='bbox 2493 792 2702 857; x_wconf 85' lang='lat' dir='ltr'><strong>nostri,</strong></span> <span class='ocrx_word' id='word_1_391' title='bbox 2757 792 2956 862; x_wconf 88' lang='lat' dir='ltr'><strong>quibus</strong></span> <span class='ocrx_word' id='word_1_392' title='bbox 3008 792 3338 858; x_wconf 76' lang='lat' dir='ltr'><strong>dicebatur,</strong></span> <span class='ocrx_word' id='word_1_393' title='bbox 3377 811 3398 846; x_wconf 70' lang='grc' dir='ltr'><strong>ε</strong></span> <span class='ocrx_word' id='word_1_394' title='bbox 3458 793 3566 849; x_wconf 82' lang='lat' dir='ltr'><strong>Ve-</strong></span> 
     </span>
    </p>
   </div>
   <div class='ocr_carea' id='block_1_52' title="bbox 1966 881 3565 952">
    <p class='ocr_par' dir='ltr' id='par_1_52' title="bbox 1966 881 3565 952">
     <span class='ocr_line' id='line_1_52' title="bbox 1966 881 3565 952; baseline 0.003 -16"><span class='ocrx_word' id='word_1_395' title='bbox 1966 882 2102 946; x_wconf 92' lang='lat' dir='ltr'><strong>nite,</strong></span> <span class='ocrx_word' id='word_1_396' title='bbox 2149 890 2204 937; x_wconf 91' lang='lat' dir='ltr'><strong>et</strong></span> <span class='ocrx_word' id='word_1_397' title='bbox 2254 881 2447 936; x_wconf 78' lang='lat' dir='ltr'><strong>faciam</strong></span> <span class='ocrx_word' id='word_1_398' title='bbox 2480 898 2576 938; x_wconf 86' lang='lat' dir='ltr'><strong>vos</strong></span> <span class='ocrx_word' id='word_1_399' title='bbox 2642 884 2946 952; x_wconf 85' lang='lat' dir='ltr'><strong>piscatores</strong></span> <span class='ocrx_word' id='word_1_400' title='bbox 3001 884 3285 939; x_wconf 85' lang='lat' dir='ltr'><strong>hominum</strong></span> <span class='ocrx_word' id='word_1_401' title='bbox 3315 883 3383 939; x_wconf 75' lang='lat'><strong>“.</strong></span> <span class='ocrx_word' id='word_1_402' title='bbox 3434 903 3455 938; x_wconf 74' lang='grc' dir='ltr'><strong>ι</strong></span> <span class='ocrx_word' id='word_1_403' title='bbox 3503 884 3565 940; x_wconf 87' lang='lat' dir='ltr'><strong>Si</strong></span> 
     </span>
    </p>
   </div>
   <div class='ocr_carea' id='block_1_53' title="bbox 1965 973 3564 1045">
    <p class='ocr_par' dir='ltr' id='par_1_53' title="bbox 1965 973 3564 1045">
     <span class='ocr_line' id='line_1_53' title="bbox 1965 973 3564 1045; baseline 0.001 -17"><span class='ocrx_word' id='word_1_404' title='bbox 1965 974 2109 1028; x_wconf 90' lang='lat' dir='ltr'><strong>enim</strong></span> <span class='ocrx_word' id='word_1_405' title='bbox 2158 973 2246 1027; x_wconf 90' lang='lat' dir='ltr'><strong>isti</strong></span> <span class='ocrx_word' id='word_1_406' title='bbox 2279 974 2527 1028; x_wconf 88' lang='lat' dir='ltr'><strong>doctrina</strong></span> <span class='ocrx_word' id='word_1_407' title='bbox 2561 990 2660 1030; x_wconf 91' lang='lat' dir='ltr'><strong>sua</strong></span> <span class='ocrx_word' id='word_1_408' title='bbox 2698 975 2981 1030; x_wconf 90' lang='lat' dir='ltr'><strong>hominum</strong></span> <span class='ocrx_word' id='word_1_409' title='bbox 3012 977 3228 1030; x_wconf 89' lang='lat' dir='ltr'><strong>animas</strong></span> <span class='ocrx_word' id='word_1_410' title='bbox 3271 974 3564 1045; x_wconf 87' lang='lat' dir='ltr'><strong>piscahan-</strong></span> 
     </span>
    </p>
   </div>
   <div class='ocr_carea' id='block_1_54' title="bbox 1964 1067 3564 1136">
    <p class='ocr_par' dir='ltr' id='par_1_54' title="bbox 1964 1067 3564 1136">
     <span class='ocr_line' id='line_1_54' title="bbox 1964 1067 3564 1136; baseline 0.001 -16"><span class='ocrx_word' id='word_1_411' title='bbox 1964 1077 2075 1130; x_wconf 92' lang='lat' dir='ltr'><strong>tur,</strong></span> <span class='ocrx_word' id='word_1_412' title='bbox 2117 1068 2184 1121; x_wconf 89' lang='lat' dir='ltr'><strong>ad</strong></span> <span class='ocrx_word' id='word_1_413' title='bbox 2241 1069 2468 1123; x_wconf 85' lang='lat' dir='ltr'><strong>salutem</strong></span> <span class='ocrx_word' id='word_1_414' title='bbox 2519 1068 2640 1123; x_wconf 85' lang='lat' dir='ltr'><strong>illas</strong></span> <span class='ocrx_word' id='word_1_415' title='bbox 2678 1070 2998 1136; x_wconf 85' lang='lat' dir='ltr'><strong>trahentes,</strong></span> <span class='ocrx_word' id='word_1_416' title='bbox 3057 1084 3159 1123; x_wconf 89' lang='lat' dir='ltr'><strong>cur</strong></span> <span class='ocrx_word' id='word_1_417' title='bbox 3205 1083 3311 1124; x_wconf 90' lang='lat' dir='ltr'><strong>non</strong></span> <span class='ocrx_word' id='word_1_418' title='bbox 3352 1067 3564 1124; x_wconf 82' lang='lat' dir='ltr'><strong>dixeris</strong></span> 
     </span>
    </p>
   </div>
   <div class='ocr_carea' id='block_1_55' title="bbox 1964 1158 3560 1230">
    <p class='ocr_par' dir='ltr' id='par_1_55' title="bbox 1964 1158 3560 1230">
     <span class='ocr_line' id='line_1_55' title="bbox 1964 1158 3560 1230; baseline 0.001 -20"><span class='ocrx_word' id='word_1_419' title='bbox 1964 1171 2298 1214; x_wconf 86' lang='lat' dir='ltr'><strong>memoratos</strong></span> <span class='ocrx_word' id='word_1_420' title='bbox 2341 1159 2462 1214; x_wconf 91' lang='lat' dir='ltr'><strong>illos</strong></span> <span class='ocrx_word' id='word_1_421' title='bbox 2511 1159 2898 1229; x_wconf 69' lang='lat' dir='ltr'><strong>Egyptiorum</strong></span> <span class='ocrx_word' id='word_1_422' title='bbox 2957 1161 3264 1230; x_wconf 88' lang='lat' dir='ltr'><strong>piscatores</strong></span> <span class='ocrx_word' id='word_1_423' title='bbox 3319 1168 3375 1213; x_wconf 89' lang='lat' dir='ltr'><strong>et</strong></span> <span class='ocrx_word' id='word_1_424' title='bbox 3419 1158 3560 1213; x_wconf 87' lang='lat' dir='ltr'><strong>retia</strong></span> 
     </span>
    </p>
   </div>
   <div class='ocr_carea' id='block_1_56' title="bbox 1955 1250 3557 1322">
    <p class='ocr_par' dir='ltr' id='par_1_56' title="bbox 1955 1250 3557 1322">
     <span class='ocr_line' id='line_1_56' title="bbox 1955 1250 3557 1322; baseline 0.001 -20"><span class='ocrx_word' id='word_1_425' title='bbox 1955 1250 2226 1318; x_wconf 87' lang='lat' dir='ltr'><strong>jacientes</strong></span> <span class='ocrx_word' id='word_1_426' title='bbox 2253 1295 2266 1315; x_wconf 91' lang='lat'><strong>,</strong></span> <span class='ocrx_word' id='word_1_427' title='bbox 2307 1251 2476 1306; x_wconf 90' lang='lat' dir='ltr'><strong>fuisse</strong></span> <span class='ocrx_word' id='word_1_428' title='bbox 2522 1252 2643 1307; x_wconf 86' lang='lat' dir='ltr'><strong>illos</strong></span> <span class='ocrx_word' id='word_1_429' title='bbox 2686 1252 2818 1306; x_wconf 90' lang='lat' dir='ltr'><strong>olim</strong></span> <span class='ocrx_word' id='word_1_430' title='bbox 2865 1252 3225 1322; x_wconf 65' lang='lat' dir='ltr'><strong>philosophiae</strong></span> <span class='ocrx_word' id='word_1_431' title='bbox 3263 1252 3557 1315; x_wconf 90' lang='lat' dir='ltr'><strong>doctores,</strong></span> 
     </span>
    </p>
   </div>
   <div class='ocr_carea' id='block_1_57' title="bbox 1958 1342 3560 1414">
    <p class='ocr_par' dir='ltr' id='par_1_57' title="bbox 1958 1342 3560 1414">
     <span class='ocr_line' id='line_1_57' title="bbox 1958 1342 3560 1414; baseline 0.002 -20"><span class='ocrx_word' id='word_1_432' title='bbox 1958 1342 2051 1410; x_wconf 90' lang='lat' dir='ltr'><strong>qui</strong></span> <span class='ocrx_word' id='word_1_433' title='bbox 2089 1357 2188 1411; x_wconf 87' lang='lat' dir='ltr'><strong>per</strong></span> <span class='ocrx_word' id='word_1_434' title='bbox 2211 1342 2564 1414; x_wconf 64' lang='lat' dir='ltr'><strong>Egyptiacas</strong></span> <span class='ocrx_word' id='word_1_435' title='bbox 2593 1345 2901 1414; x_wconf 71' lang='lat' dir='ltr'><strong>praestigias</strong></span> <span class='ocrx_word' id='word_1_436' title='bbox 2967 1343 3344 1414; x_wconf 88' lang='lat' dir='ltr'><strong>illaqueabant</strong></span> <span class='ocrx_word' id='word_1_437' title='bbox 3382 1351 3436 1398; x_wconf 87' lang='lat' dir='ltr'><strong>et</strong></span> <span class='ocrx_word' id='word_1_438' title='bbox 3472 1343 3560 1398; x_wconf 90' lang='lat' dir='ltr'><strong>in-</strong></span> 
     </span>
    </p>
   </div>
   <div class='ocr_carea' id='block_1_58' title="bbox 1959 1433 3082 1506">
    <p class='ocr_par' dir='ltr' id='par_1_58' title="bbox 1959 1433 3082 1506">
     <span class='ocr_line' id='line_1_58' title="bbox 1959 1433 3082 1506; baseline 0.004 -20"><span class='ocrx_word' id='word_1_439' title='bbox 1959 1433 2222 1488; x_wconf 86' lang='lat' dir='ltr'><strong>escabant</strong></span> <span class='ocrx_word' id='word_1_440' title='bbox 2248 1449 2341 1488; x_wconf 89' lang='lat' dir='ltr'><strong>eos</strong></span> <span class='ocrx_word' id='word_1_441' title='bbox 2373 1449 2510 1505; x_wconf 91' lang='lat' dir='ltr'><strong>quos</strong></span> <span class='ocrx_word' id='word_1_442' title='bbox 2548 1448 2744 1503; x_wconf 87' lang='lat' dir='ltr'><strong>capere</strong></span> <span class='ocrx_word' id='word_1_443' title='bbox 2777 1445 3032 1506; x_wconf 86' lang='lat' dir='ltr'><strong>poterant</strong></span> <span class='ocrx_word' id='word_1_444' title='bbox 3059 1436 3082 1490; x_wconf 88' lang='lat'><strong>?</strong></span> 
     </span>
    </p>
   </div>
   <div class='ocr_carea' id='block_1_59' title="bbox 2034 1608 3555 1679">
    <p class='ocr_par' dir='ltr' id='par_1_59' title="bbox 2034 1608 3555 1679">
     <span class='ocr_line' id='line_1_59' title="bbox 2034 1608 3555 1679; baseline 0.001 -20"><span class='ocrx_word' id='word_1_445' title='bbox 2034 1608 2192 1663; x_wconf 70' lang='lat' dir='ltr'><strong>Vens.</strong></span> <span class='ocrx_word' id='word_1_446' title='bbox 2216 1610 2268 1678; x_wconf 91' lang='lat'><strong>7,</strong></span> <span class='ocrx_word' id='word_1_447' title='bbox 2301 1608 2355 1664; x_wconf 91' lang='lat'><strong>8.</strong></span> <span class='ocrx_word' id='word_1_448' title='bbox 2391 1626 2411 1660; x_wconf 71' lang='grc' dir='ltr'><strong>ε</strong></span> <span class='ocrx_word' id='word_1_449' title='bbox 2448 1608 2515 1664; x_wconf 85' lang='grc' dir='ltr'>Ει</span> <span class='ocrx_word' id='word_1_450' title='bbox 2541 1609 2592 1665; x_wconf 91' lang='lat' dir='ltr'><strong>in</strong></span> <span class='ocrx_word' id='word_1_451' title='bbox 2623 1613 2772 1665; x_wconf 92' lang='lat' dir='ltr'><strong>omni</strong></span> <span class='ocrx_word' id='word_1_452' title='bbox 2806 1609 2999 1679; x_wconf 84' lang='lat' dir='ltr'><strong>palude</strong></span> <span class='ocrx_word' id='word_1_453' title='bbox 3029 1608 3224 1664; x_wconf 88' lang='lat' dir='ltr'><strong>calami</strong></span> <span class='ocrx_word' id='word_1_454' title='bbox 3252 1616 3306 1664; x_wconf 90' lang='lat' dir='ltr'><strong>et</strong></span> <span class='ocrx_word' id='word_1_455' title='bbox 3338 1609 3555 1679; x_wconf 87' lang='lat' dir='ltr'><strong>papyri,</strong></span> 
     </span>
    </p>
   </div>
   <div class='ocr_carea' id='block_1_60' title="bbox 1954 1699 3555 1771">
    <p class='ocr_par' dir='ltr' id='par_1_60' title="bbox 1954 1699 3555 1771">
     <span class='ocr_line' id='line_1_60' title="bbox 1954 1699 3555 1771; baseline -0.001 -17"><span class='ocrx_word' id='word_1_456' title='bbox 1954 1711 2010 1755; x_wconf 90' lang='lat' dir='ltr'><strong>et</strong></span> <span class='ocrx_word' id='word_1_457' title='bbox 2063 1699 2188 1754; x_wconf 88' lang='lat' dir='ltr'><strong>achi</strong></span> <span class='ocrx_word' id='word_1_458' title='bbox 2219 1701 2404 1756; x_wconf 88' lang='lat' dir='ltr'><strong>virens</strong></span> <span class='ocrx_word' id='word_1_459' title='bbox 2430 1715 2592 1756; x_wconf 90' lang='lat' dir='ltr'><strong>omne</strong></span> <span class='ocrx_word' id='word_1_460' title='bbox 2631 1703 2838 1756; x_wconf 87' lang='lat' dir='ltr'><strong>circum</strong></span> <span class='ocrx_word' id='word_1_461' title='bbox 2867 1701 3092 1771; x_wconf 82' lang='lat' dir='ltr'><strong>ﬂumen,</strong></span> <span class='ocrx_word' id='word_1_462' title='bbox 3123 1711 3177 1754; x_wconf 92' lang='lat' dir='ltr'><strong>et</strong></span> <span class='ocrx_word' id='word_1_463' title='bbox 3215 1715 3376 1755; x_wconf 92' lang='lat' dir='ltr'><strong>omne</strong></span> <span class='ocrx_word' id='word_1_464' title='bbox 3405 1699 3555 1770; x_wconf 89' lang='lat' dir='ltr'><strong>quod</strong></span> 
     </span>
    </p>
   </div>
   <div class='ocr_carea' id='block_1_61' title="bbox 1953 1790 3549 1860">
    <p class='ocr_par' dir='ltr' id='par_1_61' title="bbox 1953 1790 3549 1860">
     <span class='ocr_line' id='line_1_61' title="bbox 1953 1790 3549 1860; baseline -0.001 -14"><span class='ocrx_word' id='word_1_465' title='bbox 1953 1793 2256 1846; x_wconf 82' lang='lat' dir='ltr'><strong>seminatur</strong></span> <span class='ocrx_word' id='word_1_466' title='bbox 2296 1793 2362 1845; x_wconf 90' lang='lat' dir='ltr'><strong>ad</strong></span> <span class='ocrx_word' id='word_1_467' title='bbox 2395 1790 2618 1857; x_wconf 86' lang='lat' dir='ltr'><strong>ﬂumen,</strong></span> <span class='ocrx_word' id='word_1_468' title='bbox 2656 1801 2870 1847; x_wconf 87' lang='lat' dir='ltr'><strong>arescet</strong></span> <span class='ocrx_word' id='word_1_469' title='bbox 2916 1801 2970 1846; x_wconf 92' lang='lat' dir='ltr'><strong>et</strong></span> <span class='ocrx_word' id='word_1_470' title='bbox 3003 1802 3171 1846; x_wconf 91' lang='lat' dir='ltr'><strong>vento</strong></span> <span class='ocrx_word' id='word_1_471' title='bbox 3213 1791 3437 1860; x_wconf 88' lang='lat' dir='ltr'><strong>peribit.</strong></span> <span class='ocrx_word' id='word_1_472' title='bbox 3480 1791 3549 1845; x_wconf 89' lang='lat' dir='ltr'><strong>Et</strong></span> 
     </span>
    </p>
   </div>
   <div class='ocr_carea' id='block_1_62' title="bbox 1954 1883 3558 1955">
    <p class='ocr_par' dir='ltr' id='par_1_62' title="bbox 1954 1883 3558 1955">
     <span class='ocr_line' id='line_1_62' title="bbox 1954 1883 3558 1955; baseline -0.002 -16"><span class='ocrx_word' id='word_1_473' title='bbox 1954 1894 2170 1955; x_wconf 86' lang='lat' dir='ltr'><strong>gement</strong></span> <span class='ocrx_word' id='word_1_474' title='bbox 2209 1885 2534 1954; x_wconf 84' lang='lat' dir='ltr'><strong>piscatores,</strong></span> <span class='ocrx_word' id='word_1_475' title='bbox 2590 1895 2644 1938; x_wconf 91' lang='lat' dir='ltr'><strong>et</strong></span> <span class='ocrx_word' id='word_1_476' title='bbox 2691 1892 2911 1953; x_wconf 84' lang='lat' dir='ltr'><strong>gement</strong></span> <span class='ocrx_word' id='word_1_477' title='bbox 2943 1898 3134 1938; x_wconf 85' lang='lat' dir='ltr'><strong>omnes</strong></span> <span class='ocrx_word' id='word_1_478' title='bbox 3182 1883 3275 1952; x_wconf 87' lang='lat' dir='ltr'><strong>qui</strong></span> <span class='ocrx_word' id='word_1_479' title='bbox 3331 1883 3558 1937; x_wconf 83' lang='lat' dir='ltr'><strong>mittunt</strong></span> 
     </span>
    </p>
   </div>
   <div class='ocr_carea' id='block_1_63' title="bbox 1955 1975 3550 2045">
    <p class='ocr_par' dir='ltr' id='par_1_63' title="bbox 1955 1975 3550 2045">
     <span class='ocr_line' id='line_1_63' title="bbox 1955 1975 3550 2045; baseline 0 -16"><span class='ocrx_word' id='word_1_480' title='bbox 1955 1976 2176 2029; x_wconf 84' lang='lat' dir='ltr'><strong>hamum</strong></span> <span class='ocrx_word' id='word_1_481' title='bbox 2215 1977 2266 2028; x_wconf 93' lang='lat' dir='ltr'><strong>iu</strong></span> <span class='ocrx_word' id='word_1_482' title='bbox 2310 1975 2532 2037; x_wconf 84' lang='lat' dir='ltr'><strong>ﬂumen,</strong></span> <span class='ocrx_word' id='word_1_483' title='bbox 2569 1984 2621 2030; x_wconf 88' lang='lat' dir='ltr'><strong>et</strong></span> <span class='ocrx_word' id='word_1_484' title='bbox 2665 1977 2758 2045; x_wconf 89' lang='lat' dir='ltr'><strong>qui</strong></span> <span class='ocrx_word' id='word_1_485' title='bbox 2808 1977 3034 2030; x_wconf 90' lang='lat' dir='ltr'><strong>mittunt</strong></span> <span class='ocrx_word' id='word_1_486' title='bbox 3071 1989 3327 2044; x_wconf 88' lang='lat' dir='ltr'><strong>sagcnas,</strong></span> <span class='ocrx_word' id='word_1_487' title='bbox 3364 1984 3422 2030; x_wconf 89' lang='lat' dir='ltr'><strong>et</strong></span> <span class='ocrx_word' id='word_1_488' title='bbox 3456 1976 3550 2044; x_wconf 90' lang='lat' dir='ltr'><strong>qui</strong></span> 
     </span>
    </p>
   </div>
   <div class='ocr_carea' id='block_1_64' title="bbox 1953 2066 3552 2136">
    <p class='ocr_par' dir='ltr' id='par_1_64' title="bbox 1953 2066 3552 2136">
     <span class='ocr_line' id='line_1_64' title="bbox 1953 2066 3552 2136; baseline -0.001 -16"><span class='ocrx_word' id='word_1_489' title='bbox 1953 2068 2177 2120; x_wconf 89' lang='lat' dir='ltr'><strong>mittunt</strong></span> <span class='ocrx_word' id='word_1_490' title='bbox 2219 2069 2382 2133; x_wconf 83' lang='lat' dir='ltr'><strong>retia,</strong></span> <span class='ocrx_word' id='word_1_491' title='bbox 2447 2068 2730 2136; x_wconf 86' lang='lat' dir='ltr'><strong>lugebunt.</strong></span> <span class='ocrx_word' id='word_1_492' title='bbox 2784 2088 2801 2119; x_wconf 81' lang='grc' dir='ltr'><strong>ι</strong></span> <span class='ocrx_word' id='word_1_493' title='bbox 2848 2066 2944 2120; x_wconf 84' lang='lat' dir='ltr'><strong>llis</strong></span> <span class='ocrx_word' id='word_1_494' title='bbox 2986 2068 3357 2121; x_wconf 86' lang='lat' dir='ltr'><strong>omnimodam</strong></span> <span class='ocrx_word' id='word_1_495' title='bbox 3401 2067 3552 2121; x_wconf 87' lang='lat' dir='ltr'><strong>arbi-</strong></span> 
     </span>
    </p>
   </div>
   <div class='ocr_carea' id='block_1_65' title="bbox 1955 2157 3552 2228">
    <p class='ocr_par' dir='ltr' id='par_1_65' title="bbox 1955 2157 3552 2228">
     <span class='ocr_line' id='line_1_65' title="bbox 1955 2157 3552 2228; baseline 0.002 -19"><span class='ocrx_word' id='word_1_496' title='bbox 1955 2165 2069 2209; x_wconf 92' lang='lat' dir='ltr'><strong>tror</strong></span> <span class='ocrx_word' id='word_1_497' title='bbox 2119 2172 2383 2226; x_wconf 87' lang='lat' dir='ltr'><strong>aquarum</strong></span> <span class='ocrx_word' id='word_1_498' title='bbox 2439 2157 2752 2210; x_wconf 91' lang='lat' dir='ltr'><strong>siccitatem</strong></span> <span class='ocrx_word' id='word_1_499' title='bbox 2809 2157 3078 2222; x_wconf 89' lang='lat' dir='ltr'><strong>indicari,</strong></span> <span class='ocrx_word' id='word_1_500' title='bbox 3139 2158 3213 2210; x_wconf 87' lang='lat' dir='ltr'><strong>ita</strong></span> <span class='ocrx_word' id='word_1_501' title='bbox 3267 2167 3328 2212; x_wconf 93' lang='lat' dir='ltr'><strong>ut</strong></span> <span class='ocrx_word' id='word_1_502' title='bbox 3374 2173 3552 2228; x_wconf 89' lang='lat' dir='ltr'><strong>neque</strong></span> 
     </span>
    </p>
   </div>
   <div class='ocr_carea' id='block_1_66' title="bbox 1954 2248 3549 2318">
    <p class='ocr_par' dir='ltr' id='par_1_66' title="bbox 1954 2248 3549 2318">
     <span class='ocr_line' id='line_1_66' title="bbox 1954 2248 3549 2318; baseline 0.001 -19"><span class='ocrx_word' id='word_1_503' title='bbox 1954 2249 2240 2318; x_wconf 82' lang='lat' dir='ltr'><strong>vestigium</strong></span> <span class='ocrx_word' id='word_1_504' title='bbox 2283 2248 2528 2302; x_wconf 91' lang='lat' dir='ltr'><strong>humoris</strong></span> <span class='ocrx_word' id='word_1_505' title='bbox 2569 2264 2759 2317; x_wconf 73' lang='lat' dir='ltr'><strong>aquze,</strong></span> <span class='ocrx_word' id='word_1_506' title='bbox 2803 2248 2885 2302; x_wconf 89' lang='lat' dir='ltr'><strong>vel</strong></span> <span class='ocrx_word' id='word_1_507' title='bbox 2923 2249 2973 2302; x_wconf 92' lang='lat' dir='ltr'><strong>in</strong></span> <span class='ocrx_word' id='word_1_508' title='bbox 3012 2248 3203 2313; x_wconf 88' lang='lat' dir='ltr'><strong>ﬂuvio,</strong></span> <span class='ocrx_word' id='word_1_509' title='bbox 3240 2250 3324 2304; x_wconf 89' lang='lat' dir='ltr'><strong>vel</strong></span> <span class='ocrx_word' id='word_1_510' title='bbox 3367 2251 3418 2303; x_wconf 93' lang='lat' dir='ltr'><strong>in</strong></span> <span class='ocrx_word' id='word_1_511' title='bbox 3462 2265 3549 2318; x_wconf 62' lang='lat' dir='ltr'><strong>pa-</strong></span> 
     </span>
    </p>
   </div>
   <div class='ocr_carea' id='block_1_67' title="bbox 1952 2340 3546 2405">
    <p class='ocr_par' dir='ltr' id='par_1_67' title="bbox 1952 2340 3546 2405">
     <span class='ocr_line' id='line_1_67' title="bbox 1952 2340 3546 2405; baseline 0.003 -12"><span class='ocrx_word' id='word_1_512' title='bbox 1952 2340 2100 2405; x_wconf 84' lang='lat' dir='ltr'><strong>lude,</strong></span> <span class='ocrx_word' id='word_1_513' title='bbox 2157 2341 2243 2394; x_wconf 88' lang='lat' dir='ltr'><strong>vel</strong></span> <span class='ocrx_word' id='word_1_514' title='bbox 2281 2352 2436 2394; x_wconf 79' lang='lat' dir='ltr'><strong>extra</strong></span> <span class='ocrx_word' id='word_1_515' title='bbox 2478 2340 2700 2394; x_wconf 83' lang='lat' dir='ltr'><strong>ﬂumina</strong></span> <span class='ocrx_word' id='word_1_516' title='bbox 2731 2341 2783 2394; x_wconf 92' lang='lat' dir='ltr'><strong>in</strong></span> <span class='ocrx_word' id='word_1_517' title='bbox 2823 2342 3080 2404; x_wconf 87' lang='lat' dir='ltr'><strong>circuitu,</strong></span> <span class='ocrx_word' id='word_1_518' title='bbox 3129 2342 3212 2395; x_wconf 85' lang='lat' dir='ltr'><strong>vel</strong></span> <span class='ocrx_word' id='word_1_519' title='bbox 3252 2343 3304 2396; x_wconf 93' lang='lat' dir='ltr'><strong>in</strong></span> <span class='ocrx_word' id='word_1_520' title='bbox 3346 2344 3546 2405; x_wconf 89' lang='lat' dir='ltr'><strong>medio,</strong></span> 
     </span>
    </p>
   </div>
   <div class='ocr_carea' id='block_1_68' title="bbox 1951 2432 3540 2505">
    <p class='ocr_par' dir='ltr' id='par_1_68' title="bbox 1951 2432 3540 2505">
     <span class='ocr_line' id='line_1_68' title="bbox 1951 2432 3540 2505; baseline 0.002 -20"><span class='ocrx_word' id='word_1_521' title='bbox 1951 2433 2033 2487; x_wconf 86' lang='lat' dir='ltr'><strong>vel</strong></span> <span class='ocrx_word' id='word_1_522' title='bbox 2069 2433 2122 2486; x_wconf 92' lang='lat' dir='ltr'><strong>in</strong></span> <span class='ocrx_word' id='word_1_523' title='bbox 2151 2434 2452 2496; x_wconf 77' lang='lat' dir='ltr'><strong>canalibus,</strong></span> <span class='ocrx_word' id='word_1_524' title='bbox 2487 2432 2572 2486; x_wconf 88' lang='lat' dir='ltr'><strong>vel</strong></span> <span class='ocrx_word' id='word_1_525' title='bbox 2605 2433 2656 2486; x_wconf 92' lang='lat' dir='ltr'><strong>in</strong></span> <span class='ocrx_word' id='word_1_526' title='bbox 2696 2434 2852 2502; x_wconf 86' lang='lat' dir='ltr'><strong>aquis</strong></span> <span class='ocrx_word' id='word_1_527' title='bbox 2882 2450 2988 2490; x_wconf 92' lang='lat' dir='ltr'><strong>non</strong></span> <span class='ocrx_word' id='word_1_528' title='bbox 3023 2433 3340 2502; x_wconf 86' lang='lat' dir='ltr'><strong>fluentibus,</strong></span> <span class='ocrx_word' id='word_1_529' title='bbox 3373 2449 3540 2505; x_wconf 89' lang='lat' dir='ltr'><strong>appa-</strong></span> 
     </span>
    </p>
   </div>
   <div class='ocr_carea' id='block_1_69' title="bbox 1955 2522 3545 2592">
    <p class='ocr_par' dir='ltr' id='par_1_69' title="bbox 1955 2522 3545 2592">
     <span class='ocr_line' id='line_1_69' title="bbox 1955 2522 3545 2592; baseline 0.003 -18"><span class='ocrx_word' id='word_1_530' title='bbox 1955 2532 2108 2588; x_wconf 89' lang='lat' dir='ltr'><strong>reat,</strong></span> <span class='ocrx_word' id='word_1_531' title='bbox 2165 2522 2260 2576; x_wconf 88' lang='lat' dir='ltr'><strong>sed</strong></span> <span class='ocrx_word' id='word_1_532' title='bbox 2302 2525 2548 2576; x_wconf 90' lang='lat' dir='ltr'><strong>omnium</strong></span> <span class='ocrx_word' id='word_1_533' title='bbox 2590 2523 2882 2576; x_wconf 88' lang='lat' dir='ltr'><strong>confertim</strong></span> <span class='ocrx_word' id='word_1_534' title='bbox 2926 2525 3178 2578; x_wconf 85' lang='lat' dir='ltr'><strong>vacuitas</strong></span> <span class='ocrx_word' id='word_1_535' title='bbox 3225 2535 3280 2579; x_wconf 88' lang='lat' dir='ltr'><strong>et</strong></span> <span class='ocrx_word' id='word_1_536' title='bbox 3321 2526 3545 2592; x_wconf 86' lang='lat' dir='ltr'><strong>penuria</strong></span> 
     </span>
    </p>
   </div>
   <div class='ocr_carea' id='block_1_70' title="bbox 1954 2614 3545 2685">
    <p class='ocr_par' dir='ltr' id='par_1_70' title="bbox 1954 2614 3545 2685">
     <span class='ocr_line' id='line_1_70' title="bbox 1954 2614 3545 2685; baseline 0.002 -19"><span class='ocrx_word' id='word_1_537' title='bbox 1954 2615 2134 2667; x_wconf 81' lang='lat' dir='ltr'><strong>futura</strong></span> <span class='ocrx_word' id='word_1_538' title='bbox 2172 2615 2275 2676; x_wconf 89' lang='lat' dir='ltr'><strong>sit,</strong></span> <span class='ocrx_word' id='word_1_539' title='bbox 2329 2614 2402 2668; x_wconf 89' lang='lat' dir='ltr'><strong>ita</strong></span> <span class='ocrx_word' id='word_1_540' title='bbox 2437 2624 2494 2668; x_wconf 91' lang='lat' dir='ltr'><strong>ut</strong></span> <span class='ocrx_word' id='word_1_541' title='bbox 2539 2616 2592 2668; x_wconf 90' lang='lat' dir='ltr'><strong>in</strong></span> <span class='ocrx_word' id='word_1_542' title='bbox 2625 2614 2858 2684; x_wconf 69' lang='lat' dir='ltr'><strong>Egypto</strong></span> <span class='ocrx_word' id='word_1_543' title='bbox 2890 2632 3158 2684; x_wconf 84' lang='lat' dir='ltr'><strong>nusquam</strong></span> <span class='ocrx_word' id='word_1_544' title='bbox 3200 2631 3357 2685; x_wconf 79' lang='lat' dir='ltr'><strong>aqua:</strong></span> <span class='ocrx_word' id='word_1_545' title='bbox 3391 2634 3545 2671; x_wconf 79' lang='lat' dir='ltr'><strong>com-</strong></span> 
     </span>
    </p>
   </div>
   <div class='ocr_carea' id='block_1_71' title="bbox 1950 2706 3545 2779">
    <p class='ocr_par' dir='ltr' id='par_1_71' title="bbox 1950 2706 3545 2779">
     <span class='ocr_line' id='line_1_71' title="bbox 1950 2706 3545 2779; baseline 0.003 -21"><span class='ocrx_word' id='word_1_546' title='bbox 1950 2716 2196 2772; x_wconf 85' lang='lat' dir='ltr'><strong>pareant.</strong></span> <span class='ocrx_word' id='word_1_547' title='bbox 2231 2706 2429 2762; x_wconf 88' lang='lat' dir='ltr'><strong>Verum</strong></span> <span class='ocrx_word' id='word_1_548' title='bbox 2468 2707 2553 2762; x_wconf 90' lang='lat' dir='ltr'><strong>hic</strong></span> <span class='ocrx_word' id='word_1_549' title='bbox 2580 2723 2761 2762; x_wconf 83' lang='lat' dir='ltr'><strong>sermo</strong></span> <span class='ocrx_word' id='word_1_550' title='bbox 2789 2708 2875 2762; x_wconf 85' lang='lat' dir='ltr'><strong>vel</strong></span> <span class='ocrx_word' id='word_1_551' title='bbox 2911 2710 3140 2761; x_wconf 87' lang='lat' dir='ltr'><strong>invitum</strong></span> <span class='ocrx_word' id='word_1_552' title='bbox 3167 2724 3440 2779; x_wconf 89' lang='lat' dir='ltr'><strong>quemque</strong></span> <span class='ocrx_word' id='word_1_553' title='bbox 3476 2711 3545 2763; x_wconf 86' lang='lat' dir='ltr'><strong>ad</strong></span> 
     </span>
    </p>
   </div>
   <div class='ocr_carea' id='block_1_72' title="bbox 1951 2799 3544 2870">
    <p class='ocr_par' dir='ltr' id='par_1_72' title="bbox 1951 2799 3544 2870">
     <span class='ocr_line' id='line_1_72' title="bbox 1951 2799 3544 2870; baseline 0.004 -20"><span class='ocrx_word' id='word_1_554' title='bbox 1951 2799 2232 2866; x_wconf 78' lang='lat' dir='ltr'><strong>figuratam</strong></span> <span class='ocrx_word' id='word_1_555' title='bbox 2290 2801 2714 2869; x_wconf 87' lang='lat' dir='ltr'><strong>speculationem</strong></span> <span class='ocrx_word' id='word_1_556' title='bbox 2773 2802 2822 2854; x_wconf 90' lang='lat' dir='ltr'><strong>vi</strong></span> <span class='ocrx_word' id='word_1_557' title='bbox 2878 2802 3185 2870; x_wconf 88' lang='lat' dir='ltr'><strong>pertrahit,</strong></span> <span class='ocrx_word' id='word_1_558' title='bbox 3229 2803 3302 2856; x_wconf 90' lang='lat' dir='ltr'><strong>ita</strong></span> <span class='ocrx_word' id='word_1_559' title='bbox 3340 2812 3400 2856; x_wconf 91' lang='lat' dir='ltr'><strong>ut</strong></span> <span class='ocrx_word' id='word_1_560' title='bbox 3447 2818 3544 2857; x_wconf 80' lang='lat' dir='ltr'><strong>ne-</strong></span> 
     </span>
    </p>
   </div>
   <div class='ocr_carea' id='block_1_73' title="bbox 1949 2889 3542 2963">
    <p class='ocr_par' dir='ltr' id='par_1_73' title="bbox 1949 2889 3542 2963">
     <span class='ocr_line' id='line_1_73' title="bbox 1949 2889 3542 2963; baseline 0.005 -22"><span class='ocrx_word' id='word_1_561' title='bbox 1949 2891 2188 2943; x_wconf 86' lang='lat' dir='ltr'><strong>cessario</strong></span> <span class='ocrx_word' id='word_1_562' title='bbox 2235 2903 2331 2958; x_wconf 87' lang='lat' dir='ltr'><strong>per</strong></span> <span class='ocrx_word' id='word_1_563' title='bbox 2360 2889 2686 2961; x_wconf 59' lang='lat' dir='ltr'><strong>JEgyptiaca</strong></span> <span class='ocrx_word' id='word_1_564' title='bbox 2720 2892 2944 2947; x_wconf 87' lang='lat' dir='ltr'><strong>ﬂumina</strong></span> <span class='ocrx_word' id='word_1_565' title='bbox 3009 2905 3061 2947; x_wconf 92' lang='lat' dir='ltr'><strong>et</strong></span> <span class='ocrx_word' id='word_1_566' title='bbox 3114 2911 3284 2963; x_wconf 89' lang='lat' dir='ltr'><strong>aquas</strong></span> <span class='ocrx_word' id='word_1_567' title='bbox 3347 2894 3542 2950; x_wconf 83' lang='lat' dir='ltr'><strong>intelli-</strong></span> 
     </span>
    </p>
   </div>
   <div class='ocr_carea' id='block_1_74' title="bbox 1949 2975 3541 3050">
    <p class='ocr_par' dir='ltr' id='par_1_74' title="bbox 1949 2975 3541 3050">
     <span class='ocr_line' id='line_1_74' title="bbox 1949 2975 3541 3050; baseline 0.008 -21"><span class='ocrx_word' id='word_1_568' title='bbox 1949 2991 2042 3045; x_wconf 85' lang='lat' dir='ltr'><strong>gas</strong></span> <span class='ocrx_word' id='word_1_569' title='bbox 2073 2975 2408 3047; x_wconf 61' lang='lat' dir='ltr'><strong>Egyptiaczn</strong></span> <span class='ocrx_word' id='word_1_570' title='bbox 2440 2982 2696 3049; x_wconf 70' lang='lat' dir='ltr'><strong>potentiae</strong></span> <span class='ocrx_word' id='word_1_571' title='bbox 2725 2982 2830 3034; x_wconf 89' lang='lat' dir='ltr'><strong>vim</strong></span> <span class='ocrx_word' id='word_1_572' title='bbox 2873 2993 2928 3035; x_wconf 90' lang='lat' dir='ltr'><strong>et</strong></span> <span class='ocrx_word' id='word_1_573' title='bbox 2965 2983 3391 3050; x_wconf 86' lang='lat' dir='ltr'><strong>multitudinem,</strong></span> <span class='ocrx_word' id='word_1_574' title='bbox 3445 3003 3541 3041; x_wconf 87' lang='lat' dir='ltr'><strong>nec</strong></span> 
     </span>
    </p>
   </div>
   <div class='ocr_carea' id='block_1_75' title="bbox 1950 3057 3540 3138">
    <p class='ocr_par' dir='ltr' id='par_1_75' title="bbox 1950 3057 3540 3138">
     <span class='ocr_line' id='line_1_75' title="bbox 1950 3057 3540 3138; baseline 0.008 -20"><span class='ocrx_word' id='word_1_575' title='bbox 1950 3082 2053 3119; x_wconf 86' lang='lat' dir='ltr'><strong>non</strong></span> <span class='ocrx_word' id='word_1_576' title='bbox 2097 3083 2318 3138; x_wconf 81' lang='lat' dir='ltr'><strong>regnum</strong></span> <span class='ocrx_word' id='word_1_577' title='bbox 2357 3086 2572 3131; x_wconf 88' lang='lat' dir='ltr'><strong>eorum,</strong></span> <span class='ocrx_word' id='word_1_578' title='bbox 2616 3072 2761 3138; x_wconf 88' lang='lat' dir='ltr'><strong>quod</strong></span> <span class='ocrx_word' id='word_1_579' title='bbox 2801 3073 2928 3126; x_wconf 85' lang='lat' dir='ltr'><strong>olim</strong></span> <span class='ocrx_word' id='word_1_580' title='bbox 2972 3073 3210 3129; x_wconf 80' lang='lat' dir='ltr'><strong>fluminis</strong></span> <span class='ocrx_word' id='word_1_581' title='bbox 3246 3057 3420 3130; x_wconf 68' lang='lat' dir='ltr'><strong>instar</strong></span> <span class='ocrx_word' id='word_1_582' title='bbox 3448 3093 3540 3130; x_wconf 76' lang='lat' dir='ltr'><strong>cx-</strong></span> 
     </span>
    </p>
   </div>
   <div class='ocr_carea' id='block_1_76' title="bbox 1948 3161 3537 3235">
    <p class='ocr_par' dir='ltr' id='par_1_76' title="bbox 1948 3161 3537 3235">
     <span class='ocr_line' id='line_1_76' title="bbox 1948 3161 3537 3235; baseline 0.006 -22"><span class='ocrx_word' id='word_1_583' title='bbox 1948 3161 2224 3227; x_wconf 89' lang='lat' dir='ltr'><strong>undabat;</strong></span> <span class='ocrx_word' id='word_1_584' title='bbox 2269 3162 2383 3215; x_wconf 85' lang='lat' dir='ltr'><strong>sive</strong></span> <span class='ocrx_word' id='word_1_585' title='bbox 2433 3166 2733 3218; x_wconf 89' lang='lat' dir='ltr'><strong>secundum</strong></span> <span class='ocrx_word' id='word_1_586' title='bbox 2780 3166 2943 3219; x_wconf 85' lang='lat' dir='ltr'><strong>aliam</strong></span> <span class='ocrx_word' id='word_1_587' title='bbox 2993 3167 3390 3235; x_wconf 85' lang='lat' dir='ltr'><strong>interpretandi</strong></span> <span class='ocrx_word' id='word_1_588' title='bbox 3447 3186 3537 3222; x_wconf 82' lang='lat' dir='ltr'><strong>ra-</strong></span> 
     </span>
    </p>
   </div>
   <div class='ocr_carea' id='block_1_77' title="bbox 1950 3254 3537 3330">
    <p class='ocr_par' dir='ltr' id='par_1_77' title="bbox 1950 3254 3537 3330">
     <span class='ocr_line' id='line_1_77' title="bbox 1950 3254 3537 3330; baseline 0.007 -25"><span class='ocrx_word' id='word_1_589' title='bbox 1950 3254 2172 3313; x_wconf 90' lang='lat' dir='ltr'><strong>tionem,</strong></span> <span class='ocrx_word' id='word_1_590' title='bbox 2231 3255 2627 3324; x_wconf 85' lang='lat' dir='ltr'><strong>philosophiam</strong></span> <span class='ocrx_word' id='word_1_591' title='bbox 2668 3258 2797 3311; x_wconf 88' lang='lat' dir='ltr'><strong>olim</strong></span> <span class='ocrx_word' id='word_1_592' title='bbox 2831 3260 2970 3326; x_wconf 88' lang='lat' dir='ltr'><strong>apud</strong></span> <span class='ocrx_word' id='word_1_593' title='bbox 3017 3259 3307 3330; x_wconf 56' lang='lat' dir='ltr'><strong>[Egyptios</strong></span> <span class='ocrx_word' id='word_1_594' title='bbox 3339 3264 3537 3316; x_wconf 84' lang='lat' dir='ltr'><strong>tlorcn-</strong></span> 
     </span>
    </p>
   </div>
   <div class='ocr_carea' id='block_1_78' title="bbox 1947 3344 3537 3425">
    <p class='ocr_par' dir='ltr' id='par_1_78' title="bbox 1947 3344 3537 3425">
     <span class='ocr_line' id='line_1_78' title="bbox 1947 3344 3537 3425; baseline 0.007 -29"><span class='ocrx_word' id='word_1_595' title='bbox 1947 3353 2084 3396; x_wconf 87' lang='lat' dir='ltr'><strong>tem:</strong></span> <span class='ocrx_word' id='word_1_596' title='bbox 2127 3344 2192 3397; x_wconf 89' lang='lat' dir='ltr'><strong>de</strong></span> <span class='ocrx_word' id='word_1_597' title='bbox 2236 3361 2346 3412; x_wconf 89' lang='lat' dir='ltr'><strong>qua</strong></span> <span class='ocrx_word' id='word_1_598' title='bbox 2384 3348 2586 3400; x_wconf 90' lang='lat' dir='ltr'><strong>dictum</strong></span> <span class='ocrx_word' id='word_1_599' title='bbox 2632 3363 2746 3412; x_wconf 90' lang='lat' dir='ltr'><strong>est,</strong></span> <span class='ocrx_word' id='word_1_600' title='bbox 2795 3368 2813 3400; x_wconf 87' lang='grc'><strong>‹</strong></span> <span class='ocrx_word' id='word_1_601' title='bbox 2865 3352 3152 3405; x_wconf 85' lang='lat' dir='ltr'><strong>lustitutus</strong></span> <span class='ocrx_word' id='word_1_602' title='bbox 3193 3365 3278 3407; x_wconf 87' lang='lat' dir='ltr'><strong>est</strong></span> <span class='ocrx_word' id='word_1_603' title='bbox 3325 3354 3537 3425; x_wconf 75' lang='lat' dir='ltr'><strong>Moyses</strong></span> 
     </span>
    </p>
   </div>
   <div class='ocr_carea' id='block_1_79' title="bbox 1944 3431 3539 3515">
    <p class='ocr_par' dir='ltr' id='par_1_79' title="bbox 1944 3431 3539 3515">
     <span class='ocr_line' id='line_1_79' title="bbox 1944 3431 3539 3515; baseline 0.011 -32"><span class='ocrx_word' id='word_1_604' title='bbox 1944 3431 1996 3484; x_wconf 89' lang='lat' dir='ltr'><strong>iu</strong></span> <span class='ocrx_word' id='word_1_605' title='bbox 2040 3436 2184 3485; x_wconf 89' lang='lat' dir='ltr'><strong>omni</strong></span> <span class='ocrx_word' id='word_1_606' title='bbox 2224 3436 2492 3502; x_wconf 85' lang='lat' dir='ltr'><strong>sapientia</strong></span> <span class='ocrx_word' id='word_1_607' title='bbox 2534 3436 2922 3508; x_wconf 62' lang='lat' dir='ltr'><strong>Egyptiorum</strong></span> <span class='ocrx_word' id='word_1_608' title='bbox 2951 3444 3020 3498; x_wconf 82' lang='grc'><strong>’⁵.</strong></span> <span class='ocrx_word' id='word_1_609' title='bbox 3064 3462 3080 3493; x_wconf 73' lang='grc' dir='ltr'><strong>ι</strong></span> <span class='ocrx_word' id='word_1_610' title='bbox 3118 3444 3308 3512; x_wconf 79' lang='lat' dir='ltr'><strong>Magna</strong></span> <span class='ocrx_word' id='word_1_611' title='bbox 3341 3449 3539 3515; x_wconf 85' lang='lat' dir='ltr'><strong>quippe</strong></span> 
     </span>
    </p>
   </div>
   <div class='ocr_carea' id='block_1_80' title="bbox 1943 3525 3538 3606">
    <p class='ocr_par' dir='ltr' id='par_1_80' title="bbox 1943 3525 3538 3606">
     <span class='ocr_line' id='line_1_80' title="bbox 1943 3525 3538 3606; baseline 0.011 -32"><span class='ocrx_word' id='word_1_612' title='bbox 1943 3525 2248 3592; x_wconf 85' lang='lat' dir='ltr'><strong>antiquitus</strong></span> <span class='ocrx_word' id='word_1_613' title='bbox 2297 3527 2382 3580; x_wconf 86' lang='lat' dir='ltr'><strong>illa</strong></span> <span class='ocrx_word' id='word_1_614' title='bbox 2431 3537 2587 3591; x_wconf 89' lang='lat' dir='ltr'><strong>erat,</strong></span> <span class='ocrx_word' id='word_1_615' title='bbox 2633 3547 2888 3600; x_wconf 84' lang='lat' dir='ltr'><strong>magnum</strong></span> <span class='ocrx_word' id='word_1_616' title='bbox 2936 3534 3006 3587; x_wconf 87' lang='lat' dir='ltr'><strong>ibi</strong></span> <span class='ocrx_word' id='word_1_617' title='bbox 3046 3535 3284 3605; x_wconf 80' lang='lat' dir='ltr'><strong>ﬂumen,</strong></span> <span class='ocrx_word' id='word_1_618' title='bbox 3343 3553 3538 3606; x_wconf 80' lang='lat' dir='ltr'><strong>magna</strong></span> 
     </span>
    </p>
   </div>
   <div class='ocr_carea' id='block_1_81' title="bbox 1942 3621 3536 3696">
    <p class='ocr_par' dir='ltr' id='par_1_81' title="bbox 1942 3621 3536 3696">
     <span class='ocr_line' id='line_1_81' title="bbox 1942 3621 3536 3696; baseline 0.011 -30"><span class='ocrx_word' id='word_1_619' title='bbox 1942 3631 2157 3686; x_wconf 74' lang='lat' dir='ltr'><strong>quoque</strong></span> <span class='ocrx_word' id='word_1_620' title='bbox 2187 3634 2354 3686; x_wconf 85' lang='lat' dir='ltr'><strong>penes</strong></span> <span class='ocrx_word' id='word_1_621' title='bbox 2398 3621 2518 3675; x_wconf 90' lang='lat' dir='ltr'><strong>illos</strong></span> <span class='ocrx_word' id='word_1_622' title='bbox 2557 3636 2676 3676; x_wconf 87' lang='lat' dir='ltr'><strong>erat</strong></span> <span class='ocrx_word' id='word_1_623' title='bbox 2719 3627 3026 3693; x_wconf 60' lang='lat' dir='ltr'><strong>sapientia},</strong></span> <span class='ocrx_word' id='word_1_624' title='bbox 3060 3643 3222 3696; x_wconf 88' lang='lat' dir='ltr'><strong>quam</strong></span> <span class='ocrx_word' id='word_1_625' title='bbox 3264 3631 3536 3684; x_wconf 75' lang='lat' dir='ltr'><strong>miraban-</strong></span> 
     </span>
    </p>
   </div>
   <div class='ocr_carea' id='block_1_82' title="bbox 1944 3712 3536 3791">
    <p class='ocr_par' dir='ltr' id='par_1_82' title="bbox 1944 3712 3536 3791">
     <span class='ocr_line' id='line_1_82' title="bbox 1944 3712 3536 3791; baseline 0.011 -31"><span class='ocrx_word' id='word_1_626' title='bbox 1944 3717 2051 3772; x_wconf 89' lang='lat' dir='ltr'><strong>tur,</strong></span> <span class='ocrx_word' id='word_1_627' title='bbox 2101 3712 2260 3764; x_wconf 88' lang='lat' dir='ltr'><strong>ratio.</strong></span> <span class='ocrx_word' id='word_1_628' title='bbox 2297 3713 2478 3766; x_wconf 65' lang='lat' dir='ltr'><strong>Multae</strong></span> <span class='ocrx_word' id='word_1_629' title='bbox 2523 3730 2686 3783; x_wconf 90' lang='lat' dir='ltr'><strong>porro</strong></span> <span class='ocrx_word' id='word_1_630' title='bbox 2734 3728 2913 3784; x_wconf 83' lang='lat' dir='ltr'><strong>partes</strong></span> <span class='ocrx_word' id='word_1_631' title='bbox 2954 3732 3108 3772; x_wconf 86' lang='lat' dir='ltr'><strong>erant</strong></span> <span class='ocrx_word' id='word_1_632' title='bbox 3150 3722 3307 3791; x_wconf 84' lang='lat' dir='ltr'><strong>hujus</strong></span> <span class='ocrx_word' id='word_1_633' title='bbox 3359 3722 3536 3776; x_wconf 75' lang='lat' dir='ltr'><strong>flumi-</strong></span> 
     </span>
    </p>
   </div>
   <div class='ocr_carea' id='block_1_83' title="bbox 1942 3804 3536 3877">
    <p class='ocr_par' dir='ltr' id='par_1_83' title="bbox 1942 3804 3536 3877">
     <span class='ocr_line' id='line_1_83' title="bbox 1942 3804 3536 3877; baseline 0.01 -22"><span class='ocrx_word' id='word_1_634' title='bbox 1942 3804 2044 3871; x_wconf 80' lang='lat' dir='ltr'><strong>nis.</strong></span> <span class='ocrx_word' id='word_1_635' title='bbox 2085 3805 2244 3858; x_wconf 83' lang='lat' dir='ltr'><strong>divisi</strong></span> <span class='ocrx_word' id='word_1_636' title='bbox 2279 3823 2472 3874; x_wconf 83' lang='lat' dir='ltr'><strong>nempe</strong></span> <span class='ocrx_word' id='word_1_637' title='bbox 2516 3812 2566 3860; x_wconf 93' lang='lat' dir='ltr'><strong>in</strong></span> <span class='ocrx_word' id='word_1_638' title='bbox 2604 3813 2799 3866; x_wconf 86' lang='lat' dir='ltr'><strong>multos</strong></span> <span class='ocrx_word' id='word_1_639' title='bbox 2825 3813 3078 3877; x_wconf 86' lang='lat' dir='ltr'><strong>canales,</strong></span> <span class='ocrx_word' id='word_1_640' title='bbox 3123 3815 3173 3867; x_wconf 93' lang='lat' dir='ltr'><strong>iu</strong></span> <span class='ocrx_word' id='word_1_641' title='bbox 3213 3816 3410 3871; x_wconf 88' lang='lat' dir='ltr'><strong>multos</strong></span> <span class='ocrx_word' id='word_1_642' title='bbox 3453 3819 3536 3871; x_wconf 85' lang='lat' dir='ltr'><strong>tti-</strong></span> 
     </span>
    </p>
   </div>
   <div class='ocr_carea' id='block_1_84' title="bbox 1945 3898 3534 3977">
    <p class='ocr_par' dir='ltr' id='par_1_84' title="bbox 1945 3898 3534 3977">
     <span class='ocr_line' id='line_1_84' title="bbox 1945 3898 3534 3977; baseline 0.01 -29"><span class='ocrx_word' id='word_1_643' title='bbox 1945 3898 2139 3951; x_wconf 82' lang='lat' dir='ltr'><strong>mirum</strong></span> <span class='ocrx_word' id='word_1_644' title='bbox 2183 3900 2477 3969; x_wconf 87' lang='lat' dir='ltr'><strong>discipulos</strong></span> <span class='ocrx_word' id='word_1_645' title='bbox 2510 3905 2804 3958; x_wconf 87' lang='lat' dir='ltr'><strong>secundum</strong></span> <span class='ocrx_word' id='word_1_646' title='bbox 2849 3908 3027 3960; x_wconf 75' lang='lat' dir='ltr'><strong>varias</strong></span> <span class='ocrx_word' id='word_1_647' title='bbox 3063 3908 3400 3977; x_wconf 79' lang='lat' dir='ltr'><strong>singulorum</strong></span> <span class='ocrx_word' id='word_1_648' title='bbox 3451 3913 3534 3964; x_wconf 86' lang='lat' dir='ltr'><strong>di-</strong></span> 
     </span>
    </p>
   </div>
   <div class='ocr_carea' id='block_1_85' title="bbox 1939 3991 3534 4072">
    <p class='ocr_par' dir='ltr' id='par_1_85' title="bbox 1939 3991 3534 4072">
     <span class='ocr_line' id='line_1_85' title="bbox 1939 3991 3534 4072; baseline 0.01 -30"><span class='ocrx_word' id='word_1_649' title='bbox 1939 3991 2198 4058; x_wconf 84' lang='lat' dir='ltr'><strong>sciplinas</strong></span> <span class='ocrx_word' id='word_1_650' title='bbox 2226 4005 2239 4042; x_wconf 93' lang='lat'>:</span> <span class='ocrx_word' id='word_1_651' title='bbox 2289 4008 2353 4045; x_wconf 79' lang='lat' dir='ltr'><strong>ex</strong></span> <span class='ocrx_word' id='word_1_652' title='bbox 2379 3995 2581 4060; x_wconf 89' lang='lat' dir='ltr'><strong>quibus</strong></span> <span class='ocrx_word' id='word_1_653' title='bbox 2605 3995 2946 4062; x_wconf 78' lang='lat' dir='ltr'><strong>pullttlubant</strong></span> <span class='ocrx_word' id='word_1_654' title='bbox 2985 4015 3090 4052; x_wconf 92' lang='lat' dir='ltr'><strong>non</strong></span> <span class='ocrx_word' id='word_1_655' title='bbox 3122 4001 3319 4066; x_wconf 67' lang='lat' dir='ltr'><strong>vinem,</strong></span> <span class='ocrx_word' id='word_1_656' title='bbox 3354 4017 3534 4072; x_wconf 83' lang='lat' dir='ltr'><strong>neque</strong></span> 
     </span>
    </p>
   </div>
   <div class='ocr_carea' id='block_1_86' title="bbox 1940 4079 3532 4155">
    <p class='ocr_par' dir='ltr' id='par_1_86' title="bbox 1940 4079 3532 4155">
     <span class='ocr_line' id='line_1_86' title="bbox 1940 4079 3532 4155; baseline 0.011 -23"><span class='ocrx_word' id='word_1_657' title='bbox 1940 4079 2116 4144; x_wconf 68' lang='lat' dir='ltr'><strong>olivae,</strong></span> <span class='ocrx_word' id='word_1_658' title='bbox 2168 4098 2343 4152; x_wconf 88' lang='lat' dir='ltr'><strong>neque</strong></span> <span class='ocrx_word' id='word_1_659' title='bbox 2392 4084 2500 4138; x_wconf 87' lang='lat' dir='ltr'><strong>alia</strong></span> <span class='ocrx_word' id='word_1_660' title='bbox 2542 4088 2808 4155; x_wconf 84' lang='lat' dir='ltr'><strong>quaepiam</strong></span> <span class='ocrx_word' id='word_1_661' title='bbox 2841 4104 2906 4142; x_wconf 84' lang='lat' dir='ltr'><strong>ex</strong></span> <span class='ocrx_word' id='word_1_662' title='bbox 2947 4089 3218 4147; x_wconf 76' lang='lat' dir='ltr'><strong>fructibus</strong></span> <span class='ocrx_word' id='word_1_663' title='bbox 3246 4110 3309 4149; x_wconf 85' lang='lat' dir='ltr'><strong>ac</strong></span> <span class='ocrx_word' id='word_1_664' title='bbox 3341 4111 3532 4150; x_wconf 87' lang='lat' dir='ltr'><strong>neces-</strong></span> 
     </span>
    </p>
   </div>
   <div class='ocr_carea' id='block_1_87' title="bbox 1941 4172 3530 4246">
    <p class='ocr_par' dir='ltr' id='par_1_87' title="bbox 1941 4172 3530 4246">
     <span class='ocr_line' id='line_1_87' title="bbox 1941 4172 3530 4246; baseline 0.01 -23"><span class='ocrx_word' id='word_1_665' title='bbox 1941 4172 2101 4223; x_wconf 90' lang='lat' dir='ltr'><strong>sariis</strong></span> <span class='ocrx_word' id='word_1_666' title='bbox 2157 4172 2491 4240; x_wconf 88' lang='lat' dir='ltr'><strong>arboribus,</strong></span> <span class='ocrx_word' id='word_1_667' title='bbox 2544 4176 2638 4228; x_wconf 87' lang='lat' dir='ltr'><strong>sed</strong></span> <span class='ocrx_word' id='word_1_668' title='bbox 2686 4192 2950 4246; x_wconf 74' lang='lat' dir='ltr'><strong>papyrus,</strong></span> <span class='ocrx_word' id='word_1_669' title='bbox 3003 4181 3246 4237; x_wconf 88' lang='lat' dir='ltr'><strong>calamus</strong></span> <span class='ocrx_word' id='word_1_670' title='bbox 3299 4193 3352 4237; x_wconf 89' lang='lat' dir='ltr'><strong>et</strong></span> <span class='ocrx_word' id='word_1_671' title='bbox 3409 4187 3530 4240; x_wconf 77' lang='lat' dir='ltr'><strong>aelii</strong></span> 
     </span>
    </p>
   </div>
   <div class='ocr_carea' id='block_1_88' title="bbox 1940 4263 3529 4343">
    <p class='ocr_par' dir='ltr' id='par_1_88' title="bbox 1940 4263 3529 4343">
     <span class='ocr_line' id='line_1_88' title="bbox 1940 4263 3529 4343; baseline 0.011 -30"><span class='ocrx_word' id='word_1_672' title='bbox 1940 4264 2142 4316; x_wconf 76' lang='lat' dir='ltr'><strong>virens.</strong></span> <span class='ocrx_word' id='word_1_673' title='bbox 2173 4263 2417 4332; x_wconf 82' lang='lat' dir='ltr'><strong>Sagenas</strong></span> <span class='ocrx_word' id='word_1_674' title='bbox 2446 4281 2609 4334; x_wconf 89' lang='lat' dir='ltr'><strong>porro</strong></span> <span class='ocrx_word' id='word_1_675' title='bbox 2642 4282 2832 4321; x_wconf 88' lang='lat' dir='ltr'><strong>eorum</strong></span> <span class='ocrx_word' id='word_1_676' title='bbox 2869 4271 3146 4341; x_wconf 78' lang='lat' dir='ltr'><strong>intelligas</strong></span> <span class='ocrx_word' id='word_1_677' title='bbox 3173 4288 3239 4327; x_wconf 79' lang='lat' dir='ltr'><strong>ex</strong></span> <span class='ocrx_word' id='word_1_678' title='bbox 3267 4277 3529 4343; x_wconf 89' lang='lat' dir='ltr'><strong>parabola</strong></span> 
     </span>
    </p>
   </div>
   <div class='ocr_carea' id='block_1_89' title="bbox 1940 4353 3528 4433">
    <p class='ocr_par' dir='ltr' id='par_1_89' title="bbox 1940 4353 3528 4433">
     <span class='ocr_line' id='line_1_89' title="bbox 1940 4353 3528 4433; baseline 0.011 -28"><span class='ocrx_word' id='word_1_679' title='bbox 1940 4353 2271 4418; x_wconf 79' lang='lat' dir='ltr'><strong>Salvatoris,</strong></span> <span class='ocrx_word' id='word_1_680' title='bbox 2349 4369 2454 4423; x_wconf 89' lang='lat' dir='ltr'><strong>qua</strong></span> <span class='ocrx_word' id='word_1_681' title='bbox 2535 4357 2768 4422; x_wconf 82' lang='lat' dir='ltr'><strong>dit-itur,</strong></span> <span class='ocrx_word' id='word_1_682' title='bbox 2836 4379 2853 4409; x_wconf 74' lang='grc' dir='ltr'><strong>ι</strong></span> <span class='ocrx_word' id='word_1_683' title='bbox 2901 4361 3092 4415; x_wconf 86' lang='lat' dir='ltr'><strong>Simile</strong></span> <span class='ocrx_word' id='word_1_684' title='bbox 3149 4372 3232 4417; x_wconf 89' lang='lat' dir='ltr'><strong>est</strong></span> <span class='ocrx_word' id='word_1_685' title='bbox 3302 4381 3528 4433; x_wconf 85' lang='lat' dir='ltr'><strong>regnum</strong></span> 
     </span>
    </p>
   </div>
   <div class='ocr_carea' id='block_1_90' title="bbox 1938 4443 3530 4528">
    <p class='ocr_par' dir='ltr' id='par_1_90' title="bbox 1938 4443 3530 4528">
     <span class='ocr_line' id='line_1_90' title="bbox 1938 4443 3530 4528; baseline 0.011 -31"><span class='ocrx_word' id='word_1_686' title='bbox 1938 4443 2198 4497; x_wconf 66' lang='lat' dir='ltr'><strong>caelorum</strong></span> <span class='ocrx_word' id='word_1_687' title='bbox 2228 4460 2446 4512; x_wconf 73' lang='lat' dir='ltr'><strong>sagcna:</strong></span> <span class='ocrx_word' id='word_1_688' title='bbox 2476 4448 2652 4502; x_wconf 64' lang='lat' dir='ltr'><strong>missa:</strong></span> <span class='ocrx_word' id='word_1_689' title='bbox 2679 4450 2728 4502; x_wconf 92' lang='lat' dir='ltr'><strong>in</strong></span> <span class='ocrx_word' id='word_1_690' title='bbox 2770 4466 2941 4517; x_wconf 89' lang='lat' dir='ltr'><strong>mare,</strong></span> <span class='ocrx_word' id='word_1_691' title='bbox 2976 4465 3028 4506; x_wconf 90' lang='lat' dir='ltr'><strong>et</strong></span> <span class='ocrx_word' id='word_1_692' title='bbox 3052 4469 3117 4507; x_wconf 82' lang='lat' dir='ltr'><strong>ex</strong></span> <span class='ocrx_word' id='word_1_693' title='bbox 3145 4460 3292 4509; x_wconf 91' lang='lat' dir='ltr'><strong>omni</strong></span> <span class='ocrx_word' id='word_1_694' title='bbox 3329 4475 3530 4528; x_wconf 71' lang='lat' dir='ltr'><strong>genere</strong></span> 
     </span>
    </p>
   </div>
   <div class='ocr_carea' id='block_1_91' title="bbox 243 4536 1845 4616">
    <p class='ocr_par' dir='ltr' id='par_1_91' title="bbox 243 4537 1832 4615">
     <span class='ocr_line' id='line_1_91' title="bbox 243 4537 1832 4615; baseline 0.006 -27"><span class='ocrx_word' id='word_1_695' title='bbox 243 4537 528 4608; x_wconf 78' lang='grc' dir='ltr'>παραϐολῇ</span> <span class='ocrx_word' id='word_1_696' title='bbox 553 4540 600 4590; x_wconf 87' lang='grc' dir='ltr'><strong>οἰ</strong></span> <span class='ocrx_word' id='word_1_697' title='bbox 628 4539 904 4610; x_wconf 85' lang='grc' dir='ltr'>ἅνθρωποι</span> <span class='ocrx_word' id='word_1_698' title='bbox 939 4539 1120 4608; x_wconf 87' lang='grc' dir='ltr'>ἰχθύες</span> <span class='ocrx_word' id='word_1_699' title='bbox 1149 4540 1417 4609; x_wconf 78' lang='grc' dir='ltr'>εἴρηνται,</span> <span class='ocrx_word' id='word_1_700' title='bbox 1449 4543 1540 4594; x_wconf 72' lang='grc' dir='ltr'><strong>καὶ</strong></span> <span class='ocrx_word' id='word_1_701' title='bbox 1567 4549 1776 4615; x_wconf 72' lang='grc' dir='ltr'>σαγήνη</span> <span class='ocrx_word' id='word_1_702' title='bbox 1804 4547 1832 4598; x_wconf 90' lang='grc' dir='ltr'>ὀ</span> 
     </span>
    </p>
   </div>
   <div class='ocr_carea' id='block_1_92' title="bbox 1948 4536 3524 4616">
    <p class='ocr_par' dir='ltr' id='par_1_92' title="bbox 1948 4536 3524 4608">
     <span class='ocr_line' id='line_1_92' title="bbox 1948 4536 3524 4608; baseline 0.015 -25"><span class='ocrx_word' id='word_1_703' title='bbox 1948 4536 2165 4602; x_wconf 60' lang='lat' dir='ltr'><strong>piscium</strong></span> <span class='ocrx_word' id='word_1_704' title='bbox 2203 4543 2553 4608; x_wconf 80' lang='lat' dir='ltr'><strong>congreganti</strong></span> <span class='ocrx_word' id='word_1_705' title='bbox 2587 4543 2655 4594; x_wconf 68' lang='grc'><strong>9⁸.</strong></span> <span class='ocrx_word' id='word_1_706' title='bbox 2701 4561 2716 4592; x_wconf 74' lang='grc' dir='ltr'><strong>ι</strong></span> <span class='ocrx_word' id='word_1_707' title='bbox 2779 4544 3252 4608; x_wconf 87' lang='lat' dir='ltr'><strong>Quemadmodqu</strong></span> <span class='ocrx_word' id='word_1_708' title='bbox 3289 4565 3420 4605; x_wconf 87' lang='lat' dir='ltr'><strong>vero</strong></span> <span class='ocrx_word' id='word_1_709' title='bbox 3470 4553 3524 4607; x_wconf 88' lang='lat' dir='ltr'><strong>in</strong></span> 
     </span>
    </p>
   </div>
   <div class='ocr_carea' id='block_1_93' title="bbox 243 4626 1826 4703">
    <p class='ocr_par' dir='ltr' id='par_1_93' title="bbox 243 4626 1826 4703">
     <span class='ocr_line' id='line_1_93' title="bbox 243 4626 1826 4703; baseline 0.006 -25"><span class='ocrx_word' id='word_1_710' title='bbox 243 4628 367 4697; x_wconf 72' lang='grc' dir='ltr'>περὶ</span> <span class='ocrx_word' id='word_1_711' title='bbox 398 4627 502 4696; x_wconf 81' lang='grc' dir='ltr'>τῆς</span> <span class='ocrx_word' id='word_1_712' title='bbox 531 4626 806 4696; x_wconf 81' lang='grc' dir='ltr'>βασιλείας</span> <span class='ocrx_word' id='word_1_713' title='bbox 835 4630 941 4681; x_wconf 81' lang='grc' dir='ltr'><strong>τῶν</strong></span> <span class='ocrx_word' id='word_1_714' title='bbox 973 4630 1217 4700; x_wconf 77' lang='grc' dir='ltr'>οὐρανῶν</span> <span class='ocrx_word' id='word_1_715' title='bbox 1261 4631 1614 4699; x_wconf 76' lang='grc' dir='ltr'>εύαγγελικὸς</span> <span class='ocrx_word' id='word_1_716' title='bbox 1637 4634 1790 4703; x_wconf 89' lang='grc' dir='ltr'>λόγος</span> <span class='ocrx_word' id='word_1_717' title='bbox 1813 4655 1826 4666; x_wconf 92' lang='grc'>·</span> 
     </span>
    </p>
   </div>
   <div class='ocr_carea' id='block_1_94' title="bbox 242 4718 1830 4795">
    <p class='ocr_par' dir='ltr' id='par_1_94' title="bbox 242 4718 1830 4795">
     <span class='ocr_line' id='line_1_94' title="bbox 242 4718 1830 4795; baseline 0.007 -26"><span class='ocrx_word' id='word_1_718' title='bbox 242 4718 412 4782; x_wconf 75' lang='grc' dir='ltr'>οὕτως</span> <span class='ocrx_word' id='word_1_719' title='bbox 443 4719 536 4770; x_wconf 73' lang='grc' dir='ltr'>καὶ</span> <span class='ocrx_word' id='word_1_720' title='bbox 567 4719 801 4772; x_wconf 75' lang='grc' dir='ltr'>ἐνταῦθα</span> <span class='ocrx_word' id='word_1_721' title='bbox 828 4722 860 4788; x_wconf 85' lang='grc' dir='ltr'>ἡ</span> <span class='ocrx_word' id='word_1_722' title='bbox 899 4720 1238 4784; x_wconf 84' lang='grc' dir='ltr'>πολύπλοκος</span> <span class='ocrx_word' id='word_1_723' title='bbox 1263 4723 1503 4793; x_wconf 86' lang='grc' dir='ltr'>δεινότης</span> <span class='ocrx_word' id='word_1_724' title='bbox 1535 4725 1626 4778; x_wconf 83' lang='grc' dir='ltr'><strong>τοῦ</strong></span> <span class='ocrx_word' id='word_1_725' title='bbox 1670 4729 1830 4795; x_wconf 84' lang='grc' dir='ltr'>Αἰγυ-</span> 
     </span>
    </p>
   </div>
   <div class='ocr_carea' id='block_1_95' title="bbox 244 4809 1829 4888">
    <p class='ocr_par' dir='ltr' id='par_1_95' title="bbox 244 4809 1829 4888">
     <span class='ocr_line' id='line_1_95' title="bbox 244 4809 1829 4888; baseline 0.006 -28"><span class='ocrx_word' id='word_1_726' title='bbox 244 4809 396 4861; x_wconf 68' lang='grc' dir='ltr'>πτίου</span> <span class='ocrx_word' id='word_1_727' title='bbox 449 4809 629 4876; x_wconf 87' lang='grc' dir='ltr'>λόγου,</span> <span class='ocrx_word' id='word_1_728' title='bbox 673 4810 758 4880; x_wconf 78' lang='grc' dir='ltr'><strong>εἴη</strong></span> <span class='ocrx_word' id='word_1_729' title='bbox 810 4810 876 4863; x_wconf 84' lang='grc' dir='ltr'><strong>ἂν</strong></span> <span class='ocrx_word' id='word_1_730' title='bbox 933 4814 1138 4882; x_wconf 69' lang='grc' dir='ltr'>σαγήνῃ</span> <span class='ocrx_word' id='word_1_731' title='bbox 1181 4814 1270 4865; x_wconf 79' lang='grc' dir='ltr'><strong>καὶ</strong></span> <span class='ocrx_word' id='word_1_732' title='bbox 1317 4815 1384 4866; x_wconf 83' lang='grc' dir='ltr'>τὰ</span> <span class='ocrx_word' id='word_1_733' title='bbox 1440 4815 1829 4888; x_wconf 68' lang='grc' dir='ltr'>ἀμφίϐληστρα</span> 
     </span>
    </p>
   </div>
   <div class='ocr_carea' id='block_1_96' title="bbox 241 4901 1828 4976">
    <p class='ocr_par' dir='ltr' id='par_1_96' title="bbox 241 4901 1828 4976">
     <span class='ocr_line' id='line_1_96' title="bbox 241 4901 1828 4976; baseline 0.006 -25"><span class='ocrx_word' id='word_1_734' title='bbox 241 4901 469 4970; x_wconf 71' lang='grc' dir='ltr'>ὁμοίως-ο</span> <span class='ocrx_word' id='word_1_735' title='bbox 499 4904 546 4953; x_wconf 88' lang='grc' dir='ltr'><strong>οἰ</strong></span> <span class='ocrx_word' id='word_1_736' title='bbox 576 4902 632 4954; x_wconf 81' lang='grc' dir='ltr'><strong>δὲ</strong></span> <span class='ocrx_word' id='word_1_737' title='bbox 663 4905 1086 4974; x_wconf 73' lang='grc' dir='ltr'>σαγηνευόμενοι</span> <span class='ocrx_word' id='word_1_738' title='bbox 1113 4907 1250 4975; x_wconf 70' lang='grc' dir='ltr'>πρὸς</span> <span class='ocrx_word' id='word_1_739' title='bbox 1291 4907 1469 4959; x_wconf 73' lang='grc' dir='ltr'>αὐτῶν</span> <span class='ocrx_word' id='word_1_740' title='bbox 1500 4909 1679 4976; x_wconf 81' lang='grc' dir='ltr'>ἰχθύες</span> <span class='ocrx_word' id='word_1_741' title='bbox 1717 4907 1828 4962; x_wconf 79' lang='grc' dir='ltr'>εἷεν</span> 
     </span>
    </p>
   </div>
   <div class='ocr_carea' id='block_1_97' title="bbox 240 4991 1824 5062">
    <p class='ocr_par' dir='ltr' id='par_1_97' title="bbox 240 4991 1824 5062">
     <span class='ocr_line' id='line_1_97' title="bbox 240 4991 1824 5062; baseline 0.008 -22"><span class='ocrx_word' id='word_1_742' title='bbox 240 4992 284 5042; x_wconf 82' lang='grc' dir='ltr'><strong>οἰ</strong></span> <span class='ocrx_word' id='word_1_743' title='bbox 323 4994 442 5053; x_wconf 83' lang='grc' dir='ltr'>ταῖς</span> <span class='ocrx_word' id='word_1_744' title='bbox 485 4991 790 5061; x_wconf 77' lang='grc' dir='ltr'>ἀπατηλαῖς</span> <span class='ocrx_word' id='word_1_745' title='bbox 832 4995 1164 5062; x_wconf 82' lang='grc' dir='ltr'>σοφιστείαις</span> <span class='ocrx_word' id='word_1_746' title='bbox 1209 4998 1287 5058; x_wconf 90' lang='grc' dir='ltr'><strong>εἰς</strong></span> <span class='ocrx_word' id='word_1_747' title='bbox 1337 4999 1442 5049; x_wconf 75' lang='grc' dir='ltr'>πᾶν</span> <span class='ocrx_word' id='word_1_748' title='bbox 1485 4994 1623 5061; x_wconf 70' lang='grc' dir='ltr'>εἶδος</span> <span class='ocrx_word' id='word_1_749' title='bbox 1663 4999 1824 5052; x_wconf 76' lang='grc' dir='ltr'>ἀθέου</span> 
     </span>
    </p>
   </div>
   <div class='ocr_carea' id='block_1_98' title="bbox 239 5081 1826 5156">
    <p class='ocr_par' dir='ltr' id='par_1_98' title="bbox 239 5081 1826 5156">
     <span class='ocr_line' id='line_1_98' title="bbox 239 5081 1826 5156; baseline 0.006 -23"><span class='ocrx_word' id='word_1_750' title='bbox 239 5081 657 5152; x_wconf 86' lang='grc' dir='ltr'>δεισιδαιμονίας</span> <span class='ocrx_word' id='word_1_751' title='bbox 718 5083 1135 5154; x_wconf 82' lang='grc' dir='ltr'>ύποσυρόμενοι.</span> <span class='ocrx_word' id='word_1_752' title='bbox 1194 5087 1480 5152; x_wconf 81' lang='grc' dir='ltr'>Στενάξειν</span> <span class='ocrx_word' id='word_1_753' title='bbox 1551 5088 1681 5156; x_wconf 81' lang='grc' dir='ltr'>γοῦν</span> <span class='ocrx_word' id='word_1_754' title='bbox 1733 5093 1826 5142; x_wconf 80' lang='grc' dir='ltr'><strong>καὶ</strong></span> 
     </span>
    </p>
   </div>
   <div class='ocr_carea' id='block_1_99' title="bbox 241 5165 1824 5251">
    <p class='ocr_par' dir='ltr' id='par_1_99' title="bbox 241 5165 1824 5251">
     <span class='ocr_line' id='line_1_99' title="bbox 241 5165 1824 5251; baseline 0.005 -28"><span class='ocrx_word' id='word_1_755' title='bbox 241 5173 528 5244; x_wconf 83' lang='grc' dir='ltr'>πενθήσειν</span> <span class='ocrx_word' id='word_1_756' title='bbox 552 5172 801 5240; x_wconf 76' lang='grc' dir='ltr'>λέγονται</span> <span class='ocrx_word' id='word_1_757' title='bbox 827 5176 873 5224; x_wconf 81' lang='grc' dir='ltr'>οἱ</span> <span class='ocrx_word' id='word_1_758' title='bbox 906 5165 1227 5244; x_wconf 75' lang='grc' dir='ltr'>ἀμφιϐολεῖς</span> <span class='ocrx_word' id='word_1_759' title='bbox 1258 5177 1356 5244; x_wconf 78' lang='grc' dir='ltr'><strong>τῆς</strong></span> <span class='ocrx_word' id='word_1_760' title='bbox 1381 5177 1680 5245; x_wconf 84' lang='grc' dir='ltr'>Αἰγύπτου,</span> <span class='ocrx_word' id='word_1_761' title='bbox 1718 5197 1824 5251; x_wconf 79' lang='grc' dir='ltr'>μη-</span> 
     </span>
    </p>
   </div>
   <div class='ocr_carea' id='block_1_100' title="bbox 241 5266 1823 5339">
    <p class='ocr_par' dir='ltr' id='par_1_100' title="bbox 241 5266 1823 5339">
     <span class='ocr_line' id='line_1_100' title="bbox 241 5266 1823 5339; baseline 0.003 -21"><span class='ocrx_word' id='word_1_762' title='bbox 241 5267 352 5318; x_wconf 84' lang='grc' dir='ltr'>κέτι</span> <span class='ocrx_word' id='word_1_763' title='bbox 378 5266 592 5336; x_wconf 73' lang='grc' dir='ltr'>ἔχοντες</span> <span class='ocrx_word' id='word_1_764' title='bbox 631 5266 892 5336; x_wconf 75' lang='grc' dir='ltr'>ἐργασίαν</span> <span class='ocrx_word' id='word_1_765' title='bbox 920 5267 1007 5320; x_wconf 68' lang='grc' dir='ltr'><strong>διὰ</strong></span> <span class='ocrx_word' id='word_1_766' title='bbox 1043 5270 1132 5320; x_wconf 74' lang='grc' dir='ltr'><strong>τὸν</strong></span> <span class='ocrx_word' id='word_1_767' title='bbox 1173 5268 1590 5339; x_wconf 71' lang='grc' dir='ltr'>ἐπιδημήσαντα</span> <span class='ocrx_word' id='word_1_768' title='bbox 1639 5274 1823 5335; x_wconf 69' lang='grc' dir='ltr'>αὐτοῖς</span> 
     </span>
    </p>
   </div>
   <div class='ocr_carea' id='block_1_101' title="bbox 239 5356 1818 5426">
    <p class='ocr_par' dir='ltr' id='par_1_101' title="bbox 239 5356 1818 5426">
     <span class='ocr_line' id='line_1_101' title="bbox 239 5356 1818 5426; baseline 0.003 -18"><span class='ocrx_word' id='word_1_769' title='bbox 239 5356 468 5426; x_wconf 78' lang='grc' dir='ltr'>Χριστὸν</span> <span class='ocrx_word' id='word_1_770' title='bbox 503 5357 599 5408; x_wconf 73' lang='grc' dir='ltr'><strong>καὶ</strong></span> <span class='ocrx_word' id='word_1_771' title='bbox 639 5357 740 5425; x_wconf 81' lang='grc' dir='ltr'><strong>τὴν</strong></span> <span class='ocrx_word' id='word_1_772' title='bbox 777 5358 958 5409; x_wconf 76' lang='grc' dir='ltr'>πᾶσαν</span> <span class='ocrx_word' id='word_1_773' title='bbox 1003 5357 1180 5410; x_wconf 73' lang='grc' dir='ltr'>αὐτῶν</span> <span class='ocrx_word' id='word_1_774' title='bbox 1221 5358 1411 5425; x_wconf 74' lang='grc' dir='ltr'>σοφίαν</span> <span class='ocrx_word' id='word_1_775' title='bbox 1457 5361 1818 5426; x_wconf 79' lang='grc' dir='ltr'>ἀπολέσαντα,</span> 
     </span>
    </p>
   </div>
   <div class='ocr_carea' id='block_1_102' title="bbox 240 5447 1821 5523">
    <p class='ocr_par' dir='ltr' id='par_1_102' title="bbox 240 5447 1821 5523">
     <span class='ocr_line' id='line_1_102' title="bbox 240 5447 1821 5523; baseline 0.005 -27"><span class='ocrx_word' id='word_1_776' title='bbox 240 5447 377 5500; x_wconf 78' lang='grc' dir='ltr'>κατὰ</span> <span class='ocrx_word' id='word_1_777' title='bbox 398 5447 478 5510; x_wconf 80' lang='grc' dir='ltr'><strong>τὸ,</strong></span> <span class='ocrx_word' id='word_1_778' title='bbox 508 5467 525 5496; x_wconf 77' lang='grc' dir='ltr'><strong>ι</strong></span> <span class='ocrx_word' id='word_1_779' title='bbox 551 5447 760 5499; x_wconf 83' lang='grc' dir='ltr'>Ἀπολῶ</span> <span class='ocrx_word' id='word_1_780' title='bbox 778 5448 876 5518; x_wconf 79' lang='grc' dir='ltr'><strong>τὴν</strong></span> <span class='ocrx_word' id='word_1_781' title='bbox 903 5448 1092 5515; x_wconf 63' lang='grc' dir='ltr'>σοφίαν</span> <span class='ocrx_word' id='word_1_782' title='bbox 1120 5448 1223 5500; x_wconf 83' lang='grc' dir='ltr'><strong>τῶν</strong></span> <span class='ocrx_word' id='word_1_783' title='bbox 1245 5450 1441 5518; x_wconf 72' lang='grc' dir='ltr'>σοφῶν,</span> <span class='ocrx_word' id='word_1_784' title='bbox 1468 5452 1560 5503; x_wconf 73' lang='grc' dir='ltr'><strong>καὶ</strong></span> <span class='ocrx_word' id='word_1_785' title='bbox 1583 5453 1677 5523; x_wconf 82' lang='grc' dir='ltr'><strong>τὴν</strong></span> <span class='ocrx_word' id='word_1_786' title='bbox 1708 5454 1821 5506; x_wconf 85' lang='grc' dir='ltr'>σύν-</span> 
     </span>
    </p>
   </div>
   <div class='ocr_carea' id='block_1_103' title="bbox 241 5540 1089 5594">
    <p class='ocr_par' dir='ltr' id='par_1_103' title="bbox 241 5540 1089 5594">
     <span class='ocr_line' id='line_1_103' title="bbox 241 5540 1089 5594; baseline 0.002 -4"><span class='ocrx_word' id='word_1_787' title='bbox 241 5557 349 5592; x_wconf 84' lang='grc' dir='ltr'>εσιν</span> <span class='ocrx_word' id='word_1_788' title='bbox 370 5541 476 5592; x_wconf 87' lang='grc' dir='ltr'><strong>τῶν</strong></span> <span class='ocrx_word' id='word_1_789' title='bbox 508 5541 742 5592; x_wconf 86' lang='grc' dir='ltr'>συνετῶν</span> <span class='ocrx_word' id='word_1_790' title='bbox 761 5540 1030 5594; x_wconf 59' lang='grc' dir='ltr'>ἀθετήσω.</span> <span class='ocrx_word' id='word_1_791' title='bbox 1072 5562 1089 5592; x_wconf 73' lang='grc' dir='ltr'><strong>ι</strong></span> 
     </span>
    </p>
   </div>
   <div class='ocr_carea' id='block_1_104' title="bbox 315 5823 1312 5900">
    <p class='ocr_par' dir='ltr' id='par_1_104' title="bbox 315 5823 1312 5900">
     <span class='ocr_line' id='line_1_104' title="bbox 315 5823 1312 5900; baseline 0.006 -23"><span class='ocrx_word' id='word_1_792' title='bbox 315 5826 355 5854; x_wconf 71' lang='grc'><strong>⁵⁸</strong></span> <span class='ocrx_word' id='word_1_793' title='bbox 385 5823 567 5880; x_wconf 75' lang='lat' dir='ltr'><strong>Matth.</strong></span> <span class='ocrx_word' id='word_1_794' title='bbox 609 5825 787 5891; x_wconf 58' lang='lat'><strong>“.19.</strong></span> <span class='ocrx_word' id='word_1_795' title='bbox 864 5827 908 5859; x_wconf 64' lang='lat' dir='ltr'><strong>’l’</strong></span> <span class='ocrx_word' id='word_1_796' title='bbox 939 5830 1060 5885; x_wconf 70' lang='lat' dir='ltr'><strong>Act.</strong></span> <span class='ocrx_word' id='word_1_797' title='bbox 1087 5844 1192 5900; x_wconf 48' lang='grc' dir='ltr'><strong>Νη,</strong></span> <span class='ocrx_word' id='word_1_798' title='bbox 1223 5831 1312 5884; x_wconf 70' lang='lat'><strong>‘2‘2.</strong></span> 
     </span>
    </p>
   </div>
   <div class='ocr_carea' id='block_1_105' title="bbox 1393 5831 1916 5899">
    <p class='ocr_par' dir='ltr' id='par_1_105' title="bbox 1393 5831 1916 5899">
     <span class='ocr_line' id='line_1_105' title="bbox 1393 5831 1916 5899; baseline 0.006 -11"><span class='ocrx_word' id='word_1_799' title='bbox 1393 5831 1438 5864; x_wconf 68' lang='lat'><strong>9‘</strong></span> <span class='ocrx_word' id='word_1_800' title='bbox 1464 5831 1648 5889; x_wconf 82' lang='lat' dir='ltr'><strong>Matth.</strong></span> <span class='ocrx_word' id='word_1_801' title='bbox 1684 5849 1802 5899; x_wconf 76' lang='lat' dir='ltr'><strong>xm,</strong></span> <span class='ocrx_word' id='word_1_802' title='bbox 1829 5834 1916 5891; x_wconf 78' lang='grc'><strong>47.</strong></span> 
     </span>
    </p>
   </div>
   <div class='ocr_carea' id='block_1_106' title="bbox 1935 4629 3525 4712">
    <p class='ocr_par' dir='ltr' id='par_1_106' title="bbox 1935 4629 3525 4712">
     <span class='ocr_line' id='line_1_106' title="bbox 1935 4629 3525 4712; baseline 0.01 -30"><span class='ocrx_word' id='word_1_803' title='bbox 1935 4629 2194 4698; x_wconf 87' lang='lat' dir='ltr'><strong>parabola</strong></span> <span class='ocrx_word' id='word_1_804' title='bbox 2233 4632 2482 4686; x_wconf 72' lang='lat' dir='ltr'><strong>homines</strong></span> <span class='ocrx_word' id='word_1_805' title='bbox 2519 4649 2614 4702; x_wconf 92' lang='lat' dir='ltr'><strong>pro</strong></span> <span class='ocrx_word' id='word_1_806' title='bbox 2643 4637 2974 4704; x_wconf 86' lang='lat' dir='ltr'><strong>piscibus,et</strong></span> <span class='ocrx_word' id='word_1_807' title='bbox 3011 4655 3107 4707; x_wconf 92' lang='lat' dir='ltr'><strong>pro</strong></span> <span class='ocrx_word' id='word_1_808' title='bbox 3139 4657 3525 4712; x_wconf 82' lang='lat' dir='ltr'><strong>sageuaevan-</strong></span> 
     </span>
    </p>
   </div>
   <div class='ocr_carea' id='block_1_107' title="bbox 1934 4721 3524 4799">
    <p class='ocr_par' dir='ltr' id='par_1_107' title="bbox 1934 4721 3524 4799">
     <span class='ocr_line' id='line_1_107' title="bbox 1934 4721 3524 4799; baseline 0.012 -25"><span class='ocrx_word' id='word_1_809' title='bbox 1934 4721 2138 4791; x_wconf 77' lang='lat' dir='ltr'><strong>gelicus</strong></span> <span class='ocrx_word' id='word_1_810' title='bbox 2185 4723 2250 4776; x_wconf 90' lang='lat' dir='ltr'><strong>de</strong></span> <span class='ocrx_word' id='word_1_811' title='bbox 2305 4740 2472 4793; x_wconf 87' lang='lat' dir='ltr'><strong>regno</strong></span> <span class='ocrx_word' id='word_1_812' title='bbox 2524 4727 2784 4781; x_wconf 70' lang='lat' dir='ltr'><strong>cmlorum</strong></span> <span class='ocrx_word' id='word_1_813' title='bbox 2827 4745 3008 4783; x_wconf 88' lang='lat' dir='ltr'><strong>sermo</strong></span> <span class='ocrx_word' id='word_1_814' title='bbox 3063 4733 3298 4799; x_wconf 85' lang='lat' dir='ltr'><strong>dicitur,</strong></span> <span class='ocrx_word' id='word_1_815' title='bbox 3361 4737 3431 4789; x_wconf 88' lang='lat' dir='ltr'><strong>ita</strong></span> <span class='ocrx_word' id='word_1_816' title='bbox 3472 4747 3524 4794; x_wconf 83' lang='lat' dir='ltr'><strong>et</strong></span> 
     </span>
    </p>
   </div>
   <div class='ocr_carea' id='block_1_108' title="bbox 1934 4812 3520 4899">
    <p class='ocr_par' dir='ltr' id='par_1_108' title="bbox 1934 4812 3520 4899">
     <span class='ocr_line' id='line_1_108' title="bbox 1934 4812 3520 4899; baseline 0.012 -34"><span class='ocrx_word' id='word_1_817' title='bbox 1934 4812 2039 4866; x_wconf 90' lang='lat' dir='ltr'><strong>hoc</strong></span> <span class='ocrx_word' id='word_1_818' title='bbox 2076 4815 2194 4868; x_wconf 90' lang='lat' dir='ltr'><strong>loco</strong></span> <span class='ocrx_word' id='word_1_819' title='bbox 2237 4817 2510 4886; x_wconf 85' lang='lat' dir='ltr'><strong>implicata</strong></span> <span class='ocrx_word' id='word_1_820' title='bbox 2547 4819 2633 4874; x_wconf 88' lang='lat' dir='ltr'><strong>illa</strong></span> <span class='ocrx_word' id='word_1_821' title='bbox 2677 4821 2988 4892; x_wconf 64' lang='lat' dir='ltr'><strong>AZgyptiaci</strong></span> <span class='ocrx_word' id='word_1_822' title='bbox 3031 4830 3299 4883; x_wconf 82' lang='lat' dir='ltr'><strong>sermonis</strong></span> <span class='ocrx_word' id='word_1_823' title='bbox 3344 4833 3520 4899; x_wconf 84' lang='lat' dir='ltr'><strong>gravi-</strong></span> 
     </span>
    </p>
   </div>
   <div class='ocr_carea' id='block_1_109' title="bbox 1937 4914 3520 4990">
    <p class='ocr_par' dir='ltr' id='par_1_109' title="bbox 1937 4914 3520 4990">
     <span class='ocr_line' id='line_1_109' title="bbox 1937 4914 3520 4990; baseline 0.011 -31"><span class='ocrx_word' id='word_1_824' title='bbox 1937 4915 2039 4968; x_wconf 81' lang='lat' dir='ltr'><strong>tas,</strong></span> <span class='ocrx_word' id='word_1_825' title='bbox 2074 4924 2172 4976; x_wconf 88' lang='lat' dir='ltr'><strong>pro</strong></span> <span class='ocrx_word' id='word_1_826' title='bbox 2204 4924 2402 4977; x_wconf 82' lang='lat' dir='ltr'><strong>sagena</strong></span> <span class='ocrx_word' id='word_1_827' title='bbox 2437 4921 2492 4964; x_wconf 91' lang='lat' dir='ltr'><strong>et</strong></span> <span class='ocrx_word' id='word_1_828' title='bbox 2529 4914 2733 4968; x_wconf 86' lang='lat' dir='ltr'><strong>retibus</strong></span> <span class='ocrx_word' id='word_1_829' title='bbox 2761 4917 3016 4970; x_wconf 85' lang='lat' dir='ltr'><strong>similiter</strong></span> <span class='ocrx_word' id='word_1_830' title='bbox 3054 4921 3392 4988; x_wconf 86' lang='lat' dir='ltr'><strong>accipiatur;</strong></span> <span class='ocrx_word' id='word_1_831' title='bbox 3443 4923 3520 4990; x_wconf 84' lang='lat' dir='ltr'><strong>pi-</strong></span> 
     </span>
    </p>
   </div>
   <div class='ocr_carea' id='block_1_110' title="bbox 1933 5002 3518 5083">
    <p class='ocr_par' dir='ltr' id='par_1_110' title="bbox 1933 5002 3518 5083">
     <span class='ocr_line' id='line_1_110' title="bbox 1933 5002 3518 5083; baseline 0.009 -29"><span class='ocrx_word' id='word_1_832' title='bbox 1933 5015 2056 5054; x_wconf 90' lang='lat' dir='ltr'><strong>sces</strong></span> <span class='ocrx_word' id='word_1_833' title='bbox 2091 5016 2218 5054; x_wconf 87' lang='lat' dir='ltr'><strong>vero</strong></span> <span class='ocrx_word' id='word_1_834' title='bbox 2261 5002 2325 5056; x_wconf 90' lang='lat' dir='ltr'><strong>iis</strong></span> <span class='ocrx_word' id='word_1_835' title='bbox 2396 5005 2542 5072; x_wconf 90' lang='lat' dir='ltr'><strong>capti</strong></span> <span class='ocrx_word' id='word_1_836' title='bbox 2603 5004 2826 5071; x_wconf 84' lang='lat' dir='ltr'><strong>fuerint,</strong></span> <span class='ocrx_word' id='word_1_837' title='bbox 2863 5011 2954 5076; x_wconf 85' lang='lat' dir='ltr'><strong>qui</strong></span> <span class='ocrx_word' id='word_1_838' title='bbox 3009 5010 3291 5067; x_wconf 86' lang='lat' dir='ltr'><strong>fallacibus</strong></span> <span class='ocrx_word' id='word_1_839' title='bbox 3341 5015 3518 5083; x_wconf 84' lang='lat' dir='ltr'><strong>sophi-</strong></span> 
     </span>
    </p>
   </div>
   <div class='ocr_carea' id='block_1_111' title="bbox 1938 5093 3518 5172">
    <p class='ocr_par' dir='ltr' id='par_1_111' title="bbox 1938 5093 3518 5172">
     <span class='ocr_line' id='line_1_111' title="bbox 1938 5093 3518 5172; baseline 0.011 -30"><span class='ocrx_word' id='word_1_840' title='bbox 1938 5093 2206 5146; x_wconf 88' lang='lat' dir='ltr'><strong>smatihtts</strong></span> <span class='ocrx_word' id='word_1_841' title='bbox 2253 5093 2306 5146; x_wconf 92' lang='lat' dir='ltr'><strong>in</strong></span> <span class='ocrx_word' id='word_1_842' title='bbox 2365 5110 2582 5149; x_wconf 84' lang='lat' dir='ltr'><strong>omnem</strong></span> <span class='ocrx_word' id='word_1_843' title='bbox 2631 5098 3238 5168; x_wconf 62' lang='lat' dir='ltr'><strong>impia‘snperstitionis</strong></span> <span class='ocrx_word' id='word_1_844' title='bbox 3283 5108 3518 5172; x_wconf 78' lang='lat' dir='ltr'><strong>Speciem</strong></span> 
     </span>
    </p>
   </div>
   <div class='ocr_carea' id='block_1_112' title="bbox 1929 5181 3515 5258">
    <p class='ocr_par' dir='ltr' id='par_1_112' title="bbox 1929 5181 3515 5258">
     <span class='ocr_line' id='line_1_112' title="bbox 1929 5181 3515 5258; baseline 0.012 -27"><span class='ocrx_word' id='word_1_845' title='bbox 1929 5181 2309 5234; x_wconf 76' lang='lat' dir='ltr'><strong>detrahuntur.</strong></span> <span class='ocrx_word' id='word_1_846' title='bbox 2353 5184 2578 5239; x_wconf 84' lang='lat' dir='ltr'><strong>Luctum</strong></span> <span class='ocrx_word' id='word_1_847' title='bbox 2622 5201 2754 5256; x_wconf 86' lang='lat' dir='ltr'><strong>ergo</strong></span> <span class='ocrx_word' id='word_1_848' title='bbox 2809 5199 2858 5243; x_wconf 89' lang='lat' dir='ltr'><strong>et</strong></span> <span class='ocrx_word' id='word_1_849' title='bbox 2901 5193 3175 5258; x_wconf 88' lang='lat' dir='ltr'><strong>planctum</strong></span> <span class='ocrx_word' id='word_1_850' title='bbox 3211 5197 3384 5249; x_wconf 89' lang='lat' dir='ltr'><strong>acturi</strong></span> <span class='ocrx_word' id='word_1_851' title='bbox 3432 5199 3515 5249; x_wconf 85' lang='lat' dir='ltr'><strong>di-</strong></span> 
     </span>
    </p>
   </div>
   <div class='ocr_carea' id='block_1_113' title="bbox 1925 5273 3513 5351">
    <p class='ocr_par' dir='ltr' id='par_1_113' title="bbox 1925 5273 3513 5351">
     <span class='ocr_line' id='line_1_113' title="bbox 1925 5273 3513 5351; baseline 0.014 -29"><span class='ocrx_word' id='word_1_852' title='bbox 1925 5283 2123 5325; x_wconf 83' lang='lat' dir='ltr'><strong>cuntur</strong></span> <span class='ocrx_word' id='word_1_853' title='bbox 2157 5273 2394 5344; x_wconf 68' lang='lat' dir='ltr'><strong>{Egyptii</strong></span> <span class='ocrx_word' id='word_1_854' title='bbox 2455 5279 2798 5346; x_wconf 80' lang='lat' dir='ltr'><strong>piscatores,</strong></span> <span class='ocrx_word' id='word_1_855' title='bbox 2856 5283 2980 5351; x_wconf 88' lang='lat' dir='ltr'><strong>quia</strong></span> <span class='ocrx_word' id='word_1_856' title='bbox 3035 5286 3360 5342; x_wconf 83' lang='lat' dir='ltr'><strong>adveniente</strong></span> <span class='ocrx_word' id='word_1_857' title='bbox 3409 5291 3513 5344; x_wconf 78' lang='lat' dir='ltr'><strong>sibi</strong></span> 
     </span>
    </p>
   </div>
   <div class='ocr_carea' id='block_1_114' title="bbox 1924 5365 3512 5446">
    <p class='ocr_par' dir='ltr' id='par_1_114' title="bbox 1924 5365 3512 5446">
     <span class='ocr_line' id='line_1_114' title="bbox 1924 5365 3512 5446; baseline 0.011 -28"><span class='ocrx_word' id='word_1_858' title='bbox 1924 5365 2161 5428; x_wconf 75' lang='lat' dir='ltr'><strong>Christo,</strong></span> <span class='ocrx_word' id='word_1_859' title='bbox 2225 5378 2278 5419; x_wconf 88' lang='lat' dir='ltr'><strong>ct</strong></span> <span class='ocrx_word' id='word_1_860' title='bbox 2317 5383 2533 5423; x_wconf 89' lang='lat' dir='ltr'><strong>omnem</strong></span> <span class='ocrx_word' id='word_1_861' title='bbox 2585 5373 2904 5439; x_wconf 83' lang='lat' dir='ltr'><strong>sapientiam</strong></span> <span class='ocrx_word' id='word_1_862' title='bbox 2951 5392 3104 5430; x_wconf 90' lang='lat' dir='ltr'><strong>suam</strong></span> <span class='ocrx_word' id='word_1_863' title='bbox 3157 5382 3512 5446; x_wconf 87' lang='lat' dir='ltr'><strong>destruente,</strong></span> 
     </span>
    </p>
   </div>
   <div class='ocr_carea' id='block_1_115' title="bbox 1933 5455 3512 5534">
    <p class='ocr_par' dir='ltr' id='par_1_115' title="bbox 1933 5455 3512 5534">
     <span class='ocr_line' id='line_1_115' title="bbox 1933 5455 3512 5534; baseline 0.011 -27"><span class='ocrx_word' id='word_1_864' title='bbox 1933 5455 2138 5508; x_wconf 88' lang='lat' dir='ltr'><strong>nullum</strong></span> <span class='ocrx_word' id='word_1_865' title='bbox 2176 5471 2426 5526; x_wconf 88' lang='lat' dir='ltr'><strong>superest</strong></span> <span class='ocrx_word' id='word_1_866' title='bbox 2458 5463 2590 5530; x_wconf 78' lang='lat' dir='ltr'><strong>ipsis</strong></span> <span class='ocrx_word' id='word_1_867' title='bbox 2624 5479 2758 5534; x_wconf 87' lang='lat' dir='ltr'><strong>opus</strong></span> <span class='ocrx_word' id='word_1_868' title='bbox 2788 5468 3078 5534; x_wconf 81' lang='lat' dir='ltr'><strong>agendum,</strong></span> <span class='ocrx_word' id='word_1_869' title='bbox 3123 5472 3415 5524; x_wconf 89' lang='lat' dir='ltr'><strong>secundum</strong></span> <span class='ocrx_word' id='word_1_870' title='bbox 3453 5473 3512 5524; x_wconf 89' lang='lat' dir='ltr'><strong>il-</strong></span> 
     </span>
    </p>
   </div>
   <div class='ocr_carea' id='block_1_116' title="bbox 1926 5545 3510 5633">
    <p class='ocr_par' dir='ltr' id='par_1_116' title="bbox 1926 5545 3510 5633">
     <span class='ocr_line' id='line_1_116' title="bbox 1926 5545 3510 5633; baseline 0.015 -36"><span class='ocrx_word' id='word_1_871' title='bbox 1926 5545 2056 5599; x_wconf 88' lang='lat' dir='ltr'><strong>lud:</strong></span> <span class='ocrx_word' id='word_1_872' title='bbox 2102 5568 2119 5600; x_wconf 83' lang='grc'><strong>‹</strong></span> <span class='ocrx_word' id='word_1_873' title='bbox 2163 5549 2388 5604; x_wconf 76' lang='lat' dir='ltr'><strong>Perdam</strong></span> <span class='ocrx_word' id='word_1_874' title='bbox 2434 5555 2756 5622; x_wconf 82' lang='lat' dir='ltr'><strong>sapientiam</strong></span> <span class='ocrx_word' id='word_1_875' title='bbox 2803 5561 3154 5630; x_wconf 85' lang='lat' dir='ltr'><strong>sapientium,</strong></span> <span class='ocrx_word' id='word_1_876' title='bbox 3192 5573 3247 5619; x_wconf 87' lang='lat' dir='ltr'><strong>et</strong></span> <span class='ocrx_word' id='word_1_877' title='bbox 3274 5564 3510 5633; x_wconf 86' lang='lat' dir='ltr'><strong>pruden-</strong></span> 
     </span>
    </p>
   </div>
   <div class='ocr_carea' id='block_1_117' title="bbox 1929 5643 2846 5718">
    <p class='ocr_par' dir='ltr' id='par_1_117' title="bbox 1929 5643 2846 5718">
     <span class='ocr_line' id='line_1_117' title="bbox 1929 5643 2846 5718; baseline 0.009 -26"><span class='ocrx_word' id='word_1_878' title='bbox 1929 5643 2056 5696; x_wconf 89' lang='lat' dir='ltr'><strong>tiam</strong></span> <span class='ocrx_word' id='word_1_879' title='bbox 2093 5645 2440 5711; x_wconf 86' lang='lat' dir='ltr'><strong>prudentium</strong></span> <span class='ocrx_word' id='word_1_880' title='bbox 2478 5648 2794 5718; x_wconf 86' lang='lat' dir='ltr'><strong>despiciam.</strong></span> <span class='ocrx_word' id='word_1_881' title='bbox 2828 5669 2846 5700; x_wconf 74' lang='grc' dir='ltr'><strong>ι</strong></span> 
     </span>
    </p>
   </div>
  </div>
