4042 6438
548 440 695 497 227'

1244 428 1507 488 EUSEBII
1544 422 2018 483 CESARIENSIS
2048 423 2195 478 UPP.
2238 421 2417 476 PARS
2446 420 2533 475 lll.
2564 450 2633 461 —
2659 418 3067 476 EXEGETICA.

3670 418 3777 474 228

618 557 777 613 Vens.
805 557 856 610 9.
896 573 915 607 ι
953 555 1018 609 Et
1045 550 1288 607 confusio
1313 548 1678 616 apprehendet
1704 560 1819 607 eos,
1854 544 1944 613 qui
1970 556 2095 611 0pc-

2276 559 2293 589 ι
2332 538 2442 590 Καὶ
2473 540 2699 607 αἰσχύνη
2726 536 2951 607 λήψεται
2974 536 3100 598 τοὺς
3122 534 3521 605 ἐργαζομένους
3545 534 3607 587 τὺ
3632 534 3781 588 λίνον

548 659 736 704 rantur
764 647 930 700 linum
966 642 1204 704 scissile,
1241 648 1296 694 et
1326 640 1415 707 qui
1459 647 1751 706 operantur
1794 637 2037 703 byssum.
2072 652 2090 684 ι

547 741 661 796 Hoc
689 739 871 794 modo
895 746 1073 791 meme
1103 734 1281 802 capias
1311 745 1404 785 eos
1439 731 1529 799 qui
1584 736 1875 799 operantur
1903 727 2093 789 linum,

546 845 719 895 neque
766 830 975 881 iirmum
1011 823 1150 892 quod
1201 823 1373 891 rumpi
1411 829 1670 889 nequeat,
1725 819 1817 873 sed
1850 818 2093 881 scissile,

546 933 847 973 sermonem
893 914 1139 968 videlicet
1197 912 1511 965 dissolutum
1559 920 1613 963 et
1672 909 1993 972 discissum,
2045 917 2099 961 et

546 1011 763 1080 byssum
791 1004 1033 1061 similiter
1061 1021 1075 1056 :
1126 1002 1251 1071 quia
1281 1001 1469 1055 isthaec
1505 1001 1571 1053 ab
1601 998 1847 1067 Egyptio
1877 996 2099 1051 ﬂumine

547 1098 863 1152 fovebantur
925 1101 981 1145 et
1041 1090 1427 1159 irrigabantur.
1484 1087 1663 1154 Quare
1717 1086 1794 1139 ait
1841 1088 2097 1139 harumce

546 1201 726 1243 rerum
778 1182 1011 1236 artiﬁces
1057 1180 1332 1249 planctum
1387 1178 1658 1240 edituros,
1706 1175 1917 1244 quando
1953 1173 2096 1227 nulla

547 1275 772 1341 amplius
809 1269 896 1324 ﬂla
924 1269 1205 1339 sapientiae
1241 1282 1351 1321 sua:
1378 1266 1445 1320 ad
1481 1267 1737 1319 amictum
1766 1275 1820 1317 et
1847 1274 2095 1317 ornatum

546 1365 677 1433 ipsis
720 1363 964 1417 aderunt.
1007 1359 1123 1413 Lini
1161 1359 1301 1413 enim
1348 1370 1412 1410 ac
1460 1356 1607 1425 byssi
1653 1355 1803 1421 copia
1848 1364 2096 1407 ornatum

546 1452 648 1507 sibi
681 1460 735 1505 et
764 1452 1136 1505 indumentum
1169 1444 1564 1513 excogitabant,
1596 1444 1853 1510 captiosis
1879 1442 2097 1510 quibus-

544 1542 668 1594 dam
708 1550 762 1594 et
806 1538 1087 1591 fallacibus
1138 1535 1295 1588 dictis
1337 1534 1611 1587 mendacia
1647 1547 1740 1586 sua
1773 1533 2095 1601 operientes.

616 1725 775 1778 Vens.
808 1724 892 1777 10.
927 1742 947 1774 ι
979 1722 1043 1775 Ει
1077 1731 1235 1775 erunt
1261 1723 1351 1791 qni
1382 1730 1760 1790 operantueea
1790 1724 1841 1777 in
1874 1723 2094 1778 dolore:

2204 633 2261 683 τὸ
2298 630 2530 699 σχιστὸν,
2574 630 2668 682 καὶ
2707 629 2833 690 τοὺς
2878 626 3279 697 ἐργαζομένους
3328 625 3427 695 τὴν
3479 624 3695 694 βύσσον.
3751 644 3773 676 ι

2204 722 2356 775 Οὕτω
2393 722 2601 791 νοήσεις
2643 723 2767 781 τοὺς
2812 718 3207 788 ἐργαζομένους
3248 717 3309 768 τὸ
3350 717 3515 779 λίνον,
3548 714 3672 768 οὔτε
3715 717 3780 769 τὸ

2206 814 2427 882 στερρὸν
2456 813 2549 863 καὶ¹
2581 811 2837 881 ἁρῤαγές,
2868 809 3003 862 ἀλλὰ
3030 808 3088 860 τὸ
3118 809 3351 878 σχιστὸν,
3384 807 3540 875 λόγον
3576 806 3778 877 δηλαδὴ

2202 902 2551 974 διερρωγότα,
2597 902 2691 953 καὶ
2736 900 3128 969 διεσχισμένον,
3182 901 3274 951 καὶ
3326 897 3423 969 τὴν
3476 897 3671 968 βύσσον
3719 897 3779 949 δὲ

2201 991 2486 1054 ὡσαύτως·
2542 992 2663 1043 ἐπεὶ
2710 993 2801 1043 καὶ
2846 989 2981 1042 αὐτὰ
3025 987 3117 1042 τοῦ
3164 988 3473 1055 Αἰγυπτίων
3524 983 3779 1055 ποταμοῦ

2206 1084 2471 1153 μετεῖχεν,
2508 1081 2566 1147 ἐξ
2613 1080 2779 1134 αὐτοῦ
2826 1080 3177 1151 ἀρδευόμενα.
3228 1080 3318 1131 Διὸ
3351 1078 3444 1130 καὶ
3478 1077 3605 1139 τοὺς
3646 1074 3779 1129 τού-

2202 1190 2308 1225 των
2350 1174 2511 1242 φησὶν
2549 1173 2784 1242 ἐργάτας
2823 1169 3097 1234 στενάξειν
3141 1173 3168 1223 ό
3211 1170 3400 1237 λόγος’
3449 1170 3536 1221 ὅτε
3570 1166 3777 1237 μηκέτι

2202 1262 2385 1324 αὐτοῖς
2419 1261 2554 1332 πρὸς
2581 1260 2871 1331 περιϐολὴν
2914 1260 3007 1311 καὶ
3050 1258 3253 1328 κόσμον
3283 1259 3381 1327 τῆς
3417 1258 3543 1328 παρ’
3587 1257 3777 1319 αὐτοῖς

2204 1354 2395 1420 σοφίας
2425 1350 2494 1403 τὰ
2520 1351 2606 1403 διὰ
2651 1349 2851 1403 τούτων
2885 1350 3175 1419 ὑφάσματα
3204 1350 3521 1419 ηύπόριστο.
3558 1346 3658 1399 Διὰ
3690 1346 3777 1399 λί-

2202 1461 2291 1495 νου
2335 1443 2442 1511 γάρ
2490 1442 2675 1511 ὥσπερ
2721 1442 2813 1495 καὶ
2856 1441 3051 1509 βύσσου
3101 1440 3300 1509 κόσμον
3343 1440 3434 1491 καὶ
3481 1436 3778 1508 περιϐολὴν

2203 1534 2412 1594 ἑαυτοῖς
2439 1533 2712 1595 ἐπενόουν,
2750 1532 2989 1593 πιθανοῖς
3017 1547 3125 1582 τισι
3152 1530 3242 1583 καί
3274 1529 3570 1601 ἀπατηλοῖς
3592 1528 3778 1597 λόγοις

2204 1623 2263 1674 τὸ
2295 1623 2422 1692 παρ’
2457 1623 2637 1683 αὐτοῖς
2668 1621 2859 1691 ψεῦδος
2886 1620 3271 1681 καλύπτοντες.

2278 1731 2295 1762 ι
2332 1714 2440 1765 Καὶ
2479 1714 2687 1765 ἔσονται
2733 1715 2781 1765 οἱ
2816 1714 3167 1783 ἐργαζόμενοι
3204 1712 3342 1765 αὐτὰ
3370 1713 3428 1763 ἐν
3461 1710 3639 1782 όδύνῃ’
3680 1710 3778 1762 καὶ

544 1823 599 1867 et
628 1826 815 1866 omnes
850 1814 940 1880 qui
982 1811 1184 1865 faciunt
1237 1813 1453 1881 zythum
1490 1812 1761 1877 dolebunt,
1805 1825 1859 1869 et
1905 1817 2095 1869 animis

2207 1803 2405 1866 πάντες
2450 1805 2499 1855 οἱ
2537 1803 2813 1866 ποιοῦντες
2860 1803 2950 1855 τὸν
2995 1803 3152 1865 ζύθον
3200 1802 3622 1872 λυπηθήσονται,
3679 1801 3779 1855 καὶ

545 1902 755 1955 cadent.
795 1921 814 1952 ι
863 1900 1133 1957 Gemitum
1169 1902 1410 1956 edituros
1443 1902 1519 1955 ait
1564 1905 1651 1970 qui
1700 1903 1936 1969 faciunt,
1991 1922 2094 1959 non

2199 1894 2294 1954 τὰς
2337 1892 2510 1962 ψυχὰς
2554 1894 2859 1945 πεσοῦνται.
2899 1912 2916 1942 ι
2966 1892 3244 1958 Στενάξειν
3285 1893 3342 1945 δὲ
3385 1893 3592 1956 πάντας
3638 1894 3779 1961 φησὶ

542 1992 724 2044 vinum
757 2007 822 2045 ex
852 1991 982 2053 vite,
1024 1989 1117 2044 sed
1161 1989 1533 2059 Egyptiacum
1575 1992 1821 2062 zythum,
1856 1995 1996 2062 quod
2047 2006 2095 2048 et

2199 1985 2320 2047 τοὺς
2363 1984 2644 2048 ποιοῦντας
2677 1986 2735 2037 ού
2774 1986 2865 2036 τὸν
2906 1983 2963 2049 ἐξ
3005 1985 3246 2053 ἀμπέλου
3288 1981 3447 2048 οἶνον,
3494 1982 3631 2037 ἀλλὰ
3680 1982 3778 2035 τὸν

544 2082 715 2150 ipsum
761 2082 1001 2149 spurium
1058 2091 1176 2134 erat
1231 2089 1288 2134 et
1348 2081 1651 2146 turbidum;
1698 2099 1805 2151 quo
1861 2084 2095 2156 Egyptii

2200 2077 2560 2143 Αἰγυπτιακόν
2592 2076 2777 2140 ξύθον·
2820 2077 2880 2140 ὂς
2907 2080 2999 2130 καὶ
3029 2077 3189 2139 αὐτὸς
3216 2076 3367 2140 νόθος
3399 2072 3465 2148 ἦν
3498 2077 3590 2129 καὶ
3619 2075 3779 2128 τεθο-

544 2182 673 2239 petu
708 2171 1015 2237 utebantur,
1076 2182 1364 2241 antequam
1412 2172 1545 2240 ipsis
1591 2174 1869 2229 adveniret
1918 2176 2095 2229 Domi—

2199 2165 2435 2235 λωμένος
2457 2184 2469 2196 ·
2499 2160 2542 2233 ᾧ
2571 2167 2862 2237 ἐκέχρηντο
2896 2169 3013 2220 ἀντὶ
3055 2167 3215 2220 ποτοῦ
3258 2168 3386 2238 πρὶν
3421 2167 3605 2229 αὐτοῖς
3648 2168 3777 2219 ἐπι-

547 2274 677 2314 nus.
711 2259 823 2313 Hoc
852 2273 1014 2326 porro
1045 2261 1368 2325 declinante,
1396 2261 1517 2330 jure
1544 2263 1743 2316 dicitur
1769 2262 2007 2316 futurum
2044 2274 2095 2319 ut

2199 2258 2437 2328 δημῆσαι
2469 2257 2557 2309 τὸν
2596 2258 2797 2327 Κύριον
2824 2261 2872 2311 οἰ
2901 2254 3203 2327 Αἰγύπτιοι.
3241 2258 3349 2311 Καὶ
3371 2257 3562 2310 τούτου
3594 2257 3651 2311 δὲ
3680 2259 3778 2310 ἐκ·

542 2348 662 2417 ejus
700 2348 936 2402 artiﬁces
981 2349 1252 2417 planctum
1301 2351 1465 2403 edant
1526 2359 1583 2404 et
1628 2352 1824 2405 animis
1860 2352 2095 2407 doleant.

2201 2347 2486 2411 κλίνοντος,
2514 2349 2734 2411 εἰκότως
2774 2351 3043 2414 στενάξειν
3077 2350 3320 2419 λέγονται
3348 2351 3442 2404 καὶ
3469 2350 3568 2413 τὰς
3590 2348 3777 2420 ψυχὰς

542 2436 669 2492 Hac
702 2452 828 2493 vero
858 2452 1113 2507 passuros
1142 2439 1504 2493 comminatur
1536 2440 1753 2512 Egypti
1793 2444 2060 2511 sophistas
2080 2484 2095 2509 ,

2209 2437 2464 2509 ἁλγήσειν
2484 2442 2533 2491 οἱ
2556 2440 2743 2492 τούτου
2770 2443 3006 2511 ποιηταί.
3033 2442 3216 2494 Ταῦτα
3246 2442 3344 2512 μὲν
3368 2437 3458 2495 οὖν
3486 2441 3775 2495 πείσεσθαι

540 2529 687 2598 zythi
717 2530 974 2594 artiﬁces,
1011 2544 1075 2583 ac
1121 2531 1213 2585 lini
1243 2532 1469 2586 scissilis
1520 2533 1772 2602 byssique
1814 2538 2097 2602 operarios

540 2630 595 2673 et
622 2619 843 2689 piscium
878 2630 1144 2689 captares,
1195 2624 1287 2691 qui
1334 2620 1713 2693 Egyptiacum
1766 2623 1997 2690 ﬂumen,
2047 2636 2101 2683 et

541 2709 876 2782 Egyptian;
913 2712 1187 2780 sapientia:
1217 2727 1519 2769 sermonem
1551 2714 1784 2770 sollicite
1820 2726 2096 2775 curarent.

609 2887 769 2944 Vens.
807 2890 893 2944 M.
948 2908 967 2942 ι
1026 2889 1093 2945 Et
1144 2891 1292 2946 stulti
1333 2903 1492 2949 erunt
1534 2897 1806 2968 principes
1846 2896 2094 2966 Taneos,

538 2982 807 3051 sapientes
837 2982 1133 3037 consiliarii
1188 2985 1364 3054 regis,
1406 2989 1691 3043 consilium
1732 3005 1917 3045 eorum
1963 2992 2102 3045 infa-

538 3072 797 3126 tnabitur.
839 3090 857 3123 ι
901 3070 976 3125 lbi
1018 3074 1164 3127 enim
1204 3078 1432 3131 maxime
1472 3080 1622 3147 prius
1666 3084 1976 3139 substitisse
2024 3087 2099 3139 ait

539 3174 726 3214 omnes
772 3162 1049 3217 diabolica:
1106 3164 1425 3223 idololatriae
1482 3174 1819 3243 praestigias:
1872 3177 2097 3231 ibidem-

2196 2529 2323 2590 τοὺς
2380 2529 2476 2598 τῆς
2524 2529 2797 2597 Αἰγύπτου
2848 2531 3103 2599 σοφιστὰς
3158 2532 3388 2595 ἀπειλεῖ,
3451 2530 3777 2596 ζυθοποιούς

2198 2635 2348 2681 τινας
2378 2619 2471 2671 καὶ
2499 2618 2641 2671 λίνου
2682 2622 2898 2690 σχιστοῦ
2934 2622 3028 2673 καὶ
3060 2622 3253 2691 βύσσου
3284 2623 3539 2693 ἐργάτας,
3570 2620 3774 2691 ἰχθύων

2200 2726 2259 2761 τε
2299 2708 2583 2779 θηρευτὰς,
2624 2710 2715 2763 τὸν
2775 2712 3015 2781 ποταμὸν
3064 2712 3151 2765 τὸν
3193 2712 3562 2780 Αἰγυπτιακὺν
3607 2728 3774 2783 περι-

2201 2798 2448 2863 ἐπόντας,
2483 2802 2577 2853 καὶ
2604 2802 2695 2853 τὸν
2725 2801 2821 2869 τῆς
2854 2804 3225 2872 Αἰγυπτιακῆς
3260 2803 3451 2871 σοφίας
3482 2803 3659 2872 λόγον.

2275 2907 2295 2941 ι
2334 2889 2444 2942 Καὶ
2475 2890 2646 2960 μωροὶ
2668 2888 2876 2941 ἔσονται
2906 2891 2953 2942 οἰ
2978 2890 3233 2959 ἄρχοντες
3261 2891 3498 2953 Τάνεως.
3530 2891 3579 2944 οἰ
3613 2890 3774 2959 σοφοὶ

2204 2978 2494 3049 σύμϐουλοι
2514 2979 2607 3032 τοῦ
2637 2979 2916 3049 βασιλέως,
2948 2981 2979 3049 ή
3008 2980 3168 3050 βουλὴ
3202 2980 3377 3033 αὐτῶν
3416 2980 3776 3051 μωρανθήσε-

2199 3087 2307 3124 ται.
2342 3088 2358 3119 ι
2404 3070 2489 3122 Ἐν
2518 3070 2688 3142 ταύτῃ
2717 3071 2825 3141 γὰρ
2860 3070 3092 3140 μάλιστά
3121 3088 3253 3139 φησι
3281 3072 3379 3141 τὴν
3415 3075 3592 3124 πᾶσαν
3623 3089 3771 3143 μαγ-

2199 3160 2418 3228 γανείαν
2465 3162 2563 3231 τῆς
2601 3161 2916 3231 δαιμονικῆς
2962 3160 3401 3233 εἰδωλολατρείας
3446 3164 3773 3217 συνεστάναι

540 3265 645 3318 qtte
684 3260 925 3322 tempore
972 3254 1168 3324 Moysis
1222 3258 1401 3312 sedem
1451 3237 1703 3319 habuisse
1747 3280 1859 3333 eos,
1908 3269 1997 3337 qui
2041 3271 2092 3322 in

2199 3252 2473 3322 πρότερον·
2513 3251 2741 3304 ἐνταῦθα
2768 3252 2823 3305 δέ
2850 3252 2910 3304 τὸ
2953 3251 3221 3321 βασίλειον
3246 3254 3387 3323 ἔχειν
3415 3257 3539 3318 τοὺς
3576 3257 3633 3307 ἐν
3652 3258 3779 3335 τοῖς

539 3339 770 3410 Egypto
825 3344 1140 3411 regnabant.
1200 3348 1381 3413 Quare
1437 3353 1638 3407 dictum
1696 3365 1778 3411 est
1841 3360 1990 3429 signa
2042 3362 2093 3415 in

535 3446 728 3501 campo
761 3433 972 3491 Taneos
1001 3438 1143 3491 edita
1186 3438 1373 3506 fuisse,
1408 3452 1515 3498 tam
1565 3446 1769 3517 Moysis
1816 3461 2091 3521 tempore,

536 3534 699 3588 quam
735 3523 787 3576 in
824 3528 1099 3594 praesenti.
1138 3527 1327 3598 Itaque
1356 3537 1737 3602 peregrinante
1768 3541 1996 3598 Domino
2041 3547 2091 3600 in

539 3610 789 3682 Egypto,
825 3631 945 3669 cum
982 3616 1303 3688 Egyptiaco
1326 3620 1547 3681 ﬂumine
1572 3629 1734 3682 etiam
1767 3645 2095 3692 memoratos

536 3702 659 3756 illos
690 3705 957 3776 principes
996 3709 1268 3766 daemones
1314 3713 1654 3774 infatuandos
1695 3722 1806 3788 ait,
1854 3727 2090 3795 etiamsi,

537 3795 765 3850 absente
809 3798 1058 3863 Domino,
1098 3802 1419 3869 sapientiam
1465 3820 1649 3877 aperte
1688 3814 2090 3879 proﬁterentur.

536 3884 733 3939 Verum
766 3888 811 3942 is
845 3901 1218 3959 argumentum
1253 3895 1381 3963 ipsis
1421 3899 1634 3963 obtulit,
1676 3920 1739 3959 ac
1769 3908 1951 3972 evicit,
1998 3924 2093 3964 eos

536 3977 668 4031 nihil
696 3980 971 4047 sapientiae
1004 3983 1239 4053 habere;
1271 3988 1365 4042 sed
1398 3988 1453 4044 in
1472 3990 1685 4049 Domini
1709 3996 1939 4052 adventu
1966 4014 2093 4055 vere

534 4068 727 4123 stultos
769 4085 907 4124 esse.

2196 3341 2471 3404 ὶιωῦσέως
2512 3342 2721 3412 χρόνοις
2768 3341 3144 3410 βασιλεύοντας
3188 3343 3289 3413 τῆς
3333 3345 3629 3412 Αἰγύπτου.
3674 3343 3773 3398 Διὸ

2195 3431 2439 3484 λέλεκται
2479 3434 2537 3484 ἐν
2570 3432 2733 3503 πεδίῳ
2768 3433 2983 3496 Τάνεως
3015 3432 3083 3485 τὰ
3126 3438 3325 3505 ση-μεῖα
3364 3437 3662 3505 γεγονέναι,
3695 3438 3771 3493 τὰ

2194 3522 2287 3573 ἐπὶ
2315 3521 2592 3584 Μωῡσέως
2634 3524 2727 3575 κα)⁸
2756 3524 2850 3575 ἐπὶ
2880 3522 2974 3575 τοῦ
3008 3524 3290 3594 παρόντος.
3316 3526 3617 3599 Τοιγαροῦν
3644 3530 3772 3583 ἐπι-

2192 3612 2531 3683 δημήσαντος
2558 3612 2651 3666 τοῦ
2698 3614 2905 3685 Κυρίου
2946 3618 3011 3685 τῇ
3044 3616 3325 3687 Αἰγύπτῳ,
3366 3618 3461 3671 σὺν
3494 3618 3571 3688 τῷ
3597 3620 3771 3687 Αἰγυ-

2192 3706 2332 3775 πτίῳ
2398 3704 2626 3775 ποταμῷ
2681 3706 2776 3758 καὶ
2832 3702 2967 3769 τοὺς
3024 3706 3361 3778 δηλωθέντας
3414 3710 3771 3779 ὰρχοντικοὺς

2191 3795 2446 3864 δαίμονάς
2473 3812 2622 3859 τινας
2657 3796 3103 3867 μωρανθήσεσθαί
3137 3815 3291 3869 φησι,
3329 3800 3531 3871 καίπερ
3568 3801 3767 3869 σοφίαν

2194 3886 2699 3957 ἐπαγγελλομένους
2745 3888 2836 3939 ὅτε
2890 3890 2949 3940 ού
3006 3889 3185 3959 παρῆν
3238 3891 3419 3953 αὐτοῖς
3465 3892 3495 3942 ὁ
3533 3891 3762 3961 Κύριος.

2206 3978 2362 4030 Ἀλλά
2406 3979 2513 4046 γὰρ
2560 3977 2774 4049 ἔλεγχον
2816 3979 2998 4043 αὐτοῖς
3048 3982 3344 4052 ἐπήγαγεν,
3385 3982 3459 4046 ὡς
3503 3983 3767 4053 οὐδεμιᾶς

2196 4070 2437 4136 μετεῖχον
2469 4067 2685 4135 σοφίας·
2726 4070 2896 4138 μωροὶ
2934 4070 2989 4122 δὲ
3032 4065 3174 4140 ἦσαν
3218 4070 3431 4143 άληθῶς
3471 4073 3529 4125 ἐν
3556 4076 3622 4145 τῇ
3662 4074 3764 4127 τοῦ

2194 4158 2396 4228 Κυρίου
2426 4160 2696 4228 παρουσίᾳ
3572 4148 3577 4155 ’

604 4244 765 4317 vens.
803 4248 889 4311 42,
927 4250 1011 4303 1'5.
1050 4271 1069 4303 ι
1102 4252 1378 4319 Quomodo
1417 4260 1601 4316 dicetis
1639 4264 1783 4334 regi,
1812 4265 1932 4320 Filii
1963 4284 2092 4335 pru-

2267 4268 2285 4299 ‹
2327 4249 2448 4313 Πῶς
2478 4252 2647 4319 ἐρεῖτε
2677 4250 2755 4320 τῷ
2778 4251 2999 4319 βασιλεῖ,
3026 4252 3145 4307 Υἱοὶ
3175 4255 3411 4309 συνετῶν
3441 4257 3624 4327 ἡμεῖς,
3647 4259 3763 4313 υἱοί¹

530 4334 749 4388 dentum
775 4353 894 4401 nos,
928 4342 1019 4395 lilii
1050 4359 1255 4414 regum,
1278 4349 1369 4416 qui
1414 4351 1479 4403 ab
1519 4352 1670 4407 initio
1703 4334 2089 4413 memmium

2199 4341 2449 4410 βασιλέων
2490 4342 2598 4393 τῶν
2632 4342 2688 4408 ἐξ
2718 4343 2920 4413 ἀρχῆς
2948 4344 3057 4397 Ποῦ
3096 4346 3202 4399 εἰσι
3226 4346 3321 4399 νῦν
3363 4348 3411 4401 οἰ
3445 4349 3595 4417 σοφοί
3629 4367 3762 4417 σου;

534 4440 673 4479 nunc
695 4428 958 4495 sapientes
985 4433 1058 4485 tui
1080 4434 1103 4486 ἰ
1126 4444 1179 4489 et
1203 4438 1519 4493 annuntient
1546 4443 1662 4505 tibi,
1680 4452 1735 4497 et
1756 4448 1934 4500 dicant
1962 4451 2088 4517 quid

2199 4431 2279 4483 καὶ
2322 4433 2793 4499 άναγγειλάτωσάν
2841 4452 2940 4497 σοι,
2981 4437 3070 4489 καὶ
3125 4439 3437 4492 εἰπάτωσαν
3476 4440 3529 4492 τί
3569 4440 3764 4510 βεϐού-

529 4516 739 4614 consilii
787 4520 959 4574 inierit
998 4522 1253 4580 Dominus
1289 4527 1525 4583 Sabaoth
1574 4547 1734 4601 super
1775 4516 2085 4605 Egyptum.

2199 4524 2368 4576 λευται
2409 4524 2610 4591 Κύριος
2655 4524 2879 4577 Σαϐαὼθ
2924 4526 3008 4577 ἐπ’
3045 4528 3338 4593 Αἴγυπτον.
3399 4531 3675 4597 Ἐξέλιπον
3708 4536 3761 4588 οί

533 4604 848 4659 Defecerunt
878 4609 1145 4679 principes
1166 4611 1393 4679 Taneos,
1413 4625 1467 4668 et
1487 4617 1705 4671 exaltati
1741 4604 1867 4672 sunt
1884 4604 2085 4690 princi-

2199 4612 2443 4683 ὶρχοντες
2482 4615 2716 4678 Τάνεως,
2749 4615 2840 4668 καὶ
2885 4615 3176 4687 ὑψώθησαν
3218 4623 3265 4671 οἰ
3301 4621 3557 4691 ἄρχοντες
3599 4624 3761 4695 Μέμ-

530 4708 625 4761 pes
649 4694 970 4763 lilempheos,
991 4712 1046 4753 et
1066 4714 1249 4757 errare
1268 4704 1463 4761 facient
1480 4706 1769 4778 Egyptum
1791 4712 2083 4766 secundum

2199 4720 2347 4771 patec,
2374 4704 2467 4757 καὶ
2505 4705 2833 4775 πλανήσουσι
2862 4706 2958 4775 τὴν
3001 4706 3273 4775 Αἴγυπτον
3318 4711 3458 4766 κατὰ
3503 4694 3701 4781 φυλάς,
3731 4736 3753 4767 ι

532 4781 718 4835 tribus.
752 4802 770 4833 ι
800 4783 931 4838 Cum
968 4803 1071 4841 non
1093 4790 1319 4860 amplius
1358 4808 1535 4865 regem
1569 4796 1834 4862 habeatis,
1863 4814 2082 4867 quomo-

2199 4794 2393 4864 Μηκέτι
2430 4793 2536 4865 γὰρ
2574 4796 2907 4866 ὑπάρχοντος
2942 4796 3069 4866 ὑμῖν
3111 4798 3390 4867 βασιλέως,
3427 4820 3542 4867 πως
3571 4800 3674 4858 οἶοί
3696 4809 3761 4861 τὲ

527 4868 597 4923 do
621 4873 844 4939 pmestis
875 4875 940 4929 de
973 4879 1251 4945 prudentia
1270 4880 1484 4950 gloriari
1500 4883 1524 4937 τ
1542 4885 1818 4951 Quomodo
1840 4898 2078 4943 veterum

2199 4902 2305 4936 εστε
2333 4886 2424 4937 ἐπὶ
2446 4886 2654 4939 συνέσει
2680 4873 3034 4957 σεμνύνεσθαι
3055 4906 3068 4956 ;
3092 4891 3216 4954 Πῶς
3242 4892 3297 4944 δέ
3323 4895 3471 4957 υἱοὺς
3489 4894 3759 4963 βασιλέων

530 4974 709 5025 regum
752 4961 892 5015 tilios
915 4980 1009 5019 vos
1050 4980 1169 5021 esse
1206 4970 1415 5035 dicitis,
1450 4972 1638 5039 Orum,
1679 4974 1782 5031 Isin
1823 4990 1875 5032 et
1904 4977 2082 5034 Osirin

2199 4974 2424 5027 παλαιῶν
2464 4976 2687 5039 ἐαυτοὺς
2729 4974 2865 5031 εἶναί
2904 4996 3061 5047 φατε,
3102 4977 3289 5051 Ὧρον,
3325 4984 3418 5036 καὶ
3459 4961 3615 5052 ΙἾσιν,
3660 4992 3758 5042 καὶ

524 5061 581 5103 et
607 5047 917 5119 Typhonem
949 5055 1287 5124 objicientes,
1313 5073 1471 5130 atque
1490 5063 1799 5131 iactitantes
1833 5070 2081 5135 deorum,

2199 5067 2396 5137 Ὀσιριν
2418 5065 2837 5137 προϐαλλόμενοι
2855 5072 2947 5123 καὶ
2975 5047 3207 5140 Τυφῶνα
3226 5074 3358 5142 (23),
3376 5076 3467 5127 καὶ
3486 5047 3640 5143 θεῶν,
3660 5084 3757 5136 καὶ

529 5140 746 5191 heroum
786 5151 838 5193 et
862 5156 1190 5199 mortuorum
1230 5164 1425 5216 genera
1465 5152 1589 5205 olim
1623 5154 1677 5208 in
1716 5155 1948 5228 [Egypto
1982 5160 2083 5212 im-

2199 5156 2395 5227 ήρώων,
2433 5158 2525 5209 κα)⁸
2568 5158 2773 5211 νεκύων
2806 5161 2932 5231 γένη
2966 5140 3261 5231 φάσκοντες
3299 5166 3390 5219 τὸν
3433 5169 3598 5222 πάλαι
3624 5140 3755 5242 χρό-

528 5244 744 5296 perasse
776 5248 789 5283 :
816 5248 1042 5299 quorum
1074 5238 1292 5293 deorum
1315 5249 1368 5293 et
1398 5256 1577 5311 regum
1616 5262 1730 5309 vos,
1771 5263 1823 5301 tn
1853 5250 2083 5317 prophe-

2199 5266 2271 5301 δον
2310 5252 2407 5319 τῆς
2450 5249 2722 5316 Αἰγύπτου
2771 5254 3191 5322 κεκρατηκέναι,
3232 5249 3305 5308 ὧν
3342 5257 3478 5309 θεῶν
3524 5261 3615 5313 καὶ
3660 5262 3757 5331 βα-

529 5318 597 5367 tia
636 5318 853 5373 indicati
884 5323 1151 5393 principes
1177 5326 1386 5383 Taneos
1415 5341 1468 5383 et
1499 5330 1827 5402 Mempheos,
1862 5338 1999 5391 ﬁlios
2025 5348 2079 5391 et

2199 5340 2375 5392 πλέων
2398 5341 2544 5402 υἱοὺς
2571 5342 2664 5393 καὶ
2691 5342 2983 5416 ἀπογόνους
3016 5345 3241 5408 ἐαυτοὺς
3266 5343 3403 5400 εἷναί
3435 5366 3572 5417 φατε
3596 5353 3755 5422 ὑμεῖς

529 5417 743 5473 nepotes
774 5426 897 5466 esse
945 5414 1203 5470 dictitatis
1232 5418 1255 5470 ?
1289 5418 1404 5485 Qua
1448 5424 1654 5478 ratione
1684 5427 1756 5479 dii
1791 5443 1855 5482 ac
1903 5429 2077 5483 omnis

2199 5432 2229 5481 >ἰ
2261 5429 2348 5481 διὰ
2388 5430 2486 5499 τῆς
2521 5432 2849 5499 προπτείας
2889 5414 3207 5503 δηλούμενοι
3239 5414 3496 5506 ἄρχοντες
3536 5414 3756 5508 Τάνεως

527 5496 797 5561 Sapientia!
829 5510 1099 5556 consortes
1128 5518 1245 5560 esse
1270 5509 1508 5574 potestis,
1538 5512 1627 5579 qui
1651 5527 1819 5582 neque
1843 5514 2075 5567 futuram

2199 5521 2277 5569 καὶ
2317 5519 2623 5589 Μέμφεως;
2656 5522 2776 5584 Πῶς
2816 5523 2859 5574 δ’
2900 5524 2965 5576 ἂν
2996 5523 3143 5594 εἴητε
3172 5526 3283 5578 θεοὶ
3311 5528 3341 5596 ἢ
3373 5532 3554 5585 πᾶσαν
3590 5551 3755 5603 μετα-

528 5597 756 5640 vestram
791 5590 1209 5650 confutationem
1245 5599 1537 5665 praevidere
1560 5602 1638 5656 vel
1660 5605 1951 5671 praedicere
1980 5621 2078 5674 po-

2199 5620 2401 5678 τχοίητε
2454 5610 2664 5678 σοφίαν,
2722 5613 2853 5683 μηδέ
2908 5613 3193 5683 δυνάμενοι
3256 5620 3561 5687 προγνῶναι
3617 5625 3752 5693 μηδὲ

598 5782 706 5845 (25)
750 5781 795 5837 5
828 5784 1195 5854 llieronvmus,
1230 5808 1248 5841 ι
1290 5800 1353 5847 ut
1376 5794 1501 5852 deos
1523 5804 1769 5857 auctores
1810 5801 1982 5863 sentis
2005 5802 2256 5862 simulent
2285 5806 2455 5867 Orun.
2484 5817 2537 5863 et
2573 5806 2698 5869 lrin.
2732 5818 2785 5865 ct
2814 5810 3016 5870 Osirin.
3047 5824 3102 5871 et
3136 5814 3469 5875 Tvuhoncm.
3516 5836 3536 5871 ι
