4042 6408
186 399 277 455 229
1129 399 1642 458 οοΜΜΕΝΤΑΙιιΑ
1680 397 1743 451 1N

1849 396 2049 453 .AIAM.
2091 431 2161 440 —
2198 397 2356 452 CAP.
2399 396 2544 454 XIX.

3358 400 3464 460 250

176 522 573 594 προαγορεῦσαι
596 523 686 576 τὸν
731 522 998 593 ὑμέτερον
1034 521 1253 593 ἔλεγχον
1290 524 1384 577 καὶ
1416 522 1515 592 τὴν
1538 522 1636 593 τῆς
1662 521 1743 592 βα-

1869 523 2043 587 testis,
2076 534 2254 590 neque
2284 519 2606 574 solutionem
2642 516 2790 586 regni
2817 531 3030 581 eorum,
3068 530 3300 585 quorum
3329 532 3461 573 con-

175 614 366 679 σιλείας
398 616 695 669 κατάλυσιν
722 614 930 668 τούτων
968 606 1043 668 ὧν
1077 614 1403 685 ἐτυγχάνετε
1440 613 1755 683 σύμϐουλοι,

174 706 259 769 οὓς
285 710 381 761 καὶ
404 707 716 780 ἐπιτρίϐετε
744 707 1281 773 παντοίαις-πλάναις
1305 706 1719 778 περιϐάλλοντες
1740 723 1754 770 ;

245 818 267 852 ε
300 800 507 873 Κύριος
555 799 662 870 γὰρ
722 800 985 870 ἐκέρασεν
1033 801 1218 863 αὐτοῖς
1280 798 1499 870 πνεῦμα
1552 799 1757 869 πλανή-

180 903 330 955 om,
365 891 465 942 καὶ
505 886 820 959 ὲπλάνήσαν
861 890 959 961 τὴν
1012 891 1287 957 Αἴγυπτον
1322 892 1380 943 ὲν
1446 892 1580 943 πᾶσι
1643 891 1756 950 τοῖς

175 979 354 1050 ἔργοις
376 979 580 1043 αὐτῶν,
611 980 687 1042 ὡς
728 980 997 1034 πλανᾶται
1021 984 1050 1034 6
1081 980 1296 1051 μεθύων
1358 981 1449 1033 καὶ
1515 981 1544 1032 6
1605 978 1755 1048 ἐμῶν

172 1070 302 1139 ἅμα.
348 1089 367 1122 ι
404 1068 810 1139 Τεκμαίρεσθαι
838 1069 895 1123 δέ
929 1072 1044 1122 ἐστι
1068 1069 1242 1141 ταύτῃ
1279 1071 1377 1139 τῆς
1439 1068 1609 1139 μέθης
1655 1066 1753 1137 τὴν

171 1159 476 1232 ὑπερϐολὴν
498 1161 606 1214 ἀπὸ
635 1160 730 1214 τοῦ
764 1161 900 1233 μηδὲ
928 1161 1130 1231 ὁμοίως
1161 1163 1275 1224 τοῖς
1301 1160 1506 1223 λοιποῖς
1540 1158 1755 1231 ἀνθρώ-

166 1268 285 1315 ποις
314 1251 803 1324 είδωλολατρεῦσαι
832 1253 1052 1315 αὐτοὺς,
1088 1254 1341 1304 ἐκπεσεῖν
1380 1252 1439 1305 δὲ
1466 1251 1559 1305 καὶ
1591 1250 1751 1321 μέχρι

161 1343 255 1413 τῆς
284 1346 401 1398 τῶν
424 1344 637 1413 ἀλόγων
670 1342 824 1409 ζώων
862 1344 929 1399 ἂν
962 1345 1424 1413 είδωλοποιήσεως
1454 1361 1467 1374 θ
1530 1345 1611 1397 διὸ
1674 1343 1753 1395 λέ-

159 1436 369 1500 λεκται,
407 1455 429 1488 ι
462 1436 549 1499 Ὡς
581 1437 846 1492 πλανᾶται
876 1439 905 1489 6
939 1435 1154 1507 μεθύων
1177 1437 1271 1490 καὶ
1297 1438 1325 1488 6
1357 1434 1505 1506 ἐμῶν
1552 1436 1689 1505 ἅμα.
1727 1454 1745 1485 ι

162 1526 399 1601 Τοιαύτη
429 1529 541 1580 τινὶ
605 1528 747 1601 μέθῃ
805 1526 906 1590 τὰς
940 1526 1048 1582 τῶν
1081 1528 1395 1597 Αἰγυπτίων
1434 1526 1749 1597 ὲπλάνησαν

159 1617 338 1689 ψδχὰς
369 1620 418 1671 οἱ
442 1617 770 1689 δηλωθέντες
798 1616 1056 1687 ἄρχοντες
1089 1617 1308 1679 Τάνεως
1333 1618 1427 1670 καὶ
1447 1619 1746 1689 Μέμφεως,

158 1704 231 1771 οἷς
285 1710 457 1773 αὐτὸς
498 1712 526 1762 ὁ
571 1710 775 1778 Κύριος
808 1710 1096 1779 πνεύματα
1135 1709 1454 1779 πλανήσεως
1491 1710 1745 1779 ἐκέρασε.

158 1804 419 1871 Δαίμονες
442 1801 553 1873 γὰρ
576 1802 727 1865 ὄντες
753 1803 981 1873 πονηροὶ
1010 1803 1103 1855 καὶ
1132 1803 1391 1871 δυνάμεις
1432 1804 1745 1873 ἀντικείμε-

158 1911 259 1958 ναι,
293 1895 519 1947 ἐναντία
552 1894 628 1964 τῷ
660 1893 778 1964 6εῷ
804 1896 1086 1965 ἐφρόνουν,
1121 1895 1217 1948 καὶ
1256 1895 1543 1966 θεομαχεῖν
1599 1896 1745 1948 ἐπει-

162 1984 351 2053 ρῶντο.
378 1983 473 2035 Διδ
508 1983 887 2053 παρεδόθησαν
913 1983 1109 2057 πλάνῃ,
1139 1983 1235 2037 τοῦ
1291 1984 1426 2037 Θεοῦ
1460 1986 1745 2056 κρίναντος

159 2074 393 2141 ἐπαξίως
421 2074 524 2145 τῆς
546 2076 813 2147 πονηρίας
854 2076 1033 2129 αὐτῶν
1064 2076 1239 2148 πλάνῃ
1273 2077 1609 2147 παραδοῦναι
1650 2080 1747 2131 αύ-

158 2167 297 2231 τούς.
332 2168 398 2220 Οί
427 2167 486 2221 δὲ
516 2168 614 2239 τὴν
644 2168 794 2237 σφῶν
846 2167 1044 2221 κακίαν
1078 2169 1171 2221 ἐπὶ
1223 2169 1351 2233 τοὺς
1394 2171 1742 2238 Αἰγυπτίους,

157 2258 343 2331 ὥσπερ
380 2259 507 2312 τινα
539 2259 615 2313 ἰὸν
644 2258 1018 2330 θανατηφόρον
1042 2259 1254 2329 διέχεαν
1274 2302 1289 2326 ,
1319 2262 1412 2314 καὶ
1436 2262 1745 2333 ὲπλάνησαν

156 2349 249 2420 τὴν
282 2349 586 2417 Αἴγυπτον,
626 2368 645 2401 ί
685 2349 772 2412 Ὠς
798 2349 1064 2403 πλανᾶται
1102 2352 1131 2402 6
1158 2348 1372 2421 μεθύων
1402 2352 1495 2405 καὶ¹
1525 2354 1554 2403 6
1594 2353 1745 2423 ὲμῶν

156 2442 287 2513 ἃμα.
323 2463 344 2495 ι
384 2441 549 2495 Ἀλλὰ
589 2441 919 2498 καὶτούτων,
958 2441 1135 2496 αὐτῶν
1192 2442 1353 2515 χάριν
1397 2444 1657 2515 ἐπεδήμει
1717 2447 1746 2497 6

156 2535 359 2605 Κύριος
388 2536 458 2605 τῇ
483 2535 765 2604 Αἰγύπτῳ,
796 2534 903 2599 ἵνα,
930 2536 1130 2599 αὐτοὺς
1163 2536 1259 2606 τῆς
1311 2536 1519 2607 πλάνης
1552 2538 1747 2609 άνανῆ-

153 2626 248 2695 ψαι
286 2628 548 2698 ποιήσας,
573 2626 790 2699 μακρὰν
819 2627 1000 2681 αὐτῶν
1024 2628 1374 2702 ἀποσκεδάσῃ
1400 2631 1527 2694 τοὺς
1560 2629 1740 2694 λαούς.

224 2828 245 2859 ι
275 2808 391 2862 Καὶ
439 2807 541 2862 οὐκ
578 2807 730 2862 ἔσται
775 2809 887 2871 τοῖς
916 2809 1232 2877 Αἰγυπτίοις
1263 2808 1421 2879 ἔργον
1447 2808 1475 2861 ὃ
1529 2810 1745 2880 ποιήσει

154 2900 399 2972 κεφαλὴν
439 2901 537 2953 καὶ
599 2899 788 2972 οὐρὰν,
817 2899 992 2972 ἀρχὴν
1035 2901 1129 2953 καὶ
1175 2900 1347 2964 τέλος.
1380 2918 1400 2953 ι
1452 2900 1745 2969 Ἀπρακτα

152 2991 258 3061 γὰρ
280 2992 470 3055 αὐτοῖς
500 2991 705 3045 ἐστιτὰ
732 2991 1099 3063 ἐνεργούμενα
1120 2992 1188 3045 τὰ
1213 2992 1383 3045 πολλὰ
1411 2994 1540 3065 παρ’
1562 2993 1744 3056 αὐτοῖς

151 3083 400 3138 ἔπιτελού
409 3101 571 3154 μενοι,
593 3084 669 3147 ὡς
713 3083 849 3154 μηδὲ
876 3082 1035 3155 ἔργον
1064 3086 1121 3137 ὲν
1142 3084 1328 3147 αὐτοῖς
1373 3086 1511 3156 μήτε
1570 3084 1744 3157 ἀρχὴν

153 3174 314 3243 ἔχειν,
344 3174 487 3244 μήτε
505 3172 677 3237 τέλος,
708 3172 803 3225 τοῦ
836 3173 1043 3243 Κυρίου
1078 3174 1173 3226 καὶ
1200 3172 1381 3235 τοῦτο,
1414 3173 1489 3236 ὡς
1512 3172 1739 3241 ἀγαθοῦ,
1769 3204 1813 3263 C

154 3265 559 3335 ἐργασαμένου.
596 3263 773 3318 Πολλὰ
806 3264 905 3335 μὲν
933 3264 1042 3336 γὰρ
1078 3265 1136 3316 έν
1162 3267 1227 3335 τῇ
1265 3268 1395 3337 παρ’
1420 3266 1739 3334 Αἰγυπτίοις

152 3354 401 3426 παλυθέῳ
433 3354 611 3426 πλάνῃ
645 3354 780 3426 ἔργα
815 3356 990 3425 ἀρχὴν
1020 3353 1212 3425 ἔχοντα
1242 3353 1308 3427 ἦν
1338 3357 1432 3409 καὶ
1462 3356 1615 3419 τέλος
1652 3374 1739 3410 νο-

154 3448 423 3520 μιζομένῃ
450 3447 760 3518 ἀκολουθίᾳ.
786 3448 943 3501 Κατὰ
964 3448 1021 3502 δὲ
1044 3450 1169 3512 τοὺς
1192 3449 1594 3519 δεδηλωμένους
1619 3451 1743 3521 χρό-

150 3556 274 3602 νους
302 3540 405 3609 τῆς
449 3538 544 3592 τοῦ
590 3538 797 3609 Κυρίου
838 3539 917 3602 είς
963 3539 1159 3603 αὐτοὺς
1203 3542 1502 3613 παρουσίας
1559 3541 1741 3594 οὐκέτι

151 3634 375 3687 ἔσεσθαι
398 3632 533 3703 παρ’
562 3632 745 3696 αὐτοῖς
778 3630 938 3703 ἔργον
977 3630 1216 3684 τοιοῦτον
1243 3633 1445 3704 πλῆρες
1478 3634 1574 3685 καὶ
1627 3632 1742 3686 ὁλό-

150 3725 353 3796 κληρον
379 3724 474 3776 καὶ
492 3722 696 3775 τέλειον
714 3739 727 3752 ο
766 3720 882 3773 ἀλλ’
911 3724 959 3774 εί
988 3723 1083 3775 καὶ
1109 3723 1305 3794 εὑρεθῇ
1345 3722 1397 3776 τί
1430 3740 1581 3787 ποτε,
1608 3722 1740 3777 ἀκέ-

148 3817 316 3884 φαλον
358 3816 515 3868 ἐσται
545 3815 638 3868 καὶ
659 3816 912 3885 ἄναρχον,
950 3814 1136 3879 ἀτελές
1174 3834 1232 3868 τε
1266 3817 1361 3869 καὶ
1419 3816 1741 3888 ἀσυμπέρα-

151 3924 272 3962 στον
300 3925 316 3938 ·
367 3907 396 3960 ὃ
445 3905 512 3977 δὴ
568 3907 663 3961 καὶ
715 3906 865 3959 ἐστιν
893 3905 1039 3978 ἔργῳ
1075 3907 1411 3978 παραλαϐεῖν
1435 3925 1447 3938 ·
1492 3909 1614 3961 ἐπεὶ
1646 3908 1740 3961 καὶ

147 3999 432 4054 ἐκλέλοιπε
458 3997 737 4061 παντελῶς
766 3997 945 4052 αὐτῶν
974 4000 1006 4069 ἡ
1032 3998 1463 4070 εἰδωλολατρεία.
1497 3999 1738 4054 Τοιαῦτα

146 4091 202 4145 δέ
226 4093 348 4145 ἐστι
386 4093 525 4163 μήτε
577 4090 817 4162 κεφαλὴν
862 4089 1006 4161 ἔχειν
1070 4094 1208 4163 μήτε
1258 4092 1410 4157 τέλος
1455 4095 1535 4159 εἰς
1583 4092 1739 4147 λόγον

150 4166 341 4240 ίκιίνού
351 4200 508 4238 ιιενα.

222 4382 241 4415 ι
284 4362 366 4433 Τῇ
396 4362 582 4433 ἡμέρα
606 4364 787 4434 ἐκείνῃ
812 4362 1027 4417 ἔσονται
1056 4362 1344 4431 Αἰγύπτιοι
1372 4363 1447 4426 ὡς
1481 4367 1739 4432 γυναῖκες

146 4452 204 4504 ὲν
240 4452 436 4524 τρόμῳ
465 4452 560 4505 καὶ
603 4454 661 4507 ὲν
714 4452 863 4523 φόϐῳ
895 4453 1003 4506 ἀπὸ
1062 4453 1351 4524 προσώπου
1400 4456 1498 4524 τῆς
1555 4456 1738 4526 χειρὸς

1862 611 2050 667 siliarii
2088 611 2244 675 estis,
2278 625 2417 679 quos
2462 609 2627 662 etiam
2662 608 3001 676 opprimitis,
3037 607 3163 663 dum
3193 609 3466 664 omnimo-

1860 706 1944 759 dis
1969 704 2247 759 erroribus
2280 705 2427 772 ipsos
2457 701 2803 771 complicatis
2828 700 2851 754 ?

1929 796 2096 852 Vens.
2124 796 2245 852 ΗΑ
2280 797 2538 851 Dominus
2559 796 2703 849 enim
2732 794 2947 849 miscuit
2976 794 3058 850 eis
3093 795 3343 864 spiritum
3372 808 3464 850 er-

1858 892 2021 953 roris,
2054 898 2109 944 et
2132 903 2321 944 errare
2346 888 2592 943 fecerunt
2628 885 2928 958 Egyptum
2959 887 3013 941 in
3041 888 3296 942 omnibus
3335 902 3464 955 ope-

1859 981 2009 1035 ribus
2037 979 2302 1050 ipsorum,
2332 989 2391 1034 ut
2413 990 2562 1034 errat
2600 980 2690 1049 qui
2734 978 2928 1034 ebrius
2953 989 3054 1043 est,
3080 988 3134 1033 et
3171 983 3261 1050 qui
3294 980 3463 1035 vomit

1856 1071 2041 1127 simul.
2084 1091 2103 1123 ι
2136 1070 2273 1126 Hinc
2317 1085 2479 1142 porro
2524 1072 2939 1139 coniectandum
2976 1080 3060 1125 est
3091 1080 3334 1139 quantus
3384 1072 3462 1126 ibi

1858 1162 2022 1217 fuerit
2052 1161 2337 1217 ebrietatis
2386 1176 2668 1225 excessus,
2714 1162 2859 1232 quod
2887 1178 2996 1217 non
3039 1163 3266 1231 perinde
3290 1173 3458 1234 atque

1854 1254 2039 1309 caeteri
2092 1254 2345 1308 homines
2391 1252 2717 1309 idololatria
2758 1254 2924 1309 dediti
2976 1264 3197 1320 essent,
3244 1255 3338 1309 sed
3391 1269 3461 1310 eo

1852 1360 2027 1415 usque
2056 1345 2389 1400 decidissent
2416 1343 2748 1414 impietatis,
2782 1353 2841 1399 ut
2876 1345 3163 1399 hrutoruin
3209 1345 3460 1400 animan-

1853 1438 1988 1490 tium
2016 1436 2308 1491 simulacra
2336 1435 2619 1501 facerent;
2650 1452 2821 1507 quare
2847 1438 3047 1491 dictum
3072 1444 3176 1501 est,
3216 1456 3235 1488 ι
3274 1436 3345 1493 Ut
3366 1452 3458 1491 er—

1853 1535 1938 1582 rat
1969 1527 2062 1597 qui
2098 1528 2279 1583 ehrius
2312 1539 2414 1592 est,
2451 1536 2507 1581 et
2528 1514 2631 1596 qui
2655 1529 2823 1582 vomit
2864 1528 3045 1582 simul.
3082 1548 3102 1580 ι
3145 1529 3225 1583 Ad
3272 1530 3459 1596 hujus-

1851 1619 2337 1676 modiebrietatem
2374 1619 2618 1689 prazdicti
2650 1620 2923 1689 principes
2958 1620 3173 1675 Taneos
3209 1630 3263 1677 et
3287 1622 3457 1675 Mem-

1850 1712 2017 1779 pheos
2043 1710 2420 1781 Egyptiorum
2444 1710 2655 1765 animas
2693 1710 3071 1779 deduxerunt,
3097 1714 3293 1781 quibus
3339 1714 3458 1782 ipse

1851 1801 2107 1857 Dominus
2129 1804 2354 1871 spiritus
2388 1803 2593 1857 erroris
2630 1805 2873 1859 miscuit.
2901 1803 3036 1858 Nam
3085 1821 3210 1860 cum
3253 1807 3458 1860 daemo-

1849 1907 1945 1948 nes
1979 1892 2201 1963 maligni
2246 1902 2301 1947 et
2355 1894 2684 1948 adversariae
2733 1902 3031 1961 potestates
3085 1903 3303 1962 essent,
3342 1895 3457 1951 Deo

1846 1984 2161 2038 adversaria
2194 1983 2526 2052 sentiebant,
2560 2000 2623 2039 ac
2651 1992 2842 2040 contra
2872 1986 3037 2040 Deum
3073 2002 3319 2058 pugnare
3358 2003 3457 2044 co-

1847 2074 2139 2129 nabantur.
2176 2074 2539 2142 Quamobrem
2589 2076 2764 2130 errori
2822 2077 3003 2131 traditi
3053 2088 3213 2145 sunt,
3267 2082 3456 2134 decer-

1846 2177 2010 2221 nente
2031 2166 2162 2232 Deo,
2197 2168 2341 2237 quod
2370 2166 2625 2237 nequitiae
2646 2182 2834 2223 eorum
2854 2178 3282 2233 consentaneum
3310 2180 3455 2235 erat,

1846 2265 1907 2309 ut
1935 2256 2108 2310 errori
2142 2256 2509 2312 traderentur.
2556 2256 2636 2312 illi
2684 2273 2816 2313 vero
2850 2259 3134 2323 malitiam,
3172 2275 3271 2315 ceu
3304 2264 3454 2317 virus

1847 2348 2121 2416 quoddam
2175 2348 2521 2414 lethil‘erum,
2554 2351 2606 2404 in
2655 2350 2947 2424 Egyptios
2994 2352 3346 2418 diﬂ‘udernnt,
3395 2364 3453 2410 et

1844 2439 2138 2511 Egyptum
2170 2439 2225 2494 in
2258 2456 2500 2496 errorem
2527 2444 2883 2506 induxerunt,
2917 2462 2939 2496 ι
2978 2443 3048 2500 Ut
3082 2456 3231 2500 errat
3258 2447 3327 2511 is,
3354 2448 3450 2519 qui

1844 2529 2028 2585 ebrius
2052 2539 2156 2595 est,
2189 2540 2243 2584 et
2273 2531 2365 2600 qui
2398 2533 2568 2586 vomit
2595 2533 2775 2587 simul.
2803 2554 2821 2585 ι
2845 2533 3044 2591 Verum
3072 2550 3262 2591 eorum
3284 2553 3451 2593 causa

1847 2619 1985 2674 Deus
2022 2619 2075 2673 in
2111 2620 2346 2691 Egypto
2384 2622 2864 2692 peregrinabatur,
2901 2638 2981 2691 ut,
3005 2626 3113 2681 illis
3152 2627 3221 2682 ab
3263 2643 3452 2685 errore

1846 2710 2111 2773 deductis,
2140 2710 2367 2780 populos
2400 2712 2467 2766 ab
2492 2713 2572 2767 eis
2594 2715 2783 2783 procul
2828 2716 3150 2772 dimoveret.

1918 2802 2081 2859 Vens.
2122 2803 2208 2858 15.
2241 2822 2260 2857 ι
2297 2804 2361 2859 Ει
2390 2821 2497 2860 non
2546 2808 2651 2861 erit
2682 2805 2957 2877 Egyptiis
2983 2824 3145 2879 opus,
3169 2813 3315 2882 quod
3365 2811 3452 2867 fa-

1844 2893 1954 2949 ciat
1992 2904 2154 2965 caput
2188 2904 2243 2950 et
2275 2896 2525 2961 caudam,
2560 2898 2889 2967 principium
2921 2907 2975 2954 et
3018 2899 3209 2973 linem.
3250 2920 3269 2955 »
3305 2901 3451 2958 Infe-

1842 2993 1931 3039 Cta
1974 2986 2174 3055 quippe
2216 2996 2346 3040 sunt
2404 2984 2511 3040 illis
2551 3001 2716 3055 opera
2761 2989 2932 3041 multa
2986 2974 3107 3058 quae
3142 2992 3281 3061 apud
3323 2991 3449 3047 illos

1844 3077 2272 3145 perﬁciebantur
2306 3118 2321 3141 ,
2358 3077 2431 3131 ita
2466 3088 2523 3133 ut
2551 3093 2686 3149 opus
2708 3093 2874 3149 penes
2910 3080 3027 3135 illos
3062 3097 3168 3137 non
3210 3085 3450 3152 reperia-

1846 3174 1956 3232 tur,
1995 3169 2137 3236 quod
2167 3167 2250 3223 vel
2282 3168 2604 3238 principium
2636 3168 2718 3223 vel
2751 3169 2911 3224 linem
2945 3172 3167 3235 habeat,
3195 3172 3449 3240 Domino,

1845 3268 2032 3328 utpote
2062 3262 2225 3324 bono,
2275 3263 2378 3316 hoc
2411 3264 2481 3316 ita
2525 3272 2840 3333 peragente.
2870 3262 3154 3333 Siquidem
3194 3265 3246 3318 in
3280 3265 3447 3337 Egy-

1844 3351 2020 3418 ptiaca
2043 3352 2332 3405 multorum
2363 3353 2647 3408 numinum
2681 3355 3091 3423 superstitione,
3115 3357 3282 3410 rnulta
3314 3372 3448 3426 ope-

1842 3457 1902 3495 ra
1957 3443 2280 3511 principium
2328 3453 2384 3498 et
2429 3444 2615 3510 linem,
2662 3445 2960 3499 secundum
3013 3457 3322 3516 reputatam
3373 3448 3447 3509 ibi

1842 3536 2064 3599 seriem,
2108 3537 2399 3592 habebant.
2441 3541 2512 3593 At
2549 3551 2853 3596 memorato
2890 3543 3158 3598 Dominici
3213 3544 3281 3599 ad
3327 3545 3449 3599 illos

1843 3627 2107 3682 adventus
2131 3631 2486 3698 tempore,ait
2517 3647 2623 3687 non
2649 3633 2789 3687 ultra
2818 3633 2934 3689 fore
2966 3650 3133 3703 penes
3160 3635 3281 3692 illos
3312 3652 3446 3705 opus

1841 3717 2149 3787 hujusrnodi
2192 3719 2435 3788 plenum,
2479 3721 2751 3792 integrum
2800 3732 2853 3777 et
2884 3725 3226 3792 perfectum;
3268 3728 3364 3781 sed
3399 3727 3445 3781 si

1841 3808 2130 3879 quodpiam
2155 3810 2528 3879 hujuscemodi
2560 3814 2885 3883 reperiatur,
2910 3815 3085 3887 ipsum
3111 3818 3232 3873 sine
3264 3820 3445 3888 capite

1842 3912 1897 3955 et
1937 3904 2229 3973 principio,
2285 3906 2405 3961 sine
2452 3909 2688 3962 termino
2734 3917 2791 3962 et
2841 3909 2947 3965 line
2999 3910 3241 3966 futurum
3295 3926 3440 3967 esse.

1841 3991 1997 4058 Quod
2034 3994 2197 4048 etiam
2254 3995 2371 4063 ipso
2417 4010 2579 4063 opere
2629 3998 2955 4066 completum
3008 4003 3445 4056 animadvertere

1840 4097 1965 4155 est;
1996 4104 2120 4144 nam
2157 4089 2466 4145 idololatria
2496 4090 2711 4160 penitus
2734 4093 2951 4151 defecit.
2973 4093 3085 4165 (ει)
3115 4093 3247 4148 Illud
3279 4109 3443 4164 porro

1840 4188 1946 4244 est,
1967 4196 2141 4251 neque
2175 4194 2338 4252 caput
2366 4200 2541 4256 neque
2579 4187 2740 4242 tinem
2776 4186 2997 4253 habere,
3034 4198 3092 4241 ut
3124 4188 3259 4242 satis
3288 4202 3441 4241 corn-

1841 4283 2202 4329 monstratum
2232 4287 2335 4331 εει.

1914 4364 2079 4423 Vens.
2107 4368 2191 4422 16.
2232 4387 2249 4419 ι
2287 4368 2344 4423 In
2382 4370 2471 4425 die
2521 4372 2609 4428 illa
2655 4382 2819 4427 erunt
2858 4371 3102 4444 Egyplii
3133 4372 3283 4429 velut
3319 4388 3441 4428 mu-

1839 4454 2002 4510 lieres
2050 4457 2101 4511 in
2144 4470 2379 4516 tremore
2411 4470 2465 4516 et
2512 4464 2566 4517 in
2617 4465 2809 4519 timore
2845 4479 2874 4518 a
2916 4465 3057 4519 facie
3106 4481 3300 4521 manus
3341 4468 3440 4522 Do-

146 4544 357 4615 Κυρίου
400 4543 650 4605 Σαϐαὼθ,
693 4545 759 4613 ἢν
780 4544 943 4608 αὐτὸς
979 4543 1228 4598 ὲπιϐαλεῖ
1271 4544 1472 4607 αὐτοῖς.
1518 4564 1536 4596 ι
1579 4546 1736 4599 Κατὰ

1849 4549 1973 4605 mini
2010 4551 2269 4619 Sabaoth,
2327 4570 2485 4623 quam
2527 4557 2641 4627 ipse
2672 4558 2928 4613 immittet
2975 4557 3103 4613 illis.
3144 4578 3165 4611 θ
3225 4558 3433 4615 Memo-

144 4636 270 4698 τοὺς
302 4634 667 4698 ἀποδοθέντας
718 4636 943 4707 χρόνους
976 4637 1073 4705 τῆς
1100 4635 1339 4703 ἀφίξεως
1382 4636 1476 4689 τοῦ
1534 4638 1735 4709 Κυρίου

143 4728 242 4797 τῆς
264 4729 346 4791 είς
380 4728 674 4795 Αἴγυπτον,
733 4728 917 4781 οὐκέτι
975 4729 1192 4782 ἔσεσθαι
1242 4718 1356 4792 τοῖς
1414 4730 1735 4798 Αἰγυπτίοις

145 4820 405 4890 φρόνημα
433 4818 707 4889 ἀνδρικὸν,
733 4819 1005 4888 γυναικῶν
1053 4820 1109 4873 δὲ
1160 4820 1316 4891 δίκην
1362 4821 1418 4873 ὲν
1452 4821 1601 4891 φόϐῳ
1641 4824 1735 4875 καὶ

146 4913 340 4983 τρόμῳ
361 4912 563 4977 διάξειν
592 4912 772 4965 αὐτῶν
794 4914 886 4967 τὸν
917 4913 1030 4982 βίον
1075 4914 1159 4967 διὰ
1207 4913 1302 4984 τὴν
1352 4915 1735 4967 ὲπαναστᾶσαν

148 5005 334 5066 αὐτοῖς
362 5005 520 5073 χεῖρα
545 5002 639 5055 τοῦ
671 5003 804 5055 Θεοῦ
836 5002 1100 5065 θεσπίζει.
1126 5003 1259 5073 Χεὶρ
1283 5002 1339 5055 δὲ
1388 5004 1591 5075 Κυρίου
1653 5006 1734 5070 τίς

144 5096 209 5149 ἂν
239 5093 466 5164 νοηθείη
494 5094 656 5165 ἑτέρα
686 5094 834 5165 παρὰ
863 5094 960 5165 τὴν
989 5096 1285 5167 λεγομένην
1331 5095 1509 5159 δεξιὰν
1547 5096 1733 5165 αὑτοῦ,

310 5184 347 5254 ἢ
395 5183 678 5254 Ῥωμαῖκὴ
736 5182 965 5254 δύναμις
1025 5183 1339 5250 ὑποτάξασα
1400 5185 1525 5248 τοὺς
1572 5188 1735 5255 Λίγυ-

146 5278 341 5339 πτίους
366 5276 461 5328 καὶ
491 5271 839 5346 ὑποχειρίους
868 5278 1212 5349 ποιησαμένη
1235 5277 1323 5330 διὰ
1352 5277 1449 5348 τὴν
1475 5278 1569 5330 τοῦ
1619 5280 1733 5334 Κυ-

146 5368 261 5438 ρίου
297 5368 636 5437 παρουσίαν;
670 5366 828 5421 Οὕτω
852 5368 961 5439 γάρ
988 5385 1115 5421 ποτε
1151 5369 1243 5422 καὶ
1268 5371 1296 5422 6
1332 5367 1578 5431 διάϐολος
1596 5370 1734 5440 πρὸς

142 5462 233 5513 τὸν
298 5458 436 5512 Θεὸν
484 5459 894 5530 ἀναγέγραπται
940 5459 1179 5530 εἰρηκὼς
1236 5462 1365 5531 περὶ
1425 5460 1519 5513 τοῦ
1587 5462 1707 5515 ἰώϐ

150 5568 165 5597 ι
208 5550 352 5603 Ἀλλ’
385 5550 706 5603 ἀπόστειλον
746 5550 844 5621 τὴν
871 5550 1031 5622 χεῖρά
1056 5568 1172 5616 σου,
1204 5553 1297 5605 καὶ
1328 5551 1463 5621 ἆψαι
1513 5552 1731 5607 πάντων

142 5636 213 5694 ὧν
241 5642 381 5712 ἔχει,
402 5642 453 5693 εἰ
490 5642 565 5711 μὴ
598 5643 679 5705 εἰς
708 5643 999 5714 πρόσωπόν
1032 5661 1092 5699 σε
1122 5643 1424 5716 εὐλογήσει.
1462 5665 1480 5699 ι
1520 5648 1583 5700 Ol.
1622 5648 1735 5701 τοί-

211 5734 255 5762 ”
292 5731 579 5796 Jobr,il.

213 5826 329 5897 (ει)
372 5827 546 5886 Locus
575 5830 813 5885 mutilus.

1842 4642 1977 4696 ratis
2026 4644 2289 4700 adventus
2334 4647 2545 4702 Domini
2599 4648 2651 4703 in
2708 4648 3005 4721 Egyptum
3061 4653 3437 4721 temporibus,

1839 4737 2040 4791 nullum
2073 4739 2343 4812 Egyptiis
2369 4743 2609 4797 futurum
2667 4744 2880 4799 virilem
2931 4760 3173 4813 sensum,
3210 4752 3305 4801 sed
3343 4762 3439 4802 eos

1840 4828 2127 4885 mulierum
2164 4834 2336 4888 instar
2374 4835 2429 4889 in
2466 4844 2615 4891 metu
2648 4845 2703 4892 et
2739 4848 2996 4902 tremore,
3032 4839 3103 4893 ob
3146 4839 3438 4893 imminen-

1840 4925 1947 4971 tem
1981 4919 2115 4988 ipsis
2158 4937 2375 4977 manum
2414 4924 2532 4988 Dei,
2556 4926 2721 4978 vitam
2752 4934 2973 4981 acturos
3004 4942 3125 4982 esse
3167 4930 3436 4983 vaticina-

1842 5019 1951 5064 tur.
2000 5011 2190 5069 Manus
2237 5025 2419 5069 autem
2478 5015 2691 5071 Domini
2736 5033 2858 5088 qua:
2909 5020 3011 5073 alia
3062 5028 3282 5087 putetur
3315 5036 3437 5077 esse

1838 5114 2034 5171 praeter
2071 5118 2214 5168 eam,
2245 5122 2365 5177 qua;
2403 5120 2629 5163 vocatur
2660 5113 2881 5166 dextera
2915 5112 3056 5180 eius,
3099 5113 3204 5166 nisi
3232 5112 3435 5167 Itoma-

1838 5208 2028 5248 norum
2059 5199 2324 5264 potentia,
2349 5215 2468 5268 qua:
2496 5199 2781 5273 Egyptios
2813 5202 3025 5273 subegit
3057 5218 3118 5257 ac
3156 5203 3259 5257 sibi
3304 5204 3435 5259 sub-

1840 5284 1982 5339 ditos
2029 5286 2297 5354 reddidit,
2334 5291 2496 5360 idque
2540 5296 2610 5346 ob
2653 5292 2857 5349 Christi
2914 5295 3260 5362 praesentiam
3296 5295 3319 5348 ?
3355 5296 3432 5351 Ita

1840 5377 2038 5447 quippe
2093 5378 2367 5436 diabolum
2426 5384 2491 5439 de
2536 5383 2640 5439 Job
2696 5385 3005 5454 loquentem
3069 5388 3178 5442 Deo
3229 5388 3433 5443 dixisse

1839 5468 2101 5538 scripturn
2140 5483 2225 5527 est
2266 5490 2278 5525 :
2319 5490 2339 5523 ι
2376 5474 2484 5529 Sed
2527 5475 2678 5530 mitte
2708 5492 2923 5531 manum
2957 5486 3133 5538 lnam.
3178 5488 3233 5531 et
3272 5488 3433 5548 lange

1839 5561 2023 5615 omnia
2058 5576 2177 5630 qua:
2198 5563 2383 5630 habet,
2417 5565 2519 5619 nisi
2558 5565 2610 5620 in
2643 5565 2839 5622 faciem
2866 5569 3150 5623 benedicat
3178 5569 3270 5622 tibi
3293 5570 3377 5621 ‘7?
3405 5587 3425 5620 ι

1844 5650 1945 5718 Qui
1977 5668 2107 5725 ergo
2132 5655 2427 5714 voluntatis
2465 5658 2558 5715 Dei
2599 5660 2666 5715 ad
2709 5659 3112 5730 subjugandum
3143 5660 3431 5733 [Egyptia-
