4042 6460
646 418 744 474 251

1344 411 1611 468 EUSEBlI
1650 407 2117 465 CASSARIENSIS
2153 404 2304 461 OPP.
2344 404 2520 460 PARS
2557 405 2642 460 lll.
2685 437 2752 449 —-
2789 405 3202 463 EXEGETICA.

3779 407 3880 462 23%

645 547 763 590 rum
799 532 1078 601 imperium
1109 532 1339 587 ministri
1373 533 1628 595 fuerunt,
1661 531 1908 584 videlicet
1937 531 2049 599 ipsa
2101 528 2194 582 Ro-

2306 544 2398 578 νυν
2443 527 2891 598 διακονησάμενοι
2927 527 3005 597 τῷ
3049 527 3345 597 βουλήματι
3380 523 3473 578 τοῦ
3523 523 3658 577 Θεοῦ
3699 527 3777 589 είς
3823 526 3878 578 τὸ

647 625 788 678 mani
833 619 1104 678 exercitus
1136 623 1392 690 potentia,
1424 637 1613 677 manus
1654 631 1894 675 vocatur.
1931 619 2210 681 Quomodo

646 723 821 765 autem
857 711 1138 765 mulierum
1164 712 1334 763 instar
1383 725 1505 763 cum
1534 711 1723 763 timore
1742 716 1792 763 et
1824 709 2070 777 angustia
2102 708 2209 763 Ro-

647 801 818 853 manis
846 802 1084 854 serviant
1113 799 1352 869 Egyptii
1377 839 1392 865 ,
1438 799 1490 852 id
1528 811 1658 852 sane
1699 813 1803 850 non
1837 805 1921 850 est
1945 797 2086 865 quod
2112 811 2208 849 ex-

651 891 892 944 ‘nlicetur.

685 907 805 944 ucet
877 928 892 944 .

643 907 676 960 Ρ
715 907 879 1035 Vultis:
909 982 993 1035 17.
1021 999 1039 1031 ι
1068 979 1134 1034 Ει
1159 979 1265 1033 erit
1311 979 1458 1047 regio
1483 976 1793 1031 Judzeorum
1840 975 1892 1028 in
1923 983 2206 1029 terrorem.

644 1070 957 1138 Quicunque
985 1084 1103 1121 eam
1137 1067 1495 1121 nominaverit
1519 1067 1674 1135 ipsis,
1707 1066 2060 1120 extimescent
2086 1079 2210 1133 pro-

643 1173 763 1230 pter
821 1160 1120 1218 consilium,
1156 1159 1294 1227 quod
1346 1157 1617 1212 consuluit
1662 1157 1917 1211 Dominus
1972 1156 2206 1210 Sabaoth

641 1269 801 1321 super
829 1267 968 1306 eam.
1007 1271 1025 1303 ι
1061 1250 1352 1316 Regionem
1380 1264 1504 1303 vero
1544 1247 1847 1303 Judaeorum
1883 1250 1927 1302 si
1963 1248 2206 1315 Scriptu-

640 1361 756 1398 rain
786 1345 1020 1398 divinam
1059 1343 1262 1395 dixeris
1300 1355 1453 1406 esse,
1482 1341 1792 1408 neutiquam
1847 1341 2205 1405 aberraveris,

639 1450 820 1506 quam,
836 1436 1025 1490 obvim
1044 1435 1253 1503 pietatis
1271 1445 1322 1486 et
1346 1433 1488 1494 ﬁdei,
1510 1433 1596 1499 qui
1621 1432 1900 1486 Dominum
1921 1443 2202 1498 noverunt,

637 1543 758 1582 cum
796 1529 1008 1593 timore,
1046 1538 1270 1579 tremore
1308 1534 1361 1577 et
1386 1529 1686 1576 reverentia
1710 1523 1928 1586 adeunt,
1962 1538 2065 1577 non
2095 1538 2209 1575 am-

637 1620 778 1687 plius
799 1629 858 1672 ut
889 1619 1013 1671 olim
1049 1618 1360 1684 blasphema
1393 1617 1536 1668 dicta
1581 1617 1634 1668 in
1687 1629 1804 1668 eam
1845 1614 2202 1683 proferentes,

636 1711 731 1764 sed
761 1712 829 1764 ob
873 1709 1152 1763 Dominum
1196 1709 1246 1760 in
1295 1723 1356 1761 ea
1403 1707 1746 1775 praedicatum
1770 1747 1784 1771 ,
1810 1714 2126 1760 venerantes
2151 1720 2205 1763 et

634 1802 891 1855 colentes.
933 1801 1291 1873 Quamobrem
1329 1799 1574 1868 quisquis
1618 1798 1761 1852 illam
1798 1799 1927 1864 ipsis
1966 1812 2202 1850 comme-

2313 618 2676 688 χειρώσασθαι
2701 620 2798 688 τὴν
2825 621 3136 686 Αἰγυπτίων
3166 617 3360 688 ἀρχὴν,
3384 617 3612 686 δύναμις
3658 614 3796 687 αῦτη
3827 618 3876 670 δὲ

2308 701 2375 775 ἦν
2411 708 2442 775 ἠ
2480 707 2789 775 Ῥωμαϊκοῦ
2818 706 3071 777 στρατοῦ,
3107 708 3227 777 χεὶρ
3252 705 3581 776 ὠνόμασται.
3612 704 3798 764 Ὅπως
3827 703 3876 756 δὲ

2309 794 2585 862 γυναικῶν
2614 795 2770 863 δίκην
2803 797 2939 866 μετὰ
2971 795 3134 864 φόϐου
3164 795 3256 848 καὶ
3295 795 3530 862 ἀγωνίας
3572 791 3877 845 δουλεύουσι

2320 887 2607 957 Ῥωμαίοις
2638 888 2942 955 Αἰγύπτιοι,
2974 888 3121 940 οὐδὲν
3154 887 3235 939 δεῖ
3262 887 3458 956 λέγειν.

2377 997 2395 1029 ι
2438 980 2545 1032 Καὶ
2568 978 2720 1032 ἔσται
2751 983 2780 1049 ἡ
2818 984 2968 1051 χώρα
2993 981 3101 1032 τῶν
3140 980 3407 1032 Ἰουδαίων
3436 981 3545 1041 τοῖς
3563 976 3877 1045 Αἰγυπτίοις

2307 1071 2386 1132 είς
2419 1071 2701 1141 φόϐητρον,
2749 1073 2861 1134 Πᾶς
2898 1073 2956 1136 ὃς
3013 1073 3106 1124 ἐάν
3162 1071 3402 1142 ὀνομάσῃ
3453 1069 3618 1139 αὐτὴν
3674 1069 3872 1133 αὐτοῖς,

2307 1159 2701 1230 φοϐηθήσονται
2728 1159 2813 1214 διὰ
2836 1161 2932 1230 τὴν
2967 1159 3179 1231 βουλὴν,
3212 1160 3276 1230 ἢν
3308 1159 3509 1227 Κύριος
3537 1153 3760 1208 Σαϐαὼθ
3793 1153 3876 1223 βε-

2306 1251 2586 1304 ϐούλευται
2610 1253 2693 1302 ἐπ’
2721 1253 2909 1322 αύτήν,
2937 1271 2953 1302 ι
2986 1251 3180 1321 Χώραν
3211 1251 3268 1302 δὲ
3312 1248 3577 1302 Ἰουδαίων
3605 1247 3702 1316 τὴν
3730 1244 3874 1297 θείαν

2305 1345 2404 1397 ούκ
2435 1344 2499 1395 ἂν
2536 1345 2800 1415 ἁμάρτοις
2844 1344 3011 1396 εἰπὼν
3050 1345 3301 1413 Γραφήν·
3357 1343 3424 1411 ἢν
3470 1341 3535 1393 δι’
3578 1336 3875 1408 ὑπερϐολὴν

2308 1439 2592 1500 εὐλαϐείας
2632 1439 2723 1490 καὶ
2762 1437 2996 1499 πίστεως
3025 1437 3073 1488 οἱ
3120 1436 3209 1487 τὸν
3244 1433 3445 1503 Κύριον
3508 1430 3873 1496 ἐπεγνωκότες

2308 1531 2444 1600 μετά
2468 1529 2630 1598 φόϐου
2668 1529 2760 1581 καὶ
2801 1527 3004 1598 τρόμου
3066 1528 3158 1580 καὶ
3210 1524 3491 1586 εὐλαϐείας
3541 1520 3872 1594 προσίενται,

2304 1616 2487 1668 οὐκέτι
2521 1617 2594 1679 ὡς
2627 1617 2686 1668 τὸ
2735 1617 2860 1686 πρὶν
2918 1614 3359 1685 βλασφημοῦντες
3415 1613 3604 1682 αὐτὴν,
3630 1611 3765 1665 ἀλλὰ
3790 1627 3873 1662 τι·

2309 1707 2514 1775 μῶντες
2545 1708 2636 1760 καὶ
2667 1707 2912 1770 σέϐοντες
2936 1705 3020 1759 διὰ
3053 1706 3141 1758 τὸν
3188 1707 3245 1757 ὲν
3303 1705 3438 1772 αὐτῇ
3474 1702 3875 1773 κηρυττόμενον

2307 1798 2509 1869 Κύριον
2528 1815 2540 1827 ·
2573 1799 2652 1851 διὸ
2675 1801 2821 1861 πᾶ.ςό
2838 1799 3114 1869 ὀνομάζων
3148 1799 3313 1867 αὐτὴν
3341 1799 3520 1859 αὐτοῖς
3548 1795 3710 1864 φόϐον
3737 1793 3872 1847 Θεοῦ

635 1902 837 1954 morat,
873 1892 1118 1944 timorem
1161 1893 1250 1945 Dei
1285 1892 1416 1959 ipsis
1465 1890 1724 1955 immittit,
1772 1903 1892 1941 nam
1929 1906 1947 1938 ι
1982 1887 2194 1941 Initium

2299 1889 2511 1958 ἐμποιεί
2560 1892 2773 1954 αὐτοῖς·
2828 1909 2846 1941 ι
2884 1890 3048 1961 Ἀρχὴ
3073 1910 3089 1942 ι
3129 1892 3239 1960 γὰρ
3278 1910 3295 1941 ι
3321 1891 3510 1958 σοφίας
3562 1888 3722 1958 φόϐος
3758 1889 3873 1943 Κυ-

632 1985 906 2051 sapientizn
937 1987 1095 2037 timor
1122 1984 1409 2037 Domini”.
1438 2002 1456 2034 ι

708 2075 864 2127 V'Ens.
896 2075 979 2128 18.
1023 2093 1040 2126 ι
1081 2074 1136 2126 lu
1170 2076 1256 2129 die
1288 2074 1374 2127 illa
1400 2081 1559 2126 erunt
1593 2072 1830 2140 quinque
1860 2072 2104 2126 civitates
2144 2071 2197 2124 in

634 2175 774 2218 terra
803 2164 1044 2234 Egypti,
1080 2166 1358 2232 loquentes
1394 2164 1574 2232 lingua
1603 2164 2011 2228 Chanaanitide,
2042 2174 2097 2217 et
2117 2164 2198 2233 ju-

631 2266 813 2309 rantes
841 2271 934 2325 per
979 2271 1172 2310 nomen
1223 2255 1429 2309 Domini
1467 2256 1704 2310 Sabaoth
1737 2274 1748 2308 :
1777 2257 1965 2310 civitas
1994 2256 2199 2310 Asedec

631 2347 906 2400 vocabitur
957 2363 1062 2400 una
1113 2348 1322 2400 civitas.
1357 2366 1374 2398 ›
1418 2348 1532 2400 Etsi
1568 2349 1805 2416 quinque
1859 2348 2099 2401 civitates
2144 2348 2196 2400 in

629 2436 880 2489 vaticinio
941 2435 1218 2499 ferantur,
1277 2448 1329 2489 at
1383 2452 1487 2489 non
1557 2435 1904 2505 ignorandum
1962 2445 2042 2489 est
2079 2435 2196 2489 illas

631 2528 867 2595 quinque
916 2541 1072 2578 unam
1106 2539 1243 2580 esse.
1290 2526 1468 2591 Quare
1523 2542 1714 2580 nomen
1769 2543 1929 2579 unum
1957 2526 2196 2580 omnium

632 2617 879 2680 additur,
911 2617 1146 2676 Asedec,
1185 2618 1326 2683 quod
1378 2618 1761 2684 interpretatur
1803 2616 2193 2686 Symmachus,

639 2726 656 2758 ι
692 2707 839 2760 solis.
872 2725 889 2756 ι
930 2705 1097 2772 Quam
1127 2720 1252 2758 vero
1277 2707 1476 2760 dixeris
1508 2722 1623 2760 eam
1648 2722 1787 2773 esse,
1819 2707 1917 2760 nisi
1949 2716 2194 2761 sanctam

631 2799 723 2852 Dei
757 2797 1066 2856 Ecclesiam,
1118 2811 1234 2864 qua:
1269 2799 1560 2850 secundum
1615 2797 1755 2850 LXX
1803 2800 2022 2867 quidem
2059 2798 2195 2852 dici-

630 2898 720 2943 tur
746 2889 967 2949 Asedec,
999 2889 1140 2953 quod
1189 2887 1474 2957 signiﬁcat,
1512 2906 1530 2938 ι
1570 2887 1826 2954 justitize;
1857 2908 1875 2938 ›
1903 2889 2194 2943 secundum

631 2980 1010 3048 Symmachum
1058 2993 1217 3041 vero,
1257 2995 1275 3028 ι
1336 2978 1486 3037 solis,
1537 2997 1554 3030 ι
1599 2979 1663 3030 de
1701 2993 1805 3046 quo
1848 2981 2046 3032 dictum
2089 2989 2193 3042 εει,

635 3085 655 3118 ι
696 3067 1029 3120 Timentibus
1061 3075 1232 3119 autem
1259 3080 1342 3117 me
1377 3064 1578 3118 orietur
1617 3065 1693 3118 sol
1724 3065 1964 3133 justitize,
1992 3077 2042 3118 et
2085 3081 2196 3120 me-

632 3158 765 3212 dela
793 3160 845 3210 in
873 3157 969 3214 alis
1013 3158 1161 3225 ejus;
1202 3177 1220 3207 ι
1246 3157 1534 3210 secundum
1577 3167 1884 3209 accuratam
1919 3171 2045 3210 vero
2083 3159 2193 3210 dis-

2299 1979 2435 2048 ρίου.
2483 1998 2502 2030 ι

2374 2089 2391 2120 ι
2422 2071 2497 2139 Τῇ
2561 2068 2741 2140 ἡμέρα
2796 2071 2977 2143 ἐκείνῃ
3034 2070 3242 2124 ἔσονται
3283 2071 3444 2123 πέντε
3506 2070 3678 2133 πόλεις
3716 2068 3873 2140 ὶντῇ

2296 2162 2592 2228 Αίγύπτου,
2619 2161 2870 2214 λαλοῦσαι
2923 2166 2988 2233 τῇ
3018 2162 3235 2233 γλώσσῃ
3270 2165 3334 2232 τῇ
3367 2161 3748 2223 Χαναανίτιδι,
3779 2159 3875 2214 καὶ

2295 2252 2586 2324 ὀμνύοντες
2611 2253 2687 2322 τῷ
2710 2255 2930 2323 ὀνόματι
2956 2257 3160 2326 Κυρίου
3180 2255 3432 2308 Σαϐαὼθ·
3465 2255 3618 2316 πόλις
3652 2252 3873 2306 Ἀσεδὲκ

2295 2347 2622 2418 κληθήσεται
2660 2349 2757 2416 μία
2787 2348 2958 2409 πόλις.
2997 2366 3014 2397 ι
3054 2349 3116 2399 Εί
3144 2347 3200 2399 δὲ
3230 2346 3389 2398 πέντε
3419 2345 3663 2413 λέγονται
3689 2344 3874 2406 πόλεις

2294 2439 2350 2492 αἱ
2382 2437 2790 2509 θεσπιξόμεναι,
2826 2441 2939 2493 ἀλλ’
2972 2440 3031 2492 οὐ
3067 2440 3170 2510 χρὴ
3200 2441 3431 2506 ἀγνοεῖν,
3466 2438 3540 2499 ὡς
3597 2437 3650 2488 αἱ
3705 2434 3873 2487 πέντε

2298 2531 2424 2599 μίαν
2453 2531 2798 2600 τυγχάνουσι.
2827 2531 2916 2583 Διὸ
2953 2531 3046 2582 καὶ
3072 2529 3129 2581 ἓν
3155 2529 3325 2597 ὄνομα
3346 2527 3488 2580 κατὰ
3525 2525 3713 2578 πασῶν
3746 2527 3872 2578 ἐπι-

2294 2620 2507 2688 λέγεται
2541 2623 2602 2673 τὸ
2643 2623 2881 2683 Ἀσεδὲκ,
2912 2623 3048 2690 ὅπερ
3102 2623 3127 2673 ὁ
3176 2618 3470 2688 Σύμμαχος
3522 2618 3872 2687 ἡρμήνευσεν

2301 2733 2319 2764 ‹
2359 2713 2528 2782 ἡλίου.
2557 2731 2576 2763 ›
2611 2713 2743 2764 Τίνα
2768 2713 2863 2782 μὲν
2897 2709 2988 2764 οὖν
3017 2712 3192 2772 είποις
3224 2711 3287 2762 ἂν
3310 2710 3511 2778 ταύτην
3544 2704 3735 2776 εἶναιῆ
3770 2709 3871 2778 τὴν

2294 2805 2452 2872 ἁγίαν
2484 2803 2574 2857 τοῦ
2605 2804 2737 2856 Θεοῦ
2782 2803 3121 2869 Ἐκκλησίαν,
3148 2804 3286 2854 κατὰ
3317 2802 3414 2872 μὲν
3442 2802 3564 2864 τοὺς
3601 2800 3869 2869 Ἐϐδομή-

2296 2913 2457 2948 κοντα
2487 2895 2823 2964 καλουμενην
2872 2897 3112 2955 Ἀσεδὲκ,
3141 2894 3168 2946 ὃ
3195 2895 3259 2962 δὴ
3303 2893 3556 2962 σημαίνει
3613 2911 3629 2942 ι
3665 2891 3873 2943 δικαιο-

2297 2986 2488 3056 σύνης’
2531 3006 2548 3036 ›
2581 2986 2724 3038 κατὰ
2754 2986 2809 3038 δὲ
2842 2986 2932 3037 τὸν
2969 2986 3283 3054 Σύμμαχον,
3309 3004 3326 3035 ι
3356 2984 3528 3054 ἡλίου,
3562 3003 3580 3034 ι
3615 2983 3746 3052 περ)⁸
3808 2974 3870 3035 οὗ

2295 3078 2569 3129 λέλεκται·
2613 3097 2629 3128 ι
2663 3079 2785 3141 Τοῖς
2828 3078 2884 3130 δὲ
2916 3076 3264 3145 φοϐουμένοις
3314 3092 3378 3144 με
3432 3076 3675 3128 ἀνατελεῖ
3719 3075 3874 3145 ἥλιος

2295 3169 2656 3239 δικαιοσύνης,
2683 3170 2776 3221 καὶ
2811 3170 2980 3231 ἰάσεις
3022 3168 3079 3220 ἐν
3129 3169 3250 3229 ταῖς
3300 3166 3555 3235 πτέρυξιν
3602 3165 3801 3218 αὑτοῦ·
3847 3182 3866 3214 ι

632 3246 842 3299 serendi
893 3247 1179 3306 rationem,
1231 3257 1389 3298 terra:
1441 3245 1632 3298 civitas
1667 3247 1895 3318 dicitur,
1929 3251 2070 3314 quod
2119 3249 2190 3300 ita

2298 3259 2437 3311 κατὰ
2490 3261 2544 3311 δὲ
2578 3225 2636 3312 τὸ
2670 3260 2892 3330 ἀκριϐὲς
2925 3260 3024 3327 τῆς
3051 3257 3212 3311 αὐτοῦ
3246 3225 3532 3322 διαλέξεως
3575 3257 3678 3326 γῆς
3714 3256 3874 3320 πόλις

632 3334 775 3386 reddi
804 3337 989 3402 possit,
1028 3351 1046 3383 ι
1081 3333 1284 3388 Civitas
1318 3343 1472 3386 terrae
1505 3335 1781 3388 vocabitur
1809 3351 1912 3388 una
1941 3337 2184 3390 civitas.»

627 3421 743 3490 Ipsa
773 3425 966 3492 quippe
993 3426 1100 3478 sola
1124 3425 1176 3478 in
1202 3425 1444 3479 universa
1478 3435 1616 3478 terra
1652 3427 1755 3479 Deo
1775 3426 1961 3480 civitas
1993 3428 2190 3480 consti-

630 3517 816 3580 tuitur,
873 3516 942 3568 ita
994 3526 1051 3569 ut
1089 3518 1154 3569 de
1189 3517 1276 3568 illa
1326 3516 1860 3581 dicatur,tG|oriosa
1889 3519 2028 3571 dicta
2065 3530 2190 3573 sunt

630 3606 695 3659 de
725 3615 797 3668 te,
829 3607 1017 3660 civitas
1061 3607 1154 3660 Dei
1174 3609 1239 3660 9°.
1276 3627 1294 3659 ι
1339 3608 1585 3677 Quinque
1632 3619 1808 3662 autem
1850 3612 2097 3664 civitates
2135 3612 2188 3664 in

629 3697 865 3751 Ecclesia
914 3697 1355 3752 luerintdiversze
1379 3700 1608 3753 instituti
1643 3711 1696 3754 et
1727 3700 1882 3772 pllicii
1917 3703 2188 3766 rationes;

627 3791 859 3858 quinque
881 3805 1007 3843 vero
1039 3800 1166 3843 sunt
1203 3791 1419 3845 ordines
1441 3791 1717 3854 distincti;
1750 3801 1860 3844 tres
1889 3792 2095 3846 scilicet
2117 3793 2188 3845 ita

627 3895 877 3935 numeres
903 3900 916 3934 :
951 3881 1152 3950 primus
1175 3892 1256 3936 est
1280 3882 1563 3951 praesulum
1594 3883 1746 3946 ordo,
1771 3885 2032 3937 secundus
2063 3899 2186 3951 pre-

626 3971 983 4040 sbyterorum,
1027 3972 1374 4024 diaconorum
1407 3973 1629 4036 tertius,
1671 3984 1892 4040 quartus
1923 3972 2188 4025 illumina-

630 4073 803 4114 torum
835 4062 887 4114 in
925 4060 1155 4125 Cbristo,
1189 4073 1485 4130 postremus
1525 4077 1734 4126 eorum,
1762 4065 1851 4132 qui
1883 4064 2184 4117 initiantur.

629 4154 914 4207 Sciendum
957 4169 1083 4222 ergo
1116 4164 1199 4207 est
1225 4155 1440 4209 ordines
1469 4156 1705 4224 quinque
1739 4156 1789 4208 in
1829 4155 2065 4209 Ecclesia
2095 4155 2184 4209 Dei

630 4246 860 4308 versari;
889 4259 1053 4313 quare
1080 4246 1315 4313 quinque
1358 4247 1601 4300 civitates
1637 4247 1734 4299 sub
1774 4262 1876 4299 una
1913 4248 2185 4311 dicuntur,

627 4333 902 4401 loquentes
953 4334 1126 4403 lingua
1161 4349 1278 4402 quae
1327 4328 1452 4386 olim
1484 4336 1621 4402 apud
1665 4333 1944 4405 Egyptios
1973 4334 2186 4389 Chana-

629 4440 738 4479 naaa
789 4427 1161 4494 reputabatur,
1189 4437 1245 4480 et
1281 4425 1525 4493 jurantes
1557 4441 1661 4479 non
1697 4442 1791 4494 per
1832 4441 1958 4491 eos,
1993 4427 2082 4496 qui
2112 4427 2185 4480 dii

630 4518 780 4585 patrii
829 4518 1304 4580 existimabantur,
1345 4517 1439 4571 sed
1472 4519 1523 4570 in
1573 4517 1786 4570 nomine
1825 4516 2035 4570 Domini
2083 4516 2184 4571 Sa-

630 4607 808 4669 baoth,
843 4606 932 4672 qui
963 4606 1088 4658 olim
1149 4605 1345 4659 Judzeis
1369 4605 1617 4675 cegnitus
1645 4604 1783 4659 Deus
1812 4615 1947 4658 erat.
1977 4605 2075 4659 llic
2105 4605 2190 4661 ille

630 4708 743 4751 erat
771 4699 860 4766 qui
893 4700 943 4750 in
975 4699 1114 4751 nube
1140 4697 1265 4761 levi,
1300 4684 1545 4752 hic-“erat
1574 4699 1663 4765 qui
1703 4697 1767 4749 ad
1805 4697 1948 4765 ipsos
1979 4697 2194 4753 advenit

630 4788 891 4840 Christus.

695 4969 858 5023 Vens.
903 4969 986 5022 l9.
1020 4987 1037 5018 ι
1074 4968 1130 5042 ιιι
1181 4971 1266 5023 die
1300 4968 1385 5022 illa
1417 4969 1520 5023 erit
1560 4969 1725 5023 altare
1765 4971 1989 5025 Domino
2022 4971 2073 5025 in
2104 4987 2188 5026 rc-

628 5065 780 5131 gione
815 5060 1208 5131 [Egyptim-um,
1237 5073 1291 5115 et
1339 5062 1582 5115 columna
1625 5064 1689 5114 ad
1734 5063 2017 5116 terminum
2070 5064 2186 5130 ejus

631 5152 870 5204 Domino.
903 5169 921 5201 ι
957 5152 1027 5203 De
1053 5151 1332 5204 divinitate
1359 5150 1450 5204 Dei
1478 5153 1528 5203 in
1553 5151 1782 5221 IEgypto
1806 5155 2182 5208 constituenda

627 5253 677 5294 et
712 5246 776 5296 de
801 5243 1026 5296 diversis
1056 5243 1107 5295 in
1143 5243 1360 5296 civitate
1382 5245 2023 5310 ordinibus,vatictnatus,
2052 5262 2182 5300 con-

633 5347 914 5400 sequenter
944 5336 1110 5387 altare
1135 5336 1185 5388 in
1208 5335 1427 5389 civitate
1457 5336 1547 5389 Dei
1596 5335 1827 5390 futurum
1858 5352 2183 5394 commemo-

697 5447 741 5476 "
765 5446 900 5497 Psal.
929 5463 1018 5510 cx,
1046 5447 1129 5500 lO.
1207 5448 1250 5478 9°
1275 5446 1417 5501 Psal.
1449 5449 1732 5513 Lxxxvi,5.

700 5582 810 5649 (23)
851 5581 946 5636 llic
996 5582 1385 5650 Hieronymus,
1427 5601 1454 5633 ι·
1503 5582 1667 5635 Porro
1706 5585 1792 5651 qui
1846 5585 1897 5638 in
1956 5587 2186 5641 adventu

630 5649 880 5715 Chrisﬁ,»
908 5654 1002 5712 ait,
1025 5670 1042 5700 ι
1067 5662 1115 5704 et
1146 5649 1384 5705 Rotnauo
1414 5654 1638 5720 imperio
1660 5649 1988 5719 prophetiam
2020 5659 2193 5709 disse-

636 5731 780 5792 runt,
812 5722 1336 5792 quinquercivitates
1375 5721 1457 5773 vel
1503 5723 1668 5788 legem
1720 5722 1963 5790 Domini,
1993 5742 2109 5792 qua:
2137 5727 2188 5781 in

633 5790 952 5844 Alexandria
1000 5791 1226 5853 primum
1281 5793 1627 5857 interpretata
1672 5803 1780 5858 est,
1820 5795 1901 5848 vel
1957 5790 2187 5858 quinque

2296 3351 2561 3412 λέλεκται,
2590 3353 2724 3424 ὅπερ
2770 3351 2942 3413 οὕτως
2973 3352 3037 3405 ἂν
3078 3350 3457 3421 ἐρμηνευθείη,
3510 3367 3526 3399 ι
3556 3349 3740 3418 Πόλις
3768 3347 3874 3418 τῆς

2293 3443 2397 3511 γῆς
2429 3442 2806 3513 κληθήσεταιὴ
2842 3444 2939 3510 μία
2973 3444 3144 3505 πόλις.
3183 3463 3208 3512 ι¹
3235 3441 3384 3510 Αὕτη
3417 3441 3523 3512 γὰρ
3554 3440 3686 3510 μόνη
3743 3439 3873 3493 καθ’

2294 3533 2420 3603 ὅλης
2447 3535 2548 3603 γῆς
2582 3534 2791 3604 ἵδρυται
2834 3534 2912 3602 τῷ
2941 3534 3059 3603 Θεῷ
3086 3535 3257 3597 πόλις,
3317 3535 3393 3596 ὡς
3443 3533 3680 3601 ἐρεῖσθαι
3734 3532 3874 3604 περί⁵

2295 3626 2484 3694 αὐτῆς,
2516 3644 2534 3674 ι
2569 3625 2936 3694 Δεδοξασμένα
2967 3625 3198 3696 ἐλαλήθη
3226 3625 3353 3696 περὶ
3382 3624 3495 3686 σοῦ,
3526 3626 3559 3694 ἡ
3589 3624 3742 3686 πόλις
3774 3623 3875 3677 τοῦ

2294 3714 2446 3765 Θεοῦ.
2493 3734 2510 3763 )
2544 3714 2707 3766 Πέντε
2731 3714 2786 3765 δὲ
2823 3715 3001 3775 πόλεις
3021 3716 3077 3764 ὲν
3116 3713 3406 3782 Ἐκκλησία
3427 3713 3536 3765 εἶεν
3568 3713 3632 3765 ἂν
3665 3714 3719 3765 αἱ
3749 3712 3876 3765 διά-

2295 3820 2448 3874 φόροι
2484 3804 2773 3856 πολιτεῖαι·
2821 3804 2931 3870 (‘25)
2963 3804 3119 3856 πέντε
3149 3804 3203 3856 δὲ
3233 3805 3487 3872 τάγματα
3541 3804 3874 3874 διῃρημένα,

2293 3897 2456 3965 ἡγουν
2487 3899 2634 3965 τρεῖς
2666 3895 3008 3966 άριθμήσεις,
3034 3896 3094 3947 τὸ
3151 3896 3364 3966 πρῶτον
3421 3895 3527 3947 τῶν
3588 3895 3876 3966 προέδρων

2292 3986 2499 4055 τάγμα,
2530 3989 2622 4038 καὶ
2643 3988 2701 4038 τὸ
2723 3988 2968 4056 δεύτερον
2993 3987 3100 4039 τῶν
3127 3986 3509 4056 πρεσϐυτέρων
3530 4027 3543 4049 ,
3577 3987 3636 4038 τό
3663 4002 3723 4037 τε
3758 3986 3877 4040 τῶν

2293 4076 2551 4130 διακόνων
2580 4080 2640 4130 τὸ
2667 4080 2864 4149 τρίτον,
2898 4080 2989 4130 καὶ
3020 4079 3125 4131 τῶν
3175 4081 3230 4131 έν
3260 4080 3479 4149 Χριστῳ
3510 4078 3876 4150 πεφωτισμέ-

2293 4184 2396 4219 νων
2445 4167 2735 4237 τέταρτον,
2772 4171 2864 4222 καὶ
2920 4172 3010 4221 ἐπὶ
3065 4170 3272 4232 τούτοις
3327 4170 3434 4223 τῶν
3485 4171 3542 4223 ἐν
3583 4172 3874 4242 εἰσαγωγῇ

2292 4261 2679 4328 τυγχανόντων.
2729 4261 2940 4323 Ἰστέον,
2961 4262 3035 4324 ώς
3069 4261 3229 4313 πέντε
3249 4261 3504 4331 τάγματα
3520 4260 3876 4315 πολιτεύεται

2292 4351 2348 4400 ὲν
2373 4353 2438 4420 τῇ
2481 4352 2770 4421 Ἐκκλησία
2798 4353 2888 4404 τοῦ
2915 4351 3048 4405 Θεοῦ
3072 4371 3084 4382 ·
3104 4353 3183 4405 διὸ
3204 4353 3361 4406 πέντε
3386 4353 3566 4416 πόλεις
3601 4352 3704 4405 ὑπὸ
3735 4354 3875 4423 μίαν

2294 4437 2556 4506 εἴρηνται,
2573 4440 2825 4494 λαλοῦσαι
2854 4445 2917 4513 τῇ
2943 4442 3179 4513 γλώσσῃ,
3206 4443 3370 4496 πάλαι
3392 4445 3518 4513 παρ’
3547 4444 3880 4510 Αἰγυπτίοις

2225 4575 2269 4629 D
2293 4529 2616 4602 νομιζομένῃ
2644 4535 3008 4596 Χαναανίτιδι,
3037 4536 3130 4588 καί¹
3164 4534 3450 4604 ὀμνύοντες
3475 4535 3534 4586 οὐ
3582 4535 3709 4598 τοὺς
3764 4554 3880 4589 πα-

2296 4620 2500 4690 τρῴους
2534 4623 2686 4687 θεοὺς
2726 4625 2816 4688 οὒς
2842 4627 3106 4695 ἐνόμιζον,
3143 4625 3257 4679 ἀλλ’
3289 4627 3321 4696 ἢ
3360 4625 3435 4696 τῷ
3477 4625 3701 4696 ὀνόματι
3752 4628 3880 4679 Κυ-

2299 4711 2411 4780 ρίου
2467 4713 2713 4777 Σαϐαὼθ,
2770 4717 2862 4768 τοῦ
2915 4718 3078 4770 πάλαι
3125 4717 3412 4780 .’ῐουδαίοις
3457 4717 3879 4788 γνωριζομένου

2296 4799 2447 4852 Θεοῦ.
2485 4800 2648 4866 Οὗτος
2676 4805 2731 4856 δὲ
2777 4802 2842 4873 ἦν
2871 4809 2898 4858 ὁ
2946 4807 3037 4858 ἐπὶ
3069 4807 3295 4876 νεφέλης
3321 4806 3559 4876 κούφης,
3593 4797 3755 4870 οὗτος
3816 4808 3879 4860 δε

2295 4884 2359 4960 ἦν
2386 4894 2413 4944 ὁ
2446 4894 2783 4964 ἐπιδημήσας
2820 4897 3047 4965 Χριστὸς
3074 4899 3274 4960 αὐτοῖς,

2367 5002 2384 5032 ι
2419 4986 2495 5056 Τῇ
2550 4987 2730 5059 ἡμέρα
2753 4988 2933 5058 ἐκείνῃ
2959 4989 3109 5042 ἔσται
3147 4988 3528 5060 θυσιαστήριον
3565 4989 3641 5060 τῷ
3669 4991 3882 5061 Κυρίῳ

2291 5075 2348 5126 ἐν
2369 5074 2520 5146 χώρᾳ.
2553 5079 2882 5144 Αἰγυπτίων,
2917 5081 3082 5149 στήλη
3113 5081 3248 5150 πρὸς
3280 5081 3338 5133 τὸ
3385 5082 3528 5151 ὃριον
3575 5082 3747 5149 αὐτῆς
3793 5083 3882 5154 τῷ

2290 5167 2495 5238 Κυρίῳ.
2537 5189 2554 5218 ι
2584 5171 2968 5240 Προφήτεύσας
2989 5173 3016 5222 ὁ
3037 5171 3191 5239 λόγος
3222 5173 3350 5242 περὶ
3382 5171 3588 5234 πόλεως
3620 5172 3758 5225 Θεοῦ
3817 5174 3882 5226 ὲν

2289 5257 2547 5329 Αἰγύπτῳ
2571 5263 2993 5332 συστηεομένης,
3042 5263 3135 5316 καὶ
3163 5262 3271 5315 τῶν
3301 5265 3357 5316 ἐν
3389 5265 3453 5333 τῇ
3499 5263 3650 5315 πόλει
3676 5263 3884 5334 διαφό-

2295 5365 2398 5418 ρων
2432 5353 2747 5421 ταγμάτων,
2771 5355 3073 5418 ἀκολούθως
3100 5355 3484 5426 θυσιαστηρίου
3510 5357 3569 5409 ὲν
3604 5358 3672 5426 τῇ
3708 5357 3884 5412 πόλει

2296 5594 2551 5667 Ecclesia:
2585 5595 2821 5656 ordines.
2849 5597 3132 5664 episcopos
3154 5636 3170 5664 ,
3199 5595 3878 5667 presbyterosﬁiamnos,

2296 5663 2480 5718 ﬁdeles
2540 5675 2594 5716 et
2627 5663 3063 5743 catechumenos,
3103 5685 3122 5718 ι
3157 5663 3247 5721 ubi
3295 5663 3480 5735 aperte
3526 5667 3739 5722 Eusebii
3793 5669 3885 5724 iti-

2297 5743 2582 5803 terpretein
2608 5743 2734 5803 agit.
