4042 6460
1163 383 1672 445 (ΞΟΗΜΕΝΤΑΒΙΑ
1709 383 1780 442 IN
1815 382 2076 443 ISAIAU.
2114 416 2186 426 —
2218 381 2374 442 CAP.
2412 383 2559 443 XIX.

3378 382 3491 445 ω

209 505 299 562 τοῦ
328 505 473 562 θεοῦ
505 505 874 578 γενησομένου
904 504 1257 578 μνημονεύει,
1277 504 1371 558 καὶ
1399 502 1558 558 τοῦτο
1577 501 1796 557 ἔσεσθαι

1909 511 2003 568 rat,
2034 501 2178 571 quod
2216 501 2378 558 modo
2415 516 2677 572 perquam
2715 469 2958 557 mirabili
3005 499 3125 557 fore
3167 496 3319 558 dicit.
3351 499 3490 558 Nam

210 598 545 672 παραδόξως.
567 598 689 652 Τῶν
711 598 822 669 γὰρ
847 596 1015 650 πάλαι
1044 598 1174 669 παρ’
1216 595 1537 666 Αἰγυπτίοις
1581 578 1797 665 νομιζο-

213 690 384 761 μένων
417 688 559 743 θεῶν
596 687 976 752 ἀπολωλότων,
1024 687 1122 741 καὶ
1152 684 1251 741 τοῦ
1309 682 1560 757 ποταμοῦ
1615 682 1798 738 αὐτῶν

209 780 581 846 ἐκλελοιπότος
598 820 615 847 ,
646 781 740 834 καὶ
766 780 877 834 τῶν
920 779 1196 852 ἀρχόντων
1232 776 1454 842 Τάνεως
1496 780 1592 832 καὶ
1644 776 1800 847 Μέμ-

211 889 348 943 φεως
385 872 932 945 ἀπομωρανθέντων,
978 873 1041 926 τὸ
1068 872 1199 944 παρ’
1236 869 1512 935 Ἰουδαίοις
1534 868 1798 941 ὀνομαζό-

212 978 367 1034 μενον
411 962 607 1033 Κυρίῳ
653 962 1042 1035 θυσιαστήριύν
1069 976 1205 1033 φησι
1227 959 1629 1032 συστήσεσθαι·
1658 959 1688 1013 δ
1732 959 1799 1030 δή

209 1054 300 1108 καὶ
325 1055 361 1125 ή
394 1053 508 1108 τῶν
542 1055 888 1127 πραγμάτων
932 1054 1159 1120 ἐκδασις
1194 1053 1499 1125 ὀφθαλμοξ
1532 1055 1664 1126 ήμϊν
1702 1054 1802 1107 αύ-

209 1146 319 1208 τοίς
366 1142 688 1198 δείκνυσιν·
745 1143 823 1210 ὡς
881 1145 1082 1217 μηκέτι
1140 1146 1222 1209 είς
1280 1144 1542 1217 μέλλοντα
1608 1144 1801 1217 καιρὸν

211 1236 516 1310 προσδοκᾷν
538 1236 635 1292 τοῦ
677 1237 838 1309 λόγου
861 1239 923 1293 τὸ
953 1237 1323 1309 ἀποτέλεσμα.
1343 1236 1456 1309 (36)
1498 1238 1585 1301 Ὠς
1618 1237 1677 1291 δὲ
1702 1237 1804 1309 μία

211 1330 389 1395 πίστις
427 1330 523 1385 καὶ
556 1330 616 1383 ἐν
643 1330 925 1403 βάπτισμα
954 1331 1050 1385 καὶ
1084 1330 1188 1402 μία
1230 1329 1531 1402 Ἐκκλησία
1555 1328 1799 1402 εἴρηται,

209 1419 349 1477 οὕτω
380 1421 478 1476 καὶ
505 1421 897 1497 θυσιαστήριον
938 1422 998 1478 ἐν
1038 1422 1161 1478 καθ’
1190 1422 1319 1494 ὅλης
1370 1424 1471 1494 τῆς
1521 1421 1801 1490 Αἰγύπτου

211 1514 581 1588 ἐγηγερμένον
607 1518 666 1570 ἐν
700 1519 820 1581 ταῖς
844 1516 1161 1586 ἐκκλησίαις
1174 1515 1271 1571 τοῦ
1282 1514 1419 1570 Θεοῦ
1442 1514 1803 1587 θυσιαστήρια

207 1606 487 1676 τυγχάνει,
544 1606 639 1660 καὶ
669 1604 770 1677 μία
813 1604 878 1675 δὴ
915 1604 1026 1677 (27)
1057 1606 1229 1676 στήλη
1257 1608 1445 1677 γραφὴ
1474 1605 1572 1659 σὺν
1603 1604 1683 1675 τῷ
1712 1604 1805 1659 θυ-

209 1697 515 1770 σιαστηρίῳ
540 1699 600 1752 ἐν
638 1696 943 1768 δηλωθείσῃ
987 1696 1143 1750 πόλει
1177 1696 1431 1767 συνέστη,
1496 1695 1805 1767 διορίζουσα

208 1792 333 1855 τοὺς
364 1791 596 1855 πιστοὺς
621 1788 731 1844 τῶν
762 1788 1097 1859 Αἰγυπτίων,
1129 1788 1226 1843 καὶ
1256 1788 1591 1861 ἀφορίζουσα
1605 1789 1804 1854 αὐτοὺς

208 1851 608 1939 τῶνάπίστων.
655 1881 721 1936 Ἠ
871 1876 966 1935 οὖν
998 1851 1258 1952 ἀνωτέρω
1286 1851 1667 1952 εἰς-φόϐητρον
1686 1851 1799 1944 τοῖς
1832 1851 1877 1908 Β

208 1972 528 2041 Αἰγυπτίοις
571 1971 792 2026 Ξσεσθαι
837 1971 1105 2043 λεγομένη
1148 1970 1304 2043 χώρα
1353 1970 1463 2025 τῶν
1508 1969 1795 2036 Ἰουδαίων,

209 2064 307 2137 τήν
340 2063 640 2137 Ἰουδαῑκήν
663 2063 958 2118 αἰνίττεται
981 2063 1224 2135 Γραφὴν,
1251 2062 1347 2117 καὶ
1385 2062 1479 2116 τὸν
1529 2061 1631 2133 τῆς
1681 2062 1799 2117 Πα-

210 2154 366 2220 λαιᾶς
395 2154 675 2226 Διαθήκης
697 2152 855 2224 λόγον
876 2169 893 2185 ο
913 2154 947 2224 ή
970 2153 1031 2208 δέ
1054 2152 1135 2225 τῷ
1163 2152 1402 2226 Χριστοῦ
1420 2152 1819 2224 θυσιαστηρίῳ

1900 608 2022 648 enm
2052 592 2125 647 illi
2152 591 2287 649 olim
2313 593 2455 663 apud
2493 591 2784 665 Egyptios
2825 594 3059 663 reputatl
3088 592 3163 649 dii
3203 593 3487 665 perierint,

1898 686 2099 741 ﬁumen
2126 684 2367 756 ipsorum
2396 684 2681 751 defecerit,
2705 685 2980 756 principes
3006 680 3221 741 Taneos
3244 694 3301 741 et
3324 683 3491 740 Mem-

1902 777 2069 848 pheos
2090 777 2338 834 inl’atuatl
2362 776 2587 843 fuerint,
2612 788 2742 834 tunc
2759 778 2933 835 altare
2960 778 3103 849 apud
3131 774 3347 835 Iudaeos
3383 777 3492 835 Do-

1903 870 2051 924 mino
2098 877 2504 939 nuncupatum,
2543 869 2987 926 constituendum
3044 869 3163 931 fore
3206 868 3493 940 ait,quod

1901 971 2033 1012 sane
2065 958 2142 1013 rei
2176 966 2409 1015 eventus
2434 957 2591 1013 nobis
2619 958 2691 1013 ob
2718 955 2909 1013 oculos
2936 957 3127 1028 ponit;
3152 958 3227 1013 ita
3262 967 3324 1013 ut
3355 957 3490 1012 dicti

1901 1049 2357 1119 complementum
2406 1048 2475 1104 ad
2519 1047 2761 1104 futurum
2803 1057 3016 1118 tempus
3052 1064 3164 1105 non
3202 1058 3491 1119 exspecte-

1906 1156 2048 1195 mus.
2085 1139 2551 1208 Quemadmodum
2585 1150 2768 1197 antem
2784 1155 2891 1197 una
2922 1138 3080 1207 ﬁdes,
3113 1155 3279 1196 unum
3312 1139 3494 1211 bapti-

1905 1247 2041 1298 sma,
2077 1242 2134 1287 et
2168 1246 2275 1286 una
2304 1230 2544 1295 Ecclesia
2579 1231 2813 1299 dicitur,
2843 1231 2924 1289 sic
2944 1240 3001 1288 et
3022 1231 3217 1288 altaria
3256 1231 3493 1303 plurima

1904 1323 1958 1377 in
1996 1331 2109 1378 tota
2135 1318 2372 1392 Egypto
2393 1320 2707 1386 constituta,
2736 1335 2836 1392 pro
2870 1336 2978 1377 uno
3007 1319 3165 1376 altari
3206 1320 3262 1375 in
3301 1319 3493 1375 Eccle-

1904 1415 2003 1471 siis
2048 1412 2141 1469 Dei
2194 1412 2495 1469 constituto
2529 1408 2779 1467 habenda
2816 1418 2977 1477 sunt.
3007 1420 3063 1467 et
3091 1425 3199 1468 una
3240 1403 3492 1467 columna

1903 1507 2020 1562 sive
2060 1505 2251 1576 cippus
2289 1516 2414 1559 cum
2459 1502 2620 1559 altari
2664 1503 2718 1557 in
2756 1502 2846 1558 illa
2884 1502 3109 1560 civitate
3154 1502 3333 1575 posita
3372 1507 3493 1567 est.

1905 1596 2094 1653 ﬁdeles
2138 1592 2422 1668 Egyptios
2462 1595 2530 1650 ab
2566 1591 2872 1651 inﬁdelibus
2917 1608 3216 1667 segregans
3246 1608 3315 1650 ac
3352 1592 3496 1649 divi-

1906 1694 2061 1750 dens.
2090 1691 2264 1765 Regio
2288 1692 2457 1764 igitur
2485 1692 2573 1747 illa
2606 1689 2944 1761 Judazorum,
2970 1708 3091 1765 quae
3129 1694 3184 1749 in
3223 1703 3495 1750 terrorem

1906 1786 2181 1858 Egyptiis
2203 1785 2383 1841 futura
2414 1784 2636 1850 dicitur.
2672 1781 2952 1841 Judaicam
2997 1783 3312 1845 subindicat
3344 1785 3498 1843 Scri-

1905 1885 2117 1949 pturam
2139 1916 2155 1943 ,
2192 1893 2255 1932 ac
2306 1876 2522 1934 Veteris
2560 1875 2897 1934 Testamenti
2946 1878 3209 1943 verbum;
3241 1877 3496 1933 columna

1904 1984 2036 2026 vero
2067 1984 2189 2025 cum
2209 1967 2414 2028 Christi
2453 1968 2611 2024 altari
2642 1967 2953 2039 conjuncta,
2981 1966 3117 2023 Novi
3162 1967 3500 2025 Testamenti

1904 2060 2256 2134 Evangelium
2304 2060 2728 2127 fuerit.Christi
2778 2059 2965 2117 ﬁdeles
2997 2076 3066 2117 ex
3116 2058 3389 2133 1Egyptiis
3425 2061 3498 2115 ab

1901 2151 2209 2207 inﬁdelibus
2231 2150 2637 2207 disterminans.

212 2247 614 2321 συνεζευγμένη
644 2246 816 2320 στήλη
842 2246 905 2301 τὸ
935 2247 1036 2315 τῆς
1064 2248 1277 2320 Καινῆς
1303 2246 1580 2320 Διαθήκης
1611 2246 1697 2319 εῐη
1732 2248 1798 2302 ἀν
1839 2246 2191 2316 Εὐαγγέλιον,
2218 2242 2455 2319 διορίζον
2510 2244 2639 2309 τοὺς
2702 2244 2783 2309 είς
2836 2244 2930 2299 τὸν
2979 2242 3213 2318 Χριστὸν
3278 2241 3502 2298 πιστεύε-

212 2361 404 2409 σαντας
419 2342 531 2397 τῶν
550 2338 863 2411 Αίγυπτίων
889 2340 999 2395 ἀπὸ
1020 2339 1131 2394 τῶν
1155 2340 1427 2396 ἀπίστων.

281 2452 301 2487 ι
339 2432 455 2488 Καὶ
504 2432 659 2486 ἐσται
706 2433 787 2496 εἰς
826 2434 1065 2504 σημεῖον
1097 2432 1179 2496 εἰς
1204 2432 1296 2487 τὸν
1329 2430 1503 2488 αἰῶνα
1524 2430 1715 2504 Κυρίῳ
1740 2432 1801 2486 ἐν

208 2524 361 2598 χώρᾳ
394 2524 699 2595 Αἰγύπτου,
726 2524 809 2578 ὅτι
837 2524 1195 2596 κεκράεονται
1264 2524 1400 2600 πρὸς
1452 2521 1660 2596 Κύριον
1710 2521 1801 2578 διά

205 2616 329 2683 τοὺς
350 2617 636 2681 suam“
663 2616 883 2680 αὐτούς.
908 2617 1019 2671 Καὶ
1042 2617 1332 2671 ἀποστελεῖ
1356 2617 1544 2681 αὐτοῖς
1584 2614 1800 2688 ἂνθρω-

208 2724 308 2763 πον
363 2707 426 2773 ὃς
485 2706 649 2762 σώσει
705 2706 935 2771 αὐτούς·
983 2707 1186 2779 κρίνων
1220 2706 1386 2762 σώσει
1404 2708 1627 2772 αὐτούς.
1686 2708 1801 2762 Καὶ

207 2802 450 2871 γνωστὸς
472 2799 626 2855 ἐσται
653 2799 854 2872 Κύριος
879 2802 991 2864 τοῖς
1016 2801 1353 2871 Αίγυπτίοις,
1376 2800 1471 2856 καὶ
1497 2798 1798 2869 γνώσονται

206 2895 256 2947 σί
290 2893 584 2963 Αἰγύπτιοι
631 2891 725 2947 τὸν
787 2892 993 2964 Κύριον
1051 2893 1109 2947 ἐν
1154 2894 1221 2964 τῇ
1267 2892 1451 2964 ήμιρᾳ
1475 2890 1798 2964 lachmann.

204 2988 496 3058 ποιήσουσι
527 2984 718 3038 θυσίαν
740 2985 833 3038 καὶ
865 2983 1060 3055 δῶρον,
1085 2984 1180 3037 καὶ
1210 2982 1457 3049 εὔξονται
1496 2982 1665 3054 εύχάς
1717 2981 1797 3053 τῷ

206 3078 420 3149 Κυρίῳ,
452 3076 549 3129 καὶ
598 3073 961 3129 ἀποδώσουσι.
1000 3092 1021 3126 ι
1069 3072 1161 3127 Διὸ
1210 3072 1289 3144 τῷ
1351 3071 1564 3144 σημείῳ
1621 3070 1797 3142 τούτῳ

1977 2432 2145 2489 Vens.
2174 2432 2266 2501 20,
2288 2432 2381 2487 21.
2416 2448 2436 2483 ι
2478 2429 2545 2485 Et
2568 2427 2674 2485 erit
2703 2428 2757 2483 in
2780 2429 2994 2500 signum
3025 2428 3080 2484 in
3110 2427 3369 2484 mulum
3393 2426 3500 2482 Do.

1906 2528 2053 2582 mino
2078 2527 2133 2582 in
2162 2526 2382 2597 regione
2402 2521 2645 2594 Egypti,
2668 2511 2926 2590 quoniam
2951 2518 3269 2577 clamabunt
3292 2518 3360 2574 ad
3392 2517 3503 2573 Du-

1903 2622 2108 2677 minum
2145 2629 2367 2690 propter
2398 2616 2769 2686 opprimentes
2813 2626 2929 2668 eos.
2964 2612 3035 2667 Et
3078 2611 3257 2667 mittet
3288 2612 3370 2668 eis
3402 2611 3505 2669 ho-

1903 2713 2128 2775 minem,
2171 2710 2263 2780 qui
2295 2706 2527 2764 salvabit
2545 2720 2676 2772 eos;
2711 2704 2967 2776 judicans
3010 2703 3243 2761 salvabit
3274 2719 3392 2760 eos.
3432 2704 3503 2760 Et

1903 2814 2064 2860 notus
2099 2803 2206 2858 erit
2244 2800 2510 2856 Dominus
2536 2796 2828 2869 Egyptiis,
2858 2806 2914 2853 et
2964 2806 3296 2867 cognoscent
3326 2795 3504 2869 Egy-

1904 2895 2002 2967 ptii
2046 2892 2331 2949 Dominum
2374 2891 2431 2946 in
2485 2891 2573 2946 die
2602 2890 2712 2957 illa,
2760 2898 2817 2943 et
2850 2885 3052 2943 facient
3085 2887 3419 2943 sacriﬁcium
3448 2896 3507 2944 et

1903 2989 2128 3054 donum,
2179 2997 2235 3041 et
2279 2983 2552 3039 vovebunt
2606 2992 2732 3037 vota
2782 2981 3033 3045 Domino,
3080 2989 3153 3036 et~
3185 2981 3433 3038 reddent.
3475 2999 3499 3033 ι

1904 3078 2289 3147 Quamobrem,
2323 3090 2447 3131 cum
2489 3074 2594 3131 hoc
2621 3074 2779 3144 signo
2808 3088 2929 3130 sese
2957 3072 3170 3128 munire
3209 3071 3506 3129 didicerint

207 3165 763 3238 κατασφραγίζεσθαι
799 3166 1180 3238 μεμαθηκότες
1210 3168 1259 3219 οἰ
1281 3165 1372 3219 τὸν
1396 3165 1601 3237 Κύριον
1623 3181 1801 3236 παρα-

1909 3170 2170 3243 Ᾱεῖκγῃιίἰ,
2197 3170 2290 3239 qui
2317 3168 2602 3223 Dominum
2641 3175 3015 3236 susceperunt,
3045 3166 3148 3221 hoc
3203 3172 3508 3222 tutamenta

202 3257 520 3327 δεδεγμένοι
549 3255 836 3323 Αἰγύπτιοι
871 3256 1229 3327 φυλακτηρίῳ
1257 3254 1434 3326 τούτῳ
1466 3255 1764 3327 κέχρηνται
1784 3273 1796 3284 ·

204 3346 346 3402 ὥστε
376 3348 475 3401 καὶ
506 3349 565 3400 ἐν
594 3350 718 3410 ταῖς
751 3347 991 3418 θλίψεσιν
1017 3348 1167 3419 αὐτῷ
1202 3348 1414 3419 σημείῳ
1447 3346 1629 3419 βοηθῷ
1657 3347 1792 3419 χρώ-

206 3455 359 3493 avo:
403 3437 644 3509 ἀναὸοᾷν
682 3438 775 3491 καὶ
795 3437 1173 3492 ἐπικαλεῖσθαι
1210 3439 1303 3492 τὸν
1335 3437 1539 3510 Κύριον
1560 3436 1648 3491 διὰ
1674 3438 1803 3503 τοὺς

202 3530 585 3594 διαθλίϐοντας
618 3530 834 3594 αὐτούς.
874 3530 1106 3594 Τίνεςδὲ
1135 3525 1275 3601 ἦσαν
1297 3524 1460 3595 οὗτοι,
1496 3529 1607 3584 ἀλλ’
1664 3528 1698 3600 ἢ
1752 3530 1802 3582 οἱ

203 3620 607 3689 ἀπομείνανιτςς
634 3623 699 3691 τῇ
728 3619 974 3691 ἀπωλείᾳ
1008 3620 1297 3689 Αἰγύπτιοι
1321 3660 1336 3685 ,
1384 3620 1514 3692 περὶ
1562 3613 1637 3674 ὧν
1680 3623 1800 3673 κατ’

203 3714 384 3785 ἀρχὰς
427 3712 646 3781 ἐλέγετο
693 3712 792 3784 τῆς
849 3714 1208 3784 προφητείας,
1272 3732 1292 3765 ι
1328 3714 1439 3767 Kal.
1496 3714 1803 3785 ἐπαναστή-

206 3822 396 3859 σονται
430 3804 718 3874 Αἰγύπτιοι
761 3805 899 3876 πρὸς
959 3804 1310 3875 Αίγυπτίους,
1365 3805 1460 3859 καὶ
1504 3807 1801 3878 πολεμήσει

205 3897 503 3965 manus;
532 3896 624 3950 τὸν
652 3896 881 3967 ἀδελφὸν
912 3896 1101 3963 αὐτοῦ,
1136 3897 1287 3961 πόλις
1323 3898 1417 3951 ἐπὶ
1476 3898 1653 3964 πόλιν,
1708 3901 1802 3953 καί

207 3992 377 4063 νομὸς
404 3991 499 4044 ἐπὶ
530 3990 712 4062 νομόν.
758 4008 778 4041 ι

284 4102 306 4136 t
343 4084 459 4137 Καὶ
490 4082 719 4148 πατάξει
744 4082 949 4155 Κύριος
976 4083 1102 4149 τοὺς
1128 4082 1460 4152 Αἰγυπτίους
1495 4081 1678 4154 πληγῇ
1707 4083 1803 4137 καὶ

208 4174 427 4230 ἰάσεται
480 4174 710 4240 αὐτούς’
745 4176 841 4229 καὶ
855 4175 1357 4248 ἐπιστραφήσονται
1390 4176 1529 4246 πρὸς
1572 4173 1799 4246 Κύριον,

206 4267 309 4327 καὶ
332 4265 717 4320 είσακούσεται
750 4265 955 4330 αὐτῶν,
991 4267 1084 4320 καὶ
1112 4266 1324 4320 ίάσεται
1353 4265 1550 4329 αὐτοὺς
1585 4265 1745 4320 ἰάσει.
1776 4283 1796 4317 ι

220 4359 380 4413 ἐπεὶ
410 4356 521 4431 γάρ
546 4376 567 4410 t
589 4357 650 4413 ὃν
683 4359 877 4429 ἀγαπᾷ
907 4358 1110 4429 Κύριος
1131 4397 1146 4421 ,
1178 4358 1270 4412 καὶ
1302 4356 1573 4411 παιδεύειο
1610 4374 1803 4428 μαστι-

206 4454 300 4520 γοί
322 4451 383 4504 δὲ
434 4450 613 4504 πάντα
646 4451 782 4517 υίὺν,
816 4452 877 4505 δν
922 4450 1286 4522 παραδέχεται
1309 4467 1323 4480 ’
1351 4469 1371 4502 ι
1419 4449 1645 4513 είκότως
1707 4450 1802 4504 καὶ

1907 3273 2164 3329 utentur;
2196 3262 2273 3315 ita
2309 3269 2368 3313 ut
2407 3258 2460 3315 in
2517 3258 2780 3315 aerumnis
2823 3258 3015 3314 eodem
3043 3258 3201 3328 signo
3223 3272 3323 3327 pro
3348 3256 3508 3325 adju-

1907 3364 2024 3410 tore
2073 3352 2178 3419 usi,
2208 3350 2445 3406 clament
2475 3359 2533 3405 et
2584 3350 2844 3407 invocent
2896 3348 3189 3405 Dominum
3244 3348 3510 3404 adversus
3582 3363 3601 3383 θ

1904 3461 1997 3501 eos
2066 3447 2158 3517 qui
2197 3461 2257 3502 se
2312 3443 2640 3514 oppriment.
2690 3441 2925 3509 Quinam
2978 3450 3158 3497 autem
3206 3439 3284 3495 illi
3322 3449 3505 3503 erant.

1905 3538 2009 3593 nisi
2034 3538 2070 3593 ii
2101 3538 2193 3608 qui
2223 3538 2276 3592 in
2307 3536 2550 3608 pernicie
2574 3542 2898 3591 manserunt
2926 3532 3192 3605 Egyptii.
3212 3532 3280 3588 de
3309 3530 3509 3601 quibus

1905 3630 1959 3684 in
1990 3629 2286 3699 prophetia
2311 3628 2465 3684 initio
2491 3627 2793 3693 dicebatur,
2815 3642 2835 3677 ι
2859 3624 2931 3681 Et
2974 3622 3509 3696 insurgentASgyptii

1904 3728 2093 3776 contra
2122 3718 2509 3792 Egyptios,et
2538 3718 2760 3774 bellabit
2797 3716 2965 3773 homo
2989 3714 3254 3771 adversus
3284 3715 3508 3770 fratrem

1904 3826 2083 3879 suum,
2140 3812 2331 3866 civitas
2361 3810 2624 3865 adversus
2653 3808 2929 3865 civitatem
2950 3849 2965 3874 ,
2989 3815 3047 3862 et
3089 3820 3285 3863 nomus
3313 3808 3510 3863 adver-

1904 3918 1997 3959 sus
2022 3917 2263 3958 nomum.
2309 3923 2328 3955 ι

1978 4086 2139 4143 νεαρ».
2164 4086 2257 4140 22.
2277 4104 2294 4138 ι
2314 4086 2381 4140 Et
2412 4083 2681 4154 percutiet
2700 4082 2960 4138 Dominus
2987 4076 3280 4155 Egyptios
3302 4082 3459 4154 plaga
3484 4121 3503 4147 ,

1905 4189 1960 4234 et
1990 4178 2205 4233 sanabit
2245 4191 2361 4233 eos.
2412 4177 2480 4230 Et
2536 4172 2922 4231 convertatur
2968 4174 3037 4228 ad
3090 4172 3404 4239 Dominum,
3448 4185 3505 4229 et

1903 4270 2156 4326 exaudiet
2179 4282 2296 4333 eos,
2330 4276 2384 4323 et
2419 4268 2640 4323 sanabit
2677 4280 2772 4322 eos
2808 4266 3116 4321 sanatione.
3146 4284 3166 4318 ι
3199 4265 3332 4333 Quia
3356 4264 3505 4321 enim

1910 4379 1930 4413 ι
1973 4376 2131 4432 quem
2163 4360 2334 4432 diligit
2363 4359 2526 4425 Deus,
2563 4360 2838 4429 castigat;
2878 4356 3118 4429 ﬂagellat
3160 4368 3344 4414 autem
3385 4372 3506 4413 om-

1904 4469 2031 4510 nem
2064 4454 2255 4517 ﬁlium,
2280 4466 2443 4521 quem
2482 4450 2796 4520 suscipit‘;
2838 4470 2857 4503 ι
2896 4451 3020 4519 jure
3048 4448 3339 4521 Egyptios
3375 4462 3505 4520 per-

204 4542 340 4605 τοῦς
371 4542 702 4610 Αἰγυπτίους
739 4545 1008 4597 πατάσσει
1031 4540 1282 4611 ἀγαπῶν,
1307 4540 1526 4595 ἐπειδὰν
1557 4542 1615 4595 ἐν
1647 4542 1802 4612 χρείᾳ

1909 4548 2101 4612 cutiet,
2147 4545 2252 4601 etsi
2282 4544 2491 4615 diligat,
2516 4544 2561 4598 si
2592 4543 2812 4613 quando
2870 4543 3232 4612 castigatione
3271 4551 3329 4597 et
3368 4557 3506 4598 con-

208 4630 474 4699 γίνωνται
495 4631 741 4697 παιδείας
776 4634 869 4687 καὶ
900 4631 1255 4705 ἐπιστροφῆς,
1289 4630 1405 4685 ἀλλ’
1449 4632 1549 4685 οὐκ
1581 4633 1661 4695 εἰς
1694 4649 1801 4703 μα-

210 4723 392 4797 κρά-ν’
452 4722 619 4795 μηδὲν
668 4724 725 4777 δὲ
774 4723 1143 4798 ὑπερθέμενος
1196 4724 1341 4776 ἰᾶται
1397 4726 1463 4794 τῇ
1510 4722 1675 4777 αὑτοῦ
1722 4724 1803 4777 ίά-

214 4830 323 4868 σει.

293 4924 313 4957 ι
345 4906 425 4977 Τῇ
487 4905 672 4977 ήμέρᾳ
721 4906 907 4981 ἐκείνῃ
962 4904 1116 4959 ἔσται
1161 4904 1281 4969 ὁδὸς
1326 4904 1604 4974 Αἰγύπτου
1666 4906 1803 4979 πρὸς

225 4996 568 5068 Ἀσσυρίους,
600 4996 697 5050 καὶ
736 4996 1137 5052 εἰσελεύσονται
1181 4996 1457 5069 Ἀσσύριοι
1510 4998 1648 5071 πρὸς
1704 4999 1802 5051 Ατ-

210 5103 446 5158 γυπτον,
473 5090 570 5144 καὶ
596 5088 885 5158 Αἰγύπτιοι
910 5090 1267 5161 πορεύσονται
1290 5089 1427 5161 πρὸς
1464 5090 1803 5161 ’Δσσυρίους,

208 5182 309 5235 καὶ
331 5170 707 5237 δουλεύσουσιν
734 5180 1023 5250 Αἰγύπτιοι
1064 5183 1177 5246 τοῖς
1215 5179 1572 5255 Ἀσσυρίοις.»
1612 5182 1805 5234 Ἀσσυ-

210 5272 371 5343 ρίους
394 5271 453 5325 δέ
482 5272 721 5327 ἐνταῦθα
744 5268 897 5345 οἶμαι
924 5272 1111 5327 καλεῖν
1154 5272 1254 5345 τήν
1287 5271 1511 5347 Γραφὴν
1530 5274 1660 5337 τοὺς
1692 5272 1792 5327 νῦν

207 5360 591 5432 κωλυομένους
615 5361 821 5433 Σύρους
838 5378 854 5394 ·
888 5361 1032 5419 κατά
1049 5362 1113 5417 τὸ
1128 5363 1294 5418 πάλαι
1322 5363 1381 5418 δὲ
1401 5364 1452 5417 οί
1481 5362 1580 5433 τὴν
1603 5360 1804 5432 Συρίαν

288 5476 307 5508 ¹
341 5472 512 5530 llebr.
546 5491 644 5543 xu,
668 5480 723 5534 ϐ.

287 5586 407 5661 (98)
438 5605 473 5661 κε
524 5588 602 5643 lta
630 5599 811 5645 autem
848 5607 1012 5646 unum
1054 5592 1226 5648 altare
1264 5591 1485 5653 dicitur,
1530 5590 1804 5661 quomodo

211 5660 341 5732 una
381 5660 537 5732 ﬁdes,
563 5669 619 5714 et
666 5675 834 5714 unum
880 5664 1169 5732 baptisma,
1199 5672 1253 5716 et
1297 5676 1405 5716 una
1445 5661 1703 5732 Ecclesia.
1739 5660 1809 5714 Et

214 5729 1093 5803 tituluyjuzta__tcrminum'ejus
1127 5732 1375 5796 Domino,
1414 5731 1557 5803 haud
1585 5731 1807 5803 dubium

213 5800 353 5872 quin
387 5798 739 5870 Evangelium
755 5811 812 5857 et
835 5798 1207 5870 apostitlnrutn
1237 5803 1441 5874 scripta
1481 5798 1801 5873 signiﬁcet.»

430 5918 709 5991 Ρηαοι.
754 5918 870 5980 Gn.
918 5898 1151 5980 XXIV.

1905 4638 2157 4692 versione
2210 4651 2348 4707 opus
2394 4636 2675 4699 habeant;
2711 4637 2807 4690 sed
2856 4636 2909 4689 id
2948 4650 3055 4691 non
3094 4636 3162 4691 ad
3190 4634 3509 4690 diuturnum

1908 4738 2121 4799 tempus
2156 4727 2354 4795 faciet;
2385 4743 2449 4782 ac
2476 4726 2610 4781 nihil
2643 4726 3131 4797 cumperendinans
3167 4727 3509 4783 curationem

1910 4829 1964 4875 et
1994 4820 2259 4873 medelam
2292 4819 2593 4874 adhibebit.

1981 4909 2146 4965 Vens.
2169 4911 2261 4965 23.
2289 4930 2307 4962 ι
2340 4912 2397 4965 in
2426 4912 2513 4966 die
2546 4911 2636 4974 illa
2664 4911 2773 4966 erit
2793 4911 2880 4966 via
2903 4910 3125 4983 Egypti
3145 4913 3214 4967 ad
3231 4910 3508 4983 Assyrios,

1911 5010 1967 5057 ct
2022 5003 2395 5072 ingredientur
2438 5004 2645 5075 Assyrii
2683 5005 2737 5058 in
2783 5002 3079 5076 Egyptum
3105 5044 3122 5069 ,
3159 5012 3217 5059 et
3261 5002 3509 5075 Egyptil

1910 5091 2070 5148 ibunt
2110 5094 2177 5149 ad
2216 5094 2471 5166 Assyrios
2515 5106 2571 5151 et
2604 5097 2848 5153 servient
2888 5096 3130 5168 Egyptii
3179 5097 3445 5167 Assyriis.
3482 5114 3504 5149 ι

1910 5186 2168 5256 Assyrios
2206 5187 2294 5241 hic
2337 5199 2468 5258 puto
2496 5204 2525 5242 a
2564 5188 2848 5260 Scriptura
2876 5192 3058 5245 vocari
3089 5205 3208 5255 eos,
3240 5190 3335 5260 qui
3364 5203 3512 5244 nunc

1912 5273 2037 5347 Syri
2066 5279 2437 5348 appellantur;
2471 5280 2600 5335 olim
2629 5282 2829 5352 quippe
2856 5281 3065 5352 Assyrii
3094 5279 3512 5347 vocabanturii,

1910 5372 2003 5425 rui
2050 5370 2265 5442 Syriam
2304 5384 2361 5428 et
2398 5372 2847 5430 Mesonotamiam
2904 5374 3239 5432 incolebant.
3296 5374 3511 5431 inimici

1913 5591 2041 5677 Haec
2086 5593 2482 5677 ilieronymus,
2528 5599 2623 5677 qui
2674 5600 2839 5656 etiam
2878 5601 3106 5659 inferius
3139 5604 3208 5659 de
3250 5602 3408 5677 Syris
3454 5614 3509 5663 et

1915 5664 1983 5719 ΛΕ
2025 5667 2187 5737 yptiis
2215 5664 2320 5721 non
2354 5683 2529 5737 pauca
2547 5664 2679 5726 hinc
2711 5682 3008 5728 mutuatur.

1990 5682 2104 5807 {17)
2138 5739 2560 5807 Στηλοῃοαφία
2590 5742 2729 5798 alius
2749 5745 2969 5807 γραφεῖ.

2012 5736 2104 5807 27)
2138 5736 2560 5808 Στηλοῄοαφία
2590 5742 2729 5798 alius
2749 5745 2969 5813 γραφεῖ.
