4042 6466
576 427 679 482 255

1309 378 1569 476 EUSEBII
1611 415 2073 474 CAESABIENSIS
2108 413 2255 470 ore.
2296 410 2474 467 rans
2510 410 2599 466 nt.
2627 441 2699 452 -ι
2728 408 3139 466 EXEGETICA.

3716 404 3819 463 256

577 557 752 602 autem
788 553 972 599 mutuo
1004 549 1157 597 erant
1194 540 1425 611 Egyptii
1471 551 1525 593 et
1558 539 1785 610 Assyrii,
1821 532 1883 592 ac
1926 551 2138 604 semper

2247 534 2333 587 ml
2364 530 2786 599 Μεσοποταμίαν
2817 528 3091 589 οἰκοῦντες
3135 524 3406 596 Ἀσσύριοι
3434 523 3816 594 ἐχρημάτιζον.

577 646 765 691 mutuo
794 634 998 690 infesti.
1036 632 1186 687 Nunc
1208 644 1395 685 autem
1430 646 1664 701 praesens
1696 645 1875 684 sermo
1904 644 2145 685 commu-

582 729 795 782 nionem
851 726 981 796 ipsis
1028 736 1082 779 et
1134 723 1563 777 rommistionem
1614 722 1961 785 vaticinatur,
2007 719 2150 789 quod

578 832 850 887 nunquam
883 818 1015 870 alias
1040 814 1235 869 factum
1270 810 1612 865 fuerat.Nam
1647 821 1769 864 ante
1789 808 2151 863 Romanorum

579 909 862 976 imperium
894 906 1138 975 praprios
1167 917 1319 972 reges
1342 902 1614 957 habebant
1639 899 1879 971 Egyptii
1900 909 1953 954 et
1982 900 2149 969 Assy-

579 995 934 1065 iii;Egyptii
985 992 1200 1063 quidem
1258 988 1610 1055 Ptolemreos,
1642 989 1766 1059 Syri
1818 995 1997 1041 autem
2043 987 2153 1041 An-

580 1092 740 1147 tiochi
780 1101 831 1146 ct
867 1087 1117 1143 Demetrii
1148 1096 1414 1157 posteros,
1451 1086 1501 1138 in
1549 1082 1998 1154 quorum'medio
2041 1082 2149 1137 sita

578 1184 779 1246 Iudaea,
806 1197 833 1235 a
863 1180 1095 1251 propriis
1126 1179 1252 1233 item
1299 1176 1631 1248 principibus
1677 1175 1985 1245 regebatur.
2016 1174 2150 1230 Cum

579 1282 753 1326 autem
777 1270 998 1325 Iudaica
1031 1283 1162 1340 gens
1198 1267 1515 1323 interrnedia
1549 1274 1714 1328 esset,
1735 1265 1892 1320 modo
1920 1279 1949 1317 a
1976 1263 2151 1335 Syris,

578 1362 736 1414 modo
781 1375 808 1412 a
850 1357 1152 1412 Ptolemaeis
1202 1354 1343 1409 bello
1402 1354 1779 1422 impetcbatur.
1822 1351 1935 1406 Imo
1988 1352 2150 1406 etiam

578 1451 842 1521 Egyptiis
880 1448 1085 1503 inimici
1136 1445 1254 1516 Syri
1303 1455 1483 1511 erant,
1534 1453 1590 1499 et
1625 1443 1863 1515 Egyptii
1914 1443 2152 1513 Assyriis

579 1546 799 1605 hostes;
829 1540 1128 1594 utminime
1165 1537 1335 1590 libera
1386 1547 1530 1595 esset
1582 1537 1807 1590 alterius
1861 1535 2043 1604 populi
2084 1533 2151 1587 ad

580 1634 804 1685 alterum
838 1630 1118 1701 profectio.
1150 1626 1263 1682 Hoc
1292 1639 1446 1698 pacto
1478 1642 1537 1682 se
1568 1642 1654 1682 res
1690 1626 1816 1680 olim
1858 1626 2146 1679 habebant.

579 1722 648 1774 At
696 1730 810 1790 post
872 1721 1152 1775 adventum
1220 1718 1429 1773 Domini
1482 1718 1534 1770 in
1588 1716 1915 1786 Egyptum,
1967 1727 2151 1782 pacem

580 1811 1070 1880 profundissimam,
1101 1826 1164 1865 ac
1199 1811 1627 1865 communionem
1656 1806 2149 1874 commerciumque

2261 618 2710 695 Ἐχθροὶδέἦσαν
2745 621 3031 689 Αἰγύπτιοι
3066 619 3160 671 καὶ
3204 617 3498 687 Ἀσσύριοι,
3539 616 3637 669 καὶ
3668 616 3824 669 πολέ-

2253 732 2363 785 μιοι
2389 712 2656 768 διετέλουν
2686 712 2837 775 ὄντες
2872 712 2936 764 ἐκ
2956 708 3049 763 τοῦ
3085 710 3302 772 παντός.
3333 706 3450 761 Νῦν
3472 707 3529 760 δέ
3563 708 3593 761 6
3637 706 3829 763 παρὼν

2249 806 2405 872 λόγος
2437 802 2719 857 κοινωνίαν
2747 803 2928 864 αὐτοῖς
2970 800 3061 854 καὶ
3091 797 3370 868 ἐπιμιξίαν
3391 796 3658 861 θεσπίζει,
3689 798 3828 867 ὅπερ

2250 897 2369 951 οὐδὲ
2385 896 2567 951 ἄλλοτε
2599 896 2792 964 γέγονέ
2830 909 2977 947 ποτε.
3003 892 3118 963 Πρὸ
3146 891 3255 961 γὰρ
3278 891 3377 961 τῆς
3419 890 3517 943 'Pu
3531 891 3708 960 μαίων
3730 890 3829 961 άρ-

2250 988 2352 1059 Χῆς
2387 987 2682 1053 ίδιάζοντας
2710 980 2854 1056 εἰχον
2903 982 3157 1053 βασιλέας
3185 983 3238 1035 οῖ
3290 998 3351 1035 τε
3401 980 3689 1050 Αἰγύπτιοι
3734 980 3830 1034 καὶ

2264 1076 2571 1149 Ἀσσύριοι·
2635 1080 2685 1129 of.
2740 1076 3027 1143 Αἰγύπτιοι
3088 1074 3187 1145 μὲν
3240 1072 3367 1136 τοὺς
3416 1070 3827 1141 Πτολεμαίους,

2250 1168 2411 1241 Σύροι
2452 1170 2509 1223 δὲ
2561 1170 2686 1233 τοὺς
2724 1169 2832 1223 ἀπὸ
2894 1166 3165 1236 Ἀντιόχου
3222 1166 3314 1219 καὶ
3373 1164 3685 1236 Δημητρίου
3713 1180 3727 1192 °
3750 1155 3827 1218 ὧν

2255 1264 2393 1333 μέση
2415 1261 2639 1331 κειμένη
2674 1263 2707 1331 ἠ
2750 1260 2979 1314 Ἰουδαία
3019 1260 3113 1311 καὶ
3144 1257 3294 1320 ἰδίοις
3320 1256 3415 1309 καὶ
3434 1257 3572 1327 αὑτὴ
3600 1255 3827 1325 ἂρχουσι

2251 1354 2598 1424 ἐκυϐερνᾶτο.
2633 1351 3111 1422 Μεσολαϐούμενον
3135 1349 3194 1403 δὲ
3233 1349 3295 1402 τὸ
3338 1348 3605 1401 Ἰουδαίων
3653 1346 3828 1409 ἐθνος,

2251 1444 2382 1496 ποτὲ
2414 1445 2513 1514 μὲν
2553 1442 2655 1496 ὑπὸ
2682 1442 2867 1514 Σύρων
2893 1443 3237 1511 ἐπολεμεῖτο,
3267 1438 3398 1493 ποτὲ
3438 1439 3496 1493 δὲ
3530 1438 3634 1491 ὑπὸ
3694 1438 3831 1491 Πτο-

2251 1536 2509 1606 λεμαίων.
2575 1535 2731 1587 Ἀλλὰ
2762 1536 2856 1587 καὶ
2886 1533 3203 1603 Αἰγυπτίοις
3253 1531 3548 1601 ἐτύγχανον
3582 1532 3632 1584 οί
3666 1529 3829 1599 Σύροι

2253 1616 2521 1696 πολέμιοι·
2558 1626 2846 1693 Αἰγύπτιοι
2887 1626 2943 1679 δέ
2986 1627 3098 1687 τοίς
3142 1623 3449 1693 Ἀσσυρίοις
3487 1623 3826 1692 διεμάχοντο,

2251 1718 2325 1780 ὡς
2357 1717 2560 1789 ἄμικτα
2592 1712 2731 1771 εἶναι
2755 1719 2936 1780 αὐτοῖς
2965 1717 3058 1769 καὶ
3090 1715 3381 1778 ἀδιαϐάτας
3427 1714 3524 1778 τάς
3575 1714 3709 1785 πρὸς
3734 1713 3830 1766 άλ-

2254 1806 2447 1877 λήλους
2478 1808 2720 1879 πορείας.
2753 1807 2987 1861 Τοιαῦτα
3016 1808 3115 1879 μὲν
3146 1802 3238 1860 οὖν
3278 1804 3571 1875 ἐτύγχανον
3613 1804 3681 1859 τὰ
3725 1804 3831 1858 πά-

578 1901 707 1969 ipsis
747 1900 982 1953 futurum
1010 1916 1249 1970 prtesens
1296 1914 1479 1954 sermo
1506 1899 1849 1967 prmnuntiat.
1889 1895 1979 1948 Ille
2020 1908 2144 1948 vero

2250 1898 2357 1952 λαι.
2400 1878 2561 1952 Μετὰῗ
2593 1900 2650 1952 δέ
2701 1901 2799 1970 τὴν
2829 1900 3011 1969 ἄφιξιν
3040 1898 3134 1952 τοῦ
3167 1898 3374 1968 Κυρίου
3418 1897 3515 1968 τὴν
3546 1897 3627 1960 εἰς
3659 1897 3825 1965 Λίγυ-

576 2006 689 2056 eos,
721 1990 811 2059 qui
846 1991 969 2044 olim
1003 1991 1202 2043 inimici
1238 2001 1409 2055 erant,
1441 1989 1608 2058 Syros
1647 1989 1789 2051 dico,
1812 1988 2063 2055 Assyrios
2093 1994 2149 2038 et

576 2079 847 2144 Israclem,
874 2090 1058 2135 mutuo
1087 2081 1355 2144 conciliat,
1390 2090 1551 2148 atque
1578 2094 1735 2132 unam
1770 2092 1959 2132 omnes
1982 2092 2010 2129 a
2037 2076 2145 2130 Deo

577 2173 1006 2227 benedictionem
1035 2183 1349 2251 accepturos
1382 2174 1544 2239 dicit;
1573 2173 1644 2225 ita
1675 2181 1735 2225 ut
1766 2172 1877 2238 jam
1904 2186 2007 2224 non
2035 2185 2148 2223 am-

575 2266 715 2333 plius
748 2262 909 2317 Israel
936 2265 1100 2317 altum
1126 2265 1321 2331 sapiat,
1362 2273 1616 2333 nequeut
1651 2264 1798 2318 solus
1834 2264 2148 2317 benedictus

575 2363 763 2407 contra
787 2354 921 2408 alios
948 2369 1063 2409 sese
1085 2356 1328 2409 extollat.
1363 2354 1494 2420 Quis
1522 2369 1649 2424 ergo
1685 2353 1957 2409 Romanos
1990 2370 2148 2408 exer-

577 2447 714 2499 citus
742 2460 807 2499 ex
845 2445 1103 2516 Syrorum
1136 2448 1327 2500 militia
1371 2448 1561 2500 videns
1592 2445 1961 2515 [Egyptiorum
1990 2445 2141 2513 capi-

576 2540 719 2590 tihus
750 2538 1052 2602 imminere,
1091 2547 1144 2592 et
1195 2536 1477 2608 Egyptios
1517 2537 1619 2590 illis
1652 2538 1878 2599 servire,
1911 2538 2145 2605 prophe-

577 2630 664 2679 tia:
698 2635 946 2680 eventum
973 2642 1074 2681 non
1110 2627 1449 2682 admiretur?
1476 2626 1607 2692 Quis
1659 2642 1763 2679 non
1805 2627 2145 2695 Obstupescat

575 2731 803 2770 cernens
848 2716 1127 2787 Egyptios
1170 2719 1338 2773 libero
1381 2719 1610 2773 transitu
1638 2718 1852 2787 Syriam
1900 2726 2143 2787 petentes

574 2821 637 2860 ac
666 2808 898 2862 vicissim
925 2809 1092 2879 Syros
1123 2811 1239 2865 sine
1261 2810 1414 2865 obice
1453 2809 1504 2864 in
1543 2809 1836 2880 :‘Egyptum
1882 2810 2143 2863 acceden-

573 2905 673 2961 tes,
704 2906 864 2967 atque
884 2912 976 2954 eos
995 2900 1040 2953 vi
1060 2900 1425 2955 dominatricis
1445 2902 1693 2969 potentia:
1721 2901 1965 2954 subditos
1988 2900 2142 2954 esse?

573 2989 830 3059 Quodque
862 2992 1099 3045 omnium
1130 2992 1589 3045 mirabilissimum
1625 2999 1726 3053 est,
1765 2992 1815 3043 in
1863 2990 2143 3059 prophetia

572 3083 733 3143 dixit,
754 3083 941 3136 eodem
978 3091 1220 3151 tempore
1258 3083 1399 3151 apud
1435 3080 1601 3151 Syros
1630 3092 1686 3135 et
1723 3079 2040 3151 Egyptios,
2078 3096 2142 3135 ac

572 3174 626 3225 in
671 3182 811 3226 terra
836 3172 1002 3228 Israel
1046 3174 1268 3243 populos
1307 3172 1399 3227 Dei
1442 3174 1579 3236 fore,
1627 3175 1876 3242 ipsosque
1916 3172 2139 3228 benedi-

572 3275 723 3318 CIOS:
753 3273 811 3316 ut
838 3262 996 3318 Israel
1027 3278 1131 3318 non
1156 3263 1383 3333 amplius
1408 3260 1618 3316 diﬂ‘erat
1642 3263 1709 3316 ab
1734 3261 2006 3331 (Egyptio,
2040 3278 2134 3315 ne-

2250 2009 2382 2044 πτον
2420 1992 2640 2063 εἰρήνην
2670 1992 2991 2061 βαθυτάτην.
3028 1993 3309 2056 κοινωνίας
3337 2008 3397 2043 τε
3425 1992 3519 2043 καὶ
3546 1989 3829 2060 ἐπιμιξίας

2249 2085 2277 2135 ὁ
2308 2081 2495 2153 παρὼν
2524 2084 2680 2151 λόγος
2705 2085 2887 2147 αὐτοῖς
2920 2082 3343 2151 εὐαγγελίζεται.
3387 2084 3445 2137 '0
3479 2082 3575 2152 μὲν
3619 2081 3684 2150 δὴ
3733 2077 3829 2134 οῦν

2251 2176 2472 2242 συνάγει
2528 2177 2652 2236 τοὺς
2708 2176 2873 2229 πάλαι
2919 2176 3163 2247 ἐχθροὺς,
3218 2175 3360 2243 λέγω
3407 2175 3470 2246 δὴ
3505 2175 3709 2245 Σύρους
3731 2176 3828 2227 καὶ

2249 2266 2580 2334 Αἰγυπτίους
2606 2255 2701 2319 καὶ
2739 2269 2829 2319 τὸν
2869 2267 3111 2337 Ἰσραὴλ,
3150 2269 3279 2337 μιᾶς
3321 2285 3379 2319 τε
3426 2266 3675 2334 εὐλογίας
3724 2267 3826 2335 τῆς

2249 2357 2397 2428 παρὰ
2430 2357 2563 2409 Θεοῦ
2592 2356 2867 2422 τεύξεσθαι
2903 2355 3097 2418 αύτούς
3129 2371 3289 2425 φησι·
3326 2355 3401 2417 ὡς
3441 2354 3637 2425 μηκέτι
3682 2354 3829 2425 μέγα

2247 2451 2461 2521 φρονεῖν
2485 2448 2574 2500 τὸν
2606 2448 2845 2519 Ἰσραὴλ,
2869 2448 3004 2518 μηδέ
3031 2446 3457 2517 κατεπαίρεσθαι
3478 2447 3587 2500 τῶν
3623 2448 3825 2509 ἄλλων,

2244 2542 2319 2603 ὼς
2350 2539 2506 2610 μόνον
2537 2539 2737 2610 ηὑλογη
2747 2540 2921 2609 μένον.
2942 2538 3036 2601 Τίς
3052 2534 3165 2600 οῦν,
3181 2539 3477 2609 ὀφθαλμοῖς
3503 2538 3644 2609 ὀρῶν
3660 2556 3828 2611 στρα-

2243 2630 2440 2683 τόπεδα
2488 2630 2772 2700 Ῥωμαϊκὰ
2794 2628 2978 2700 Σύρων
3001 2629 3209 2699 ἀνδρῶν
3249 2630 3389 2683 κατὰ
3410 2629 3650 2699 κεφαλῆς
3710 2629 3825 2683 τῶν

2243 2721 2553 2787 Αἰγυπτίων
2583 2722 2955 2791 ἐγκαθήμενα,
3000 2720 3328 2787 Αἰγυπτίους
3352 2736 3411 2771 τε
3438 2718 3648 2782 τούτοις
3698 2719 3826 2772 δουο

2243 2812 2515 2876 λεύοντας,
2555 2814 2655 2863 οὐκ
2700 2811 2764 2865 ἂν
2822 2811 3123 2881 ἐκπλαγείη
3180 2811 3278 2881 τὴν
3323 2810 3423 2880 τῆς
3483 2810 3823 2882 προφητείας

2244 2902 2617 2966 ἔκϐασινςΤίς
2666 2902 2723 2954 δὲ
2777 2902 2837 2955 ού
2891 2902 3224 2972 θαυμάσεται
3280 2902 3424 2972 ὁρῶν
3487 2902 3822 2969 Αἰγυπτίους

2242 2992 2411 3057 ἀδεῶς
2435 2992 2527 3045 ἐπὶ
2554 2994 2652 3062 τὴν
2686 2992 2871 3063 Σύρων
2898 2992 3265 3055 διαϐαίνοντας
3296 2993 3499 3063 χώραν,
3526 2993 3730 3064 Σύρους
3758 3011 3821 3047 τε

2241 3083 2531 3146 ἀκωλύτως
2560 3082 2936 3145 ἐπιϐαίνοντας
2974 3085 3087 3145 τοῖς
3127 3084 3465 3151 Αἰγυπτίοις,
3496 3083 3724 3156 δυνάμει
3755 3101 3821 3137 τε

2241 3174 2566 3244 ἀρχοντικῆς
2596 3174 2841 3238 ἐξουσίας
2889 3174 3455 3245 καταδεδουλωμένους
3480 3175 3708 3240 αὐτούς,
3744 3176 3823 3228 Τὸ

2238 3265 2295 3318 δέ
2323 3264 2577 3318 ἁπάντων
2626 3264 3049 3334 παραδοξότατον
3069 3305 3084 3328 ,
3108 3264 3311 3334 ταύτην
3336 3266 3510 3336 ἤρατο
3551 3266 3690 3319 κατὰ
3722 3267 3822 3320 τδν

569 3370 673 3423 que
720 3370 749 3409 a
795 3356 973 3425 Syro;
1038 3369 1207 3423 neque
1267 3356 1404 3423 apud
1454 3354 1620 3409 Deum
1662 3355 1829 3422 pluris
1870 3354 2131 3407 habeatur

2247 3356 2397 3411 αὐτὸν
2442 3358 2632 3427 χρόνον
2665 3356 2813 3427 παρὰ
2846 3357 3037 3427 Σύροις
3080 3358 3174 3410 καὶ
3202 3360 3328 3428 παρ’
3361 3358 3678 3426 Αἰγυπτίοις
3722 3360 3823 3412 καὶ

570 3446 761 3515 Syrus,
791 3461 949 3515 quam
985 3445 1146 3499 Israel
1203 3445 1287 3500 vel
1341 3443 1661 3513 Egyptius;
1698 3459 1867 3513 neque
1888 3445 2128 3498 vicissim

2247 3451 2295 3500 ὲν
2330 3450 2395 3517 τῇ
2421 3451 2492 3519 γῇ
2519 3447 2613 3501 τοῦ
2659 3449 2872 3519 Ἰσραὴλ
2905 3448 3067 3512 λαοὺς
3114 3448 3330 3502 ἔσεσθαι
3381 3449 3461 3519 τῷ
3519 3449 3659 3519 Θεῷ,
3720 3465 3821 3505 καί

569 3536 851 3606 Ᾰῐεγριίυε
886 3538 1062 3591 minor
1087 3539 1156 3589 sit
1182 3537 1321 3605 apud
1360 3539 1524 3591 Deum
1555 3534 1749 3591 Israele
1781 3546 1836 3591 et
1866 3536 2020 3607 Syro.

2247 3537 2457 3601 τούτους
2478 3539 2920 3610 ηὑλογημενους·
2960 3539 3035 3603 ὠς
3090 3541 3224 3611 μηδὲ
3280 3542 3481 3612 μηκέτι
3533 3542 3819 3613 διαφέρειν

568 3630 656 3681 τὸν
698 3630 908 3701 Ἰσραὴλ
935 3631 1027 3683 τοῦ
1071 3631 1385 3699 Αἰγυπτίου,
1425 3630 1562 3700 μήτε
1605 3630 1699 3682 τοῦ
1740 3630 1932 3701 Σύρου,
1986 3632 2118 3702 μηδέ
2154 3632 2487 3686 διαλλάττειν
2546 3634 2696 3705 παρὰ
2745 3634 2862 3703 Θεῷ
2881 3634 3111 3706 κρείττω
3130 3634 3222 3688 τὸν
3244 3635 3415 3697 Σύρον
3440 3634 3535 3688 τοῦ
3570 3636 3813 3707 Ἰσραὴλ,

572 3722 701 3791 μηδὲ
758 3721 851 3773 τοῦ
882 3722 1195 3789 Αἰγυπτίου,
1260 3721 1380 3791 μηδ’
1414 3716 1483 3774 αὖ
1537 3720 1696 3774 πάλιν
1750 3721 1839 3774 τὸν
1898 3722 2188 3789 Αἰγύπτιον
2228 3723 2577 3778 ἐλαττοῦσθαι
2631 3725 2780 3796 παρὰ
2839 3724 2959 3796 Θεῷ
3016 3725 3111 3779 τοῦ
3179 3726 3393 3797 Ἰσραὴλ
3438 3727 3470 3798 ἥ
3539 3726 3634 3780 τοῦ
3703 3731 3817 3783 Σύ-

568 3830 681 3882 pou.

640 3901 801 3958 Vens.
841 3904 933 3956 24.
981 3922 999 3954 ι
1028 3905 1084 3957 In
1124 3905 1212 3957 die
1265 3905 1352 3958 illa
1402 3905 1507 3959 erit
1542 3904 1704 3957 Israel
1742 3906 1931 3960 tertius
1983 3908 2123 3960 inter

568 3993 868 4063 1E3yptios,
917 4003 967 4047 et
1007 3995 1145 4047 inter
1193 3995 1441 4065 Assyrios
1500 3997 1815 4050 benedictus
1854 3996 1905 4048 in
1956 4006 2120 4059 terra,

569 4096 728 4148 quam
764 4080 1038 4135 benedixit
1075 4082 1331 4137 Dominus
1359 4082 1615 4146 Sabaoth,
1647 4085 1737 4154 qui
1768 4085 1919 4148 dicit,
1957 4083 2122 4139 Bene-

2302 3924 2319 3955 ι
2346 3905 2423 3973 Τῇ
2448 3901 2631 3972 ἡμέρᾳ
2664 3900 2846 3971 ἐκείνῃ
2866 3898 3017 3952 ἔσται
3059 3897 3271 3969 Ἰσραὴλ
3295 3898 3477 3969 τρίτος
3502 3898 3559 3951 ἐν
3580 3901 3691 3963 τοῖς
3722 3902 3816 3954 Αί-

2224 3996 2491 4065 γυπτίοις,
2541 3992 2634 4043 καὶ
2658 3992 2715 4042 ἐν
2760 3992 2869 4051 τοῖς
2906 3989 3208 4059 Ἀσσυρίοις
3240 3986 3610 4058 ηύλογημένος
3652 3992 3713 4049 ἐν
3744 3994 3813 4061 τῇ

2222 4092 2315 4158 γῇ,
2346 4087 2410 4156 ἣν
2440 4084 2707 4153 ηὑλόγησε
2741 4082 2942 4152 Κύριος
2994 4079 3217 4134 Σαϐαὼθ
3267 4082 3295 4133 6
3323 4080 3493 4148 λέγων
3516 4096 3529 4110 ·
3567 4080 3815 4153 Εὐλογη-

570 4173 747 4227 dictus
777 4172 1004 4240 populus
1031 4188 1205 4240 meus,
1224 4177 1317 4243 qui
1356 4187 1437 4229 est
1462 4177 1513 4229 in
1532 4177 1857 4247 Egypto,et
1882 4179 1933 4230 in
1952 4181 2120 4248 Assy-

2247 4179 2379 4240 ιένος
2404 4178 2431 4227 6
2461 4176 2586 4236 λαός
2619 4192 2719 4245 μου
2756 4174 2785 4225 6
2810 4176 2867 4226 ἐν
2888 4172 3166 4243 Αἰγύπτῳ,
3199 4175 3293 4224 καὶ
3321 4173 3349 4222 6
3374 4173 3431 4224 ἐν
3472 4172 3805 4245 Ἀσσυρίοις,

567 4263 686 4326 riis,
733 4274 786 4317 et
825 4264 1111 4318 bmreditas
1160 4280 1277 4319 mea
1326 4266 1512 4320 Israel.
1545 4288 1561 4318 ι
1621 4268 1775 4333 Quod
1802 4270 1847 4322 si
1883 4268 2114 4332 dicatur,

2247 4268 2312 4320 εαὶ
2341 4271 2372 4335 ἡ
2400 4266 2729 4337 κληρονομία
2764 4282 2864 4334 μου
2896 4263 3127 4335 Ἰσραήλ.
3155 4283 3172 4315 ι
3210 4263 3336 4316 Ἐὰν
3356 4263 3412 4316 δὲ
3446 4262 3669 4334 λέγηται
3697 4266 3814 4336 τρί-

567 4357 779 4411 tertium
807 4356 966 4409 Israel
1001 4357 1145 4411 inter
1172 4357 1458 4429 Egyptios
1490 4371 1545 4412 et
1588 4361 1841 4429 Assyrios
1873 4360 2114 4414 futurum

2247 4376 2310 4421 νος
2349 4357 2561 4427 Ἰσραὴλ
2607 4359 2662 4408 ἐν
2710 4357 2820 4417 τοῖς
2864 4355 3183 4421 Αἰγυπτίοις
3214 4354 3309 4407 καὶ
3360 4356 3417 4406 ἐν
3447 4356 3558 4417 τοῖς
3604 4355 3804 4408 Ἀσσυ-

563 4461 700 4509 esse,
743 4446 1082 4500 benedictum
1129 4447 1183 4499 in
1237 4458 1400 4512 terra,
1434 4463 1590 4516 quam
1626 4450 1903 4503 benedixit
1938 4450 2120 4504 Domi-

2247 4450 2357 4510 »ίοις
2386 4446 2621 4508 ἔσεσθαι,
2642 4445 2998 4515 εὐλογημένος
3030 4446 3087 4496 ἐν
3115 4447 3181 4515 τῇ
3211 4447 3280 4514 γῇ
3310 4446 3375 4514 ἢν
3400 4444 3659 4515 εύλόγησε
3682 4445 3805 4499 Κύ-

564 4552 665 4589 nus
711 4536 1063 4601 exercituum,
1091 4552 1158 4591 ne
1198 4537 1359 4589 aliam
1386 4545 1634 4605 putemus
1668 4552 1787 4591 esse
1822 4547 2023 4592 terram
2053 4540 2118 4591 ab

2247 4556 2334 4601 ›ιος
2365 4536 2608 4599 Σαϐαὼθ,
2645 4536 2716 4606 μὴ
2740 4536 2929 4605 ἑτέραν
2957 4534 3260 4605 νομίζωμεν
3293 4529 3549 4605 εἶναιτὴν
3576 4535 3679 4605 γῆν
3702 4536 3807 4606 τῆς

563 4627 802 4680 Ecclesia
860 4626 975 4680 Dei.
1023 4624 1129 4679 Per
1182 4627 1349 4681 Israel
1393 4635 1574 4679 autem
1626 4625 1851 4695 intelligi
1912 4637 2113 4695 potest,

2247 4630 2555 4698 Εκκλησίας
2592 4628 2682 4679 τοῦ
2720 4626 2875 4680 Θεοῦ.
2945 4626 3156 4695 Ἰσραὴλ
3187 4625 3243 4677 δὲ
3284 4626 3517 4678 νοεῖσθαι
3572 4624 3803 4681 δύναται

560 4720 761 4773 chorus
789 4718 966 4773 omnis
996 4728 1307 4773 sanctorum
1341 4718 1823 4788 religiosorumqne
1851 4719 2110 4780 virorum,

2247 4722 2315 4773 Lai.
2337 4722 2443 4783 πᾶς
2470 4723 2501 4772 ὁ
2544 4720 2699 4789 χορὸς
2731 4718 2837 4770 τῶν
2867 4717 3034 4784 ἁγίων
3080 4716 3173 4769 καὶ
3204 4715 3461 4783 θεοφιλῶν
3490 4716 3703 4787 ἀνδρῶν
3734 4721 3803 4771 ἐκ

560 4812 650 4879 qui
682 4825 747 4863 ex
779 4808 998 4865 Iudaica
1024 4821 1182 4881 gente
1209 4812 1451 4866 defuncti
1482 4820 1623 4865 sunt.
1668 4811 2009 4880 Quapropter
2029 4811 2113 4863 di-

2249 4812 2307 4864 οὗ
2345 4812 2605 4865 Ἰουδαίων
2638 4810 2819 4871 ἔθνους
2850 4807 3350 4877 προεξεληλυθότων
3392 4807 3486 4860 τοῦ
3529 4808 3666 4877 βίου.
3704 4811 3801 4862 Διὸ

559 4904 717 4964 citur,
766 4922 785 4953 ι
814 4903 879 4955 Ει
911 4903 1195 4957 haereditas
1231 4918 1349 4957 mea
1388 4902 1578 4957 Israel.
1610 4902 1743 4956 Nam
1772 4904 1991 4972 quando
2034 4902 2114 4955 dt-

2251 4901 2461 4953 ἐλεκται
2480 4918 2493 4929 ·
2532 4918 2550 4949 ι
2575 4901 2735 4969 Καὶὴ
2765 4896 3093 4968 κληρονομία
3120 4914 3219 4967 μου
3260 4898 3499 4968 Ἰσραήλ.
3533 4899 3665 4951 Ὅτε
3685 4900 3800 4972 γὰρ

558 4994 776 5047 videbat
803 4993 1118 5048 Altissimus
1155 5003 1371 5063 gentes,
1422 4993 1562 5047 facta
1598 5005 1682 5048 est
1733 5010 1859 5063 pars
1902 4995 2113 5049 Domini

2251 4992 2515 5062 ιεμέριςεν
2545 4993 2571 5042 6
2608 4990 2865 5058 ’Υψιστος
2910 4987 3057 5057 ἔθνη,
3094 4987 3322 5058 ἐγενήθη
3374 5005 3529 5059 μερις
3581 4990 3798 5060 Κυρίου

559 5082 784 5147 populus
812 5081 929 5147 ejus
971 5080 1161 5145 Iacob,
1210 5082 1483 5136 funiculus
1516 5083 1847 5136 ha-reditatis
1882 5082 2000 5150 ejus
2038 5082 2114 5136 Is-

2248 5083 2342 5145 αὸς
2393 5080 2558 5137 αὐτοῦ
2623 5078 2833 5144 Ἰακὼϐ,
2887 5079 3168 5148 σχοίνισμα
3218 5078 3577 5148 κληρονομίας
3627 5080 3797 5132 αὑτοῦ

558 5170 665 5223 rael
692 5173 766 5223 ’.ι
795 5171 943 5225 Nunc
966 5181 1145 5225 autem
1173 5172 1413 5242 [Egyptii
1448 5174 1674 5241 populus
1703 5176 1841 5241 ejus,
1872 5182 1923 5227 et
1950 5188 2111 5241 popuo

2247 5171 2459 5241 1σραήλ.
2492 5189 2510 5222 ι
2541 5169 2654 5222 Νῦν
2682 5169 2737 5221 δὲ
2768 5169 2858 5221 καί
2880 5167 3160 5235 Αἰγύπτιοι
3197 5168 3322 5230 λαὸς
3354 5168 3516 5221 αὑτοῦ
3548 5170 3795 5240 εἴρηται,

560 5260 641 5311 lus
673 5261 786 5329 ejus
816 5261 1151 5327 benedictus,
1186 5273 1483 5324 vocantur;
1515 5272 1569 5315 et
1594 5261 1802 5331 Assyrii
1832 5262 2103 5314 similiter.

2247 5255 2465 5324 αιλαὸς
2497 5258 2660 5313 αὐτοῦ
2699 5260 3075 5329 εὐλογημένος,
3126 5259 3218 5312 καί
3255 5259 3525 5329 Ἀσσύριοι
3566 5261 3793 5330 ὁμοίως.

558 5348 686 5401 Illud
712 5361 909 5414 autem,
958 5350 1055 5403 «In
1104 5360 1272 5417 terra,
1333 5367 1493 5420 quam
1548 5351 1824 5405 benedixit
1851 5351 2110 5405 Dominus

2247 5350 2285 5401 ’ὸ
2310 5351 2386 5413 δὲ,
2421 5352 2549 5403 (Ἐν
2580 5353 2645 5420 τῇ
2678 5354 2748 5420 γῇ
2778 5351 2843 5421 ἣν
2874 5350 3143 5421 ηύλὸγησε
3172 5351 3373 5420 Κύριος
3408 5350 3654 5417 Σαϐαὼθ,
3682 5373 3700 5406 ι
3734 5356 3795 5407 ἔ-

560 5438 815 5503 Sabaoth,
856 5461 873 5490 ο
916 5442 981 5495 ad
1026 5443 1301 5496 caelestem
1335 5456 1549 5511 quoque
1588 5450 1786 5494 terram
1817 5440 2105 5501 referatur,

2249 5460 2295 5495 οι
2322 5442 2385 5495 ἂν
2408 5441 2504 5512 τὴν
2538 5442 2815 5510 ἀναφορὰν
2854 5442 2949 5495 καὶ
2999 5443 3089 5494 ἐπὶ
3123 5442 3219 5513 τὴν
3266 5444 3605 5512 ἐπουράνιον,
3660 5449 3795 5515 περὶ

557 5532 621 5582 de
660 5546 760 5596 qua
796 5533 926 5585 dicit
953 5533 1222 5601 Salvator,
1269 5553 1287 5585 ι
1324 5533 1473 5588 Beati
1510 5532 1962 5600 mites,qnoniam
2004 5531 2102 5599 ipsi

2253 5552 2277 5596 ς
2308 5551 2467 5603 φησιν
2495 5537 2523 5586 6
2554 5535 2773 5605 Σωτήρ⁴
2809 5554 2825 5584 ι
2850 5535 3123 5605 Μακάριοι
3180 5535 3229 5587 οἰ
3264 5538 3477 5605 πραεῖς,
3506 5535 3588 5587 ὅτι
3633 5536 3795 5588 αὐτοὶ

625 5744 643 5769 ²
675 5742 821 5795 Dent.
860 5760 1027 5807 xxx“,
1060 5748 1110 5794 ὃ.
