4042 6454
227 453 324 512 δῖ

1173 441 1687 503 COMMENTARIA
1728 442 1800 498 IN
1839 439 2097 498 ISAIAM.
2137 471 2207 482 —
2243 440 2394 498 CAP.
2436 439 2558 498 XX.

3385 447 3497 504 358

225 563 682 640 κληρονομήσουσι
736 570 836 633 την
890 559 1028 631 γῆν·
1058 579 1078 613 ›
1109 558 1238 614 ἔνθα
1272 561 1367 614 καὶ
1396 561 1430 630 ἡ
1480 558 1805 629 ἐπουράνιος

1908 557 2264 626 possidebunt
2291 567 2494 613 terram
2515 559 2560 621 ³,
2599 576 2619 610 ι
2654 558 2746 616 ubi
2786 569 2842 616 et
2882 561 3127 620 caelestis
3159 561 3494 633 Jerusalem,

231 655 599 729 Ἰερουσαλὴμ,
629 653 723 708 καὶ
749 653 811 707 τὸ
841 651 982 707 Σιὼν
1003 652 1130 725 δρος
1159 652 1482 722 ἐπουράνιον
1506 649 1665 703 Θεοῦ.
1693 671 1697 675 ε

733 741 1132 810 ΚΕΦΑΔΑΙΟΝ
1185 742 1272 796 K'.

283 858 301 891 ι
321 836 432 892 Τοῦ
459 838 617 902 ἔτους
646 827 709 890 οὗ
741 834 960 907 εἰσῆλθε
991 833 1243 889 Ταναθὰν
1277 835 1358 896 εἰς
1394 831 1658 897 Ἀζωτον,
1684 832 1803 904 ἡνί-

219 948 280 985 κα
310 929 597 1002 ἀπεστάλη
651 928 759 983 ὑπὸ
799 927 966 1000 Ἀρνὰ
1021 926 1289 998 βασιλέως
1329 925 1654 996 Ἀσσυρίων,
1706 923 1803 978 καὶ

218 1021 520 1094 ἐπολέμησε
544 1021 647 1093 τὴν
668 1019 934 1084 Ἄζωτον,
961 1021 1058 1074 καὶ
1083 1016 1414 1072 κατελάϐετο
1434 1018 1608 1087 αὑτήν
1633 1034 1646 1047 ·
1677 1017 1802 1070 τότε

219 1112 442 1186 ὲλάλησε
476 1113 681 1184 Κύριος
729 1112 870 1183 πρὸς
902 1110 1132 1165 Ἡσαΐαν
1169 1109 1344 1177 λέγων
1366 1125 1382 1140 ·
1414 1107 1676 1180 Πορεύου,
1707 1109 1803 1163 καὶ

216 1203 372 1274 ἄφελε
394 1203 489 1256 τὸν
519 1203 722 1256 σάκκον
747 1201 856 1255 ἀπὸ
883 1200 985 1271 τῆς
1007 1198 1208 1268 ὀσφύος
1241 1214 1355 1252 σου.
1383 1216 1403 1252 ι
1429 1198 1723 1268 Θαυμάσαι
1746 1198 1803 1253 δὲ

216 1292 322 1348 εστι
346 1293 442 1347 τὸν
471 1291 809 1364 προφητικὸν
847 1290 983 1361 βίον,
1011 1290 1071 1344 δν
1102 1293 1131 1345 ὁ
1168 1290 1268 1361 μὲν
1309 1289 1631 1354 Ἀπόστολος
1661 1309 1804 1363 παρ-

211 1385 434 1457 έστησεν
476 1383 670 1449 εἰπὼν,
703 1401 724 1436 ι
761 1382 1063 1455 Περιῆλθον
1083 1383 1142 1438 έν
1164 1383 1459 1454 μηλωταῖς,
1486 1385 1545 1436 ὲν
1575 1384 1805 1453 αἰγείοις

210 1478 493 1549 δέρμασιν,
513 1475 921 1547 ὑστερούμενοι,
952 1473 1277 1545 ολιδόμενοι,
1292 1473 1722 1546 κακουχούμενοι
1739 1491 1752 1504 ·
1779 1492 1799 1526 ι

212 1572 321 1643 ἠδὲ
340 1567 597 1643 παροῦσα
623 1568 816 1640 Γραφὴ
839 1567 921 1621 ἑνὶ
947 1566 1206 1639 ὲνδύματι
1234 1568 1424 1641 σάκκῳ
1451 1569 1545 1622 τὸν
1578 1568 1805 1622 Ἡσαΐαν

213 1664 552 1738 κεχρημένον
571 1663 805 1730 εἰσάγει,
842 1658 1143 1714 πενθοῦντα
1161 1660 1488 1734 δηλαδὴ,κα“ι
1511 1660 1805 1714 ἀποκλαιό-

212 1772 365 1827 μενον
401 1755 530 1817 τοὺς
561 1751 649 1808 διὰ
681 1752 781 1815 τὰς
824 1747 1313 1815 οἰκείας-ἀσεϐείας
1355 1752 1573 1824 μακρὰν
1606 1752 1806 1805 ἀποπί-

209 1863 435 1908 πτοντας
461 1845 556 1898 τοῦ
586 1843 744 1898 Θεοῦ.

276 1957 294 1991 ι
323 1939 439 1992 Καὶ
467 1939 538 1992 τὰ
600 1936 861 1993 σανδάλιά
894 1953 988 1990 σου
1028 1935 1296 1988 ὑπόλυσαι
1332 1935 1441 1989 ἀπὸ
1465 1935 1573 1989 τῶν
1625 1934 1804 1988 ποδῶν

211 2045 318 2083 σου.
374 2029 491 2082 Kal
523 2028 782 2100 εποίησεν
819 2026 1016 2091 οὕτως,
1074 2025 1443 2098 πορευόμενος
1473 2024 1679 2096 γυμνὸς
1711 2026 1805 2080 καὶ

210 2121 553 2186 ἀνυπόδετος.
586 2121 700 2175 Καὶ
733 2116 855 2174 εἶπε
887 2119 1114 2190 Κύριος,
1145 2119 1206 2172 ὃν
1232 2119 1435 2190 τρόπον
1469 2119 1804 2190 πεπόρευται

219 2213 446 2277 Ἡσαΐας
471 2215 501 2267 ὁ
533 2215 664 2276 παῖς
698 2230 800 2284 μου
824 2212 1034 2283 γυμνὸς
1059 2211 1156 2265 καὶ
1178 2211 1507 2273 ἀνυπόδετος
1527 2211 1653 2281 τρία
1684 2210 1803 2281 ἔτη,

209 2306 326 2377 τρία
354 2305 452 2376 έτη
477 2305 632 2358 ἔσται
660 2306 740 2368 εἰς
769 2306 970 2375 σημεῖα
996 2305 1092 2358 καὶ
1119 2303 1322 2374 τέρατα
1354 2305 1467 2366 τοῖς
1486 2304 1806 2371 Αἰγυπτίοις

209 2399 298 2450 καὶ
322 2396 594 2466 Αἰθίοψιν.
625 2416 643 2448 ι
676 2395 749 2449 Τὸ
773 2395 830 2448 δὲ
861 2395 1221 2449 κελευσθέντα
1241 2395 1446 2464 γυμνὸν
1471 2394 1684 2464 βαδίσαι
1713 2396 1806 2448 καὶ

212 2490 281 2560 μὴ
310 2489 602 2560 μελλῆσαι,
626 2490 830 2561 πρᾶξαι
859 2489 920 2542 δὲ
949 2488 1108 2542 τοῦτο
1130 2488 1473 2559 παραχρῆμα
1499 2490 1586 2541 ἐπ’
1606 2487 1807 2556 ὀφθαλ-

211 2580 323 2651 μῶν
381 2579 496 2633 τῶν
546 2579 833 2650 παρόντων
877 2577 1048 2647 αὐτῷ,
1088 2578 1352 2648 μεγίστης
1409 2577 1653 2648 ὑπακοῆς
1713 2577 1806 2629 καὶ

209 2672 515 2744 προθυμίας
547 2672 650 2740 τῆς
683 2671 821 2743 πρὸς
853 2672 944 2725 τὸν
973 2671 1105 2723 Θεὸν
1136 2671 1332 2741 δεῖγμα
1363 2671 1591 2740 γένοιτο,
1629 2687 1808 2741 παραο

211 2765 486 2836 στὴματός
535 2781 596 2818 τε
632 2763 726 2816 καὶ
754 2765 1100 2835 φρονήματος
1130 2763 1463 2836 ἐπῃρμένου,
1501 2764 1681 2817 πᾶσαν
1709 2763 1807 2833 τὴν

208 2857 335 2926 παρ’
370 2853 685 2926 ἀνθρώποις
713 2854 872 2920 δόξαν
921 2856 980 2907 ὲν
1002 2855 1177 2908 οὐδενὶ
1203 2855 1507 2924 τιθεμένου.
1532 2854 1719 2908 Ταῦτα
1750 2854 1808 2908 δὲ

210 2945 519 3017 πράξαντος
551 2944 643 2999 τοῦ
671 2946 976 3016 προφήτου,
1009 2945 1079 2998 τὰ
1106 2946 1268 3015 ὃμοια
1293 2943 1576 2998 πείσεσθαι
1609 2941 1805 3014 τῷ-τοῦ

209 3039 492 3110 προφήτου
530 3039 770 3108 σχήματι
833 3038 960 3100 τοὺς
1013 3037 1348 3105 Αἰγυπτίους
1399 3035 1806 3107 πολεμηθέντας

210 3132 312 3184 ὑπὸ
355 3130 657 3200 Ἀσσυρίων
699 3130 861 3200 φησὶν
889 3131 918 3182 ὁ
951 3129 1104 3192 Θεὸς,
1135 3129 1377 3198 γυμνοὺς
1412 3129 1507 3181 καὶ
1546 3127 1807 3180 ἀνυποδέ-

208 3239 329 3286 τους
349 3220 786 3293 ἀπαχθήσεσθαι,
817 3222 876 3273 οὐ
904 3221 1116 3291 μόνους,
1148 3220 1284 3272 ἀλλὰ
1311 3220 1403 3272 καὶ
1427 3220 1555 3282 τοὺς
1582 3221 1806 3272 ὲπικου-
1830 3248 1875 3307 C

213 3315 403 3385 ρήσειν
434 3312 530 3364 καὶ
586 3311 968 3380 συμμαχήσειν
1022 3311 1204 3372 αὐτοῖς
1233 3309 1585 3372 ὲλπισθέντας
1619 3310 1800 3363 Αἰθίο-

208 3420 338 3468 πας.
370 3403 466 3472 Τῷ
514 3402 624 3474 γὰρ
675 3401 870 3471 πλήθει
901 3400 1010 3455 τῶν
1061 3401 1334 3454 Αἰθιόπων
1379 3401 1474 3454 καὶ
1503 3403 1570 3472 τῇ
1597 3400 1801 3456 τούτων

206 3499 372 3570 χειρὶ,
405 3494 617 3566 μεγάλα
649 3497 767 3547 κατ’
799 3496 975 3547 έκεῖνο
1029 3482 1222 3564 καιροῦ
1276 3493 1609 3564 δυναμένων,
1667 3494 1801 3565 Θαρ-

208 3591 432 3661 ροῦντες
482 3590 531 3640 οἰ
585 3587 894 3655 Αἰγύπτιοι,
943 3586 1426 3657 καταιρρονητικῶς
1459 3586 1663 3657 εἴχοντο
1694 3586 1803 3640 τῶν

218 3683 557 3752 Ἀσσυρίωνσ
585 3679 700 3732 ἀλλ’
731 3682 760 3732 ὁ
802 3678 933 3742 Θεὸς
965 3679 1025 3731 τὸ
1059 3677 1249 3748 μέλλον
1279 3678 1566 3749 προφαίνει
1605 3678 1800 3746 λέγων,

213 3791 230 3824 ι
249 3776 349 3827 Ὃν
385 3771 593 3842 τρόπον
619 3769 952 3839 πεπόρευται
983 3771 1010 3822 ὁ
1053 3770 1184 3833 παῖς
1209 3787 1309 3840 μου
1351 3769 1577 3832 Ἡσαΐας
1598 3769 1802 3839 γυμνὸς

206 3864 302 3917 καὶ
338 3861 686 3924 ἀνυπόδετος,
721 3879 738 3910 ι
774 3862 869 3914 καὶ
891 3860 962 3913 τὰ
989 3859 1135 3931 ἑξῆς.

282 3956 445 4008 «Ὅτι
467 3951 640 4014 οὔτως
672 3950 788 4015 ἄξει
835 3947 1088 4022 βασιλεὺς
1131 3951 1432 4022 Ἀσσυρίων
1476 3951 1576 4021 τὴν
1603 3954 1805 4022 αἰχμα-

203 4047 410 4100 λωσίαν
443 4043 719 4112 Αἰγύπτου
743 4044 838 4096 καὶ
868 4043 1163 4104 Αἰθιόπων,
1194 4043 1508 4106 νεανίσκους
1543 4043 1634 4096 καὶ
1668 4062 1802 4114 πρε-

206 4139 414 4201 σϐύτας
447 4138 686 4207 γυμνοὺς
718 4136 809 4187 καὶ
836 4135 1216 4198 ἀνυποδέτους,
1252 4135 1802 4205 ἁνακεκαλυμμένους

205 4230 306 4301 τὴν
327 4229 593 4298 αἰσχύνην
622 4227 918 4294 Αἰγύπτου.
946 4247 962 4276 ι
994 4226 1144 4289 Δόξει
1177 4225 1244 4279 τὰ
1287 4226 1623 4296 προκείμενα
1648 4227 1803 4278 ἐναν-

205 4322 297 4374 τία
328 4316 470 4373 εἶναι
498 4321 609 4381 τοῖς
643 4317 845 4388 ἀρτίως
896 4318 1227 4386 εἰρημένοις,
1274 4317 1339 4370 δι’
1365 4311 1438 4372 ὧν
1470 4315 1686 4369 ἔσεσθαι
1712 4318 1804 4369 Δί-

205 4409 461 4480 γυπτίων
494 4409 589 4460 καὶ
645 4406 945 4476 Ἀσσυρίων
973 4406 1254 4476 ἐπιμιξίαν
1286 4407 1506 4478 εἴρηκεν
1540 4409 1567 4458 ὁ
1603 4406 1761 4474 λόγος
1785 4423 1798 4434 ·

202 4503 302 4554 νῦν
337 4502 394 4553 δὲ
430 4500 521 4552 τὸν
554 4499 776 4567 βασιλέα
825 4498 934 4551 τῶν
973 4498 1271 4568 Ἀσσυρίων
1305 4496 1682 4566 αἰχμαλώτους
1708 4497 1803 4568 λή-

1905 661 1961 705 ct
1985 649 2115 704 Sion
2147 664 2305 705 mons
2327 650 2572 707 caelestis
2601 651 2693 706 Dei
2719 661 2827 707 est.

2498 740 2733 798 CAPUT
2770 743 2891 801 XX.

1978 833 2142 889 Vsus.
2175 833 2227 899 l,
2255 832 2312 890 2.
2351 852 2370 885 ι
2415 832 2470 887 In
2509 848 2655 888 anno
2699 849 2810 904 quo
2848 836 3134 906 ingressus
3183 846 3270 892 est
3312 836 3496 892 Tana-

1907 924 2034 978 than
2065 926 2320 987 Azotum,
2353 938 2478 978 cum
2505 925 2708 982 missus
2739 935 2827 981 est
2857 927 2927 981 ab
2959 928 3108 982 Arna
3161 944 3291 1000 rege
3322 930 3494 1002 ASsy-

1904 1016 2134 1080 riorum,
2161 1023 2219 1069 et
2247 1018 2582 1088 oppugnavit
2604 1018 2860 1082 Azotum,
2898 1028 2952 1074 et
2981 1021 3128 1090 cepit
3165 1034 3287 1074 eam
3313 1039 3327 1076 :
3363 1029 3495 1078 tunc

1905 1104 2121 1160 locutus
2168 1115 2254 1160 est
2300 1105 2568 1162 Dominus
2612 1108 2680 1162 ad
2723 1108 2917 1163 Isaiam
2955 1111 3173 1176 dicens,
3225 1112 3398 1178 Vade,
3436 1124 3494 1170 et

1905 1195 2061 1249 aufer
2120 1210 2340 1251 saccum
2367 1214 2397 1251 a
2429 1196 2633 1254 lumbis
2669 1200 2796 1254 tuis.
2830 1219 2851 1252 ι
2895 1200 3084 1257 Mirari
3130 1203 3277 1260 subit
3359 1220 3490 1275 pro-

1905 1288 2178 1359 pheticam
2237 1289 2444 1349 vitam,
2495 1306 2661 1360 quam
2711 1293 3012 1362 Apostolus
3058 1294 3357 1351 declaravit
3405 1297 3493 1352 his

1905 1380 2111 1446 verbis,
2154 1399 2173 1432 ι
2198 1377 2544 1436 Circuierunt
2573 1383 2626 1436 in
2660 1383 2878 1438 melotis
2906 1394 2963 1439 et
3007 1386 3060 1440 in
3097 1387 3337 1457 caprinis
3378 1390 3494 1459 pel-

1905 1464 2072 1532 libus,
2120 1479 2367 1540 egentes,
2415 1471 2737 1541 angustiati,
2793 1472 2982 1529 afﬂicti
3033 1475 3076 1529 ⁸.
3114 1494 3134 1528 ι
3184 1475 3312 1532 llzec
3358 1492 3491 1536 vero

1908 1553 2193 1627 Scriptura
2249 1558 2484 1615 Isaiam.
2521 1559 2944 1618 uno‘vestitum
3028 1580 3188 1622 sacco
3243 1569 3490 1628 inducit:

1906 1644 2179 1713 lugentem
2210 1647 2446 1710 scilicet.
2493 1659 2548 1703 et
2581 1649 3018 1722 illacrymantem
3087 1670 3252 1726 super
3291 1659 3359 1716 iis
3395 1660 3492 1732 qui

1906 1739 1977 1795 ob
2010 1739 2323 1810 impietates
2355 1755 2481 1796 suas
2509 1741 2697 1811 procul
2725 1743 3049 1800 exciderant
3078 1762 3108 1801 a
3146 1748 3274 1804 Deo.

1835 1907 1880 1962 Β
1978 1918 2144 1977 Vana.
2173 1921 2229 1976 '5.
2272 1941 2291 1974 ι
2320 1921 2388 1978 Et
2417 1923 2792 1980 calceamenta
2826 1935 2916 1984 tua
2964 1929 3115 1985 solve
3147 1931 3214 1988 de
3259 1934 3491 2001 pedibus

1908 2012 2039 2067 tuis.
2077 2012 2145 2068 Et
2173 2011 2306 2069 fecit
2347 2017 2448 2082 ita,
2490 2016 2776 2074 ambulans
2801 2020 2978 2076 nudus
3007 2031 3061 2076 et
3103 2023 3490 2082 discalceatus.

1905 2101 1975 2156 Et
2003 2105 2144 2159 dixit
2167 2105 2452 2173 Dominus,
2479 2111 2940 2178 quemadmodum
2968 2115 3270 2173 ambulavit
3298 2133 3493 2176 servus

1907 2209 2063 2249 meus
2125 2194 2292 2252 Isaias
2324 2198 2502 2253 nudus
2553 2208 2609 2254 et
2634 2201 2991 2258 discalceatus
3021 2216 3134 2262 tres
3157 2223 3354 2276 annos,
3379 2221 3494 2268 tres

1907 2287 2034 2341 anni
2063 2301 2225 2343 erunt
2251 2291 2303 2342 in
2335 2294 2492 2362 signa
2521 2304 2576 2348 et
2611 2296 2858 2365 prodigia
2888 2296 3161 2369 zEgypliis
3197 2302 3495 2363 etAZthio-

1907 2381 2086 2448 pibus.
2125 2400 2142 2433 ι
2201 2380 2354 2448 Quod
2408 2383 2671 2452 iubeatur
2715 2389 2893 2444 nudus
2941 2391 3197 2447 incedere
3245 2402 3300 2450 ct
3350 2394 3494 2451 nihil

1908 2473 2177 2539 cunctari,
2214 2475 2374 2543 i'dqne
2424 2476 2716 2550 confestim
2759 2494 2922 2551 agere
2970 2485 3022 2536 in
3072 2483 3250 2539 oculis
3295 2495 3493 2540 astan-

1909 2564 2065 2630 tium,
2124 2565 2376 2620 maximae
2433 2583 2566 2625 sane
2618 2571 2995 2640 obsequentia:
3047 2590 3174 2644 erga
3217 2576 3386 2631 Deum
3435 2588 3496 2634 et

1907 2656 2424 2726 alacritatis,parati
2456 2661 2586 2714 item
2611 2663 2972 2734 sublimisque
3003 2667 3175 2720 animi
3202 2682 3495 2739 argumen-

1909 2757 2019 2802 tum
2055 2748 2244 2814 fuerit,
2272 2752 2362 2821 qui
2396 2753 2692 2809 humanam
2733 2755 2962 2825 gloriam
2990 2773 3058 2812 ne
3087 2757 3240 2815 ﬂocci
3268 2761 3490 2828 quidem

1909 2838 2094 2894 faciat.
2127 2842 2253 2897 Hmc
2296 2857 2478 2898 autem
2532 2856 2728 2916 agente
2779 2851 3067 2918 propheta,
3103 2851 3169 2906 iis
3208 2868 3330 2921 quat
3355 2871 3492 2924 pro-

1908 2933 2070 3001 pheta
2126 2937 2578 3004 repraasentahat,
2624 2940 2821 2994 similia
2882 2957 3143 3012 passuros
3198 2945 3493 3018 Algyptios

1908 3023 1978 3076 ab
2009 3023 2248 3094 Assyriis
2281 3025 2580 3082 debellatus
2624 3031 2872 3098 prmdicit
2907 3032 3078 3099 Deus;
3135 3038 3310 3092 nudus
3338 3039 3490 3094 vide-

1907 3113 2034 3168 licet
2059 3126 2114 3169 et
2145 3116 2506 3173 discalceatos
2551 3120 2844 3176 abductum
2880 3124 2982 3189 iri;
3021 3141 3197 3196 neque
3227 3129 3348 3185 illos
3378 3142 3492 3186 tan-

1908 3217 2044 3274 tum,
2097 3213 2189 3263 sed
2238 3213 2404 3265 etiam
2463 3214 2771 3283 IEtbiopas,
2809 3230 2946 3284 quos
2998 3219 3066 3271 ad
3108 3222 3384 3275 auxilium
3433 3235 3489 3277 et

1907 3302 2283 3356 commilitium
2327 3316 2586 3358 venturos
2635 3320 2756 3360 esse
2801 3311 3153 3374 sperabatur.
3207 3310 3487 3381 Siquidem

1905 3393 2229 3463 JEthiopum
2261 3412 2326 3451 eo
2357 3406 2604 3468 tempore
2637 3401 2927 3454 admodum
2969 3403 3302 3471 potentium,
3352 3407 3463 3460 mnl

1906 3487 2123 3541 titudini
2169 3499 2224 3542 et
2259 3493 2442 3543 manui
2488 3490 2716 3546 ﬁdentes
2769 3490 3037 3564 Egyptii,
3083 3497 3340 3562 Assyrios
3395 3501 3462 3554 de

1905 3581 2114 3647 spectui
2147 3581 2425 3635 habebunt
2451 3600 2464 3635 :
2492 3593 2544 3635 at
2569 3583 2712 3638 Deus
2751 3585 2992 3640 futurum
3027 3600 3358 3655 praznuntlat
3403 3595 3453 3645 di

1905 3685 2058 3738 cens,
2095 3689 2114 3722 ι
2146 3671 2945 3736 Quemadmodumambulavit
3001 3694 3191 3734 servus
3244 3697 3400 3737 meus
3446 3684 3492 3737 l-

1907 3765 2049 3817 saias
2084 3766 2262 3819 nudus
2287 3776 2341 3820 et
2368 3767 2744 3832 discalceatus,
2769 3788 2787 3819 ι
2817 3779 2871 3823 et
2909 3783 3126 3826 caatera.

1978 3944 2143 4001 Vens.
2185 3947 2238 4002 4.
2306 3967 2326 3999 ι
2360 3949 2627 4016 Quoniam
2681 3954 2760 4007 sic
2807 3965 2932 4022 aget
2981 3970 3076 4010 rex
3130 3956 3484 4027 Assyriorum

1907 4041 2277 4109 captivitatem
2305 4043 2531 4114 Egypti
2559 4055 2614 4099 et
2634 4045 2975 4116 Ethiopum,
2998 4048 3227 4117 juvenes
3249 4063 3304 4106 et
3331 4069 3490 4108 senes

1907 4131 2083 4183 nudos
2131 4141 2189 4186 et
2216 4134 2599 4200 discalceatos,
2647 4139 3021 4207 discoopertos
3065 4144 3273 4211 pudore
3320 4144 3489 4215 ,Εεν-

1905 4223 2007 4290 ριί.
2036 4241 2055 4273 ι
2095 4223 2219 4280 Haec
2277 4239 2426 4282 certe
2478 4228 2568 4296 iis,
2604 4244 2725 4297 qua:
2765 4234 2927 4298 paulo
2969 4244 3096 4289 ante
3143 4237 3282 4289 dicta
3333 4252 3483 4301 sunt,

1907 4318 2184 4370 contraria
2215 4320 2527 4388 videantur,
2573 4323 2730 4391 queis
2787 4326 2928 4378 inter
2965 4325 3250 4396 {Egyptios
3288 4337 3341 4381 et
3389 4331 3492 4383 As-

1910 4407 2092 4476 syrios
2125 4409 2564 4477 conjunctionem
2592 4422 2648 4467 et
2672 4417 3062 4470 commercium
3115 4417 3228 4472 fore
3274 4420 3492 4480 diceba-

1915 4509 2000 4551 tur
2029 4517 2041 4551 :
2074 4517 2218 4555 nunc
2246 4511 2427 4556 autem
2469 4504 2547 4558 ait
2579 4520 2759 4574 regem
2796 4507 3145 4577 Assyriorum
3173 4509 3405 4576 juvenes
3437 4522 3494 4565 et

201 4592 409 4664 ψεσθαί
442 4607 575 4660 φησι
597 4590 708 4642 τῶν
728 4589 1038 4656 Αἰγυπτίων
1066 4589 1191 4650 τοὺς
1220 4588 1533 4650 νεανίσκους
1563 4591 1654 4640 καὶ
1680 4591 1805 4652 τοὺς

1911 4605 2070 4646 senes
2103 4592 2484 4664 Egyptiorum
2536 4601 2709 4653 nudos
2749 4610 2800 4653 et
2838 4599 3196 4653 discalceatos
3242 4601 3490 4668 captivos

204 4681 529 4756 πρεσϐύτας
563 4681 803 4749 γυμνοὺς
839 4681 931 4731 καὶ
960 4680 1336 4742 ἀνυποδέτους.
1382 4678 1646 4750 Εύρεθείη
1669 4679 1711 4731 δ’
1740 4679 1805 4732 ἂν

202 4775 364 4836 λύσις
419 4771 520 4840 τῆς
547 4771 799 4841 ἀπορίας,
836 4771 883 4822 εἰ
933 4772 1326 4840 ὲπιστήσαιμεν
1371 4771 1447 4841 τῷ
1480 4773 1665 4840 τρόπῳ
1712 4771 1805 4823 τοῦ

205 4861 555 4938 προφητικοῦ
591 4863 918 4931 πνεύματος.
964 4864 1052 4925 Ὠς
1085 4863 1194 4933 γὰρ
1237 4866 1303 4933 τῇ
1348 4863 1608 4933 Αἰγύπτῳ
1635 4881 1805 4934 προσ’

204 4961 360 5030 έσχε,
395 4961 600 5013 συνεῖδε
660 4961 757 5029 μὲν
785 4962 878 5012 καὶ
907 4958 973 5011 τὰ
1009 4958 1324 5027 παραυτίκα
1353 4961 1465 5020 τοῖς
1492 4958 1806 5026 Αἰγυπτίοις

207 5054 482 5123 μέλλοντα
497 5051 713 5104 ἔσεσθαι
745 5053 886 5107 κατὰ
918 5051 1117 5122 τὸν,τοῦ
1148 5055 1427 5122 προφήτου
1450 5051 1660 5122 χρόνον,
1694 5053 1802 5104 ἁπ-

203 5146 413 5199 έϐλεπε
480 5144 537 5197 δὲ
571 5145 664 5196 καὶ
693 5145 785 5197 ἐπὶ
807 5144 878 5198 τὰ
913 5147 1140 5217 μακροῖς
1179 5143 1402 5214 ὕστερον
1429 5144 1638 5214 χρόνοις
1672 5145 1808 5196 ἁπο-

201 5236 494 5309 6ησόμενα
541 5235 758 5307 χρηστὰ
789 5236 918 5307 περὶ
947 5236 1046 5306 τὴν
1095 5234 1202 5286 τῶν
1233 5236 1547 5302 Αἰγυπτίων
1601 5235 1801 5307 χώραν.

204 5326 346 5383 Εἶτα
404 5329 598 5399 πρῶτα
649 5329 862 5399 χρηστὰ
911 5328 1174 5391 Θεσπίσας
1199 5327 1288 5380 διὰ
1329 5327 1440 5380 τῶν
1473 5328 1801 5401 ἔμπροσθεν,

201 5422 298 5475 ἐπὶ
331 5421 402 5474 τὰ
433 5422 771 5492 παραχρῆμα
799 5422 1140 5490 γενησόμενα
1184 5419 1518 5490 μεταϐαίνει.
1573 5421 1808 5490 Αυπηρὰ

201 5514 260 5565 δὲ
293 5517 412 5576 τοῖς
441 5513 758 5581 Αἰγυπτίοις
785 5511 958 5564 ταῦτα.
985 5507 1052 5581 ἦν
1072 5527 1084 5541 ⁶
1114 5511 1149 5565 ὃ.
1177 5512 1272 5564 καὶ
1317 5513 1417 5565 οὐκ
1456 5515 1536 5575 εἰς
1581 5513 1799 5584 μακρὰν

202 5605 517 5677 ἐπληροῦτο
549 5606 670 5657 κατ’
700 5604 896 5665 αὐτοὺς
926 5603 1185 5670 ἐκείνους,
1220 5605 1341 5656 καθ’
1365 5604 1458 5668 οὓς
1510 5607 1538 5657 ὁ
1589 5607 1802 5678 προφή-

201 5713 306 5769 της
363 5697 691 5769 ὲγνωρίζετο
745 5697 987 5767 χρόνους.
1050 5696 1385 5765 Ἀναγκαίως
1434 5695 1490 5748 δὲ
1541 5697 1600 5750 τὸ
1659 5697 1804 5752 θεῖον

267 5902 459 5957 Matth.
483 5903 623 5974 vui.
702 5901 733 5952 ‘.
756 5901 921 5956 llebr.
953 5916 1030 5965 λι,
1064 5901 1131 5953 37

1910 4682 2268 4739 abducturum
2294 4701 2434 4741 esse.
2466 4688 2631 4752 Cujus
2655 4699 2835 4745 tamen
2884 4690 3220 4747 difﬁcultatis
3264 4693 3489 4747 solutio-

1910 4791 2032 4830 nem
2069 4778 2423 4844 reperiemus,
2458 4782 2500 4832 si
2543 4796 2748 4836 morem
2801 4785 3148 4838 attendamus
3185 4786 3488 4854 prophetici

1911 4871 2165 4936 spiritus.
2201 4868 2268 4922 Ut
2295 4872 2438 4924 enim
2478 4871 2715 4942 )Egyplo
2758 4876 2998 4929 animum
3046 4876 3365 4940 adhibebat,
3412 4877 3493 4926 vi-

1909 4961 2075 5013 debat
2128 4961 2347 5030 quidem
2382 4976 2444 5014 ea
2477 4977 2597 5031 qua:
2649 4979 2774 5018 mox
2824 4963 3099 5036 Egyptiis
3130 4965 3180 5018 in
3212 4967 3327 5034 ipse
3358 4981 3488 5034 pro-

1913 5054 2090 5119 pheta:
2124 5063 2388 5120 tempore,
2417 5066 2683 5108 eventura
2716 5067 2908 5122 erant;
2944 5059 3181 5126 itemque
3203 5059 3495 5127 prospicie-

1913 5144 2007 5195 bat
2035 5144 2174 5197 bona
2213 5141 2304 5196 illa
2351 5158 2470 5210 quae
2519 5146 2779 5200 diuturno
2811 5159 2934 5215 post
2967 5159 3211 5217 tempore
3242 5149 3292 5201 in
3324 5148 3464 5220 ΑΕΗ

1913 5236 2146 5303 ptiorum
2180 5223 2403 5308 regione
2431 5238 2611 5293 futura
2637 5249 2816 5293 erant.
2852 5240 2988 5294 llinc
3018 5255 3139 5294 cum
3171 5241 3321 5308 prius
3351 5241 3492 5295 bona

1917 5326 2240 5382 vaticinatus
2269 5343 2435 5393 esset,
2472 5332 2540 5384 ad
2582 5345 2646 5384 ea
2686 5346 2808 5398 qua:
2855 5345 2979 5384 mox
3027 5341 3294 5384 eventura
3337 5346 3499 5386 erant

1914 5419 2231 5485 pertransit.
2276 5419 2401 5474 llmc
2442 5436 2604 5490 porro
2650 5420 2926 5492 Egyptiis
2973 5424 3174 5489 tristia,
3224 5439 3345 5492 quae
3397 5439 3497 5478 nec

1908 5509 1997 5562 diu
2027 5519 2217 5579 postea
2246 5511 2466 5581 impleta
2497 5521 2645 5578 sunt,
2679 5514 2869 5568 iisdem
2905 5515 3038 5584 ipsis
3075 5530 3183 5585 quo
3227 5516 3493 5584 propheta

1910 5602 2240 5671 conspicuus
2279 5614 2334 5660 et
2381 5615 2546 5661 notus
2587 5616 2708 5661 erat
2751 5609 3108 5676 temporibus.
3165 5603 3494 5667 Necessario

1911 5702 2089 5749 autem
2120 5694 2355 5765 Spiritus
2384 5697 2599 5752 divinus
2631 5698 2695 5754 dc
2737 5698 2949 5753 Domini
2985 5701 3034 5752 in
3069 5696 3366 5769 {Egyptum
3395 5697 3490 5749 ad-
