4042 6466
569 414 693 481 πυ

1276 413 1548 473 EUSEBII
1584 411 2055 472 CASSARIENSIS
2088 411 2238 471 OPP.
2279 410 2461 469 PARS
2496 413 2588 469 ιιι.
2630 444 2699 455 —
2738 412 3147 470 EXEGETICA.

3716 410 3824 467 ειο

582 548 764 605 ventu,
785 546 853 594 et
883 536 949 592 de
973 534 1133 591 bonis
1160 533 1359 589 ibidem
1390 535 1443 589 in
1478 532 1764 605 Egyptios
1786 531 2129 587 conlerendis

2236 500 2461 600 Πνεῦμα
2484 530 2585 600 τῆς
2617 530 2744 592 περὶ
2770 528 2864 581 τοῦ
2894 528 3102 601 Κυρίου
3133 528 3212 590 είς
3256 524 3532 595 Αἴγυπτον
3560 522 3820 594 ἀφίξεως.

582 633 929 694 vaticinatus,
956 643 1017 683 ea
1048 641 1167 697 qua:
1203 629 1324 681 mox
1355 626 1513 681 linem
1554 635 1775 681 nactura
1807 634 1966 679 erant
2005 624 2135 679 sub-

582 722 737 785 didit,
792 729 851 774 ut
896 734 926 773 a
977 718 1320 787 praesentium
1351 726 1548 771 eventu
1586 730 1670 779 ea,
1712 729 1832 785 qua:
1881 714 2138 768 diuturno

580 824 702 884 post
730 823 974 884 tempore
996 811 1173 865 futura
1212 818 1393 875 erant,
1420 808 1699 864 credibilia
1724 814 1910 861 essent
1942 805 2012 861 iis
2042 806 2135 873 qui

581 913 711 958 tunc
735 901 1165 973 propheticon
1189 911 1497 952 aerumnam
1512 898 1785 952 auditores
1804 903 1982 951 erant.
2013 893 2137 951 Haec

578 1006 710 1062 ergo
735 990 983 1063 quatiam
1015 997 1329 1050 tractamus,
1359 1001 1464 1041 non
1510 996 1668 1042 erant
1714 994 1841 1043 ante
1885 1000 2136 1055 praenun—

576 1079 1054 1138 tistiscontraria:
1081 1078 1171 1133 illa
1202 1079 1402 1148 quippe
1429 1092 1529 1147 pro
1552 1077 1887 1148 temporibus
1918 1077 1975 1130 in
2013 1091 2137 1147 pro-

584 1175 760 1245 phetia
788 1174 1021 1237 notatis;
1061 1171 1178 1226 haec
1221 1184 1351 1225 vero
1383 1183 1483 1239 pro
1519 1167 1679 1224 rebus
1713 1182 1837 1224 mox
1884 1168 2136 1239 gerendis

579 1264 915 1321 enuntiabat.

610 1468 612 1471 ·
647 1444 815 1501 Vsus.
846 1442 901 1497 5.
947 1460 965 1493 ι
990 1441 1054 1495 Et
1085 1439 1485 1495 confundentur
1511 1438 1751 1509 superati
1784 1436 2024 1508 Egyptii
2066 1436 2135 1490 ab

578 1536 945 1608 Ethiopibus,
983 1534 1037 1588 in
1061 1533 1255 1601 quibus
1282 1531 1628 1587 conﬁdebant
1666 1531 1943 1603 Egyptii:
1976 1536 2133 1585 erant

578 1628 721 1684 enim
761 1626 893 1697 ipsis
918 1624 1107 1695 gloria.
1130 1641 1152 1675 ε
1197 1622 1597 1681 Erubescentes
1635 1621 1849 1678 scilicet
1889 1621 1955 1676 de
1983 1622 2050 1676 iis
2078 1620 2131 1674 in

579 1721 775 1789 quibus
795 1716 1170 1780 conﬁdebant;
1211 1716 1285 1769 ita
1320 1724 1380 1771 ut
1411 1729 1534 1771 sese
1571 1714 1673 1784 ipsi
1716 1714 2039 1769 damnarent
2075 1723 2133 1769 et

579 1818 884 1879 arguerent.

650 1901 810 1957 Vens.
843 1898 894 1954 6.
935 1899 1042 1953 «Et
1064 1898 1246 1953 dicent
1269 1898 1358 1967 qui
1394 1897 1636 1952 habitant
1686 1896 1739 1950 in
1785 1894 1961 1951 insula
2004 1895 2129 1961 hac,
2162 1881 2206 1939 Β

578 1993 715 2047 Ecce
762 2006 862 2047 nos
907 1988 1333 2053 conlidebamus,
1395 1998 1449 2041 ut
1499 1987 1564 2041 ad
1614 1999 1804 2041 eorum
1863 1973 2129 2040 auxilium

578 2084 1011 2154 confugeremus,
1070 2082 1161 2152 qui
1200 2096 1306 2136 non
1357 2086 1650 2150 potuerunt
1688 2078 1895 2133 servari
1946 2091 1977 2132 a
2005 2078 2133 2148 rege

575 2176 939 2247 Assyriorum,
969 2185 1025 2229 et
1043 2172 1309 2243 quomodo
1332 2185 1431 2225 nos
1462 2168 1837 2226 servabimur?
1862 2186 1880 2220 ι

1150 2262 1374 2319 CAPUT
1414 2261 1557 2317 XXI.

646 2357 885 2421 Vsas.l,
915 2357 969 2411 ἰ.
1026 2374 1043 2407 ι
1077 2354 1224 2411 Visio
1273 2354 1493 2410 deserti.
1540 2352 1696 2408 Sicut
1746 2350 1983 2421 procella
2038 2364 2133 2423 per

574 2454 845 2507 desertum
886 2448 1104 2511 transit,
1139 2460 1205 2502 ex
1231 2445 1446 2499 deserto
1484 2442 1707 2498 veniens
1734 2457 1763 2495 a
1794 2453 1935 2496 terra
1971 2459 1986 2495 :
2021 2448 2133 2496 ter-

572 2542 748 2598 ribilis
770 2541 908 2595 visio
941 2548 997 2593 et
1034 2538 1190 2600 dura,
1223 2535 1529 2590 renuntiata
1565 2543 1650 2589 est
1680 2532 1833 2587 mihi.
1874 2528 2131 2588 Contem-

573 2642 697 2702 ptor
725 2629 1039 2690 contemnit,
1073 2636 1127 2682 et
1164 2627 1379 2696 iniquus
1409 2625 1591 2694 inique
1615 2625 1746 2692 agit.
1786 2624 1866 2679 Ad
1892 2638 1979 2678 me
2004 2623 2127 2677 Ela-

574 2723 739 2789 mittc,
769 2732 835 2778 et.
858 2720 1015 2789 legati
1059 2719 1344 2773 Persarum
1389 2717 1453 2770 ad
1501 2730 1591 2770 me
1626 2716 1865 2771 veniunt.
1897 2733 1917 2767 ι
1947 2715 2130 2770 Persas

575 2818 754 2884 itaque
778 2826 885 2867 non
919 2812 1007 2865 diu
1036 2819 1217 2879 postea
1251 2808 1525 2864 Medorum
1551 2808 1833 2878 imperium
1866 2808 2130 2878 excipiem

572 2916 674 2970 tes,
710 2903 996 2974 Babylonis
1039 2900 1297 2970 reliquias
1325 2908 1653 2955 everterunt.
1680 2897 1808 2954 Jure
1853 2899 2020 2970 igitur
2057 2913 2131 2953 m-

572 2995 732 3049 Stimo
760 2994 878 3047 haec
914 2992 1126 3046 hostilia
1155 2990 1294 3045 facta
1328 2990 1393 3044 de
1418 2990 1691 3061 Babylone
1717 2990 1841 3045 dici.
1866 2990 2004 3057 Quid
2026 2991 2129 3046 sibi

570 3085 685 3137 vult
719 3093 897 3137 autem
928 3097 1049 3136 cum
1075 3082 1173 3144 ait,
1210 3100 1228 3132 ι
1256 3080 1405 3135 Visio
1428 3080 1668 3134 deserti?
1699 3100 1718 3132 ι
1771 3080 1891 3134 1am
1934 3080 2128 3136 exhinc

571 3171 899 3240 Babylonem
924 3178 1080 3225 vocat
1110 3170 1407 3234 desertum,
1456 3177 1677 3237 propter
1706 3182 1767 3221 ea
1795 3182 1913 3236 quae
1943 3170 2009 3222 de
2038 3184 2130 3223 va-

570 3263 755 3316 stitate
802 3260 919 3328 eius
955 3260 1009 3313 in
1052 3257 1335 3328 prophetia
1382 3255 1649 3311 feruntur.
1697 3258 1879 3324 Quare
1912 3274 1975 3312 ex
2008 3274 2126 3327 per-

570 3366 701 3406 sona
748 3350 914 3420 ipsius
954 3347 1246 3417 Babylonis
1295 3346 1408 3400 hrec
1452 3346 1594 3401 dicta
1644 3346 1811 3401 fuisse
1868 3348 2125 3414 arbitror,

569 3443 722 3512 quasi
763 3441 921 3505 mala,
954 3453 1073 3509 qua
1096 3446 1354 3493 eventura
1383 3437 1483 3490 sibi
1513 3446 1668 3491 erant
1707 3438 1926 3493 auribus
1964 3455 2125 3493 acce-

570 3535 758 3605 pisset,
786 3547 849 3586 ac
878 3538 1215 3601 precaretur,
1248 3538 1305 3581 ut
1328 3528 1521 3581 horum
1559 3527 1777 3582 auditus
1824 3529 2126 3597 pertransi-

572 3635 675 3691 ret,
716 3635 879 3694 utque
910 3638 994 3687 ea,
1035 3636 1155 3691 quae
1184 3621 1635 3689 exspectabantur
1666 3636 1769 3674 non
1798 3622 2123 3676 acciderent.

644 3718 806 3771 Vsus.
832 3715 883 3769 5.
918 3732 938 3765 ι
972 3712 1126 3767 Nunc
1154 3711 1348 3778 lugebo
1387 3720 1441 3763 et
1470 3710 1794 3765 consolabor
1843 3727 1945 3766 me.
1988 3711 2126 3766 Pro-

570 3804 1020 3878 ptereaimpletus
1043 3811 1126 3859 est
1157 3803 1369 3857 lumbus
1402 3815 1552 3856 meus
1572 3801 1859 3867 solutione,
1894 3810 1951 3856 et
1974 3802 2126 3859 dolo-

570 3916 658 3955 res
692 3899 1003 3952 invaserunt
1031 3911 1115 3950 me
1135 3904 1387 3964 tanquam
1416 3894 1826 3963 parturientem.
1857 3912 1875 3945 ι
1900 3894 2121 3961 Verum,

571 3999 632 4043 ut
657 4003 754 4055 par
784 3995 882 4051 est,
912 4002 1053 4040 nunc
1092 3983 1303 4055 lugebo,
1345 3985 1488 4054 quod
1522 3999 1625 4039 non
1660 3992 1823 4039 antea
1866 3983 2121 4051 feceram,

571 4078 698 4149 quia
725 4078 952 4146 superba
978 4089 1149 4140 eram,
1177 4084 1233 4129 et
1264 4076 1525 4129 adversus
1562 4074 1800 4143 reliquas
1822 4084 2012 4144 gentes
2038 4090 2123 4130 me

573 4166 897 4222 extollebam
928 4203 943 4227 ,
981 4165 1053 4217 ita
1096 4173 1157 4218 ut
1201 4164 1322 4219 aliis
1354 4178 1523 4219 essem
1556 4164 1730 4218 luctus
1761 4179 1945 4219 causa.
1971 4163 2125 4219 Nunc

570 4273 702 4313 vero
728 4271 826 4327 ego
851 4259 962 4326 ipsa
992 4254 1247 4325 Babylon,
1286 4269 1408 4309 cum
1455 4256 1650 4325 populo
1680 4271 1798 4311 meo
1825 4256 2041 4326 lugebo,
2072 4266 2127 4312 et

566 4352 715 4408 luctu
769 4364 855 4407 me
896 4348 1252 4412 consolabor;
1286 4350 1413 4418 quia
1452 4364 1538 4402 me
1585 4363 1766 4403 rerum
1814 4349 2125 4416 huiusmodi

566 4441 814 4496 nuntium
838 4438 1095 4510 perculit:
1141 4439 1295 4507 cujus
1325 4453 1486 4493 causa
1523 4439 1761 4508 repletus
1798 4448 1880 4509 est
1913 4439 2126 4505 lumbus

2236 623 2330 675 καὶ
2362 621 2491 692 περὶ
2528 620 2638 673 τῶν
2673 620 2762 673 ἐπ’
2792 620 2929 690 αὐτῇ
2959 616 3338 689 γενησομένων
3357 618 3471 679 τοῖς
3503 615 3823 685 Δίγυπτίοις

2235 713 2453 783 ἀγαθῶν
2485 712 2770 777 θεσπίσαν,
2808 711 2876 765 τὰ
2930 710 3273 783 παραχρῆμα
3328 707 3589 781 μέλλοντα
3630 708 3823 776 τέλους

2234 806 2521 875 τυγχάνειν
2555 802 2792 873 συνῆψεν
2815 819 2829 832 ο
2876 802 2964 856 ῖνα
2994 801 3104 855 ἀπὸ
3133 801 3235 872 τῆς
3270 800 3381 854 τῶν
3404 798 3694 873 παρόντων
3730 800 3823 854 ἐκ·

2234 897 2444 961 ϐάσεως
2472 897 2565 949 καὶ
2592 895 2663 949 τὰ
2697 896 2927 967 μακροῖς
2959 892 3185 964 ὕστερον
3215 892 3429 964 χρόνοις
3462 891 3726 963 μέλλοντα
3746 889 3823 960 γίο

2233 985 2420 1041 νεσθαι
2456 982 2766 1055 πιστευθείη
2799 985 2911 1047 τοῖς
2944 982 3066 1036 τότε
3092 979 3398 1052 τηνικαῦτα
3421 980 3530 1035 τῶν
3552 996 3822 1052 προφητι-

2233 1077 2346 1131 κῶν
2368 1077 2542 1146 λόγων
2570 1074 2921 1130 ἐπακούουσι.
2956 1073 3072 1128 Οὐκ
3111 1068 3182 1144 ἦν
3207 1068 3301 1127 οὖν
3326 1072 3543 1127 ἐναντία
3582 1071 3654 1127 τὰ
3684 1089 3819 1143 προ-

2233 1169 2461 1241 κείμενα
2479 1168 2589 1222 τῶν
2606 1166 2696 1221 διὰ
2722 1166 2830 1220 τῶν
2851 1164 3160 1237 ἔμπροσθεν
3180 1162 3673 1235 προφητευομένων
3696 1179 3711 1193 '
3746 1162 3820 1217 τὰ

2236 1262 2335 1332 μὲν
2380 1259 2489 1331 γὰρ
2520 1260 2600 1323 εις
2625 1260 2753 1322 τοὺς
2800 1255 3313 1328 προφητευομένους
3364 1256 3624 1327 χρόνους·
3659 1254 3730 1309 τὰ
3760 1255 3819 1309 δέ

2232 1352 2485 1425 περὶτῶν
2513 1352 2740 1421 ἔγγιστα
2765 1351 3147 1429 γενησομένων
3176 1347 3444 1418 άνεφώνει

2309 1462 2328 1496 ι
2356 1444 2466 1497 Καὶ
2512 1441 3028 1514 ἀναισχυνθήσονται
3065 1440 3390 1512 ἡττηθέντες
3431 1442 3483 1493 οῖ
3527 1440 3818 1511 Δίγύπτιοι

2232 1538 2323 1590 ἐπὶ
2353 1538 2466 1600 τοῖς
2494 1534 2760 1605 Δίθίοψιν,
2788 1535 2875 1603 ἐφ’
2911 1528 2994 1598 οἷς
3036 1528 3175 1605 ἦσαν
3208 1531 3527 1597 πεποιθότες
3566 1535 3619 1587 oi
3650 1532 3819 1602 Αίγύ-

2232 1643 2376 1679 πτιοι
2395 1643 2410 1657 ο
2452 1621 2590 1698 ἦσαν
2618 1624 2728 1697 γὰρ
2756 1624 2938 1688 αὐτοῖς
2967 1623 3093 1690 δόξα
3115 1640 3130 1655 ο
3154 1642 3174 1676 ι
3228 1621 3589 1694 ἐρυθριῶντες
3623 1624 3709 1692 ἐφ’
3733 1618 3818 1686 οἷς

2231 1718 2492 1789 ἐθάρσουν
2523 1715 2617 1769 καὶ
2658 1713 3070 1769 ἐπεποίθεισαν·
3121 1713 3199 1778 ὡς
3242 1712 3676 1781 καταγινώσκειν
3716 1714 3815 1767 καὶ

2235 1805 2546 1879 μέμφεσθαι
2574 1806 2771 1869 αὐτοὺς
2796 1803 3042 1868 ἑαυτούς.

2312 1916 2330 1949 ι
2356 1897 2467 1952 Καὶ
2488 1896 2704 1969 ἐροῦσιν
2732 1897 2783 1951 οἱ
2830 1893 3210 1958 κατοικοῦντες
3248 1894 3308 1949 ἐν
3324 1895 3393 1965 τῇ
3420 1895 3571 1966 νήσῳ
3593 1894 3772 1968 ταύτῃ
3793 1911 3809 1926 ο

2253 1990 2386 2044 Ἰδοὺ
2414 1991 2577 2061 ἡμεῖς
2607 1984 2750 2061 ἦμεν
2780 1987 3099 2051 πεποιθότες
3142 1985 3240 2040 τοῦ
3268 1988 3461 2056 φυγεῖν
3502 1987 3583 2050 εις
3613 1988 3816 2051 αὐτοὺς

2232 2085 2312 2145 είς
2340 2082 2613 2154 βοήθειαν,
2638 2081 2688 2136 οἳ
2717 2082 2817 2136 οὐκ
2840 2080 3099 2152 ἠδύναντο
3132 2078 3367 2151 σωθῆναι
3409 2079 3519 2133 ἀπὸ
3544 2078 3814 2150 βασιλέως

2246 2175 2539 2247 ’Δσσυρίων
2560 2192 2575 2205 ·
2603 2175 2696 2230 καὶ
2731 2174 2845 2238 πῶς
2867 2176 3029 2245 ἡμεῖς
3061 2171 3422 2244 σωθησόμεθα
3446 2188 3461 2237 ;
3488 2190 3507 2223 ι

2739 2262 3135 2321 ΚΕΦΑΛΑΙΟΝ
3163 2266 3293 2318 KA’.

2310 2376 2329 2409 ι
2353 2358 2424 2410 Τὸ
2477 2360 2660 2431 ὅραμα
2683 2357 2781 2429 τῆς
2824 2358 3050 2429 ἐρήμου.
3100 2355 3189 2419 Ὠς
3212 2352 3465 2422 καταιγὶς
3505 2352 3574 2408 δι’
3600 2352 3815 2425 ἐρήμου

2230 2440 2446 2515 διέλθοι,
2478 2448 2537 2515 ἐξ
2562 2449 2769 2522 ἐρήμου
2798 2447 3063 2520 ἐρχομένη
3092 2447 3158 2500 ἐκ
3181 2446 3285 2517 γῆς
3304 2459 3320 2479 ο
3353 2444 3581 2515 φοϐερὸν
3601 2444 3663 2497 τὸ
3681 2444 3814 2514 ὅρα-

2234 2560 2331 2614 μα,
2366 2544 2460 2597 καὶ
2487 2542 2721 2614 σκληρὸν
2752 2539 3024 2611 ἀνηγγέλη
3058 2556 3169 2611 μοι.
3210 2540 3271 2592 '0
3300 2536 3509 2592 ἀθετῶν
3556 2534 3759 2603 ἀθετεῖ,
3782 2538 3817 2591 ὁ

2231 2631 2448 2703 ἀνομῶν
2477 2632 2690 2702 άνομεῖ.
2752 2629 2869 2683 Ἐπ’
2900 2628 3022 2699 ἐμοὶ
3077 2628 3128 2681 οἱ
3164 2626 3444 2698 Ἐλαμῖται
3472 2624 3566 2679 καὶ
3592 2626 3643 2678 oi
3676 2623 3814 2696 πρέ-

2231 2725 2381 2786 σϐεις
2409 2722 2517 2775 τῶν
2550 2719 2774 2792 Περσῶν
2814 2718 2900 2772 ἐπ’
2933 2718 3032 2790 ἐμὲ
3064 2718 3341 2789 ἔρχονται..
3363 2736 3381 2769 ι
3418 2716 3628 2789 Πέρσαι
3654 2716 3810 2786 γοῦν,

2229 2814 2446 2887 Μήδους
2466 2815 2565 2868 ούκ
2597 2814 2674 2877 είς
2705 2811 2920 2883 μακρὰν
2958 2810 3347 2881 διαδεξάμενοι,
3370 2810 3439 2864 τὰ
3460 2810 3688 2879 λείψανα
3711 2810 3814 2882 τῆς

2229 2906 2548 2969 Βαϐυλῶνος
2582 2904 2848 2958 καθεῖλον.
2875 2901 3112 2965 Εἰκότως
3138 2897 3230 2955 οὖν
3251 2901 3379 2973 περὶ
3403 2900 3721 2965 Βαϐυλῶνος
3739 2901 3813 2955 τα

2229 2999 2500 3070 πολεμικά
2530 2995 2779 3068 είρῆσθαι
2810 2993 3069 3067 ἡγοῦμαι.
3096 2994 3162 3046 Τί
3194 2993 3253 3046 δέ
3310 2992 3556 3063 βούλεται
3596 2992 3625 3043 ὁ
3651 2991 3813 3061 λόγος

2230 3092 2479 3161 φάσκων,
2515 3088 2628 3143 «Τὸ
2673 3089 2854 3158 ὅραμα
2904 3086 3007 3155 τῆς
3054 3087 3348 3157 ἐρήμους»
3399 3082 3679 3137 Ἐντεῦθεν
3704 3081 3811 3155 ήδη

2231 3181 2524 3235 Βαϐυλῶνα
2564 3178 2769 3252 ἔρημον
2799 3176 3050 3247 ὀνομάζει
3078 3176 3167 3231 διὰ
3195 3177 3265 3230 τὰ
3291 3174 3651 3229 θεσπισθέντα
3677 3174 3812 3247 περὶ

2229 3274 2331 3343 τῆς
2361 3273 2594 3345 ἐρημίας
2620 3271 2809 3341 αὐτῆς.
2840 3268 2931 3322 Διὸ
2955 3270 3021 3322 ἐκ
3055 3266 3346 3339 προσώπου
3369 3267 3470 3338 τῆς
3490 3266 3810 3331 Βαϐυλῶνος

2229 3365 2397 3434 αὐτῆς
2425 3361 2574 3434 οίμαι
2598 3360 2772 3416 ταῦτα
2797 3360 3066 3428 λέγεσθαι,
3096 3360 3173 3424 ὡς
3195 3361 3277 3424 είς
3296 3360 3467 3431 ἀκοὴν
3502 3357 3812 3430 παραδεξα-

2231 3456 2398 3526 μένης
2416 3457 2484 3509 τὰ
2513 3454 2773 3525 μέλλοντα
2798 3454 2934 3524 αὐτῇ
2963 3452 3172 3506 ἐπιέναι
3203 3450 3370 3517 κακὰ,
3405 3450 3705 3523 εὐχομένης
3746 3466 3811 3504 τε

2227 3544 2514 3617 παρελθεῖν
2536 3544 2633 3616 τὴν
2664 3543 2852 3614 ἀκοὴν,
2887 3542 2981 3595 καὶ
3015 3541 3089 3613 μὴ
3118 3541 3370 3611 γενέσθαι
3395 3542 3465 3595 τὰ
3493 3539 3809 3614 προσδοκῶ·

2231 3657 2389 3710 μενα.

2303 3753 2320 3785 ι
2340 3732 2453 3786 Νῦν
2483 3730 2722 3796 στενάξω
2752 3731 2845 3786 καὶ
2877 3728 3244 3802 παρακαλέσω
3264 3728 3518 3797 ἐμαυτόν.
3551 3726 3652 3780 Διὰ
3682 3725 3811 3781 τοῦ-

2227 3839 2288 3874 το
2314 3820 2617 3892 ἐνεπλήσθη
2647 3821 2681 3891 ή
2704 3819 2873 3889 ὀσφύς
2907 3836 3006 3891 μου
3032 3816 3320 3881 ἐκλύσεως,
3344 3817 3438 3871 καὶ
3469 3817 3655 3881 ὠδῖνες
3678 3817 3807 3875 ιλα-

2228 3914 2319 3967 ϐόν
2354 3930 2419 3983 με
2449 3914 2525 3975 ὡς
2572 3912 2879 3967 τίκτουσαν.
2904 3932 2922 3963 ι
2965 3910 3103 3964 Ἀλλ’
3126 3910 3201 3973 ὡς
3234 3909 3376 3964 ἔοικε
3416 3909 3511 3966 νῦν
3544 3911 3804 3977 στενάξω,

2224 4004 2360 4073 ὅπερ
2395 4002 2656 4072 πρότερον
2691 4000 2790 4054 οὐκ
2816 4000 3102 4073 ἔπραττον,
3141 3999 3488 4071 ὑπερήφανος
3515 3995 3673 4063 οὖσα.
3710 4002 3809 4055 καὶ

2225 4092 2333 4146 τῶν
2358 4090 2557 4143 λοιπῶν
2608 4088 2774 4144 ἐθνῶν
2816 4088 3254 4160 κατεπαιρομένη
3280 4105 3293 4118 ·
3346 4088 3422 4151 ὼς
3458 4090 3666 4161 ἑτέροις
3706 4092 3809 4162 ἐμ-

2227 4185 2398 4236 ποιεῖν
2422 4180 2771 4252 στεναγμούς.
2814 4179 2927 4233 Νῦν
2957 4179 3014 4232 δὲ
3047 4177 3185 4248 αὐτὴ
3214 4177 3323 4247 ἐγὼ
3350 4177 3629 4243 Βαϐυλὼν,
3658 4181 3755 4234 καὶ
3776 4182 3808 4233 ό

2228 4276 2285 4327 ἐν
2316 4273 2438 4344 ἐμοὶ
2455 4271 2603 4335 λαὸς,
2638 4269 2896 4336 στενάξω,
2927 4270 3021 4325 καὶ
3049 4269 3411 4343 παρακαλέσω
3439 4271 3683 4342 ἐμαυτὴν
3714 4272 3807 4327 διὰ

2225 4362 2317 4418 τοῦ
2344 4361 2648 4435 στεναγμοῦ
2669 4380 2684 4395 ο
2708 4360 2894 4431 ἐπειδὴ
2913 4360 3195 4432 καθήψατό
3248 4378 3347 4431 μου
3369 4363 3402 4432 ή
3432 4362 3562 4434 περὶ
3586 4362 3695 4415 τῶν
3723 4363 3809 4416 λε-

2226 4453 2460 4525 χθέντων
2474 4445 2798 4523 ἀγγελία,ἦς
2810 4451 2970 4506 ἕνεκα
2997 4448 3239 4522 ἐπλήσθη
3269 4452 3302 4522 ἡ
3326 4450 3495 4521 ὀσφύς
3517 4469 3619 4523 μου
3644 4453 3808 4507 um-

565 4547 720 4586 meus
756 4530 1040 4594 solutione,
1080 4531 1171 4599 qui
1221 4530 1349 4585 olim
1406 4531 1729 4599 pmcinctus
1791 4540 1911 4585 erat
1944 4539 1999 4586 et
2044 4533 2123 4585 la-

2230 4561 2366 4605 σεως
2413 4543 2578 4597 πάλαι
2610 4543 3017 4614 κατεσφιγμένη
3079 4543 3174 4596 καὶ
3200 4542 3611 4615 νεανιευομένηο
3640 4544 3806 4616 ὀδύνη

571 4622 851 4677 sciviebat.
882 4620 1042 4674 Dolor
1067 4619 1194 4674 item
1233 4632 1287 4674 et
1314 4620 1526 4675 labores
1557 4632 1644 4673 me
1668 4628 2026 4687 occuparunt,
2052 4620 2122 4674 ita

567 4725 630 4767 ut
660 4728 761 4783 ego
792 4712 1048 4782 Babylon,
1084 4712 1209 4765 olim
1254 4711 1468 4766 caeteris
1496 4710 1771 4774 terribilis,
1809 4711 1941 4766 nihil
1968 4711 2123 4766 diffe-

567 4821 684 4859 ram
714 4821 743 4860 a
780 4805 1002 4859 muliere
1054 4805 1314 4873 pariente.
1362 4802 1485 4857 Htec
1526 4818 1686 4872 porro
1732 4803 1862 4857 mihi
1907 4804 2122 4859 accide-

566 4908 713 4964 runt,
751 4898 877 4968 quia
928 4897 1101 4951 fateor
1136 4910 1220 4949 me
1258 4896 1439 4963 inique
1472 4895 1670 4963 egisse,
1702 4908 1823 4949 cum
1853 4894 2122 4949 neminem

565 4987 1136 5043 commonefacientem
1162 4999 1249 5039 me
1280 4985 1543 5047 audirem,
1579 4993 1633 5038 et
1661 5000 1783 5040 cum
1819 4985 1949 5039 mihi
1978 5000 2124 5039 cura:

568 5090 729 5141 esset,
769 5088 828 5132 ut
854 5087 1058 5132 rectum
1082 5076 1216 5131 nihil
1248 5076 1564 5145 aspicerem.
1600 5076 1800 5143 Quare,
1834 5077 1934 5143 ait,
1980 5092 2125 5133 nunc

567 5168 873 5223 conﬁtendo
906 5168 1047 5223 dico.

636 5257 803 5314 Vens.
836 5259 893 5313 ι.
938 5276 957 5309 ι
988 5258 1172 5328 Inique
1211 5257 1321 5329 egi,
1359 5260 1502 5328 quod
1554 5272 1661 5313 non
1708 5258 1944 5315 viderem
1976 5278 1989 5314 :
2024 5275 2122 5316 cor

568 5368 745 5405 incum
794 5359 966 5415 errat,
1009 5350 1270 5418 iniquitas
1316 5363 1439 5403 mea
1478 5349 1739 5420 demergit
1783 5366 1867 5405 me
1895 5367 1911 5405 :
1940 5352 2121 5407 anima

570 5457 683 5494 mea
716 5444 766 5495 in
799 5451 946 5496 metu
971 5450 1239 5495 versatur.
1265 5460 1285 5493 ι
1317 5439 1445 5495 Hac
1472 5455 1605 5495 sane
1639 5450 1771 5511 puto
1790 5443 2118 5511 upropheta

568 5533 704 5585 dicta
758 5531 942 5598 fuisse,
998 5530 1290 5602 Babylonis
1344 5545 1628 5601 personam
1679 5518 2015 5602 assumente,
2066 5544 2122 5589 et

565 5622 716 5688 quasi
740 5622 1007 5689 ejusdem,
1043 5624 1156 5679 sive
1188 5622 1364 5693 gentis
1409 5623 1653 5678 eamdem
1698 5623 1986 5681 incolentis
2021 5640 2121 5681 no-

566 5714 710 5767 mine
750 5714 861 5767 haec
884 5715 1025 5769 dicta
1063 5714 1315 5783 proferri.

639 5804 883 5861 Vans.'5.
951 5822 968 5855 ι
999 5803 1245 5873 Praepara
1305 5818 1570 5875 mensam,
1610 5809 1896 5877 comedite,
1915 5814 2115 5883 bibite;

2225 4652 2284 4688 τε
2313 4635 2407 4688 καὶ
2455 4633 2607 4688 πόνοι
2636 4633 2935 4689 κατέλαϐόν
2970 4651 3059 4704 με,
3111 4634 3186 4698 ὡς
3220 4635 3387 4706 μηδὲν
3424 4634 3706 4708 διαφέρειν
3733 4655 3805 4708 με

2224 4726 2321 4799 τὴν
2346 4720 2657 4793 Βαϐυλῶνα,
2688 4726 2788 4798 τὴν
2815 4726 2981 4781 πάλαι
3000 4726 3205 4798 ἑτέροις
3224 4724 3387 4781 οὖσαν
3416 4726 3676 4801 φοϐερὰν,
3705 4746 3807 4799 γυ-

2226 4816 2409 4879 ναικὸς
2426 4815 2732 4887 τικτούσης.
2762 4814 2946 4869 Ταῦτα
2973 4815 3031 4869 δέ
3066 4834 3153 4887 μοι
3195 4815 3561 4889 συμϐέϐηκεν,
3590 4820 3810 4895 ἐπειδή-

2226 4922 2328 4977 περ
2345 4906 2587 4977 ὁμολογῶ
2608 4906 2946 4977 ἠδικηκέναι,
2969 4908 3055 4960 ὅτε
3076 4907 3297 4979 μηδενὸς
3319 4911 3515 4981 ἢκουον
3532 4910 3643 4966 τῶν
3659 4931 3806 4987 παρ-

2224 4996 2512 5051 αινούντων
2541 5015 2651 5069 μοι,
2685 4998 2778 5051 καὶ
2826 4998 2914 5051 ὅτε
2946 5000 3179 5067 σπουδὴν
3203 5000 3499 5081 ἐποιούμην
3522 5003 3688 5075 μηδὲν
3705 5006 3806 5079 όρ-

2225 5085 2314 5140 θὸν
2346 5087 2585 5159 βλέπειν.
2611 5088 2722 5152 Διὸ,
2758 5089 2911 5159 φησὶ,
2943 5088 3040 5142 νῦν
3069 5090 3531 5165 ἐξομολογουμένη
3568 5094 3737 5168 φημί·

2297 5284 2316 5317 ι
2338 5266 2600 5338 Ἦδίκησα
2616 5265 2709 5319 τοῦ
2736 5267 2809 5338 μὴ
2836 5267 3077 5337 βλέπειν
3103 5268 3424 5342 πλανᾶταιή
3451 5260 3649 5344 καρδία
3671 5291 3805 5346 μου,

2225 5358 2314 5410 καὶ
2348 5359 2605 5429 ήάνομία
2640 5376 2740 5429 μου
2780 5358 3027 5429 βαπτίζει
3059 5376 3160 5431 με⁸
3193 5362 3227 5431 ή
3255 5360 3399 5434 ψυχή
3432 5381 3536 5433 μου
3566 5366 3803 5440 ἐφέστη-

2221 5465 2315 5501 κεν
2333 5451 2411 5513 εἱς
2435 5449 2612 5518 φόϐον.
2648 5468 2667 5500 ι
2700 5450 2882 5504 Ταῦτα
2909 5451 3006 5523 μὲν
3032 5446 3185 5521 οἶμαι
3207 5450 3456 5523 λελέχθαι
3476 5455 3553 5526 τῷ
3580 5461 3802 5531 προφή-

2220 5554 2307 5613 τῃ,
2339 5538 2768 5611 προσωποιοῦντι
2820 5541 2917 5614 τὴν
2940 5541 3255 5607 Βαϐυλῶνα,
3278 5544 3374 5596 καὶ
3425 5544 3500 5608 ὡς
3522 5546 3582 5612 ἐξ
3603 5549 3800 5620 αὐτῆς,

2219 5631 2252 5702 ἢ
2282 5631 2375 5685 καὶ
2407 5630 2499 5685 τοῦ
2539 5632 2597 5683 ἐν
2632 5633 2769 5703 αὐτῇ
2809 5632 3185 5695 κατοικοῦντος
3224 5632 3410 5699 ἔθνους
3439 5637 3509 5691 τὰ
3529 5640 3799 5711 εἰρημένα

2219 5723 2596 5794 προέρχεσθαι.

2293 5814 2648 5883 ιἘτοίμασον
2699 5814 2799 5886 τὴν
2842 5816 3139 5887 τράπεζαν,
3190 5821 3412 5892 φάγετε,
3463 5822 3798 5881 πίετε’ἁνα-
