4042 6410
254 389 353 448 241

1209 377 1722 441 (ΞΟἊΗΕΝΤΔΒΙΔ
1761 377 1827 436 lN
1867 376 2127 435 lSAlAll.
2168 407 2234 420 —
2270 375 2427 434 CAP.
2467 372 2609 431 XXI.

3426 368 3535 423 ΩΒ

254 506 501 572 στάντες,
532 504 585 560 oi
618 500 1256 576 ἀρχοντες,ἀνασπάσατε
1285 497 1533 573 θυρεούς.
1555 519 1575 552 ι
1606 484 1682 552 Τὸ
1715 514 1843 570 προ-

1955 505 2277 570 surgentes.
2311 495 2613 568 principes,
2632 491 2858 563 arripite
2877 489 3119 561 clypeos.
3149 507 3170 543 »
3192 487 3399 553 Medos,
3415 488 3535 543 Ela-

253 596 486 668 φητικδν
520 594 742 665 πνεῦμα
779 593 917 667 πρὸς
940 594 1067 659 τοὺς
1096 591 1312 664 Μήδους
1336 592 1432 647 καὶ
1457 592 1585 655 τοὺς
1624 586 1843 660 Ἐλαμε-

250 704 368 754 τας,
391 686 491 741 καὶ
520 685 663 758 πρὸς
676 684 805 749 τοὺς
826 682 1083 755 πρέσϐεις
1100 681 1210 737 τῶν
1233 681 1460 753 Περσῶν
1478 678 1839 745 ἀωτείνεται,

249 778 521 850 διεγεῖρον
567 777 666 831 καὶ
695 774 995 847 παρορμῶν
1024 766 1219 837 αὐτοὺς
1244 772 1338 826 ἐπὶ
1361 771 1455 827 τὸν
1491 771 1631 825 κατά
1660 770 1841 826 Βαϐυ-

252 870 461 924 λωνίων
484 867 743 940 πόλεμον.
784 867 877 920 Διὸ
901 866 980 930 ὡς
1007 864 1145 937 πρὸς
1172 863 1369 929 αὐτούς
1392 880 1560 935 φησιν
1577 880 1591 894 ο
1628 883 1647 916 ι
1669 862 1842 918 Ἑτοί-

253 976 430 1032 μασον
450 958 553 1032 τὴν
581 956 895 1037 τράπεζαν,
914 956 1142 1027 φάγετε,
1167 974 1187 1008 ι
1225 956 1321 1009 καὶ
1351 955 1421 1010 τὰ
1448 954 1596 1027 ἑξῆς.

324 1052 485 1106 «Ὅτι
525 1050 701 1116 οὕτως
723 1045 847 1105 εἷπε
873 1048 1079 1123 Κύριος
1110 1048 1248 1121 πρὸς
1279 1048 1347 1120 μέ
1368 1066 1382 1081 ·
1413 1047 1646 1112 Βαδίσας
1682 1064 1841 1101 σεαυ-

249 1138 332 1213 τῷ
360 1140 570 1212 στῆσον
614 1140 837 1207 σιωπὺν,
868 1141 963 1196 καὶ
984 1141 1015 1194 6
1044 1140 1139 1195 ὲάν
1163 1138 1301 1213 ἴδῃς,
1345 1138 1685 1208 ἀναγγειλον.
1734 1141 1843 1193 Καὶ

250 1230 393 1290 εῐδον
424 1233 704 1299 ἀναϐάτας
746 1236 931 1298 ίππείς
983 1232 1096 1297 δύο,
1131 1231 1225 1287 καὶ
1255 1230 1534 1303 ἀναϐάτην
1571 1231 1715 1297 δνου,
1748 1230 1843 1284 καὶ

249 1325 533 1397 ἀναϐάτην
551 1319 819 1398 καμήλου.
873 1323 1165 1394 ’Δκρόασαι
1196 1323 1460 1394 ἀκρόασιν
1496 1322 1716 1394 πολλὴν,
1747 1323 1841 1377 καὶ

250 1417 485 1472 κάλεσον
508 1417 718 1489 Οὐρίαν
734 1417 815 1482 είς
842 1416 941 1488 τὴν
962 1415 1214 1470 σκοπιάν.
1241 1433 1260 1467 ι
1288 1414 1571 1486 Σημεῖαδὲ
1595 1415 1691 1468 καὶ
1714 1413 1845 1485 σύμ-

248 1509 383 1563 ϐολα
408 1505 480 1581 ἦν
505 1507 681 1562 ταῦτα
708 1508 809 1579 τῆς
832 1506 942 1562 τῶν
968 1506 1243 1578 πολεμίων
1274 1505 1654 1580 παρατάξεως,
1688 1499 1764 1561 ὧν
1791 1508 1840 1560 οί

254 1599 354 1671 μὶν
374 1598 465 1670 ἐφ’
498 1599 764 1670 ἁρμάτων
788 1598 1074 1670 ὀχούμενοι
1100 1596 1359 1669 ἐπῄεσαν,
1386 1599 1437 1652 oi
1463 1596 1522 1651 δὲ
1549 1598 1642 1651 ἰπὶ
1674 1614 1839 1652 νωτο-

246 1690 457 1763 φόρων,
483 1689 557 1743 τά
586 1690 775 1744 δέοντα
809 1690 945 1761 πρὸς
968 1689 1158 1763 χρείας
1186 1689 1532 1759 ἐπαγόμενοι.
1573 1708 1592 1740 ι
1614 1689 1839 1760 Ἀκρόα-

248 1799 339 1837 σαι
360 1782 631 1855 ἀκρόασιν
655 1781 879 1853 πολλὴν,
903 1781 999 1837 καὶ
1021 1781 1249 1837 κάλεσον
1273 1781 1477 1855 Οὐρίαν
1496 1783 1576 1845 είς
1596 1782 1696 1854 τὴν
1717 1799 1842 1837 σκο-

246 1874 404 1945 πιάν,
428 1893 449 1927 ι
481 1875 585 1946 τὴν
602 1874 933 1947 ῥηθήσεσθαι
962 1874 1264 1946 μέλλουσαν
1278 1874 1489 1942 ἔπειτα,
1520 1874 1672 1946 ἢτὴν
1697 1875 1845 1929 λέαι-
1876 1862 1918 1918 Β

242 1983 364 2031 ναν,
394 1967 432 2038 ἢ
488 1966 582 2021 τὸν
624 1967 814 2039 Ἀριὴλ
865 1966 1115 2031 κάλεσαι,
1168 1968 1318 2031 ὅπως
1363 1968 1457 2022 καὶ
1480 1967 1644 2031 αὐτὸς
1669 1967 1839 2022 ἐλθὼν

246 2055 354 2110 ὑπὸ
381 2055 480 2110 τοῦ
509 2055 714 2110 σκοποῦ
742 2055 983 2130 θεαθείη,
1026 2057 1121 2111 τοῦ
1151 2059 1433 2131 προφήτου
1464 2056 1580 2130 ἅμα
1611 2056 1691 2128 τῷ
1716 2075 1844 2112 σκο-

245 2147 334 2221 πῷ
361 2148 664 2220 θεωμένου.
708 2148 767 2203 '0
803 2148 861 2202 δὲ
893 2150 1176 2221 σημαίνων
1215 2149 1364 2219 λέγει
1389 2149 1459 2204 τά
1500 2148 1645 2220 ἑξῆς.
1679 2143 1845 2223 Οἶμαι

243 2240 332 2295 se
349 2240 561 2294 τούτων
587 2240 949 2313 σημαίνεσθαι
970 2241 1074 2313 τῆς
1114 2241 1415 2315 Ἂσσυρίων
1438 2241 1716 2313 βασιλείας
1746 2242 1845 2311 τὴν

244 2330 491 2402 παντελῆ
522 2330 840 2402 καθαίρεσιν
868 2331 1006 2385 Θεοῦ
1048 2331 1229 2403 κρίσει
1252 2333 1570 2405 γενομένην.
1621 2333 1764 2386 Ἀντί
1787 2332 1844 2385 δὲ

244 2423 360 2487 τοῦ,
394 2442 413 2476 ι
436 2423 666 2496 Οὐρίαν,
694 2443 712 2475 ι
749 2425 779 2478 6
806 2425 904 2496 μὲν
940 2424 1191 2490 Ἀκύλας,
1228 2443 1247 2477 ι
1274 2405 1495 2491 λέοντα,
1518 2444 1537 2477 ι
1569 2428 1597 2479 6
1615 2426 1673 2479 δὲ
1700 2425 1845 2497 Σύμ-

253 2532 453 2587 μαχος,
496 2532 519 2566 t
558 2514 837 2579 λέαινανμ
874 2518 904 2570 6
939 2515 997 2570 δὲ
1039 2516 1353 2582 Θεοδοπίων,
1408 2516 1656 2589 ι’Δριὴλ,
1683 2537 1703 2569 ι
1753 2518 1842 2585 ἐξ-

249 2603 478 2660 ἀδωκεν.
512 2606 700 2669 Οὐδεὶς
728 2608 906 2663 τοίνυν
937 2607 1139 2679 Οὐρίαν
1161 2607 1442 2679 ὠνόμασεν
1459 2624 1474 2641 ο
1502 2610 1625 2663 ἐπεὶ
1664 2609 1785 2663 οὐδὲ
1808 2612 1842 2683 ἡ

258 2696 527 2770 Ἐϐραῖκὴ
550 2700 702 2770 φωνὴ
724 2698 1101 2771 ἐμνημόνευσε
1129 2698 1224 2753 τοῦ
1255 2699 1450 2771 Οὐρία.

321 2807 340 2841 ι
361 2788 477 2843 Καὶ
508 2784 691 2845 εἶπεν·
724 2790 888 2862 ἔστην
919 2791 1214 2856 διαπαντὸς
1238 2792 1472 2864 ἡμέρας,
1501 2793 1596 2847 καὶ
1626 2794 1720 2846 ἐπὶ
1742 2794 1843 2865 τῆς

251 2878 604 2952 παρεμϐολῆς
624 2881 787 2954 ἔστην
816 2882 945 2955 ὅλην
979 2884 1079 2955 τὴν
1116 2885 1307 2939 νύκτα.
1333 2903 1352 2936 ι
1385 2885 1642 2959 Είστήκει
1663 2887 1843 2943 τοίνυν

250 2973 347 3027 καὶ
369 2975 400 3027 6
429 2975 718 3046 προφήτης
748 2975 865 3047 ἅμα
880 2974 960 3047 τῷ
984 2977 1191 3049 σκοπῷ,
1228 2979 1546 3052 καραδοκῶν
1580 2980 1680 3053 τὴν
1715 2981 1841 3053 μέλ-

249 3067 450 3123 λουσαν
479 3068 664 3132 αὐτοῖς
715 3067 1052 3139 ὀφθήσεσθαι
1082 3069 1205 3140 δψιν
1256 3070 1351 3125 τοῦ
1385 3070 1596 3137 λέοντος
1628 3075 1722 3127 καὶ
1744 3072 1843 3145 τῆς

248 3161 490 3233 λεαίνης,
525 3162 559 3233 ἢ
585 3161 677 3216 τοῦ
723 3161 933 3236 ’Δριήλ
979 3164 1432 3237 Διακαρτερήσας
1462 3164 1521 3219 δὲ
1551 3165 1644 3219 τὸν
1662 3166 1840 3221 πάντα

246 3252 347 3324 τῆς
650 3253 747 3308 καὶ
781 3220 878 3309 ibi;
915 3254 1016 3325 τῆς
1067 3220 1268 3319 νυέτὺέ
1573 3256 1833 3326 ἐπιλέγεγ
1865 3220 1909 3278 c

252 3362 274 3394 e
300 3342 420 3395 Καὶ
455 3340 566 3396 ίδοὺ
594 3342 759 3406 αὐτὸς
784 3340 1025 3414 ἔρχεται.
1054 3359 1074 3392 s
1116 3340 1211 3406 Τίς
1239 3340 1297 3396 δὲ
1326 3335 1560 3415 οὗτος,η
1588 3343 1838 3414 δηλονότι

260 3433 449 3506 Ἀριὴλ
492 3431 839 3505 ἐπιϐεϐηκὼς
886 3432 1170 3506 ξυνωρίδι;
1205 3433 1297 3487 Διό
1323 3450 1492 3505 φησι’
1535 3455 1554 3486 ι
1580 3435 1691 3490 Καὶ
1726 3434 1836 3490 ίϐοὺ

247 3526 413 3589 αὐτὸς
445 3525 663 3597 ἔρχεται
691 3526 787 3581 καὶ⁵
808 3525 1097 3599 ,ἀναϐάτης
1122 3525 1433 3599 ξυνωρίδος.
1474 3545 1494 3581 ι
1515 3528 1613 3593 Τίς
1661 3528 1719 3582 δὲ
1746 3520 1838 3582 οὗ·

247 3636 342 3683 τος
363 3619 476 3704 ἀρα
495 3614 588 3692 ἦν,
611 3619 647 3691 ἢ
673 3620 913 3707 τιμωρός
937 3638 1020 3686 τις
1059 3620 1310 3691 ἄγγελος,
1336 3621 1405 3677 δι’
1434 3613 1496 3676 οὗ
1516 3621 1592 3677 ⁴τὰ
1613 3623 1713 3695 τῆς
1740 3639 1839 3677 πο-

244 3708 495 3782 λιορκίας
524 3710 625 3782 τῆς
677 3710 996 3776 Βαϐυλῶνος
1021 3711 1210 3785 ῑμελλε
1264 3711 1635 3786 πληροῦσθαις
1685 3713 1842 3785 Τάχα

248 3818 353 3855 που
387 3802 579 3873 ’Δριὴλ
627 3800 1050 3875 ὀνομαζόμενος,
1073 3804 1109 3877 ἢ
1153 3806 1248 3860 καὶ
1278 3805 1441 3870 αὐτὸς
1468 3806 1677 3870 ικεϊνος
1701 3808 1733 3859 6
1760 3807 1839 3871 ὡς

245 3892 386 3947 λέων
399 3892 733 3965 ὠρυόμενος,
756 3894 853 3949 καὶ
882 3895 1202 3966 περιπατῶν
1232 3895 1414 3968 ζητῶν
1431 3896 1555 3951 τίνα
1569 3897 1837 3971 καταπίῃ.

244 3983 437 4055 Kc.le
461 3983 799 4056 θεασάμενος
815 3983 979 4040 αὐτὸν
1000 3986 1031 4039 6
1059 3987 1366 4060 προφήτης,
1394 3986 1635 4042 συνεῖδεν
1660 3989 1738 4053 ὡς
1768 4005 1843 4042 τι·

248 4076 567 4148 μωρητικδς
596 4075 675 4131 ὣν
699 4075 930 4147 ἄγγελος
958 4079 1059 4148 τὴν
1090 4079 1191 4151 τῆς
1218 4078 1539 4144 Βαϐυλῶνος
1561 4079 1838 4143 ἀπιῖμλειαν

243 4166 573 4240 ἐργάζεται·
603 4166 687 4223 διὸ
726 4166 923 4241 επιϐοᾷ
963 4166 1174 4238 λέγων)
1215 4186 1234 4219 ι
1260 4168 1548 4239 Himella.
1582 4170 1840 4226 πέπτωκε

243 4256 529 4325 Βαϐυλὼν,
555 4257 653 4313 καὶ⁵
680 4258 857 4313 πάντα
881 4257 951 4313 τά
972 4258 1267 4331 ἀγάλματα
1291 4258 1483 4332 αὐτῆς,
1512 4262 1607 4315 καὶ
1631 4261 1701 4317 τά
1729 4280 1842 4334 χει-

1951 587 2140 654 mitas,
2160 596 2220 645 et
2247 585 2546 644 Persarum
2594 584 2819 657 legatos
2852 580 3148 652 compellat
3183 580 3535 652 propheticus

1950 675 2467 749 spiritus,'excitans
2498 692 2594 734 eos
2621 677 2690 733 ad
2719 673 2922 731 bellum
2954 681 3151 730 contra
3178 671 3530 745 Babylonios.

1950 772 2135 840 Quare
2167 771 2326 842 quasi
2355 770 2423 826 ad
2460 769 2584 826 illos
2609 767 2744 825 talia
2776 766 2951 833 fatur,
3017 782 3038 819 ι
3079 763 3344 836 Prapara-
3374 778 3535 818 meu-

1949 875 2089 928 sam,
2131 860 2425 926 comedite,
2458 877 2479 913 ι
2504 867 2563 916 et
2580 867 2805 915 caetera.

2024 1046 2194 1103 Vsus.
2229 1043 2353 1101 6—8.
2395 1043 2667 1113 Quoniam
2714 1041 2797 1099 sic
2841 1039 2983 1097 dixit
3008 1038 3271 1095 Dominus
3300 1037 3370 1092 ad
3421 1051 3530 1103 me,

1948 1139 2238 1197 Proiectus
2260 1146 2442 1193 statue
2475 1136 2569 1193 tibi
2600 1135 3026 1206 speculatorem,
3056 1130 3274 1202 etquod
3303 1130 3533 1193 videris.

1950 1232 2229 1289 renuntia.
2261 1229 2332 1285 Et
2355 1228 2470 1284 vidi
2513 1241 2759 1284 sessores
2791 1226 3005 1297 equites
3049 1220 3223 1290 duos,
3255 1236 3534 1279 sessorem

1952 1324 2115 1391 asini,
2166 1330 2225 1380 et
2258 1336 2532 1379 sessorem
2591 1318 2813 1377 cameli.
2857 1316 2999 1374 Audi
3026 1314 3363 1372 auditionem
3394 1314 3534 1370 mul-

1949 1427 2086 1483 tam,
2119 1426 2178 1473 et
2208 1429 2346 1472 voca
2372 1413 2573 1470 liriam~
2599 1414 2667 1487 ad
2698 1410 2997 1483 speculam.
3023 1427 3045 1463 ι
3097 1406 3265 1480 Signa
3305 1421 3442 1462 vero
3478 1414 3536 1461 et

1949 1508 2197 1581 symbola
2229 1508 2349 1563 haec
2377 1515 2533 1561 eram
2571 1504 2710 1560 aciei
2747 1503 3121 1568 inimicorum,
3149 1516 3385 1573 quorum
3438 1499 3534 1555 alii

1949 1597 2204 1655 curribus
2230 1596 2371 1661 vecti
2403 1595 2711 1659 irruebant,
2765 1593 2860 1649 alii
2892 1592 3158 1663 iumentis
3195 1591 3447 1648 sarcinas
3475 1598 3535 1645 et

1948 1698 2316 1748 commeatum
2348 1690 2608 1758 agebant.
2662 1704 2682 1738 ι
2711 1685 2852 1740 Audi
2891 1684 3233 1739 auditionem
3278 1681 3530 1746 multam,

1947 1794 2004 1841 et
2026 1798 2161 1839 voca
2206 1780 2393 1839 Uriam
2438 1781 2505 1835 ad
2554 1778 2915 1850 speculamp
2974 1777 3228 1833 videlicet
3262 1790 3407 1841 eam,
3463 1774 3554 1844 de

1946 1896 2055 1953 qua
2075 1888 2269 1950 postea
2292 1892 2497 1943 sermo,
2532 1877 2648 1931 sive
2670 1874 2921 1941 iesuam,
2963 1873 3082 1930 sive
3117 1871 3268 1928 Ariel
3322 1884 3528 1937 evoca;

1946 1982 2009 2029 ut
2039 1985 2099 2031 et
2132 1975 2251 2045 ipse
2274 1970 2505 2026 veniens
2528 1984 2557 2024 a
2590 1966 2933 2040 speculatore
2957 1965 3231 2030 videatur,
3262 1965 3531 2035 propheta
3608 2028 3611 2029 γ

1948 2067 2078 2122 item
2117 2080 2242 2121 cum
2277 2062 2625 2133 speculatore
2658 2074 2765 2113 una
2816 2056 3212 2127 conspiciente.
3253 2054 3351 2111 ille
3397 2069 3531 2109 vero

1947 2156 2263 2228 speculator
2287 2160 2521 2209 mouens
2544 2151 2831 2223 sequentia
2869 2148 3023 2234 dicit.
3052 2146 3150 2203 liis
3187 2157 3369 2202 autem
3398 2154 3538 2216 puto

1947 2247 2247 2322 signiﬁcari
2273 2246 2624 2318 Assyriorum
2657 2258 2908 2313 regnum,
2937 2239 3143 2312 judicio
3175 2238 3266 2293 Dei
3286 2238 3531 2293 funditus

1946 2355 2225 2399 eversum.
2254 2336 2365 2395 Pro
2392 2338 2487 2393 illo
2515 2347 2720 2399 autem,
2752 2354 2771 2387 ι
2803 2333 3013 2400 Uriam,
3041 2352 3059 2385 ι
3112 2330 3333 2403 Aquila,
3366 2350 3386 2384 ι
3419 2330 3521 2385 ico-

1946 2446 2094 2514 nem,
2141 2452 2161 2487 ι
2214 2430 2601 2505 Symmachus.
2631 2447 2651 2480 ι
2687 2427 2939 2488 leaenam,
2973 2443 2992 2476 δ
3025 2422 3349 2487 Theodotio,
3397 2440 3417 2472 ε
3458 2423 3530 2474 Α·

1948 2525 2070 2592 riei,
2096 2545 2117 2579 ο
2146 2522 2336 2582 edidit.
2364 2521 2536 2578 Nemo
2565 2521 2730 2593 igitur
2766 2518 2954 2576 Uriam
2989 2516 3314 2573 memoravit
3343 2536 3355 2570 :
3393 2528 3532 2583 quo-

1945 2619 2094 2674 niam
2128 2632 2232 2675 nec
2253 2616 2519 2675 Hebraica
2549 2631 2651 2672 vox
2683 2613 2871 2670 Uriam
2902 2612 3169 2667 nominat.

2018 2795 2184 2854 Vsus.
2212 2796 2269 2853 9.
2310 2812 2331 2847 ι
2360 2792 2429 2850 Et
2449 2792 2631 2849 dixit:
2662 2791 2806 2849 Steti
2840 2800 2953 2846 tota
2983 2788 3092 2855 die,
3129 2795 3187 2844 et
3235 2785 3289 2841 in
3329 2781 3530 2839 castris

1944 2890 2070 2946 steti
2101 2897 2214 2945 tota
2243 2898 2425 2944 nocte.
2462 2905 2481 2940 ι
2513 2884 2681 2942 Stetit
2714 2899 2850 2954 ergo
2877 2881 3142 2953 propheta
3182 2893 3307 2935 cum
3329 2890 3532 2945 specu-

1944 2979 2139 3045 latore,
2170 2988 2500 3049 exspectans
2532 2976 2773 3032 futuram
2802 2972 2950 3029 illam
2997 2972 3291 3035 visionem,
3326 2968 3527 3030 leonis,

1943 3071 2027 3127 vel
2060 3071 2267 3139 letenze,
2295 3071 2384 3124 vel
2414 3068 2587 3125 Ariel.
2618 3066 2752 3123 Cum
2780 3075 2970 3122 autem
3018 3073 3134 3119 toto
3184 3062 3293 3117 diei
3327 3070 3384 3115 et
3430 3073 3532 3114 no.

1943 3165 2049 3219 ctis
2080 3172 2326 3234 tempore
2350 3161 2699 3232 perstitisset,
2735 3158 2943 3223 subdit,
2972 3176 2993 3211 ι
3031 3157 3098 3213 Et
3116 3169 3247 3212 ecce
3289 3154 3404 3223 ipse
3436 3166 3533 3205 ve-

1946 3254 2045 3309 nit.
2082 3272 2101 3307 ι
2134 3251 2267 3320 Quis
2296 3251 2388 3307 ille
2420 3260 2601 3306 autem
2647 3257 2755 3315 est,
2778 3249 2903 3305 ‘nisi
2937 3245 3087 3302 Ariel
3116 3245 3239 3317 biga
3290 3241 3529 3299 vectus?

1945 3348 2126 3414 Quare
2149 3346 2247 3411 ait,
2300 3361 2322 3397 ι
2352 3343 2419 3398 Et
2442 3356 2576 3399 ecce
2618 3342 2734 3412 ipse
2785 3339 2960 3405 venit,
3014 3350 3275 3393 ascensor
3309 3336 3469 3406 bigae.
3502 3353 3524 3386 ι

1946 3437 2080 3506 Quis
2108 3452 2239 3492 vero
2265 3444 2387 3491 erat
2415 3434 2531 3499 ille,
2563 3433 2667 3489 nisi
2694 3431 2841 3488 ultor
2868 3430 3093 3501 quidam
3142 3426 3390 3499 angelus,
3428 3441 3528 3481 cu-

1940 3532 2032 3604 jus
2057 3545 2221 3602 opera
2250 3526 2541 3600 Babylonis
2568 3525 2786 3582 obsidio
2819 3521 3150 3595 perﬁcienda
3190 3518 3356 3591 erat?
3386 3516 3525 3575 For-

1949 3633 2093 3679 tasse
2128 3620 2276 3677 Ariel
2314 3620 2515 3676 dicitur
2541 3616 2630 3674 vel
2671 3617 2815 3672 idem
2845 3616 2963 3686 ipse
2995 3614 3090 3685 qui
3120 3612 3280 3684 quasi
3316 3611 3401 3667 leo
3438 3626 3535 3663 ru-

1946 3712 2102 3784 giens
2125 3711 2326 3767 circuit
2350 3721 2605 3780 quaerens
2622 3720 2804 3777 quem
2831 3707 3079 3762 devoret.
3137 3704 3206 3758 Et
3236 3717 3371 3757 sane
3400 3716 3533 3757 cou-

1947 3811 2136 3874 s'pecto
2178 3801 2295 3867 illo,
2322 3799 2590 3871 propheta
2621 3798 2899 3855 intellexit
2931 3814 3077 3861 eum,
3130 3806 3320 3867 utpote
3361 3810 3531 3866 ange-

1947 3894 2061 3951 lum
2093 3894 2347 3961 ultorem,
2373 3891 2669 3964 Babylonis
2712 3892 2940 3947 exitium
2982 3904 3323 3963 procurare:
3356 3902 3531 3958 quare

1946 3988 2222 4045 exclamat
2246 3986 2335 4042 bis
2356 3985 2566 4048 verbis,
2598 4004 2617 4037 ι
2648 3984 2879 4049 Cecidit,
2911 3984 3114 4041 cecidit
3156 3980 3421 4053 Babylon,
3473 3990 3531 4035 et

1945 4079 2129 4136 omnia
2167 4077 2457 4133 simulacra
2498 4077 2640 4149 ejus,
2684 4086 2742 4132 et
2786 4076 3098 4131 manufacta
3140 4073 3259 4142 ejus
3290 4074 3528 4129 contrita

1946 4179 2077 4227 sunt
2125 4169 2181 4224 in
2238 4178 2467 4224 terram.
2514 4186 2537 4222 ι
2594 4168 2731 4223 Nam
2778 4167 2933 4239 quasi
2960 4166 3015 4223 id
3049 4181 3319 4238 peragere
3344 4166 3531 4234 jussus

1947 4272 2095 4319 esset
2124 4260 2303 4327 Ariei,
2346 4260 2493 4317 banc
2519 4261 2726 4316 emittit
2756 4261 3027 4330 propheta
3054 4273 3244 4315 vocem
3269 4277 3282 4313 :

247 4353 519 4426 ροποίητα
541 4348 1027 4427 αὐτῆςσυνετρίϐη
1067 4354 1147 4420 εις
1183 4354 1285 4427 τὴν
1306 4355 1429 4427 γῆν.
1457 4374 1477 4409 ›
1516 4356 1607 4422 Ὠς
1652 4356 1765 4431 γὰρ
1821 4356 1996 4415 ταῦτα
2039 4357 2248 4431 πρᾶξαι
2287 4355 2709 4428 κεκελευσμένου
2751 4354 2847 4410 τοῦ
2880 4353 3088 4427 ’Δριὴλ,
3132 4353 3334 4425 ταύτην
3378 4352 3533 4425 ὴφίιι

243 4448 345 4519 τὴν
370 4449 561 4521 φωνὴν
586 4449 618 4503 δ
648 4449 934 4523 προφήτης
960 4467 975 4481 -

325 4561 344 4593 ι
369 4540 691 4606 Ἀκούσατε,
711 4541 763 4595 οί
781 4540 1270 4613 καταλελειμμένοι
1290 4542 1383 4596 καί
1412 4543 1464 4597 oi
1486 4542 1838 4617 ὀδυνώμενοι,

2020 4542 2187 4599 Vsus.
2226 4537 2315 4592 i0.
2350 4554 2372 4589 ι
2403 4534 2601 4591 Audite
2635 4534 2732 4606 qui
2766 4532 3012 4591 derelicti
3038 4538 3197 4603 estis,
3221 4549 3279 4593 et
3307 4539 3401 4608 qui
3426 4538 3529 4595 do-

244 4632 544 4695 ἀκοῠσατε,
576 4630 616 4686 ἀ
642 4631 854 4703 ἥκουσα
899 4631 1056 4706 παρά
1098 4633 1309 4706 Κυρίου
1348 4634 1601 4702 Σαϐαὼθ,
1633 4638 1663 4690 6
1700 4636 1832 4702 Θεὸς

244 4721 343 4776 τοῦ
386 4722 603 4794 Ἰσραὴλ
649 4722 973 4794 ἀνήγγειλεν
1013 4725 1163 4797 ἡμῖν.
1188 4742 1209 4776 ι
1246 4726 1313 4778 ’Δ
1339 4726 1448 4796 γὰρ
1484 4728 1607 4797 ἐμοὶ
1628 4729 1837 4782 ἀπεκά-

248 4812 408 4882 λυψε,
426 4812 602 4868 ταῦτα
630 4813 727 4867 καὶ
754 4814 884 4885 ὑμῖν
903 4813 1164 4885 ἐξέφηνεν
1194 4816 1271 4879 ὡς
1293 4815 1359 4869 δι’
1378 4817 1661 4889 ἑρμηνέως
1674 4820 1699 4871 ὲ
1707 4818 1830 4890 μοῦ.

329 4922 348 4955 ι
372 4902 449 4956 Τὸ
468 4903 653 4974 ὅραμα
683 4903 784 4974 τῆς
822 4904 1143 4977 Ἰδουμαίας.
1173 4906 1317 4977 Πρὸς
1343 4908 1445 4978 ἐμὲ
1501 4909 1657 4963 κάλει
1683 4910 1838 4983 παρά

246 4994 344 5049 τοῦ
376 4995 563 5066 Σηείρ.
595 4995 903 5051 Φυλάσσετε
925 4998 1198 5065 ἐπάλξεις.
1224 4986 1262 5050 ι’
1284 5001 1466 5055 Ἐοικε
1485 5001 1543 5055 δὲ
1568 5005 1683 5068 τοῖς
1711 5006 1839 5057 εαυ-

246 5084 346 5142 τοῦ
373 5086 672 5159 γνωρίμοις
706 5090 737 5142 6
762 5087 897 5151 Θεὸς
929 5093 1270 5163 προσφωνεῖν
1301 5090 1509 5162 λέγων*
1559 5113 1578 5146 ι
1604 5095 1751 5167 Πρὸς
1780 5098 1838 5149 ὲ-

250 5179 321 5250 μὲ
348 5178 507 5233 κάλει
562 5177 717 5250 παρά
742 5177 838 5233 τοῦ
869 5180 1065 5253 Σηείρ·
1096 5201 1116 5235 ι
1161 5184 1325 5247 ιτοὺς
1350 5203 1369 5235 ι
1410 5184 1519 5256 γὰρ
1564 5204 1583 5236 ι
1608 5187 1837 5256 φεύγον-

246 5287 349 5335 τας
376 5269 531 5343 παρά
562 5269 658 5324 τοῦ
701 5270 891 5344 Σηεὶρ,
916 5290 937 5324 s
995 5272 1135 5327 κατά
1162 5273 1289 5339 τοὺς
1315 5269 1535 5339 λοιποὺς
1573 5279 1840 5350 ἑρμηνευ-

247 5362 371 5427 τάς,
410 5379 430 5413 ι
455 5362 597 5433 πρὸς
629 5362 731 5434 ιμὶ
764 5362 942 5429 κάλει,
967 5382 987 5417 ι
1019 5365 1205 5435 φησίν.
1236 5366 1403 5439 Σηεὶρ
1433 5367 1491 5421 δὲ
1516 5368 1760 5424 ἐκαλεῖτο
1779 5374 1838 5426 ὲν

248 5454 317 5525 τῇ
360 5450 594 5524 Ἀραϐίᾳ
619 5451 746 5524 δρος
772 5451 870 5507 τοῦ
902 5451 1097 5517 Ἠσαῦ,
1138 5453 1196 5507 εν
1221 5446 1269 5521 ᾦ
1305 5456 1839 5527 συνειστήκειαὺτοῦ

249 5543 320 5599 τά
355 5542 638 5614 βασίλεια·
666 5542 993 5613 γνωρίζεται
1033 5543 1093 5598 δὲ
1142 5546 1254 5609 τοῖς
1314 5546 1628 5618 ἐπιχωρίοις
1672 5548 1839 5601 είσέτι

255 5637 347 5691 καὶ
368 5635 467 5690 νῦν
490 5635 638 5691 οὕτω
664 5634 1017 5707 καλούμενον.
1053 5636 1180 5701 Τοῖς
1204 5632 1299 5690 οὖν
1318 5638 1591 5705 ἀγωνιῶσι
1612 5637 1704 5691 τὸν
1732 5639 1840 5693 ἀπὺ

251 5726 358 5782 τῶν
403 5727 721 5799 Ἰδουμαίων
752 5727 915 5797 φόϐον
951 5730 1149 5799 φάσκει
1168 5745 1181 5759 ⁸
1210 5728 1355 5798 Πρὸς
1386 5729 1483 5800 ἐμὲ
1508 5729 1842 5795 σπουδάζον-

1948 4632 2071 4688 ictis
2095 4629 2301 4693 audite,
2333 4641 2456 4695 qua:
2494 4623 2681 4684 audivi
2722 4636 2761 4691 ι
2808 4625 3042 4683 Domino
3069 4628 3337 4695 Sabaoth,
3385 4629 3531 4687 Deus

1944 4722 2111 4780 israel
2142 4718 2487 4776 annuntiavit
2511 4716 2688 4772 nobis.
2720 4735 2741 4771 ι
2780 4715 2913 4784 Quae
2963 4719 3111 4774 enim
3143 4718 3235 4775 ille
3268 4720 3532 4776 revelavit

1946 4816 2100 4881 mihi,
2133 4815 2326 4872 eadem
2356 4810 2511 4867 vobis
2539 4825 2626 4865 me
2661 4810 2966 4883 interprete
2995 4812 3321 4872 declaravit.

2021 4904 2183 4962 Vsus.
2214 4906 2303 4961 ii.
2336 4922 2358 4957 ι
2388 4902 2539 4960 Visio
2566 4901 2838 4958 ldum.
2882 4902 2964 4959 Ad
3003 4919 3091 4961 me
3120 4920 3251 4961 voca
3278 4906 3349 4960 de
3382 4906 3530 4963 Seir.

1943 5000 2230 5057 Custodite
2259 4996 2691 5069 propugnacula,
2720 5016 2740 5050 ι
2779 4996 2955 5054 Notos
2987 5011 3121 5055 suos
3149 4997 3354 5067 alloqui
3384 4998 3529 5054 Deus

1943 5092 2161 5147 videtur
2190 5091 2278 5147 itis
2311 5089 2517 5156 verbis,
2569 5108 2588 5142 ι
2629 5089 2711 5146 Ad
2748 5103 2836 5145 me
2874 5104 3009 5146 voca
3050 5089 3119 5146 de
3143 5090 3304 5146 Seir:
3342 5110 3364 5144 ι
3401 5108 3527 5146 nam

1948 5202 1969 5237 ι
2001 5181 2273 5255 fugientes
2302 5182 2371 5239 de
2398 5181 2545 5246 Seir,
2576 5200 2597 5233 ι
2636 5182 2938 5237 secundum
2967 5180 3213 5253 reliquos
3256 5186 3529 5252 interpre-

1947 5285 2051 5341 tes,
2082 5293 2102 5327 ι
2134 5276 2203 5329 ad
2246 5289 2334 5330 me
2363 5289 2524 5343 voca,
2555 5293 2575 5328 ι
2615 5274 2817 5344 inquit.
2851 5274 2979 5331 Seir
3015 5285 3195 5332 autem
3228 5275 3528 5331 vocabatur

1946 5368 2001 5422 in
2029 5365 2231 5421 Arabia
2265 5380 2421 5421 mons
2455 5365 2617 5431 Esau,
2672 5367 2727 5421 in
2774 5382 2885 5436 quo
2933 5368 3123 5423 stabat
3164 5366 3282 5435 ejus
3334 5368 3484 5438 regia
3512 5385 3531 5422 :

1947 5457 2222 5526 hodieque
2250 5459 2412 5520 ﬁtus
2448 5457 2642 5515 incolis
2667 5466 2753 5515 est
2794 5460 2988 5515 eodem
3036 5461 3259 5513 nomine
3283 5460 3531 5530 appella-

1948 5561 2057 5605 tus.
2099 5550 2171 5605 iis
2207 5549 2396 5619 itaque
2438 5564 2505 5605 ex
2542 5548 2797 5607 idumaeis
2837 5552 2931 5622 qui
2980 5560 3128 5607 metu
3177 5551 3528 5620 laborabant,

1943 5642 2043 5706 ait,
2079 5660 2100 5693 ι
2129 5640 2210 5696 Ad
2230 5654 2316 5695 me
2339 5640 2663 5698 festinantes
2678 5643 2880 5707 venite,
2904 5652 2960 5699 et
2981 5658 3107 5697 cum
3132 5643 3201 5699 ad
3233 5658 3318 5699 me
3344 5657 3534 5701 seces.

1944 5731 2155 5798 seritis,
2197 5734 2462 5789 custodite
2494 5732 2897 5805 propugnacula
2928 5740 3106 5790 vestra
3136 5750 3149 5788 :
3187 5750 3209 5785 ι

252 5836 342 5886 τες
372 5820 560 5893 ἥκετε,
594 5822 691 5877 καὶ
721 5826 848 5895 παρ’
879 5824 1003 5895 ἐμοὶ
1059 5822 1333 5897 γενόμενος
1396 5822 1698 5894 φυλάσσετε
1744 5824 1839 5892 τὰς
1878 5826 2083 5886 ἑαυτῶν
2114 5826 2403 5895 ἐπάλξεις·
