4042 6440
577 397 685 452 245

1255 396 1516 452 EUSEBII
1551 393 2022 453 CESARIENSIS
2054 392 2207 451 OPP.
2246 392 2425 449 PARS
2460 392 2551 448 ΙΠ.
2588 423 2659 436 -
2692 390 3103 449 EXEGE’I'ICA.

3707 390 3812 444 2H

657 512 813 567 Vsus.
838 511 926 566 ιε.
988 531 1006 563 ι
1052 512 1116 567 Et
1146 526 1247 581 ego
1277 514 1580 570 custodiam
1608 529 1709 570 vos
1741 513 1828 569 die
1857 529 1920 568 ac
1951 524 2098 569 nocte

2203 567 2204 570 η
2302 532 2325 564 r
2348 512 2518 580 Κάγὼ
2542 512 2602 564 δὲ
2630 511 2849 581 φυλάξω
2875 511 3017 580 ὑμᾶς
3040 510 3108 563 δι’
3135 511 3346 581 ἡμέρας
3362 510 3456 563 καὶ
3484 510 3698 573 νυκτὸς,
3719 511 3813 563 καὶ

577 618 633 661 et
666 605 805 673 apud
832 619 918 660 me
945 605 1117 660 eritis.
1152 625 1173 659 ι
1220 606 1276 660 Si
1322 608 1445 676 quis
1478 609 1531 660 in
1568 608 1723 662 vobis
1756 608 1957 660 auxilio
1999 622 2131 676 opus

577 695 789 759 habeat,
815 709 843 749 a
879 711 966 750 me
995 703 1202 763 quaerat
1228 710 1383 764 opem
1416 714 1430 750 :
1462 706 1517 750 et
1539 697 1583 751 si
1612 696 1733 765 quis
1771 696 2001 751 salutem
2037 711 2132 749 cn-

576 794 661 840 rat
713 800 886 851 suam,
922 789 988 842 ad
1015 802 1099 842 me
1128 786 1330 843 veniat.
1373 806 1392 839 ι
1422 786 1549 843 Haec
1573 788 1787 858 quidem
1811 790 1953 842 dicta
1998 788 2128 841 mihi

570 876 828 931 videnlur
858 880 921 932 ad
955 894 1049 933 eos
1091 893 1157 933 ex
1210 879 1479 947 ldumaiis,
1507 882 1598 950 qui
1627 890 1830 935 terrore
1880 887 2126 933 conster-

571 968 684 1021 nati
717 978 890 1032 erant,
920 983 1054 1036 quos
1083 969 1152 1025 ad
1188 985 1247 1025 se
1273 978 1430 1025 vocat
1469 970 1634 1033 Deus,
1684 969 1955 1037 pollicitus
1999 968 2128 1037 ipsis

568 1057 826 1111 auxilium
856 1074 1035 1124 suum,
1069 1060 1113 1114 si
1143 1070 1323 1117 tamen
1356 1061 1411 1115 in
1447 1076 1506 1116 se
1535 1072 1911 1129 permaneant.

637 1236 799 1310 varis.
831 1240 1020 1295 15-15.
1061 1258 1081 1291 ι
1108 1241 1163 1295 In
1216 1240 1354 1297 saltu
1392 1254 1617 1310 vespere
1651 1240 1911 1301 dormias,
1941 1250 2032 1291 aut
2068 1240 2120 1291 in

562 1329 648 1383 via
678 1330 896 1395 Daedan,
929 1332 984 1385 in
1012 1345 1296 1388 occursum
1345 1333 1551 1387 sitienti
1596 1347 1788 1399 aquam
1837 1330 1995 1394 ferte,
2030 1330 2119 1397 qui

560 1418 817 1476 habitatis
874 1423 928 1479 in
972 1423 1191 1493 regione
1232 1422 1487 1477 Tbaaman
1517 1441 1530 1475 :
1560 1424 1788 1493 panibus
1846 1422 2120 1477 occurrite

558 1510 910 1581 fugientibus,
940 1524 1158 1585 pr0pter
1194 1515 1589 1570 multitudinem
1637 1516 1964 1577 occisorum,
1994 1528 2117 1582 pro-

559 1614 683 1673 pter
711 1605 1102 1661 multitudinem
1136 1608 1456 1667 errantium,
1481 1617 1699 1675 propter
1725 1606 2113 1659 multitudinem

555 1696 741 1764 gladii,
788 1705 842 1750 et
890 1705 1106 1767 propter
1154 1696 1547 1751 multitudinem
1594 1711 1820 1750 arcuum
1877 1696 2113 1749 intenso-

553 1799 696 1849 rum,
736 1794 791 1840 et
822 1796 1041 1855 propter
1082 1786 1482 1841 multitudinem
1542 1800 1730 1840 eorum
1778 1785 1867 1853 qui
1901 1784 2111 1838 cecide-

2232 603 2361 674 παρ’
2388 603 2511 673 ἐμοὶ
2539 603 2781 671 γένεσθε.
2811 622 2831 655 ι
2866 603 2935 655 Et
2967 619 3051 665 τις
3080 604 3139 656 ἐν
3180 604 3306 672 ὑμῖν
3336 601 3591 673 βοηθείας
3618 601 3808 663 δεῖται,

2231 698 2360 765 παρ’
2403 695 2540 765 ἐμοῦ
2580 695 2812 766 ζητείτω
2845 695 2947 766 τὴν
3002 694 3283 765 βοήθειαν·
3315 694 3409 747 καὶ
3430 693 3485 746 εί
3506 710 3594 755 τις
3642 691 3809 746 αὐτοῦ

2229 787 2555 857 πεφρόντικε
2592 786 2887 856 σωτηρίας,
2918 788 3047 856 παρ’
3077 785 3204 855 ἐμοὶ
3251 786 3445 857 ἡκέτω.
3482 783 3670 837 Ταῦτα
3710 783 3809 852 μὲν

2227 878 2474 948 εἰρῆσθαί
2508 895 2599 948 μοι
2628 878 2773 930 δοκεῖ
2796 877 2933 948 πρὸς
2980 879 3108 941 τοὺς
3136 878 3502 948 ἐπτοημένους
3526 875 3619 929 τὸν
3642 874 3809 943 φόὸον

2227 970 2334 1023 τῶν
2373 970 2706 1039 Ἰδουμαίων,
2746 970 2839 1034 οὓς
2874 969 3010 1040 πρὸς
3057 969 3250 1022 ἑαυτὸν
3290 967 3551 1023 ἀνακαλεῖ
3592 969 3621 1019 6
3649 965 3805 1029 Θεὸς,

2226 1061 2690 1130 ἐπαγγελλόμενος
2716 1062 2815 1133 τὴν
2866 1062 2992 1131 παρ’
3040 1058 3206 1115 αὑτοῦ
3241 1059 3511 1131 βοήθειαν,
3543 1060 3592 1110 εἰ
3624 1073 3805 1128 παρα-

2228 1154 2437 1222 μένοιεν
2460 1155 2516 1207 ἐν
2551 1152 2721 1223 αὐτῷ.
2862 1169 2867 1173 ’

2298 1264 2317 1295 ι
2363 1245 2451 1297 Ἐν
2497 1242 2575 1315 τῷ
2618 1242 2808 1314 δρυμῷ
2842 1241 3083 1312 ἑσπέρας
3118 1240 3408 1312 κοιμηθῇς,
3442 1241 3474 1311 ἢ
3510 1241 3570 1293 ἐν
3598 1240 3667 1310 τῇ
3695 1236 3802 1308 6δῷ

2221 1333 2435 1386 Δαιδάν·
2468 1334 2547 1395 εἰς
2583 1332 2906 1402 συνάντησιν
2938 1329 3161 1399 διψῶντι
3184 1329 3328 1401 ὕδωρ
3357 1330 3573 1401 φέρετε,
3604 1330 3654 1381 οἰ
3673 1331 3803 1381 ἐνοι-

2221 1421 2441 1485 κοῦντες
2470 1424 2527 1475 ὲν
2550 1425 2615 1492 τῇ
2666 1421 2821 1493 χώρᾳ
2844 1421 3076 1491 Θαιμάν·
3106 1420 3290 1491 ἄρτοις
3332 1420 3637 1473 συναντᾶτε
3688 1420 3803 1480 τοῖς

2219 1513 2507 1581 φεύγουσιν
2538 1512 2704 1567 διὰτὸ
2729 1512 2931 1584 πλῆθος
2956 1513 3065 1569 τῶν
3096 1512 3534 1582 πεφονευμένων,
3567 1512 3663 1565 καὶ
3710 1510 3802 1564 διὰ

2216 1605 2277 1656 τὸ
2312 1605 2515 1676 πλῆθος
2561 1604 2669 1658 τῶν
2716 1605 3106 1675 πλανωμένων,
3133 1605 3227 1659 καὶ
3249 1605 3336 1658 διὰ
3362 1604 3423 1658 τὸ
3450 1603 3653 1675 πλῆθος
3696 1602 3798 1672 τῆς

2218 1696 2511 1765 μαχαίρας,
2559 1694 2653 1747 καὶ
2702 1694 2790 1747 διὰ
2819 1694 2880 1746 τὸ
2917 1693 3121 1763 πλῆθος
3153 1692 3263 1745 τῶν
3303 1692 3651 1761 τοξευμάτων
3688 1690 3797 1743 τῶν

2215 1785 2637 1855 διατεταμένων,
2686 1785 2779 1838 καὶ
2812 1784 2900 1837 διὰ
2939 1785 3001 1837 τὸ
3048 1783 3250 1854 πλῆθος
3286 1782 3396 1837 τῶν
3427 1781 3796 1835 πεπτωκότων

552 1886 682 1929 runt
707 1876 759 1929 in
787 1876 949 1931 bello.
977 1895 996 1930 ι
1040 1877 1161 1933 Jam
1212 1877 1354 1933 enim
1401 1878 1727 1931 instantibus
1768 1892 1967 1945 vosque
2010 1890 2098 1928 cm-

2214 1878 2273 1929 ἐν
2297 1876 2375 1947 τῷ
2410 1876 2650 1947 πολέμῳ.
2685 1895 2704 1929 ι
2753 1876 2890 1947 Ἤδη
2920 1877 3030 1947 γὰρ
3061 1876 3398 1929 ἐπιστάντων
3423 1874 3529 1927 τῶν
3557 1888 3796 1927 κατακο-

550 1965 802 2023 dentibus
854 1970 1196 2034 adversariis,
1232 1984 1389 2039 quam
1436 1969 1650 2036 plurimi
1693 1976 1926 2021 vestrum
1963 1967 2108 2035 peri-

550 2057 686 2112 bunt
718 2076 732 2111 :
759 2060 801 2113 si
842 2068 1019 2115 autem
1051 2076 1191 2116 unus
1218 2076 1283 2115 ex
1312 2060 1483 2124 vobis,
1517 2070 1600 2114 vel
1630 2060 1755 2125 duo,
1792 2060 1875 2112 vel
1916 2060 2105 2113 admo-

548 2147 674 2201 dum
724 2150 879 2218 pauci
915 2151 1215 2206 incolumes
1247 2152 1540 2215 evaserint,
1567 2150 1689 2220 fuga
1732 2149 1959 2204 salutem
2007 2164 2104 2201 aa-

544 2251 652 2309 cti;
682 2243 768 2298 his
800 2258 919 2315 ego,
953 2253 1138 2315 utpote
1170 2226 1519 2316 fugientibus.
1553 2255 1609 2301 et
1645 2246 1768 2315 fuga
1800 2243 2107 2313 defatigatis

545 2341 601 2387 et
627 2334 841 2398 solutis,
864 2349 984 2389 cum
1018 2337 1180 2390 urbes
1206 2335 1522 2390 incolendas
1544 2350 1648 2387 non
1684 2334 1937 2396 habeant,
1970 2345 2105 2399 prie-

541 2426 681 2492 cipio
722 2435 781 2480 ut
816 2426 869 2480 in
918 2426 1057 2481 saltu
1112 2435 1166 2480 et
1203 2427 1256 2480 in
1314 2427 1542 2480 desertis
1595 2424 1749 2486 locis,
1806 2430 2104 2489 occupante

538 2528 789 2585 vespera.
824 2516 1113 2570 dormiant.
1152 2515 1350 2569 Verum
1382 2530 1447 2568 ne
1479 2514 1622 2567 fame
1666 2524 1914 2577 pereant,
1946 2511 2102 2565 lassis

538 2611 645 2665 iliis
693 2621 748 2667 et
799 2612 1107 2666 sitientibus
1138 2610 1317 2665 offerri
1368 2626 1562 2677 aquam
1593 2620 1649 2664 et
1683 2625 1878 2680 panem
1919 2608 2095 2677 iubeo.

539 2704 634 2757 llis
667 2716 844 2758 autem
892 2719 983 2759 vos
1027 2704 1405 2773 ailnquor,qui
1445 2704 1724 2764 'Ihzematt,
1771 2703 1851 2755 sic
1897 2702 2096 2755 dictam

537 2795 839 2863 regionem,
878 2795 1115 2849 incolitis
1145 2810 1158 2846 :
1195 2808 1331 2863 quos
1378 2796 1627 2847 convenit
1672 2792 1942 2861 fugientes
1974 2806 2099 2859 per-

535 2882 845 2938 humaniter
891 2884 1141 2953 excipere
1185 2896 1239 2937 et
1292 2894 1551 2939 tractare.
1600 2882 1735 2935 Puto
1782 2891 1959 2936 autem
2004 2895 2097 2936 eos

535 2986 661 3025 cum
698 2974 973 3029 civitatem
1007 2976 1244 3029 incolere
1276 2989 1381 3027 non
1421 2975 1648 3043 possint,
1677 2975 1731 3027 in
1774 2973 1877 3026 viis
1906 2983 1960 3026 et
1989 2972 2095 3026 sal-

2212 1970 2453 2022 πτόντων
2476 1970 2618 2039 ὑμᾶς
2646 1968 2934 2039 πολεμίων,
2965 1970 3013 2021 οἱ
3049 1969 3147 2039 μὲν
3180 1966 3421 2019 πλεῖστοι
3448 1966 3556 2018 τῶν
3574 1968 3633 2018 ἐν
3664 1965 3794 2034 ὑμῖν

2208 2060 2554 2124 ἀπόλλυνται,
2599 2056 2681 2123 εἰς
2725 2060 2782 2113 δέ
2810 2076 2915 2112 που
2952 2060 3047 2112 καὶ
3072 2058 3341 2129 δεύτερος,
3390 2057 3543 2128 ἥκαὶ
3586 2057 3795 2128 σφόδρα

2209 2152 2432 2223 βραχεῖς
2479 2154 2527 2204 εί
2569 2151 2925 2223 περισωθεῖεν
2953 2154 3096 2222 φυγῇ
3139 2149 3237 2221 τὴν
3266 2149 3540 2220 σωτηρίαν
3573 2147 3795 2219 ποριζό-

2210 2259 2381 2313 μενοι,
2440 2241 2651 2305 τούτοις
2697 2241 2880 2306 αύτοῖς
2930 2240 3039 2310 ἐγὼ
3082 2239 3548 2311 παρακελεύομαι,
3588 2239 3793 2293 ὡσανεὶ

2205 2333 2464 2401 φεύγουσι
2519 2334 2615 2386 καὶ
2667 2335 2732 2385 ἐκ
2777 2332 2874 2403 τῆς
2907 2331 3087 2400 φυγῆς
3136 2330 3493 2403 παρειμένοις
3536 2330 3639 2401 ἥδη
3695 2330 3792 2383 καὶ

2204 2425 2601 2496 ἐκλελυμένοις,
2637 2424 2977 2495 μηκέτιγοῦν
3012 2424 3165 2477 πόλιν
3185 2426 3353 2477 οἰκεῖν
3386 2423 3619 2493 ἔχοντες,
3643 2414 3791 2475 οὗτοι

2203 2519 2261 2569 ἐν
2292 2517 2483 2587 δρυμῷ
2523 2519 2614 2573 καὶ
2647 2518 2703 2569 ἐν
2732 2518 2959 2587 ἐρήμοις
3001 2517 3209 2580 τόποις,
3246 2515 3664 2584 καταλαῦούσης
3689 2514 3791 2567 αὑ-

2200 2611 2324 2672 τοὺς
2372 2610 2609 2679 ἑσπέρας
2663 2608 3110 2679 κοιμηθήσονται.
3168 2606 3305 2659 Ἀλλ’
3353 2608 3441 2660 ἴνα
3514 2605 3588 2677 μὴ
3641 2605 3790 2676 λιμῷ

2200 2701 2565 2771 διαφθαρεῖεν,
2597 2699 2934 2770 κεκμηκόσιν
2960 2699 3141 2761 αὐτοῖς
3170 2698 3263 2750 καὶ
3291 2696 3516 2766 διψῶσιν
3544 2693 3652 2749 ἀπὸ
3683 2712 3789 2749 κα-

2202 2794 2396 2862 μάτου,
2429 2792 2758 2863 προσφέρειν
2801 2790 2943 2862 ’ύδωρ
2986 2791 3080 2843 καὶ
3119 2790 3281 2860 ἄρτον
3316 2786 3783 2859 παρακελεύομαι.

2199 2885 2385 2937 Ταῦτα
2418 2885 2475 2937 δὲ
2508 2885 2642 2955 πρὸς
2689 2885 2833 2953 ὑμᾶς
2889 2900 3032 2952 φημι
3088 2884 3214 2946 τοὺς
3245 2882 3346 2951 τὴν
3390 2878 3606 2952 Θαιμάν
3638 2877 3788 2932 οὕτω

2198 2976 2539 3045 καλουμένην
2597 2972 2780 3044 χώραν
2828 2972 3133 3035 οἰκοῦντας,
3185 2970 3278 3035 οὓς
3336 2971 3534 3043 πρέπει
3592 2970 3787 3036 δεξιῶς

536 3063 681 3117 tibus
720 3064 1066 3118 babitaturos
1098 3080 1239 3119 esse.
1272 3064 1634 3130 Quamobrem
1673 3082 1737 3117 ne
1785 3064 2095 3132 despiciatis

2203 3065 2551 3137 ἀποδέχεσθαι
2603 3066 2697 3117 καὶ
2739 3062 3279 3133 φιλανθρωπεύεσθαι
3334 3064 3462 3125 τοὺς
3512 3062 3780 3132 φυγάδας.

531 3168 629 3207 eos
670 3154 763 3223 qui
817 3166 926 3208 tam
976 3154 1363 3209 miserabiliter
1404 3154 1544 3207 {sine
1590 3163 1814 3221 pereunt
1841 3193 1857 3215 ,
1898 3155 1985 3221 qui
2026 3168 2089 3207 ex

2203 3155 2363 3225 Οἶμαι
2386 3157 2441 3211 δὲ
2476 3157 2629 3209 πόλιν
2664 3156 2741 3208 ἔτι
2784 3157 3057 3207 κατοικεῖν
3096 3155 3156 3206 οὺ
3190 3154 3496 3223 δυνάμενοι,
3539 3154 3599 3207 ἐν
3642 3154 3787 3217 ὁδοῖς

529 3246 881 3301 inimicorum
916 3248 1095 3316 gladio
1133 3248 1265 3302 salvi
1312 3257 1600 3301 evaserunt
1630 3265 1645 3301 :
1681 3249 1822 3315 quod
1859 3248 2092 3300 maxime

2203 3251 2290 3302 καὶ
2313 3249 2536 3319 δρυμοῖς
2585 3246 3025 3318 αὐλισθήσονται.
3068 3246 3158 3297 Διὸ
3202 3245 3278 3316 μὴ
3305 3245 3569 3316 παρίδητε
3606 3245 3786 3311 οὕτως

528 3348 596 3390 ex
640 3345 784 3391 tanta
826 3338 1168 3392 multitudine
1210 3348 1505 3401 evaserint,
1560 3337 1776 3391 caeteris
1826 3337 2094 3405 pereunti-

2203 3339 2427 3411 οἰκτρῶς
2447 3338 2588 3408 λιμῷ
2618 3338 3001 3409 φθειρομένους
3030 3338 3157 3399 τοὺς
3186 3336 3551 3399 διασωθέντας
3583 3338 3648 3389 ἐκ
3677 3336 3785 3407 τῆς

527 3428 652 3487 bus,
688 3437 781 3481 aut
810 3428 864 3480 in
896 3428 1019 3481 aliis
1052 3428 1281 3482 desertis
1312 3428 1443 3482 locis
1472 3427 1805 3480 errantibus.

2203 3431 2301 3484 τῶν
2344 3431 2617 3499 πολεμίων
2666 3430 2960 3501 μαχαίρας·
3017 3429 3066 3482 οἳ
3118 3427 3355 3499 μάλιστα
3407 3430 3473 3481 ὲκ
3519 3427 3781 3481 τοσούτου

530 3516 767 3587 πλήθους
797 3518 1105 3589 δεδύνηνται
1127 3520 1429 3588 διαφυγεῖν,
1464 3520 1571 3573 τῶν
1596 3521 1795 3574 λοιπῶν
1827 3520 2197 3587 ἀπολωλότων,
2247 3524 2278 3593 ἢ
2328 3525 2421 3576 καὶ
2458 3522 2946 3592 ἁποπλανηθέντων
2999 3524 3057 3575 ἐν
3103 3522 3311 3593 ἑτέροις
3369 3521 3783 3592 ἀπῳκισμένοις

523 3611 729 3675 τόποις.

600 3702 761 3758 Vsus.
796 3703 885 3769 16,
914 3706 999 3758 l7.
1032 3723 1049 3755 ι
1076 3704 1338 3771 Quoniam
1372 3708 1451 3760 sic
1476 3708 1609 3761 dixit
1639 3708 1768 3760 milii
1804 3707 2085 3769 Dominus,

521 3794 711 3849 Adhuc
751 3810 924 3848 annus
953 3804 1211 3864 tanquam
1267 3809 1443 3850 annus
1490 3798 1836 3859 mercenarii,
1869 3797 2089 3850 deﬁciet

524 3888 696 3958 gloria
740 3888 974 3941 iiliorum
1009 3887 1304 3943 Cedarzet
1343 3890 1487 3960 quod
1541 3890 1811 3956 reliquum
1866 3900 1943 3942 est
2000 3904 2088 3941 ar-

522 3994 682 4033 cuum
724 3977 945 4031 fortium
985 3978 1216 4032 liliorum
1260 3979 1456 4043 Cedar,
1491 3980 1598 4032 erit
1636 3979 1913 4048 exiguum,
1951 3994 2087 4046 quo-

523 4068 670 4122 niam
703 4069 959 4123 Dominus
991 4068 1131 4123 Deus
1152 4068 1317 4123 lsrael
1348 4068 1559 4123 locutus
1590 4062 1692 4123 est.
1724 4088 1744 4118 ι
1770 4068 1924 4133 Quod
1957 4083 2083 4135 pro-

522 4173 612 4228 pe,
648 4169 703 4213 et
745 4160 903 4228 quasi
954 4160 1094 4212 intra
1141 4152 1333 4229 ianuas
1378 4160 1676 4229 ingressum
1731 4161 1801 4215 sit
1842 4159 2087 4215 Idumam

520 4251 745 4304 exitium
772 4267 786 4303 :
810 4260 863 4305 et
889 4251 1036 4320 quod
1085 4253 1308 4307 omnino
1360 4252 1415 4305 in
1458 4253 1754 4321 perniciem
1792 4253 1915 4306 ituri
1949 4251 2082 4314 sint,

520 4341 833 4413 Babyloniis
880 4357 1067 4398 eorum
1123 4345 1288 4398 urbes
1337 4344 1771 4409 incendentibus,
1803 4359 1868 4398 ac
1914 4352 2084 4397 tatam

518 4436 796 4505 aegionem
850 4434 1272 4511 populantibus,
1326 4437 1471 4489 clare
1524 4436 1870 4504 praanuntiat.
1931 4434 2084 4489 Unus

520 4531 742 4600 quippe,
782 4528 881 4590 ait,
917 4527 1216 4580 intercedet
1264 4542 1461 4592 annus,
1491 4538 1547 4581 et
1578 4527 1845 4597 sagittarii
1885 4526 2081 4591 Cedar,

2273 3728 2289 3759 ι
2336 3710 2477 3761 Διότι
2516 3706 2689 3771 οὓτως
2736 3704 2855 3760 εἶπέ
2889 3726 2979 3777 μοι
3010 3708 3231 3780 Κύριος·
3268 3708 3390 3762 Ἔτι
3424 3708 3670 3771 ἐνιαυτὸς
3697 3706 3780 3774 ὡς

2194 3799 2436 3862 ἐνιαυτὸς
2465 3798 2757 3869 μισθωτοῦ,
2788 3798 3024 3867 ἐκλείψει
3058 3801 3090 3868 ἡ
3116 3797 3242 3863 δόξα
3266 3798 3376 3853 τῶν
3402 3798 3532 3853 υἱῶν
3557 3798 3777 3870 Κηδάρ,

2195 3891 2289 3941 καὶ
2304 3890 2363 3942 τὸ
2384 3890 2706 3943 κατάλοιπον
2724 3890 2833 3942 τῶν
2854 3888 3200 3959 τοξευμάτων
3229 3889 3340 3941 τῶν
3372 3888 3609 3959 ἰσχυρῶν
3639 3889 3778 3943 υἰῶν

2194 3981 2385 4051 Κηδὰρ
2417 3981 2567 4034 ἔσται
2598 3981 2795 4048 ὀλίγον,
2832 3982 2912 4033 ὅτι
2942 3980 3145 4051 Κύριος
3174 3982 3202 4033 6
3226 3980 3356 4043 Θεὸς
3401 3979 3617 4051 Ἰσραὴλ
3646 3978 3777 4034 ἐλά-

2192 4075 2373 4146 λησεν.
2410 4094 2428 4126 ι
2460 4076 2584 4127 ’Ὁτι
2628 4076 2850 4143 γέγονεν
2899 4076 3084 4142 ἐγγὺς,
3120 4074 3216 4128 καὶ
3262 4068 3376 4127 οἷον
3404 4073 3535 4128 είσω
3571 4074 3776 4147 βέϐηκε

2193 4166 2371 4237 θυρῶν
2402 4170 2430 4220 6
2458 4167 2557 4243 τῇς
2608 4167 2913 4237 Ἰδουμαίας
2964 4166 3203 4236 ὄλεθρος,
3249 4168 3345 4221 καὶ
3384 4168 3466 4220 ὅτι
3500 4166 3679 4239 πάντη
3712 4185 3776 4221 τε

2190 4260 2286 4311 καὶ
2346 4258 2560 4321 πάντως
2612 4261 2918 4328 οἰχήσονται
2973 4258 3110 4329 πρὸς
3162 4258 3456 4323 ἀπώλειαν,
3497 4276 3775 4330 κατεμπι-

2191 4350 2442 4421 πράντων
2475 4354 2657 4414 αὐτοῖς
2710 4350 2807 4413 τὰς
2859 4351 3043 4413 πόλεις
3096 4350 3205 4404 τῶν
3248 4350 3625 4415 Βαϐυλωνίων,
3676 4352 3777 4405 καὶ

2191 4443 2404 4496 ἃπασαν
2430 4443 2487 4495 δὲ
2515 4442 2924 4512 καταδῃούντων
2955 4442 3053 4512 τὴν
3092 4445 3297 4513 χώραν,
3330 4442 3775 4513 προαπαγγέλλει

2193 4532 2396 4601 σαφῶς.
2440 4528 2534 4595 Εἷς
2571 4531 2679 4603 γὰρ
2714 4532 2887 4594 ἔσται,
2920 4533 3104 4601 φησὶν,
3144 4534 3173 4584 ὁ
3206 4534 3449 4597 ἐνιαυτὸς
3475 4535 3502 4586 6
3540 4534 3772 4605 μεταξὺ,

520 4620 758 4683 etiamsi,
788 4620 985 4683 inquit,
1008 4619 1205 4672 mirum
1234 4611 1415 4683 Sid-iu
1455 4620 1573 4689 ejus
1612 4623 1690 4674 rei
1720 4618 2081 4687 suspicionem

2203 4625 2282 4675 καὶ
2315 4627 2363 4677 οἱ
2392 4625 2489 4695 τῆς
2519 4623 2709 4694 Κηδάρ
2746 4624 2980 4687 τοξόται,
3018 4624 3215 4689 καίτοι,
3251 4626 3434 4695 φησὶν,
3462 4626 3563 4680 οὐκ
3600 4628 3775 4683 ἀθαύ-

519 4713 821 4773 venientes,
862 4709 1114 4763 deﬁcient
1161 4720 1217 4763 et
1268 4710 1538 4778 peribunt.
1587 4707 1837 4777 Veraque
1889 4708 2085 4776 praedi-

519 4804 628 4856 ctio
657 4812 758 4864 est,
800 4800 1058 4853 Dominus
1100 4798 1243 4851 enim
1301 4797 1444 4852 Deus
1497 4796 1669 4851 Israel
1715 4796 1929 4851 locutus
1977 4803 2079 4848 est.

520 4893 735 4947 Veritus
758 4901 935 4944 autem
965 4905 1241 4957 nunquam
1273 4890 1585 4943 mentietur.

1078 5085 1305 5143 CAPUT
1347 5085 1509 5140 XXII.

589 5248 751 5302 Visus.
786 5249 838 5302 1.
865 5268 883 5300 ι
914 5246 1067 5301 Visio
1094 5246 1249 5299 vallis
1281 5245 1434 5299 Sion.
1466 5245 1605 5311 Quid
1638 5245 1837 5301 factum
1856 5257 1939 5301 est
1964 5247 2079 5311 tibi,

516 5343 766 5407 quoniam
809 5354 955 5395 nunc
997 5339 1330 5392 ascendistis
1367 5352 1558 5391 omnes
1595 5337 1645 5389 in
1687 5346 1826 5393 tecta
1854 5340 2029 5393 vana?
2057 5360 2074 5389 ι

518 5433 758 5487 l’rzesens
788 5432 943 5487 vallis
970 5422 1161 5485 Sionis
1192 5431 1351 5486 visio.
1384 5444 1486 5482 non
1519 5431 1583 5482 de
1623 5430 1755 5499 ipsa-
1770 5432 1959 5495 Sione,
1984 5433 2080 5487 sed

520 5524 586 5576 de
616 5525 897 5589 adiacente
920 5524 1057 5577 valle
1082 5523 1298 5576 dicitur.
1333 5520 1698 5585 Quamobrem
1741 5524 1817 5578 ait
1844 5535 2031 5592 postea
2060 5542 2072 5577 :

521 5633 539 5663 ‹
570 5614 633 5665 Et
659 5622 817 5666 erunt
844 5614 1025 5668 electa:
1046 5616 1210 5667 valles
1242 5622 1365 5676 tuae,
1404 5610 1751 5679 replebantur
1785 5616 2071 5669 curribus:

516 5706 724 5775 equites
783 5721 911 5760 vero
969 5707 1256 5760 occludcut
1321 5721 1505 5776 portas
1570 5714 1752 5760 tuas.»
1831 5708 2078 5761 Arbitror

517 5813 675 5866 porro
714 5796 883 5855 Deum
930 5798 1015 5855 bis.
1059 5796 1417 5866 ahjcctioncm
1464 5797 1675 5857 Israclis
1702 5811 2073 5858 ctextrcmam

2191 4731 2409 4783 μαστον·
2445 4717 2530 4768 ἐπ’
2571 4714 2718 4785 αὑτῷ
2748 4716 2805 4767 δὲ
2830 4716 3002 4785 τούτῳ
3030 4716 3127 4787 τὴν
3154 4716 3420 4788 ὑπόληψιν
3448 4718 3772 4789 ἐσχηκότες,

2187 4803 2495 4872 ὲκλείψουσί
2520 4821 2579 4855 τε
2612 4804 2705 4856 καὶ
2737 4805 3082 4859 ἀπολοῦνται.
3110 4808 3218 4860 Καὶ
3245 4807 3450 4879 ἀληθὴς
3476 4812 3508 4880 ἡ
3530 4813 3774 4882 προαγό-

2191 4910 2388 4962 ρευσις·
2423 4894 2624 4962 Κύριος
2657 4893 2764 4964 γὰρ
2793 4895 3050 4966 ἐλάλησεν
3076 4900 3103 4949 6
3124 4896 3257 4961 Θεὸς
3292 4899 3528 4970 Ἰσραήλ.
3554 4901 3773 4957 Ψεύσε-

2190 4999 2276 5035 ται
2314 4984 2368 5035 δὲ
2395 4984 2592 5053 μᾶλλον
2622 4984 2922 5055 ούδαμῶςή
2954 4986 3196 5057 ἀλήθεια.

2707 5099 3097 5155 ΚΕΦΑΛΑΙΟΝ
3123 5104 3248 5157 KB‘.

2264 5266 2286 5305 ι’
2337 5255 2408 5306 Τὸ
2435 5257 2615 5324 ὅραμα
2644 5256 2743 5324 τῆς
2776 5257 3057 5327 φάραγγος
3103 5260 3268 5313 Σιών.
3290 5264 3355 5315 Τί
3396 5264 3615 5331 ἐγένετό
3657 5284 3768 5334 σοι,

2187 5348 2265 5399 ὅτι
2297 5348 2390 5399 νῦν
2420 5348 2647 5417 ἀνέὸητε
2672 5348 2873 5412 πάντες
2906 5353 2986 5412 εἰς
3025 5350 3249 5422 δώματα
3283 5355 3523 5424 μάταια;
3558 5377 3575 5407 ι
3599 5359 3675 5413 Τό
3702 5378 3772 5429 γε

2190 5440 2296 5508 μὴν
2348 5439 2708 5510 προκείμενον
2768 5442 3051 5511 φάραγγος
3112 5445 3250 5496 Σιὼν
3311 5447 3494 5518 ὅραμα
3543 5450 3603 5502 ού
3666 5452 3773 5523 τῆς

2184 5532 2351 5599 αὐτῆς
2387 5530 2543 5594 Σιὼν,
2584 5531 2718 5582 ἀλλὰ
2755 5533 2881 5604 περ).
2927 5533 3027 5601 τῆς
3078 5538 3443 5608 προκειμένης
3480 5542 3618 5612 αὐτῇ
3662 5546 3771 5610 φά·-

2183 5641 2386 5693 ραγγος
2415 5625 2645 5693 εἴρηται.
2689 5626 2884 5695 Διόπερ
2941 5627 3066 5697 ἑξῆς
3096 5628 3297 5698 προῶν
3344 5631 3371 5682 6
3420 5630 3575 5699 λόγος
3604 5640 3765 5706 φησι·

2188 5732 2205 5763 ι
2251 5717 2358 5767 Καὶ
2388 5715 2597 5767 ἕπονται
2654 5719 2907 5770 ὲκλεκταὶ
2935 5721 3218 5791 φάραγγές
3253 5741 3367 5789 σου,
3420 5726 3763 5796 πλησθήσυν-

2186 5826 2268 5862 ται
2318 5810 2592 5878 ἁρμάτων·
2641 5815 2681 5863 οἱ
2732 5813 2784 5865 δὲ
2830 5816 3014 5878 ἱππεῖς
3054 5816 3390 5889 ὲμφράξουσι
3439 5817 3536 5881 τὰς
3584 5818 3762 5887 πύλας
