4042 6414
250 357 355 413 2ίὸ

1172 356 1670 414 COMMENTARIA
1712 354 2074 411 lN-ISAIAM.
2116 389 2186 398 ——
2222 358 2372 415 CAP.
2416 357 2582 413 XXII.

3402 362 3509 416 246

253 492 368 531 σου.
401 492 423 527 ο
465 469 634 545 οἶμαι
680 474 772 529 διά
804 472 1009 527 τούτων
1043 473 1132 526 τὸν
1161 472 1292 528 Θεὸν
1322 474 1422 545 τὴν
1444 472 1714 543 ἀποϐολὴν
1738 472 1825 525 τοῦ

1934 474 2052 541 ejus
2077 474 2293 529 ruinam
2324 475 2639 545 signiﬁcare
2675 476 2835 540 velle,
2876 475 3134 543 ipsosque
3162 477 3213 528 in
3251 476 3511 547 a‘lienige

261 567 478 639 Ἰσραὴλ
506 567 601 620 καὶ
628 568 726 637 τὴν
757 565 990 636 ἐσχάτην
1018 564 1331 618 ἀπόπτωσιν
1365 565 1606 635 σημῆναι
1640 564 1825 645 βορλὸ-

252 674 432 726 μενον,
461 660 519 710 tv
551 656 629 726 τῷ
648 656 887 726 τάγματι
910 656 1016 708 τῶν
1032 655 1342 723 ἀλλοφύλων
1370 656 1565 718 αὐτοὺς
1593 654 1828 707 κατα·τά-

252 749 357 813 Eat,
391 748 594 819 μέσους
624 746 1073 818 παραληφθέντας
1086 746 1186 816 τῆς
1216 745 1325 798 τῶν
1354 745 1665 815 ἀλλοφύλων
1683 746 1722 798 Γ
1728 763 1824 815 ρα-

248 840 375 911 φῆς.
406 838 570 892 Ἀλλά
598 837 691 891 καὶ
710 837 808 909 τὴν
832 838 1039 891 πτῶσιν
1066 838 1167 908 τῆς
1206 837 1556 907 Ἰερουσαλὴμ
1587 836 1825 907 ἠγοῦμαι

246 926 563 1000 δηλοῦσθαι,
595 926 685 981 διὰ
714 926 874 980 τοῦτο
914 927 1172 996 φάραγγα
1214 923 1352 979 Σιὼν
1383 924 1684 995 ὀνομάζων.
1716 924 1827 976 Καὶ

247 1020 420 1084 άλλως
445 1018 505 1071 δέ
547 1018 820 1089 μέμφεται
847 1020 875 1070 ὁ
903 1018 1035 1081 Θεὸς
1054 1014 1150 1069 τοῦ
1189 1015 1457 1070 Ἰουδαίων
1490 1015 1675 1077 ἔθνους
1701 1015 1828 1077 τοὺς

246 1111 628 1174 ἀποπεσόντας
658 1109 751 1163 τοῦ
786 1110 950 1179 ὕψους
982 1109 1074 1164 τοῦ
1095 1107 1379 1172 θεοσεϐοῦς
1410 1107 1823 1178 πολιτεύματος.

244 1203 438 1273 ὥσπερ
474 1202 542 1273 δὴ
558 1204 615 1256 ἐν
645 1201 853 1255 κοιλάσι
885 1202 979 1255 καὶ
1005 1202 1062 1253 ἐν
1090 1199 1468 1271 φάραγξιτοῦ
1500 1200 1598 1269 τῆς
1629 1201 1825 1262 κακίας

249 1294 410 1364 βυθοῦ
468 1292 989 1355 καταπεπτωκότας.
1042 1291 1180 1345 Σιὼν
1241 1292 1337 1362 μὲν
1365 1292 1474 1362 γὰρ
1517 1292 1642 1362 ὅρος
1680 1292 1828 1344 ἐστὶν

246 1385 472 1456 ὑψηλὸν,
515 1384 600 1454 ἐφ’
630 1380 689 1438 οὕ
720 1386 749 1437 6
792 1382 927 1445 νεὼς
955 1382 1049 1436 τοῦ
1079 1381 1214 1436 Θεοῦ
1250 1382 1580 1452 ᾠκοδόμητο·
1609 1382 1689 1434 διὸ
1740 1381 1828 1434 λέ-

244 1474 452 1530 λεκται·
490 1494 509 1527 ι
560 1475 677 1528 Ἐπ’
703 1474 827 1545 ὅρος
850 1473 1049 1543 ὑψηλὸν
1075 1473 1327 1542 ἀνάϐηθι,
1361 1475 1389 1525 6
1410 1472 1828 1542 εὐαγγελιζόμε-

243 1584 331 1631 νος
359 1566 521 1620 Σιών·
579 1586 598 1618 ι
638 1568 754 1631 καὶ,
788 1585 806 1618 ι
853 1566 1298 1637 Προσεληλύθατε
1350 1565 1491 1618 Σιὼν
1544 1565 1681 1636 ὄρει,
1734 1565 1826 1619 καὶ

244 1660 394 1711 πόλει
426 1658 568 1713 Θεοῦ
594 1657 796 1722 ζῶντος
838 1657 1188 1729 Ἰερουσαλὴμ
1230 1658 1554 1728 ἐπουρανίῳ.
1600 1678 1617 1709 ›
1656 1659 1766 1711 Καὶ
1796 1659 1826 1709 6

242 1748 397 1818 λόγος
412 1748 472 1804 δὲ
499 1752 529 1804 6
561 1750 914 1819 εὐαγγελικὸς
939 1750 1027 1803 διὰ
1054 1748 1146 1801 τοῦ
1170 1747 1305 1801 Σιὼν
1320 1748 1442 1819 ὅρος
1466 1747 1827 1820 σημαίνεσθαι

240 1842 327 1895 διὰ
352 1842 465 1895 τῶν
494 1842 804 1913 ἔμπροσθεν
834 1842 1195 1895 ἐπεδείκνυτο.
1230 1842 1293 1894 Ol
1336 1841 1393 1893 6t
1419 1840 1623 1911 ταύτης
1667 1842 1829 1893 ἐκπε-
1860 1827 1900 1881 Β

242 1934 425 1997 σόντες
442 1934 543 2003 τῆς
574 1933 787 1997 ἐλπίδος
807 1934 865 1985 ἐν
890 1934 1134 2004 φάραγγι
1153 1931 1530 2004 παρακειμένῃ
1560 1931 1657 2003 τῆς
1687 1930 1827 1984 Σιὼν

241 2026 588 2080 πεπτώκασι·
615 2025 778 2080 πάλιν
830 2026 938 2098 γὰρ
970 2028 1141 2097 ἀρετῇ
1172 2025 1339 2078 κακία
1372 2024 1698 2095 παρέπεται,
1748 2025 1827 2085 εἰς

142 2186 147 2191 ἢ
238 2121 303 2187 ἢν
336 2118 606 2189 ἐμπίπτει
640 2120 669 2171 6
714 2120 811 2189 τῆς
845 2117 1046 2188 ἀρετῆς
1083 2115 1481 2181 ἐξολισθαίνων.
1514 2115 1669 2168 Οὕτω
1696 2114 1826 2179 γοῦν

238 2208 400 2276 οίτῆς
438 2209 673 2271 πίστεως
705 2208 1168 2278 ἐξαμαρτάνοντες
1195 2209 1274 2270 είς
1290 2206 1546 2260 ἀπιστίαν
1572 2206 1827 2277 περιτρέ-

241 2315 452 2352 πονται.
491 2300 550 2351 '0
569 2300 746 2352 τοίνυν
770 2300 834 2352 ἐκ
855 2299 1157 2369 περιτομῆς
1174 2298 1322 2362 λαὸς,
1348 2296 1441 2350 τοῦ
1467 2297 1825 2365 εὕαγγελικοῦ

240 2388 407 2458 ὕψους
470 2389 741 2450 ἐκπεσὼν.
790 2390 1013 2460 καὶτῆς
1060 2389 1383 2459 ἐπουρανίου
1418 2387 1554 2441 Σιὼν
1593 2388 1827 2440 ἀπαλλο-

238 2481 512 2551 τριωθεὶς,
556 2483 635 2545 είς
654 2481 746 2535 τὸν
784 2482 883 2553 τῆς
907 2482 1166 2544 ἀπιστίας
1195 2482 1534 2553 περιετράπη
1557 2480 1822 2553 κρημνόνο

237 2572 317 2625 διὸ
362 2573 457 2625 καὶ
485 2575 545 2626 ἐν
594 2571 911 2641 ἀλλοφύλοις
941 2570 1214 2641 ἐλογίσθη.
1252 2571 1413 2625 Ὅθεν
1450 2573 1483 2641 ἡ
1518 2570 1825 2643 προφητεία

237 2664 334 2733 τὴν
370 2664 611 2733 ἐσχάτην
641 2664 821 2717 αὐτῶν
861 2663 1131 2733 ἀποϐολὴν
1163 2662 1529 2733 αἰνιττομένη,
1559 2662 1621 2715 τὸ
1672 2661 1825 2732 ρἧα

238 2754 331 2825 τῆς
362 2754 650 2825 φάραγγος
678 2754 1002 2825 ἀνέγραψεν.
1050 2755 1199 2807 Ἐπεὶ
1229 2756 1303 2825 μή
1328 2756 1444 2807 ἐστι
1471 2752 1825 2825 προσωπολη-

236 2846 334 2914 ψία
381 2848 537 2918 παρὰ
563 2846 641 2917 τῷ
688 2845 828 2917 Θεῷ,
862 2845 1056 2900 τούτου
1094 2847 1254 2917 χάριν
1284 2848 1342 2901 ἐν
1367 2848 1479 2909 τοῖς
1526 2845 1665 2899 κατά
1714 2846 1823 2898 τῶν

237 2936 553 3003 ἀλλοφύλων
574 2935 812 3004 ἐλέγχοις
844 2934 1008 3003 μέσος
1033 2932 1364 3004 ἐμϐέϐληται
1396 2932 1489 2984 καὶ
1511 2933 1539 2983 6
1568 2933 1695 3001 περὶ
1724 2932 1823 3001 τῆς

239 3027 377 3080 Σιὼν
406 3026 585 3095 λόγος.
608 3026 698 3078 Διὸ
738 3026 833 3079 καὶ
858 3025 986 3087 τοὺς
1016 3024 1114 3094 τῆς
1152 3022 1503 3094 Ἰερουσαλὴμ
1532 3024 1823 3094 οίκήτορας

237 3118 432 3188 ὥσπερ
465 3120 523 3171 ἐν
550 3116 868 3186 ἀλλοφύλοις
892 3115 1216 3171 κατατάττει
1244 3114 1439 3179 όΘεὸς,
1466 3115 1559 3167 καὶ
1582 3113 1680 3185 τὴν
1699 3114 1819 3167 κατ’

238 3207 418 3262 αὐτῶν
446 3207 711 3278 προφέρει
739 3206 935 3278 ψῆφον.

314 3318 335 3353 ι
392 3298 727 3369 Ἐνεπλήσθη
761 3301 794 3368 ή
826 3298 981 3363 πόλις
1292 3298 1339 3349 οί
1362 3298 1697 3368 τραυματίαι
1728 3314 1821 3351 σου

236 3389 300 3443 οὕ
317 3390 651 3461 τραυματίαι
669 3390 961 3461 μαχαίρας·
976 3389 1082 3443 οὐδ’
1096 3390 1145 3442 oi
1159 3390 1339 3459 νεκροί
1357 3406 1447 3441 σου
1466 3389 1648 3459 νεκροὶ
1669 3388 1823 3441 πολέ-

240 3496 366 3551 μου.
408 3498 429 3531 ι
453 3478 684 3549 Θεωρῶν
703 3478 760 3531 δέ
785 3481 814 3531 ό
846 3479 1130 3550 προφήτης
1160 3478 1236 3549 τῷ
1258 3478 1527 3549 πνεύματι
1560 3479 1657 3541 τὰς
1681 3478 1824 3531 κατὰ

236 3570 334 3627 τοῦ
388 3572 643 3642 Σωτῆρος
690 3570 817 3640 βοὰς
857 3569 1058 3638 αὐτῶν,
1092 3573 1187 3625 καὶ
1226 3572 1324 3635 τὰς
1360 3571 1552 3636 ἀθέους
1575 3573 1693 3624 κατ’
1721 3574 1821 3624 αὕ-

238 3661 334 3717 τοῦ
388 3661 759 3733 βλασφημίας,
824 3662 890 3715 δι’
948 3661 1015 3726 ἀς
1068 3662 1487 3735 ἀπεϐλήθησαν,
1549 3663 1818 3735 ἐπιφέρειο

318 3860 338 3893 ι
393 3837 725 3910 Ἐνεπλήσθη
742 3839 777 3909 ἠ
798 3837 950 3901 πόλις
966 3836 1229 3907 βοώντων,
1258 3839 1463 3904 Πάντες
1490 3842 1543 3892 οί
1566 3840 1823 3911 ἄρχοντές

239 3949 336 3986 σου
381 3930 711 3999 πεφεύγασι,
747 3931 839 3981 καὶ
886 3930 935 3981 οι
976 3929 1193 3993 ἁλόντες
1248 3930 1498 4003 σκληρῶς
1549 3932 1822 4002 δεδεμένοι

235 4024 369 4088 εἰσὶ,
406 4023 501 4076 καὶ
522 4024 571 4075 οἱ
602 4021 876 4091 ἰσχύοντες
912 4024 968 4077 ἐν
1004 4024 1085 4077 σοὶ
1110 4024 1298 4094 πόρρω
1331 4024 1650 4094 πεφεύγασι.
1684 4044 1702 4076 ι
1734 4026 1823 4078 Διὸ

234 4116 423 4169 ούκέτι
453 4113 595 4167 κατά
622 4113 684 4167 τὸ
716 4112 941 4167 παλαιὸν
974 4116 1101 4185 παρ’
1129 4115 1313 4177 αὐτοῖς
1338 4116 1399 4167 οὕ
1441 4114 1697 4184 βασιλεῖς,
1725 4117 1822 4186 οὐχ

235 4206 554 4281 ἡγούμενοι,
586 4208 687 4260 οὐκ
736 4207 1030 4279 ἀρχιερεῖς,
1083 4208 1145 4261 ού
1201 4208 1498 4278 προφῆται,
1550 4208 1664 4262 ἀλλ’
1702 4209 1822 4261 ούὸὲ

234 4304 546 4373 Φαρισαῖοι,
595 4298 719 4352 οὐδὲ
774 4298 1141 4362 Σαδδουκαῖοι,
1176 4299 1297 4352 οὐδὲ
1333 4301 1447 4353 ὅσοι
1494 4300 1555 4353 τὸ
1594 4300 1822 4354 παλαιὸν

233 4395 358 4455 ταῖς
400 4390 525 4461 παρ’
551 4390 733 4453 αὐτοῖς
764 4388 959 4459 ἀρχαῖς
987 4388 1291 4457 τετίμηντο.
1318 4386 1503 4441 Ταῦτα
1543 4387 1764 4441 συνιδὼν
1795 4389 1823 4440 6

234 4481 528 4551 προφήτης
553 4476 628 4548 τῷ
666 4475 958 4546 πνεύματι,
1000 4477 1096 4528 καὶ
1126 4475 1225 4547 τὴν
1257 4479 1322 4529 ἐκ
1358 4478 1615 4530 τοσούτου
1657 4476 1823 4546 ὕψους

235 4572 333 4624 ἐπὶ
380 4569 479 4641 τὴν
520 4568 754 4639 ἐσχάτην
788 4565 985 4620 κακίαν
1029 4566 1217 4637 ὥσπερ
1256 4567 1377 4620 τινά
1410 4568 1691 4639 φάραγγα,
1726 4568 1823 4640 τὴν

233 4660 448 4715 πτῶσιν
468 4658 562 4712 τοῦ
606 4657 877 4712 Ἰουδαίων
908 4655 1037 4711 λαοῦ
1056 4656 1455 4727 ἀπολοφύρεται
1485 4659 1679 4726 λέγων’

316 4855 334 4886 ι
371 4834 468 4887 Διά
497 4832 655 4887 τοῦτο
683 4830 830 4897 εἶπα,
862 4834 1059 4901 Ἀφετέ
1096 4849 1184 4903 με,
1234 4831 1445 4902 πικρῶς
1493 4831 1817 4903 κλαύσομαι,

237 4930 318 4998 μὴ
376 4924 740 4995 κατισχύσητε
776 4926 1112 4995 παρακαλεῖν
1160 4942 1226 4995 με
1262 4925 1354 4977 ἐπὶ
1400 4923 1462 4975 τὸ
1506 4924 1819 4996 σύντριμμα

234 5024 338 5093 τῆς
384 5020 651 5091 θυγατρὸς
703 5019 797 5073 τοῦ
840 5020 1028 5087 γένους
1072 5036 1195 5090 μου.
1230 5038 1248 5070 ι
1298 5014 1427 5071 Οἶδα
1469 5018 1598 5088 γὰρ,
1635 5018 1819 5089 φησὶν,

235 5113 507 5184 ἀκριϐῶς,
542 5112 635 5164 καὶ
666 5110 743 5181 τῷ
780 5109 1049 5179 πνεύματι
1084 5109 1326 5181 προορῶ,
1355 5110 1449 5160 καὶ
1471 5108 1559 5161 διὰ
1583 5108 1649 5161 τὰ
1683 5126 1819 5179 προ-

234 5203 501 5274 λεχθέντα
546 5202 746 5265 πάντα,
791 5202 885 5255 καὶ
916 5202 950 5271 ἠ
983 5201 1135 5264 πόλις
1166 5203 1199 5271 ὴ
1229 5199 1307 5272 τῷ
1335 5199 1454 5269 Θεῷ
1486 5200 1823 5271 ἀνακειμένη

1931 579 2123 617 narum
2152 566 2341 619 ordine
2374 578 2677 634 reponere;
2708 579 2831 617 nam
2880 565 3039 619 medii
3080 566 3220 619 inter
3251 566 3510 636 alienige—

1930 667 2028 706 nas
2069 652 2123 707 in
2176 652 2458 723 Scriptura
2505 654 2781 709 locantur.
2835 653 2943 708 Sed
2984 657 3151 709 etiam
3196 666 3328 724 puto
3380 672 3505 711 cum

1930 743 2312 814 Hierosolyma:
2342 746 2555 800 ruinam
2575 746 2871 810 declarare,
2904 747 3132 816 ideoque
3155 748 3347 803 vallem
3378 748 3509 803 Sion

1930 837 2103 902 ipsam
2154 851 2370 891 vocare.
2420 837 2676 904 Alioquin
2734 852 2864 891 vero
2896 852 2926 891 e
2973 835 3283 893 Judmorum
3348 847 3512 905 gente

1930 928 2071 983 Deus
2093 943 2187 983 eos
2212 930 2484 998 coarguit,
2508 930 2601 999 qui
2631 944 2663 983 a
2685 929 2924 997 religiosi
2958 930 3192 983 instituti
3226 931 3510 984 cacumine

1929 1020 2271 1082 deciderunt,
2297 1036 2397 1075 ceu
2435 1021 2488 1073 in
2528 1020 2696 1073 valles
2738 1029 2795 1073 et
2829 1020 3117 1090 voragines
3148 1019 3510 1088 profundissi-

1931 1124 2030 1163 tnze
2082 1109 2297 1163 titalitiae
2346 1110 2571 1178 delapsi.
2601 1110 2813 1164 Etenim
2870 1108 3001 1164 Sion
3058 1124 3213 1163 mons
3250 1119 3332 1163 est
3368 1123 3507 1177 prae-

1929 1200 2090 1265 altus,
2122 1200 2175 1253 in
2208 1215 2313 1269 quo
2344 1199 2600 1270 templum
2637 1200 2730 1253 Dei
2771 1200 3099 1253 aediﬁcatum
3138 1207 3256 1251 erat
3287 1216 3299 1251 :
3334 1212 3506 1267 quare

1930 1292 2171 1346 dicitur:
2204 1308 2221 1340 ι
2253 1288 2429 1359 Super
2480 1300 2716 1345 montem
2781 1289 3054 1343 excelsum
3113 1290 3369 1356 ascende,
3413 1290 3504 1356 qui

1930 1382 2276 1451 evangelizas
2329 1382 2530 1446 Sion“;
2563 1400 2581 1432 ι
2642 1392 2697 1435 et
2750 1397 2762 1432 :
2820 1381 3192 1435 (Accessistis
3252 1382 3320 1434 ad
3376 1379 3510 1435 Sion

1931 1484 2196 1535 montem,
2231 1482 2285 1527 et
2334 1475 2606 1527 civitatem
2648 1474 2740 1529 Dei
2781 1471 3015 1526 viventis
3059 1470 3360 1527 Jerusalem
3390 1484 3507 1525 co:-

1930 1564 2125 1618 lestem
2147 1565 2187 1621 ⁶.
2218 1583 2235 1615 ι
2276 1565 2655 1634 Evangelicum
2700 1576 2880 1617 autem
2908 1577 3216 1619 sermonem
3246 1577 3342 1631 per
3377 1560 3509 1616 Sion

1932 1666 2170 1709 montem
2228 1654 2522 1725 signiﬁcari
2570 1655 2823 1723 superius
2871 1663 3359 1709 commonstratum
3403 1663 3511 1707 est.

1930 1749 2031 1814 Qui
2081 1762 2244 1817 porro
2278 1763 2343 1801 ex
2394 1747 2498 1801 hac
2530 1762 2624 1815 spe
2656 1747 2990 1810 deciderunt,
3023 1746 3081 1800 in
3110 1744 3307 1799 vallem
3357 1742 3508 1798 Sioni

1930 1822 2269 1904 adiacentem
2295 1837 2497 1906 delapsi
2534 1850 2660 1891 sunt
2699 1859 2709 1892 :
2741 1852 2867 1891 nant
2914 1850 3105 1891 rursus
3138 1836 3394 1889 virtutem
3426 1850 3507 1888 se—

1930 1932 2117 2000 quitur
2155 1930 2393 1997 malitiap
2434 1932 2486 1984 in
2526 1945 2687 1999 quam
2721 1927 2927 1983 decidit
2966 1927 3059 1996 qui
3091 1942 3155 1981 ex
3190 1927 3391 1981 virtute
3421 1928 3511 1980 de-

1929 2022 2151 2077 labitur.
2177 2020 2267 2075 Sic
2300 2021 2464 2091 igitur
2497 2021 2587 2089 qui
2622 2035 2691 2075 ex
2724 2018 2832 2073 ﬁde
2861 2018 3121 2073 aberrant
3162 2020 3229 2073 ad
3260 2018 3511 2072 incredu—

1928 2113 2133 2168 litatem
2177 2123 2486 2167 vertuntur.
2529 2113 2766 2182 Populus
2803 2115 2992 2183 itaque
3028 2126 3093 2167 ex
3136 2110 3512 2165 circumcisio-

1930 2220 2017 2269 ne,
2061 2220 2126 2258 ex
2182 2205 2502 2274 evangelica
2551 2206 2835 2260 cacumine
2882 2205 3083 2274 lapsus,
3117 2213 3173 2258 et
3222 2218 3251 2255 a
3299 2201 3510 2256 cmlesti

1930 2295 2059 2351 Sion
2092 2297 2449 2362 abalienatus,
2482 2298 2534 2351 in
2561 2299 2925 2367 praecipitium
2956 2296 3360 2352 incredulitatis
3383 2310 3505 2348 cor-

1927 2388 2089 2443 ruit:
2135 2403 2306 2457 quare
2363 2388 2506 2444 inter
2584 2388 2921 2459 alienigenas
2987 2398 3289 2456 reputatur.
3355 2385 3511 2442 Unde

1927 2479 2210 2548 prophetia
2246 2490 2545 2534 extremam
2584 2495 2776 2535 eorum
2830 2478 3100 2549 repulsam
3151 2478 3509 2537 adumbrans,

1929 2570 2154 2625 verbum
2189 2570 2347 2626 vallis
2377 2572 2690 2641 descripsit.
2722 2572 2859 2638 Quia
2893 2586 3021 2626 vero
3050 2586 3153 2625 non
3186 2579 3273 2624 est
3318 2582 3506 2636 perso-

1926 2676 2119 2715 narum
2168 2662 2412 2730 acceptio
2461 2664 2601 2732 apud
2647 2663 2854 2727 Deum,
2905 2664 3026 2717 ideo
3086 2662 3138 2716 in
3182 2660 3511 2730 alienigena-

1929 2764 2046 2805 rum
2088 2752 2605 2821 reprehensionibus
2638 2752 2851 2807 medius
2878 2752 2943 2806 de
2976 2750 3144 2807 Sione
3195 2764 3376 2805 sermo
3418 2749 3507 2801 in-

1925 2856 2105 2900 sertus
2140 2853 2245 2901 est.
2290 2843 2553 2911 Quocirca
2584 2843 2977 2915 Hierosolyma:
3004 2842 3234 2906 incolas,
3265 2841 3418 2911 quasi
3456 2841 3508 2893 in

1926 2933 2251 3007 alienigenis
2298 2934 2441 2989 Deus
2488 2934 2792 2998 constituit,
2824 2934 3263 3003 sententiamque
3304 2931 3512 3001 prolcrt

1924 3028 2207 3083 adversum
2234 3026 2375 3083 illos.

2003 3279 2167 3337 Vens.
2194 3281 2250 3337 2.
2288 3299 2307 3333 ι
2339 3281 2564 3352 Repleta
2612 3292 2695 3337 est
2729 3292 2926 3338 civitas
2960 3282 3322 3341 clamantibus
3353 3302 3365 3338 :
3397 3284 3515 3336 vul-

1930 3373 2104 3427 nerati
2144 3374 2245 3439 tui,
2278 3389 2386 3428 non
2424 3374 2693 3428 vulnerati
2734 3374 2945 3444 gladio;
2981 3389 3153 3444 neque
3176 3376 3373 3429 mortui
3411 3377 3511 3439 tui,

1930 3464 2129 3518 mortui
2160 3463 2321 3519 bello.
2349 3484 2368 3517 ›
2404 3464 2611 3535 Spiritu
2640 3468 2986 3535 conspicatus
3030 3466 3291 3537 propheta
3320 3482 3511 3522 eorum

1930 3566 2119 3611 contra
2176 3556 2520 3613 Salvatorem
2557 3559 2848 3624 clamores,
2898 3558 3201 3629 impiasque
3241 3560 3293 3615 in
3337 3562 3513 3629 ipsum

1930 3650 2320 3718 blaspltemias,
2353 3665 2587 3719 quarum
2634 3665 2802 3707 causa
2832 3650 3017 3720 rejecti
3059 3663 3209 3707 sunt.
3237 3653 3516 3722 subjungit

1931 3745 2058 3801 illud
2092 3759 2108 3798 :
3142 3746 3161 3757 ⁴

2002 3834 2164 3889 Vens.
2197 3836 2249 3891 3.
2294 3856 2311 3889 ι
2342 3836 2561 3906 Repleta
2604 3844 2687 3893 est
2721 3837 2917 3893 civitas
2948 3837 3334 3899 clamantibus.
3385 3839 3514 3893 Om-

1931 3941 2027 3981 nes
2063 3928 2335 3996 principes
2374 3929 2450 3981 tui
2500 3927 2781 3997 fugerunt,
2811 3937 2868 3983 et
2912 3930 3055 3998 capti
3103 3930 3311 3984 duriter
3347 3931 3515 3983 vincti

1930 4029 2080 4082 sunt,
2110 4030 2164 4073 et
2191 4021 2281 4088 qui
2320 4028 2567 4089 potentes
2613 4033 2741 4075 sunt
2788 4021 2841 4075 in
2878 4031 2951 4087 te,
2980 4021 3138 4090 longe
3173 4021 3448 4089 fugerunt.
3486 4040 3505 4075 ι

1930 4109 2111 4175 Quare
2143 4123 2249 4163 non
2286 4109 2517 4176 amplius
2546 4119 2604 4163 ut
2642 4110 2948 4180 antiquitus
2973 4124 3149 4181 reges,
3186 4127 3289 4165 non
3324 4114 3516 4173 duces,

1931 4216 2039 4255 non
2075 4200 2410 4265 sacerdotes,
2441 4215 2547 4254 non
2595 4202 2875 4269 prophetae
2901 4202 3043 4271 apud
3076 4202 3193 4256 illos
3224 4212 3381 4265 sunt;
3414 4204 3511 4257 sed

1932 4306 2107 4361 neque
2154 4291 2433 4355 Pharisaei,
2482 4305 2657 4361 neque
2702 4291 2970 4358 Saduccei,
3006 4308 3184 4362 neque
3231 4294 3318 4345 alii
3355 4306 3517 4361 qunt-

1931 4379 2208 4449 quotolim
2245 4395 2434 4436 eorum
2466 4383 2879 4452 magistratibus
2910 4382 3183 4451 perfuncti
3210 4395 3355 4437 sunt.
3393 4384 3517 4437 nec

1930 4487 2053 4525 cum
2104 4474 2297 4541 spiritu
2345 4484 2595 4528 cerneret
2642 4475 2940 4544 pmplteta,
2993 4490 3203 4529 necnon
3248 4475 3395 4529 illum
3448 4492 3515 4529 ex

1934 4573 2078 4617 tanta
2128 4564 2473 4635 sublimitate,
2519 4566 2569 4617 in
2628 4574 2934 4619 extremam
2992 4564 3295 4623 malitiam.
3325 4582 3421 4619 ceu
3462 4568 3512 4618 in

1928 4654 2221 4724 quamdam
2269 4654 2486 4721 vallem,
2519 4655 2732 4711 Judaici
2776 4655 2959 4727 populi
3012 4654 3246 4724 lapsum,
3281 4656 3430 4710 luctu
3457 4671 3518 4711 se

1929 4743 2226 4797 discruciat
2258 4743 2445 4796 dicens
2478 4762 2491 4797 :

1999 4834 2162 4891 Vens.
2206 4835 2261 4888 4.
2313 4834 2649 4903 «Propterea
2714 4834 2858 4901 dixi,
2927 4837 3091 4891 sinite
3159 4852 3281 4903 me,
3333 4852 3517 4892 amare

1925 4928 2085 4995 ﬂebo,
2133 4943 2237 4982 non
2286 4928 2533 4997 poteritis
2585 4927 2855 4982 consolari
2925 4943 3011 4983 me
3078 4945 3240 4997 super
3312 4931 3514 4984 contri-

1928 5021 2073 5074 tione
2126 5018 2248 5073 ﬁliaa
2300 5019 2519 5088 generis
2573 5020 2701 5073 mei.
2732 5038 2752 5071 ι
2788 5018 2923 5074 Nam
2959 5032 3213 5075 accurate
3246 5021 3393 5083 novi,
3442 5022 3513 5074 in-

1925 5112 2063 5179 quit,
2096 5120 2149 5164 et
2172 5111 2367 5180 spiritu
2397 5112 2693 5180 prtevideo,
2718 5113 2888 5166 etiam
2924 5128 2991 5168 ex
3023 5114 3089 5167 iis
3115 5115 3369 5169 omnibus
3398 5130 3518 5184 qua:

1930 5218 2091 5271 supra
2134 5202 2277 5256 dicta
2329 5211 2479 5267 sunt,
2520 5202 2796 5256 civitatem
2832 5203 2942 5257 Deo
2990 5204 3261 5259 addictam
3294 5206 3486 5274 capien

234 5294 512 5351 ἁλώσεται
536 5334 551 5358 ,
582 5295 677 5347 καὶ
716 5295 910 5357 πάντες
934 5295 983 5349 οἱ
1021 5296 1080 5345 ἐν
1103 5294 1241 5364 αύτῇ
1282 5295 1361 5355 εἰς
1406 5291 1582 5363 χαράν
1614 5291 1825 5363 ἐχθρῶν

1934 5295 2083 5357 dam,
2114 5300 2167 5346 et
2190 5306 2381 5348 omnes
2411 5293 2504 5363 qui
2544 5293 2597 5345 in
2639 5293 2727 5345 illa
2772 5303 2919 5359 sunt,
2948 5294 2999 5348 in
3037 5296 3293 5365 gaudium
3338 5295 3514 5347 inimi.

238 5387 729 5457 παραδοθήσονται.
764 5384 963 5457 Διόπερ
1014 5384 1267 5438 ἐντεῦθεν
1323 5384 1427 5453 ηδη
1459 5383 1824 5454 ἀποδύρομαι,

239 5480 335 5532 καὶ
368 5478 559 5549 ὥσπερ
606 5479 698 5531 ἐπὶ
744 5477 983 5547 γνησίοις
1016 5476 1252 5547 ἐμαυτοῦ
1316 5475 1641 5545 σπλάγχνοις
1693 5476 1827 5529 ἁπο-

223 5570 520 5640 κλαίομαι.

314 5776 333 5807 ⁸
361 5776 485 5830 lsai.
524 5790 612 5841 η,
646 5773 697 5829 9.
776 5774 794 5804 ‘
824 5770 984 5829 Hebr.
1026 5773 1233 5842 xu,22.

1933 5400 2121 5440 eorum
2176 5386 2382 5442 dandos
2422 5400 2567 5441 esse.
2635 5388 2819 5452 Quare
2860 5386 2974 5456 jam
3009 5387 3209 5443 exhinc
3254 5386 3430 5456 lugeo,
3463 5399 3517 5441 ιιι

1933 5478 2085 5549 quasi
2112 5480 2352 5549 genuina
2385 5479 2593 5535 viscera
2622 5495 2741 5535 mea
2774 5478 3015 5548 depioro.
