4042 6394
179 408 293 467 349

1151 385 1662 468 communium
1696 409 1768 468 IN
1804 410 2066 470 13AM.
2103 441 2170 454 -
2200 407 2360 467 CAP.
2397 402 2570 464 χιιι.

3355 402 3468 460 850

179 528 234 584 ul
255 530 727 603 κατηγορούμενα
772 528 1100 602 ἐπενόησαν,
1121 527 1222 593 τάς
1252 528 1364 582 τῶν
1395 530 1782 598 πρεσϐυτέρων

1890 545 2084 601 aquam
2115 528 2220 586 sibi
2249 527 2662 599 excogitarent,
2691 521 2953 580 videlicet
2981 518 3265 578 seniorum
3300 521 3473 596 tradi-

180 622 539 695 πραδόσεις,
567 625 654 693 ἐφ’
684 617 775 686 αἷς
793 622 892 677 καὶ
925 621 1070 693 μέγα
1111 621 1402 695 φρονοῦσιν
1427 623 1477 677 oi
1516 625 1648 696 παρ’
1680 625 1780 678 αὐ-

179 715 299 777 τοῖς
331 713 658 786 καλούμενοι
705 713 1057 785 δευτερωταί.
1115 731 1135 764 ι
1173 712 1283 766 Καὶ
1321 713 1422 767 οὐκ
1453 713 1779 784 ὲνεϐλέψατε

178 805 262 869 είς
279 805 374 858 τὸν
399 805 497 859 ἀπ’
525 803 702 876 ἀρχῆς
724 804 1028 876 ποιήσαντα
1051 804 1244 875 αὐτὴν,
1283 805 1376 859 καὶ
1403 805 1496 859 τὸν
1517 805 1782 861 κτίσαντα

176 895 352 966 αὐτὴν
381 896 488 948 οὐκ
521 892 713 949 εἰδετε.
755 912 776 946 ι
817 895 979 964 Λέγω
1015 895 1082 966 δὴ
1112 893 1214 967 τὴν
1243 894 1482 950 παλαιὰν
1513 895 1780 949 τῶν’θεο-

177 984 468 1038 πνεύστοη
497 982 730 1054 Γραφῶν
757 983 1169 1056 κολυμϐήθραν,
1201 983 1298 1056 τὴν
1331 985 1438 1039 ἀπὺ
1465 985 1658 1055 πηγῶν
1682 983 1779 1038 τοῦ

176 1073 331 1129 θείου
361 1072 685 1146 Πνεύματος
708 1075 1103 1148 προχεομένην.

254 1182 277 1216 ε
314 1164 432 1218 Καὶ
461 1163 689 1218 ἐκάλεσε
716 1165 923 1237 Κύριος
945 1163 1175 1220 Σαϐαὼθ
1209 1165 1268 1219 ὲν
1286 1167 1354 1238 τῇ
1388 1165 1574 1238 ήμέρᾳ
1593 1163 1778 1239 ἐκείνῃ

1883 623 2080 688 tiones,
2109 620 2166 676 in
2222 619 2422 690 quibus
2449 616 2619 673 altum
2673 621 2899 685 sapiunt
2928 613 2988 680 ii,
3015 612 3112 684 qui
3152 613 3296 684 apud
3344 612 3471 670 illos

1881 714 2195 770 Deuterota
2229 709 2593 783 appellantur.
2623 726 2644 761 ι
2664 707 2734 763 Et
2765 721 2874 762 non
2907 704 3229 776 respexistis
3260 704 3314 761 in
3342 718 3470 759 eum

1882 806 1974 875 qui
2002 805 2070 859 ab
2098 802 2256 859 initio
2298 802 2428 858 fecit
2463 801 2640 865 illam,
2658 807 2718 854 et
2741 797 3082 854 conditorem
3105 795 3226 865 eius
3249 810 3359 850 non
3389 795 3471 850 vi-

1882 897 2060 954 distis.
2091 914 2112 949 ι
2144 895 2224 951 De
2257 894 2425 952 veteri
2455 893 2764 950 divinarum
2800 883 3213 961 Scripturarum
3255 886 3471 958 piscina

1882 988 2103 1061 loquor,
2131 1000 2253 1059 quae
2277 999 2310 1042 a
2330 985 2574 1043 fontibus
2602 982 2775 1040 divini
2802 979 3044 1054 Spiritus
3079 989 3323 1037 emanat.

1953 1164 2122 1221 Vens.
2155 1163 2243 1229 ιε,
2275 1163 2365 1234 15.
2400 1180 2420 1214 ε
2442 1161 2510 1217 Ει
2564 1159 2787 1216 vocavit
2829 1158 3096 1214 Dominus
3137 1155 3380 1215 Sabaoth
3410 1157 3470 1213 in

173 1253 467 1327 κλαυθμὸν
499 1254 597 1310 καὶ
628 1256 861 1310 κοπετὸν
893 1256 988 1310 καὶ
1036 1254 1287 1328 ξύρησιν,
1322 1256 1418 1311 καὶ
1446 1254 1614 1320 ζῶσιν
1641 1257 1779 1310 σάκ-

1890 1256 1971 1313 die
1998 1255 2088 1312 illa
2126 1254 2338 1320 fletum,
2369 1263 2426 1310 et
2471 1253 2777 1324 planctum,
2799 1261 2856 1308 et
2884 1251 3238 1307 abrasionem
3269 1259 3326 1306 et
3353 1249 3470 1306 cin-

171 1363 316 1401 κων·
348 1347 506 1402 αὐτοὶ
523 1346 582 1402 δὲ
595 1348 920 1431 ἐποιήσαντο
951 1347 1294 1420 εὐφροσύνην
1322 1349 1420 1404 καὶ
1437 1347 1778 1421 ἀγαλλίαμα,

1890 1356 2099 1402 cturam
2131 1359 2420 1401 saccutum
2447 1363 2464 1401 :
2488 1344 2567 1400 illi
2596 1353 2781 1398 autem
2812 1341 2982 1398 lattati
3018 1349 3078 1398 et
3107 1341 3285 1413 gavisi
3317 1349 3468 1407 sunt,

173 1434 484 1508 σφάζοντες
506 1437 744 1510 μόσχους
767 1439 865 1494 καὶ
882 1438 1108 1504 θύοντες
1132 1439 1401 1512 πρόϐατα,
1418 1438 1561 1494 ὥστε
1584 1442 1781 1511 φαγεῖν

1890 1439 2194 1511 iugulantes
2239 1436 2444 1493 vitulos
2489 1445 2546 1492 et
2597 1443 2905 1491 mactantes
2954 1447 3111 1501 oves,
3139 1441 3200 1489 ut
3244 1435 3474 1490 ederent

170 1526 415 1600 κρέατα,
441 1527 540 1582 καὶ
561 1529 708 1582 πιεῖν
731 1523 895 1592 οῐνον,
927 1529 1198 1599 λέγοντες,
1231 1529 1394 1599 Φάγω
1400 1546 1500 1601 μεν
1520 1530 1616 1584 καὶ
1639 1530 1780 1584 πίω-

1890 1545 2098 1596 carnes,
2129 1539 2187 1586 et
2209 1519 2463 1585 biberent
2493 1527 2701 1594 vinum,
2733 1525 2998 1592 dicentes,
3036 1523 3392 1581 comedamus
3413 1531 3492 1579 et‘

175 1635 309 1690 μενο
339 1615 532 1690 αὔριον
570 1619 683 1692 γάρ
730 1619 1170 1693 ἀποθνήσκομεν.
1209 1638 1230 1673 ι
1272 1621 1330 1676 '0
1376 1621 1476 1692 μὲν
1521 1616 1616 1676 οῦν
1648 1620 1782 1686 Θεὸς

1890 1623 2160 1690 bibamus,
2191 1637 2318 1678 cras
2357 1621 2506 1676 enim
2558 1620 2878 1675 moriemur.
2905 1636 2925 1670 ε
2976 1616 3124 1673 Deus
3153 1616 3340 1690 igitur,
3374 1612 3470 1687 qui

177 1709 402 1782 μεγάλα
431 1711 762 1783 τολμήσασι,
804 1711 881 1786 μὴ
911 1710 1234 1784 βουλόμενος
1269 1710 1499 1768 θάνατον
1521 1712 1782 1785 ἀμαρτω-

1890 1731 1992 1773 non
2025 1714 2142 1770 vult
2193 1723 2424 1769 mortem
2473 1710 2800 1783 peccatoris,
2829 1709 2925 1764 sed
2971 1708 3146 1779 magis
3196 1707 3471 1778 poeniten—

169 1799 272 1855 λοῦ
300 1800 382 1864 ὡς
404 1800 506 1874 τὴν
531 1801 823 1873 μετάνοιαν
853 1801 1044 1866 αὑτοῦ,
1076 1802 1296 1876 θρηνεῖν
1311 1803 1510 1867 αὐτοὺς
1535 1803 1632 1859 καὶ
1653 1802 1782 1857 ἀπο-

1890 1809 2042 1874 tiam,
2073 1806 2222 1877 ipsos
2277 1814 2473 1875 magna
2537 1802 2784 1858 facinora
2828 1798 3136 1872 aggressus,
3188 1799 3377 1871 lugere
3413 1808 3472 1853 et

171 1889 469 1946 κλαίεσθαι
506 1890 864 1965 τήν.ίαυτῶν
894 1890 1172 1947 ἀπώλειαν
1227 1891 1689 1963 παρεκελεύσατο·
1729 1893 1781 1945 οί

1890 1899 2181 1972 perniciem
2226 1896 2360 1954 flere
2389 1909 2544 1951 suam
2561 1892 2758 1980 jubet;
2798 1891 2878 1949 illi
2911 1906 3042 1947 vero
3073 1891 3127 1945 in
3155 1887 3470 1958 huiusmodi

169 1979 231 2036 ἃ
259 1981 328 2036 ἐν
348 1982 612 2048 τοιούτοις
656 1984 849 2047 κακοῖς
885 1981 1286 2055 ἐξεταζόμενοι,
1309 1984 1385 2048 ὡς
1419 1983 1488 2038 ἀν
1532 1983 1781 2053 ἀπεγνω-

1890 1991 2042 2049 malis
2067 1998 2376 2055 versantes,
2400 1979 2658 2058 quaside
2681 1985 2858 2041 salute
2880 1984 3239 2054 desperantes
3263 1997 3386 2046 sua,
3414 1981 3469 2036 in

169 2072 340 2137 κότες
373 2073 584 2127 ἑαυτῶν
606 2073 904 2146 σωτηρίαν,
925 2075 1008 2138 είς
1027 2074 1286 2129 ἀπόνοιαν
1303 2073 1619 2141 ἐξώκειλαν,
1636 2074 1782 2153 μέθῃ

1890 2081 2151 2139 insaniam
2200 2086 2555 2151 proruerunt,
2614 2076 2866 2133 ebrietati
2917 2085 2975 2131 et
3021 2072 3288 2144 voluptati
3347 2087 3472 2128 sese

169 2165 274 2216 καὶ
307 2166 491 2235 τρυφῇ
527 2164 756 2229 ἑαυτοὺς
780 2165 1050 2232 ικδόντες,
1090 2165 1167 2231 ὡς
1184 2166 1248 2220 οὐ
1270 2165 1662 2239 διαδεξομίνης
1682 2169 1782 2224 αύ-

1890 2172 2173 2236 dedentes;
2200 2169 2356 2241 quasi
2389 2182 2585 2241 nempe
2614 2176 2739 2239 post
2763 2167 2971 2224 exitum
3000 2181 3068 2221 ex
3094 2166 3199 2221 hac
3232 2164 3346 2220 vita
3374 2163 3470 2220 Dei

167 2255 307 2316 τοὺς
357 2252 498 2307 Θεοῦ
544 2253 783 2326 κρίσεως
816 2254 957 2328 μετά
1004 2256 1107 2328 τὴν
1148 2255 1245 2311 τοῦ
1277 2256 1475 2330 θνητοῦ
1529 2257 1649 2329 βίου
1699 2275 1782 2314 τε-

1890 2261 2141 2332 iudicium
2180 2260 2498 2332 neutiquam
2529 2259 2651 2316 illos
2678 2269 3030 2330 excepturum
3060 2265 3230 2314 esset.

168 2342 429 2488 Ἲᾷι
457 2433 959 2508 ἀνακεκαλυμμένα
979 2436 1158 2492 ταῦτά
1188 2439 1297 2492 είσι
1328 2440 1387 2493 tv
1404 2439 1639 2505 τάςώσὶ
1665 2440 1783 2494 Κυ-

174 2525 302 2597 ρίου
327 2524 582 2580 Σαϐαὼθ.
623 2544 643 2578 ι
680 2527 775 2581 Διὺ
803 2526 996 2601 ὥσπερ
1024 2529 1212 2602 δεσμῷ
1238 2529 1384 2584 Θεοῦ·
1407 2529 1783 2587 καταδεθεῖσιν

170 2614 368 2678 αὐτοῖς
394 2617 465 2686 τῇ
499 2615 744 2688 ἁμαρτίᾳ
763 2616 1040 2688 ἀπόφασις
1059 2618 1406 2690 ἐξενήνεκται
1435 2621 1558 2674 κατ’
1577 2620 1779 2688 αὐτῶν,

171 2707 426 2776 φήσασα·
466 2722 486 2756 ι
509 2705 625 2761 οὐκ
655 2707 990 2780 ἀφεθήσεται
1012 2711 1049 2782 ή
1075 2710 1302 2784 τοιαύτη
1337 2712 1580 2784 ἁμαρτία
1604 2713 1781 2786 ὑμῶν,

171 2795 290 2860 ἕως
321 2795 658 2869 ἀποθάνητε.
704 2817 726 2852 ι
1556 2841 1562 2848 .

255 2906 278 2940 s
315 2886 460 2941 Τάδε
491 2887 640 2958 λέγει
666 2889 876 2964 Κύριος
909 2890 1164 2947 Σαϐαώθο
1198 2893 1442 2966 Πορεύου
1465 2895 1548 2960 είς
1580 2911 1782 2952 παστο-

173 2979 376 3053 φόριον
409 2982 548 3053 πρὸς
577 2983 791 3054 Σομνάν
823 2983 916 3038 τὸν
937 2983 1164 3056 ταμίαν,
1198 2987 1297 3041 καὶ⁵
1321 2983 1475 3042 εἷπον
1499 2987 1669 3060 αὐτῷ’
1718 2988 1785 3043 Τί

175 3089 268 3127 σοι
303 3065 446 3138 ὧδες
469 3073 577 3127 Καὶ
590 3073 644 3127 τί
668 3077 752 3128 σοί
771 3076 924 3128 ἔστιν
951 3068 1076 3141 ὧδε,
1095 3077 1179 3131 ὅτι
1204 3076 1550 3150 ιλατόμησας
1573 3079 1785 3153 σεαυτῷ

175 3159 290 3221 ὧδε
329 3167 629 3238 μνημεῖον;
678 3167 777 3220 καὶ
799 3166 1063 3239 ἐποίησας
1095 3167 1312 3240 σεαυτῷ
1336 3171 1396 3223 ὲν
1420 3169 1612 3242 ὑψηλῷ
1646 3187 1784 3244 μνη-

179 3259 364 3328 μεῖον,
391 3257 490 3312 καὶ
524 3256 771 3330 ἔγραψας
807 3259 1024 3331 σεαυτῷ
1053 3261 1114 3315 tv
1151 3261 1334 3334 πέτρᾳ
1365 3264 1608 3336 σκηνήν;
1650 3263 1783 3320 Ἰδοὺ

173 3348 248 3420 δὴ
277 3347 489 3420 Κύριος
522 3348 753 3403 Σαϐαὼθ
803 3350 1026 3406 ἐκϐαλεῖ
1056 3353 1152 3408 καὶ
1182 3354 1432 3425 ικτρίψει
1461 3354 1653 3427 ἄνδρα,
1685 3355 1784 3411 καὶ

175 3438 380 3509 ἀφελεῖ
408 3439 508 3512 τὴν
537 3441 732 3514 στολήν
750 3459 869 3508 σου,
898 3443 994 3499 καὶ
1020 3443 1116 3500 τὸν
1153 3446 1418 3515 στέφανόν
1451 3463 1548 3502 σου
1579 3448 1671 3503 τὸν
1695 3447 1783 3504 ιν-

172 3530 358 3599 ϐοξον,
391 3533 489 3586 καὶ
519 3533 665 3605 ῥίψαι
717 3551 778 3589 σε
797 3536 879 3599 είς
909 3533 1097 3609 χώραν
1140 3536 1384 3611 μεγάλην
1412 3541 1506 3594 καὶ
1538 3540 1786 3614 ἀμέτρη-

172 3640 300 3688 τον,
349 3624 448 3678 καὶ
493 3627 612 3679 ἐκεῖ
667 3625 936 3700 ἀποθανῇο
973 3629 1068 3683 καὶ
1121 3628 1277 3701 θήσει
1306 3629 1368 3685 τὸ
1400 3631 1556 3705 ἅρμα
1588 3648 1682 3686 σου
1719 3632 1784 3687 τὸ

176 3715 356 3771 καλὸν
386 3717 470 3781 είς
499 3716 746 3788 ἀτιμίαν,
794 3720 892 3774 καὶ
922 3720 1016 3776 τὸν
1051 3715 1204 3776 οἷκον
1245 3720 1342 3776 τοῦ
1397 3723 1658 3796 ἄρχοντός
1685 3741 1781 3778 σου

177 3809 268 3872 είς
300 3809 696 3880 καταπάτημα·
731 3811 827 3865 καὶ
856 3813 1206 3887 ἀφαιρεθήσῃ
1238 3816 1303 3869 ικ
1333 3816 1434 3887 τῆς
1466 3814 1783 3888 οἰκονομίας

179 3916 283 3961 σου
319 3900 415 3954 καὶ
465 3902 532 3956 ἐκ
574 3902 676 3973 τῆς
725 3902 968 3968 στάσεώς
1014 3921 1133 3960 σου.
1195 3924 1217 3958 a
1271 3907 1469 3977 Ἔλεγε
1523 3906 1704 3962 τοίνυν
1751 3910 1783 3963 ό

188 3992 453 4067 Ἐϐραῖος
471 3995 735 4068 ἀρχιερέα
755 3996 1082 4069 γεγενῆσθαι
1118 3999 1213 4054 τὸν
1251 4000 1467 4071 Σομνάν
1492 4003 1781 4073 τρυφητήν

175 4101 332 4150 τινα,
355 4085 452 4139 καὶ
479 4085 572 4139 τὸν
610 4085 724 4157 βίον
754 4085 991 4159 ἄσεμνον
1021 4087 1212 4161 ἄνδρα·
1247 4089 1325 4155 ὡς
1355 4092 1450 4145 καὶ
1490 4090 1781 4164 προδοῦναι

176 4175 280 4232 τὸν
299 4175 431 4230 λαὸν
445 4174 558 4248 (τε)
573 4177 669 4231 καὶ
681 4176 1052 4252 αὐτομολῆσαι
1063 4180 1204 4253 πρὸς
1219 4181 1425 4254 Σεναχη
1432 4182 1559 4255 ρεὶμ
1567 4184 1659 4237 τὸν
1672 4183 1781 4238 τῶν

191 4265 506 4322 ’Δσσυοίων
551 4266 796 4335 βασιλέα,
848 4271 989 4343 πρὸς
1034 4270 1096 4327 ὃν
1144 4271 1427 4327 mnum
1478 4273 1716 4345 βαδίζειν
1751 4277 1783 4330 ό

178 4357 481 4434 προφήτης
511 4361 594 4424 είς
627 4359 692 4416 τὸ
711 4362 1149 4437 παστοφόριον,ή
1174 4365 1317 4420 κατὰ
1339 4366 1434 4420 τὸν
1459 4365 1778 4440 Σύμμαχον,

184 4469 208 4504 ε
236 4449 336 4504 τὸν
357 4451 809 4522 σκηνοποιοῦντα,
854 4471 874 4506 ι
919 4454 954 4526 ἢ
979 4455 1126 4510 κατά
1150 4456 1246 4510 τὸν
1289 4456 1541 4523 Ἀκύλαν,
1581 4478 1602 4512 ι
1641 4458 1782 4532 πρὸς

1957 2441 2120 2498 Vsus.
2153 2441 2243 2496 ιι.
2276 2441 2391 2497 (Et
2439 2440 2558 2497 hac
2588 2438 2829 2497 revelata
2864 2447 2994 2494 sunt
3024 2438 3079 2492 in
3111 2436 3337 2494 auribus
3364 2435 3473 2492 Do-

1883 2532 2016 2588 mini
2066 2531 2330 2592 Sabaoth.
2365 2550 2386 2585 ι
2420 2531 2604 2599 Quare
2660 2530 2774 2586 illis
2823 2539 3050 2600 peccato
3109 2542 3210 2584 ceu
3253 2525 3474 2582 vinculo

1883 2625 1980 2680 Dei
2011 2625 2235 2688 vinclis,
2266 2624 2387 2680 haec
2413 2623 2690 2679 sententia
2732 2622 3012 2694 profertur
3042 2638 3056 2675 :
3093 2639 3111 2670 ι
3139 2618 3256 2675 Non
3286 2618 3472 2675 dimit-

1886 2723 2032 2771 tetur
2055 2714 2213 2771 vobis
2241 2713 2346 2770 hoc
2368 2720 2679 2785 peccatum,
2705 2712 2884 2769 donec
2916 2708 3254 2767 moriantiui.
3282 2728 3303 2763 ε

1953 2893 2123 2951 Vens.
2152 2893 2334 2951 1549.
2369 2913 2388 2947 ι
2413 2891 2543 2950 Haec
2559 2894 2690 2950 dicit
2715 2894 2981 2950 Dominus
3008 2891 3248 2949 Sabaoth
3277 2912 3290 2947 :
3321 2890 3473 2948 Vade

1885 2985 1941 3041 in
1989 2986 2403 3056 pastophorium
2453 2985 2545 3041 ad.
2577 2975 2838 3040 Somnam
2894 2985 3244 3055 penuarium,
3278 2991 3336 3039 et
3379 2982 3472 3037 die

1884 3075 1935 3132 ei
1972 3093 1986 3130 :
2019 3075 2160 3144 Quid
2199 3074 2296 3131 tibi
2338 3075 2472 3131 hic?
2511 3075 2575 3130 Et
2608 3075 2740 3145 quid
2771 3075 2871 3131 tibi
2900 3085 3010 3140 est,
3044 3074 3188 3144 quod
3218 3070 3475 3129 excidisti

1887 3167 1986 3224 tibi
2035 3167 2126 3224 bic
2160 3169 2710 3224 monumentumiet
2764 3165 2946 3222 fecisti
3002 3166 3098 3221 tibi
3147 3165 3202 3221 in
3252 3162 3472 3222 excelso

1887 3268 2323 3327 monumentum,
2356 3267 2414 3314 et
2439 3260 2713 3330 scripsisti
2758 3259 2858 3315 tibi
2888 3243 2942 3314 in
2973 3266 3128 3326 petra
3157 3257 3476 3314 tabernacu-

1884 3352 2037 3408 lum?
2070 3351 2210 3408 Ecce
2234 3361 2387 3408 certe
2419 3351 2682 3408 Dominus
2707 3350 2950 3408 Sabaoth
2972 3350 3157 3422 ejiciet
3179 3360 3230 3406 et
3272 3357 3474 3404 atteret

1882 3444 2085 3512 virum,
2115 3453 2173 3500 et
2199 3444 2413 3502 auferet
2440 3445 2701 3501 amictum
2731 3453 2903 3511 tuum,
2940 3452 2997 3499 et
3033 3458 3294 3499 coronam
3322 3444 3472 3498 tuam

1883 3537 2204 3610 gloriosam,
2235 3547 2292 3595 et
2319 3537 2574 3609 projiciet
2605 3549 2661 3596 te
2690 3538 2744 3594 in
2787 3539 3069 3611 regionem
3115 3551 3368 3610 magnam
3416 3543 3477 3591 et

1883 3627 2231 3692 immensam.
2260 3636 2319 3684 et
2344 3629 2421 3684 ibi
2463 3629 2752 3696 morieris;
2781 3638 2838 3685 et
2877 3638 3046 3699 ponet
3067 3643 3290 3686 currum
3318 3637 3473 3684 tuum

1880 3718 2171 3789 pulchrum
2199 3718 2256 3774 in
2273 3719 2535 3787 dedecus,
2553 3720 2842 3776 etdomum
2863 3719 3124 3791 principis
3149 3720 3225 3776 tui
3250 3721 3307 3775 iu
3338 3735 3474 3776 con-

1882 3808 2246 3867 culcationem
2266 3826 2280 3864 :
2303 3819 2358 3868 et
2384 3825 2414 3867 a
2438 3810 2847 3883 dispensatione
2872 3820 2962 3867 tua
2990 3821 3045 3868 et
3064 3809 3356 3869 a'statione
3382 3822 3492 3886 ωε,

1882 3898 2178 3960 areeberis.
2209 3921 2231 3956 ι
2269 3903 2363 3960 Δίι
2411 3904 2598 3975 itaque
2648 3903 2931 3970 Hebraeus.
2983 3903 3244 3961 Somnatn
3305 3901 3476 3958 fuisse
3597 3925 3600 3928 ·

1880 4004 2231 4078 pontiﬁcem,
2276 3997 2640 4069 voluptarium
2676 4004 2730 4051 et
2791 3994 3062 4052 indecorae
3118 3996 3244 4051 vita:
3297 3995 3474 4053 homi-

1881 4111 2039 4166 nem,
2080 4097 2154 4152 ita
2207 4101 2269 4149 ut
2315 4090 2480 4148 etiam
2514 4087 2772 4161 populum
2822 4089 3080 4159 proderet
3127 4099 3184 4146 et
3227 4087 3473 4145 transfuc

1882 4195 2038 4260 geret
2077 4187 2148 4242 ad
2183 4182 2539 4240 Senacberim
2571 4181 2922 4258 Assyriorum
2957 4195 3160 4252 regem.
3195 4197 3358 4253 quem
3383 4179 3473 4250 ju-

1883 4279 2044 4335 betur
2079 4260 2343 4349 propheta
2383 4274 2440 4330 in
2481 4272 2837 4346 pastophorio
2886 4274 3070 4342 adire;
3095 4275 3232 4342 sive,
3273 4290 3474 4331 secun-

1881 4371 2012 4427 dum
2038 4368 2450 4443 Symmachum,
2483 4385 2504 4422 ι
2531 4367 2599 4423 ad
2630 4363 3104 4424 tabernaculorum
3129 4366 3395 4424 artificem
3415 4384 3468 4437 ;a

1882 4479 2003 4531 seu,
2035 4461 2334 4540 secundum
2385 4459 2664 4531 Aquilam,
2724 4477 2744 4514 ι
2777 4461 2845 4515 ad
2898 4459 3245 4516 tabernacula
3304 4460 3476 4534 ligen-

176 4539 281 4596 τὸν
307 4540 636 4612 σκηνοῦντα·
666 4560 688 4595 a
733 4542 880 4598 οὕτω
903 4544 1015 4617 γὰρ
1036 4545 1386 4618 ήρμήνευσαν
1416 4547 1556 4603 Θεοῦ
1584 4550 1650 4604 τὸ
1671 4567 1782 4604 πα-

1890 4565 2027 4623 tem,
2053 4573 2074 4608 ι
2130 4555 2205 4611 ita
2271 4551 2419 4608 enim
2480 4551 2896 4623 pastophorium
2960 4551 3058 4617 Dei
3128 4551 3473 4624 interpretati

180 4631 498 4704 στοφόριονο
532 4634 711 4690 είπεῖν
734 4651 797 4689 τε
828 4635 998 4708 αὐτῷ·
1021 4638 1236 4709 Μάτην,
1255 4633 1302 4693 ὧ
1321 4635 1499 4706 οὗτος,
1524 4642 1620 4696 καὶ
1650 4659 1788 4716 προ-

179 4724 374 4789 ητῶς
404 4725 592 4781 ἑνθάδε
617 4726 800 4799 σαυτῷ
829 4729 967 4801 πρὸς
984 4732 1054 4802 τῇ
1084 4731 1263 4803 πέτρα
1293 4734 1360 4804 τῇ
1394 4733 1574 4807 ὑψηλῇ
1600 4735 1786 4791 ἐλατό-

183 4832 376 4889 μησας
408 4820 694 4889 μνημεῖον,
731 4818 1008 4885 κοιλαίνας
1053 4822 1113 4875 ἐν
1155 4821 1309 4893 αὐτῷ
1348 4823 1644 4897 γράμμασι
1685 4826 1787 4898 τῆς

183 4906 392 4963 σαυτοῦ
426 4907 656 4980 γνώμης
702 4909 969 4982 σύμϐολα·
1003 4912 1103 4966 οὐκ
1153 4912 1331 4978 εἰδὼς,
1373 4915 1455 4969 ότι
1481 4916 1608 4988 ὄρος
1642 4918 1786 4973 κατά

182 4999 286 5055 σοῦ
321 4999 672 5071 ιξενήνειιται
712 4995 866 5075 παρά
903 5004 1110 5076 Κυρίου
1166 5003 1416 5073 Σαϐαὼθ,
1473 5009 1504 5062 ό
1542 5007 1782 5064 κελεύων

177 5090 587 5164 καθαιρεθέντα
607 5093 786 5166 σετῆς
811 5095 997 5167 τιμῆς,
1025 5091 1094 5169 ἧς
1121 5097 1214 5151 ἰπὶ
1233 5096 1328 5151 τοῦ
1354 5097 1622 5172 παρόντος
1653 5119 1791 5173 μετς

179 5185 359 5252 εἶχες,
390 5180 489 5236 καὶ
524 5181 882 5254 γυμνωθέντα
915 5185 1016 5257 τῆς
1038 5189 1433 5262 περικειμένης
1454 5207 1537 5244 σοι
1563 5192 1779 5265 στολῆς)

178 5272 284 5328 τοῦ
314 5288 378 5330 τε
435 5274 705 5343 στεφάνου
747 5274 844 5330 καὶ
892 5277 992 5348 τῆς
1019 5277 1188 5351 ἀλλης
1227 5280 1404 5352 δόξης,
1435 5283 1779 5354 πορρωτάτω

175 5366 285 5454 τῇς
335 5361 574 5454 ἐνταῦθα
600 5363 729 5436 γῆς,
770 5366 864 5421 ἰπὶ
893 5365 1052 5439 ξένης
1093 5367 1240 5435 τινὸς
1283 5372 1379 5426 καὶ
1422 5371 1643 5445 μακρὰν
1674 5374 1786 5427 ἀπ-

174 5453 505 5528 ῳκισμένης
529 5455 716 5527 χώρας
744 5456 1059 5514 ἀποθανεῖν.
1088 5461 1369 5534 Περιττῶς
1401 5464 1510 5537 ἀρα
1539 5465 1789 5534 ἐφιλοκά-

177 5547 303 5610 λεις
335 5546 432 5600 τὸν
466 5547 638 5602 πολὺν
674 5550 885 5605 εκεῖνον
915 5553 1166 5623 συνάγων
1193 5553 1446 5622 πλοῦτον,
1469 5555 1539 5610 τά
1561 5555 1785 5629 ἅρματα

181 5639 282 5694 καὶ
308 5637 406 5696 τὸν
432 5638 621 5695 λυιπδν
639 5639 830 5712 τῦφον,
858 5641 920 5698 ὃν
936 5644 1107 5700 εἰσέτι
1126 5646 1222 5701 καὶ
1245 5647 1342 5702 νῦν
1367 5647 1781 5722 περιϐέϐλησαι.

252 5753 381 5838 ,(28)
421 5754 952 5839 εἱεὲῐίοτοιιγπιυε,
987 5779 1010 5815 ε
1044 5761 1220 5839 supra
1268 5766 1507 5839 diximus
1538 5764 1777 5828 Sobnarn

187 5824 372 5885 fuisse
400 5828 746 5902 nonullcetu,
771 5824 864 5913 qui
909 5824 1151 5906 Assyriis
1197 5836 1438 5908 prodidit
1470 5824 1772 5896 civitatein.

1889 4655 2056 4705 sunt:
2087 4647 2299 4718 ipsique
2333 4645 2521 4710 dicere
2563 4644 2899 4717 pracipitur,
2947 4642 3096 4715 Bene
3138 4655 3220 4712 tu,
3268 4645 3474 4703 frustra

1885 4749 1943 4794 et
1973 4746 2182 4794 temere
2221 4737 2312 4794 bic
2344 4737 2441 4792 tibi
2476 4737 2533 4792 in
2566 4737 2676 4792 alta
2716 4745 2871 4807 petra
2917 4748 3327 4795 monumentum
3373 4755 3476 4796 ex-
3583 4796 3587 4800 .

1885 4827 2100 4894 cidisti,
2149 4825 2433 4897 insculptis
2469 4824 2671 4883 litteris
2713 4827 3008 4884 voluntatis
3061 4838 3166 4884 tua
3226 4829 3475 4901 symbols

1887 4927 2284 4990 repraesentans
2327 4935 2343 4972 :
2387 4916 2650 4986 ignorans
2691 4916 2969 4973 decretum
3008 4931 3040 4972 a
3095 4916 3323 4972 Domino
3370 4915 3473 4973 Sa-

1887 5009 2052 5066 baoth
2078 5017 2265 5066 contra
2296 5017 2350 5064 te
2373 5008 2615 5080 prodire,
2641 5021 2751 5078 quo
2778 5016 2834 5064 te
2859 5006 3036 5076 iubet,
3070 5008 3277 5065 bonore
3307 5023 3471 5079 quem

1888 5115 2034 5155 nunc
2082 5099 2296 5156 obtines
2334 5097 2717 5166 deturbatum,
2762 5100 2998 5168 amictu,
3047 5115 3157 5172 quo
3202 5099 3470 5166 inductis.

1887 5205 2090 5246 corona
2113 5205 2178 5244 ac
2208 5189 2418 5264 reliquo
2440 5190 2640 5246 decore
2668 5200 2917 5259 exutum,
2943 5191 3136 5262 procul
3164 5192 3270 5249 hac
3300 5203 3471 5258 terra,

1889 5281 1943 5337 in
1977 5280 2263 5353 peregrina
2299 5293 2356 5338 et
2397 5282 2767 5339 remotissima
2819 5285 3041 5355 regione
3090 5283 3332 5356 defungi.
3364 5283 3474 5341 Su-

1889 5371 2095 5444 perﬂue
2125 5371 2289 5443 igitur
2317 5380 2496 5429 tantas
2527 5373 2650 5429 illas
2677 5372 2900 5430 divitias
2927 5373 3174 5431 studiose
3211 5375 3474 5448 colligere

1888 5464 2195 5535 sawgebas,
2235 5476 2302 5520 ac
2355 5477 2549 5522 currus
2586 5473 2997 5538 superbumque
3028 5466 3196 5522 alium
3233 5481 3472 5538 appara-

1889 5565 2023 5620 tum,
2063 5570 2172 5626 quo
2214 5547 2360 5612 nunc
2387 5555 2654 5612 indueris.
2698 5553 2828 5614 Haec
2866 5557 2993 5615 item
3033 5558 3303 5630 quispiam
3335 5568 3474 5615 tem-

1888 5649 2009 5720 pori
2041 5647 2313 5720 passionis
2355 5646 2668 5706 Senatoris
2705 5651 2882 5706 nostri
2911 5644 3274 5723 congruenter
3312 5660 3467 5722 apta-

1884 5765 1993 5821 Sed
2021 5765 2147 5834 quia
2177 5764 2284 5821 hoc
2309 5764 2622 5824 traditionis
2649 5773 2734 5826 est
2766 5763 3074 5834 Hebraiczc,
3098 5772 3153 5822 et
3181 5761 3470 5835 Scriptura

1886 5852 1996 5895 nou
2027 5835 2286 5908 loquitur,
2311 5842 2419 5894 etc.
