4042 6414
183 410 293 467 εστ

1103 404 1613 464 COMMENTARIA
1654 405 1721 460 IN
1761 402 2017 459 ISAIALI.
2060 433 2129 442 —
2166 400 2321 458 CAP.
2373 397 2569 455 XXIII.

3369 399 3477 455 25L

184 522 426 596 πρώτοις
462 539 718 595 σημαινει
743 520 843 593 τὴν
887 519 1222 575 ἐπελθοῦσαν
1247 524 1313 592 τῇ
1361 521 1524 593 Τύρῳ
1568 521 1763 591 πολιορ

1885 515 2157 586 signiﬁcat
2201 514 2442 569 futuram
2486 511 2616 582 Tyri
2666 508 3006 566 obsidionem
3040 524 3057 564 :
3087 525 3195 580 quo
3230 517 3478 580 tempore

185 616 311 669 κίαν
331 632 347 646 ⁸
375 614 500 668 καθ’
539 612 598 666 δν
634 611 825 682 χρόνον
858 610 1091 673 ἐπιστὰς
1111 612 1141 662 ὁ
1184 609 1468 681 Ἀσσύριος
1502 609 1641 679 μετά
1669 607 1779 660 τῶν

182 706 361 760 ἄλλων
392 704 565 759 ἐθνῶν
593 704 686 755 καλ⁵
707 701 879 772 αὐτὴν
904 696 1017 754 εἷλε
1055 701 1150 753 καὶ
1181 700 1279 771 τὴν
1306 699 1534 762 Σιδῶνα,
1564 698 1641 761 ὡς
1683 699 1777 751 καὶ

181 799 239 849 ἐν
271 799 395 859 ταῖς
433 794 631 859 ιξωθεν
658 792 961 863 ἐμφέρεται
1004 790 1285 861 ἱστορίαις.
1347 791 1435 844 Ἐν
1475 789 1555 859 τῷ
1600 786 1777 858 καιρῷ

178 888 360 942 τοίνυν
386 885 603 955 ἐκείνῳ,
642 883 762 937 καθ’
791 883 852 936 ὃν
880 884 979 954 τὴν
1009 881 1280 951 τοσαύτην
1308 881 1523 951 εκείνην
1549 880 1777 949 ὑπέμει-

176 998 269 1033 νεν
296 976 537 1050 ἐρημίαν
562 978 594 1047 ἠ
620 975 837 1047 Τυρίων
871 975 1046 1039 πόλις,
1075 974 1221 1037 εἰκὸς
1243 969 1311 1045 ἦν
1339 974 1536 1037 αὐτοὺς
1578 971 1775 1043 μηκέτι

177 1072 321 1144 μηδὲ
367 1069 590 1141 συνήθει
624 1066 926 1139 κεχρῆσθαι
965 1065 1227 1136 ἐμπορίᾳ,
1263 1066 1552 1128 ναυτικοὺς
1591 1063 1773 1126 ὄντας,

173 1163 272 1218 καὶ
303 1161 541 1215 πάντοτε
577 1158 987 1231 πραγματείαις
1014 1160 1135 1220 ταῖς
1165 1157 1252 1211 διὰ
1282 1156 1558 1227 θαλάσσης
1584 1154 1776 1225 σχολά-

172 1251 399 1317 Come.
476 1250 897 1319 ’Δφανισθείσης
943 1247 1124 1301 τοίνυν
1175 1251 1283 1326 τῆς,
1327 1248 1541 1319 Τύρου,
1588 1249 1773 1301 οὐκέτι

170 1340 321 1413 ἦσαν
372 1344 423 1398 οἱ
469 1343 569 1406 τάς
618 1343 891 1413 ἐμπορίας
938 1341 999 1406 ἐξ
1043 1342 1215 1411 αὐτῆς
1264 1340 1614 1410 κομίζοντες,
1666 1342 1774 1395 ἀπὸ

169 1434 530 1507 Καρχηδόνος
561 1433 812 1498 εἰωθότες
844 1433 1087 1487 διαπλεῖν
1128 1434 1219 1486 ἐπὶ
1249 1432 1348 1504 τὴν
1378 1434 1575 1505 Τύρον.
1613 1452 1630 1484 ι
1660 1433 1772 1486 Καὶ

167 1528 365 1582 οὐκέτι
395 1528 642 1599 ἔρχονται
689 1529 755 1580 ὲκ
792 1528 895 1597 γῆς
935 1526 1234 1580 Κιττιέων·
1280 1521 1448 1595 ἦκται
1491 1524 1775 1595 αίχμάλω-

166 1637 285 1684 τος.
341 1638 360 1671 ι
400 1619 635 1687 Λέγεται
681 1618 740 1671 δὲ
789 1621 821 1690 ὴ
875 1617 1101 1687 Κύπρος
1146 1618 1290 1671 οὕτω
1330 1615 1621 1689 δηλοῦσθαι
1679 1620 1773 1672 καὶ

167 1707 425 1761 Κιττίων
477 1701 618 1760 εἶναι
657 1707 811 1759 πόλιν
851 1708 912 1760 ὲν
954 1708 1115 1777 αὐτῇ,
1151 1707 1218 1760 δι’
1256 1702 1323 1779 ἦς
1364 1708 1674 1778 παρέπλεον
1720 1708 1770 1760 oi

165 1799 279 1853 ἀπὸ
307 1799 412 1869 τῆς
440 1798 618 1868 Τύρου
646 1799 1067 1869 ναυτιλλόμενοι.

1882 608 2279 678 superveniens
2305 607 2568 681 Assyrius
2594 619 2719 661 cum
2749 604 2872 659 aliis
2897 603 3174 674 gentibus.
3201 614 3259 659 et
3301 604 3476 674 ipsam

1879 710 1935 755 et
1965 699 2223 754 Sidonem
2265 697 2443 766 cepit,
2486 702 2547 750 ut
2576 694 2746 750 etiam
2791 695 2845 748 in
2876 705 3193 750 exterarum
3229 695 3475 750 historiis

1883 799 2160 845 narratur.
2206 786 2302 842 Illo
2352 786 2539 855 itaque
2589 794 2866 855 tempore,
2917 800 3029 856 quo
3065 785 3356 856 Tyriorum
3395 787 3477 840 ci-

1878 885 2019 938 vitas
2049 891 2255 938 tantam
2290 895 2455 951 passa
2496 888 2585 935 est
2617 880 2956 944 vastitatem,
2984 894 3329 951 consequens
3356 891 3475 936 erat

1881 974 2003 1029 illos
2056 987 2164 1028 non
2230 971 2396 1027 solito
2449 966 2953 1035 commerciouti';
3014 972 3218 1026 nautici
3272 972 3475 1042 quippe

1879 1075 2076 1128 erant,
2124 1080 2186 1119 ac
2223 1077 2440 1135 semper
2515 1062 2746 1117 marinis
2805 1061 3263 1132 negotiationibus
3310 1078 3472 1117 vaca-

1879 1159 2033 1213 bant.
2068 1156 2254 1212 Deleta
2298 1158 2483 1224 itaque
2512 1154 2679 1226 Tyro.
2712 1153 2846 1210 nulli
2887 1167 3046 1210 erant
3072 1159 3162 1226 qui
3194 1173 3294 1227 pro
3320 1174 3474 1214 more

1879 1265 2090 1305 merces
2156 1249 2285 1305 inde
2347 1250 2822 1304 transveherent:
2872 1248 2908 1302 ii
2959 1264 3092 1305 vero
3139 1249 3474 1321 Carthagine

1877 1339 2081 1410 Tyrum
2118 1338 2379 1408 navigare
2428 1337 2699 1393 solebant.
2739 1357 2759 1390 ι
2792 1338 2859 1392 Ει
2906 1353 3011 1393 non
3058 1340 3198 1399 ultra
3246 1342 3475 1397 veniunt

1876 1431 1942 1485 de
1991 1439 2133 1485 terra
2165 1429 2484 1485 Citiensium
2512 1449 2526 1485 :
2559 1428 2839 1503 abductus
2884 1441 2969 1485 est
3002 1432 3275 1501 captivus.
3301 1451 3319 1485 ι
3375 1432 3471 1491 llis

1878 1520 2112 1575 indicari
2166 1520 2406 1590 Cyprum
2439 1521 2661 1585 dicitur,
2694 1521 3096 1591 Cittiorumque
3123 1524 3315 1579 urbem
3368 1524 3471 1579 ibi-

1874 1613 1996 1666 dem
2051 1622 2304 1678 exstare,
2359 1613 2446 1668 cui
2495 1611 2909 1683 adnavigabant
2947 1614 3040 1683 qui
3090 1612 3237 1685 Tyro
3283 1615 3470 1671 solve-

1874 1703 2027 1757 bant.

241 1910 263 1941 ι
337 1890 457 1944 Τίνι
506 1893 681 1961 ὅμοιοι
734 1891 1023 1959 γεγόνασιν
1073 1892 1124 1944 οἱ
1172 1891 1554 1954 κατοικοῦντες
1597 1892 1655 1943 ὲν
1705 1892 1763 1961 τῇ

1950 1883 2115 1940 Vnus.
2142 1884 2263 1940 2-4.
2309 1905 2329 1937 ι
2359 1885 2457 1940 Cui
2492 1882 2703 1939 similes
2744 1881 2871 1939 facti
2907 1893 3037 1939 sunt
3081 1886 3172 1953 qui
3212 1886 3465 1943 habitant

164 1982 347 2053 νήσῳ,
377 1982 666 2054 μετάϐολοι
683 1983 957 2054 Φοινίκης,
979 1983 1346 2054 διαπερῶντες
1367 1984 1467 2053 τὴν
1492 1984 1769 2039 θάλασσαν

162 2074 224 2126 ὲν
252 2074 417 2126 ῦδατι
439 2073 652 2143 πολλῷ;
678 2074 899 2143 σπέρμα
924 2074 1238 2143 μεταϐόλων
1254 2075 1330 2137 ὼς
1357 2074 1571 2144 ἀμητοῦ
1594 2075 1771 2142 εἰσφε-

169 2166 446 2236 ρομένου“
482 2167 533 2217 οί
573 2165 860 2235 μετάϐολοι
908 2165 1015 2219 τῶν
1057 2165 1249 2221 ὲθνῶν.
1297 2165 1647 2236 Αἰσχύνθητι,
1682 2166 1771 2218 Σι-

164 2257 296 2319 δὼν,
345 2253 498 2309 εἶπεν
538 2258 570 2327 ἡ
622 2256 887 2311 θάλασσα.
940 2258 1005 2311 Ἦ
1044 2257 1101 2311 δὲ
1147 2258 1299 2327 ἰσχὺς
1347 2262 1446 2329 τῆς
1492 2258 1769 2328 θαλάσσης

161 2343 326 2401 εἶπεν
349 2365 362 2376 ·
391 2347 508 2402 Οὐκ
533 2346 743 2411 ὥδινον,
772 2349 896 2401 οὐδὲ
922 2348 1129 2413 ἔτεκον,
1157 2349 1279 2402 οὐδὲ
1304 2348 1569 2421 ἐξέθρεψα
1598 2352 1769 2403 νεανί-

163 2455 362 2502 σκους,
418 2438 539 2492 οὐδὲ
592 2438 783 2509 ῦψωσα
830 2440 1149 2512 παρθένους.
1211 2462 1229 2494 ι
1282 2441 1397 2496 Νῦν
1443 2443 1499 2496 δὲ
1546 2444 1767 2497 πάντων

160 2531 389 2603 ἀθρόως
420 2534 809 2604 ἀφῃρημένους
831 2574 846 2599 ,
887 2535 1115 2587 καὶτῶν
1162 2534 1535 2607 νομιζομένων
1580 2539 1768 2603 αὐτοῖς

159 2624 397 2691 ἀγαθῶν
435 2624 819 2696 στερηθέντας,
867 2626 1129 2698 αἰσχύνην
1170 2628 1533 2697 καταχέεσθαι
1599 2647 1763 2700 προσ-

159 2716 292 2786 ήκει
314 2732 331 2746 ·
378 2716 455 2788 μὴ
492 2717 711 2787 μόνους,
737 2716 872 2770 ἀλλά
902 2719 995 2771 καὶ
1028 2720 1153 2781 τοὺς
1181 2721 1245 2773 ὲκ
1286 2720 1545 2788 γειτόνων
1582 2723 1765 2787 αὐτοῖς

158 2806 460 2871 οἰκοῦντας
505 2809 818 2875 Σιδωνίους·
873 2812 1157 2881 μονονουχὶ
1202 2812 1299 2863 καὶ
1343 2811 1444 2881 τῆς
1485 2811 1766 2884 θαλάσσης

160 2897 367 2969 αὑτῆς,
395 2898 580 2972 φωνὴν
613 2900 885 2972 ἀφιείσης,
914 2901 1009 2954 καὶ
1035 2900 1453 2973 ἀποθρηνούσης
1478 2902 1649 2973 αὐτῆς
1674 2904 1763 2957 διὰ

159 2985 224 3041 τὸ
260 2986 469 3058 μηκέτι
516 2986 660 3057 ἔχειν
696 2987 793 3053 οὒς
832 2988 1023 3060 θρέψει
1070 2990 1387 3053 νεανίσκους
1427 2991 1522 3045 καὶ
1554 2992 1761 3062 παρθέ-

159 3095 316 3142 νους.
352 3078 477 3132 Ὀτι
501 3079 564 3132 τὸ
590 3080 819 3134 παλαιὸν
843 3082 1033 3154 ὥσπερ
1064 3083 1339 3154 θαλάσσης
1373 3084 1543 3156 αὐτῆς
1570 3086 1763 3155 γεννή-

106 3228 107 3233 η
163 3187 317 3239 ματα
367 3170 462 3223 ὑπ’
500 3171 671 3242 αὐτῆς
719 3172 1041 3245 ἐτρέφοντο,
1099 3175 1197 3229 ὅτε
1227 3174 1379 3245 ἤνθει
1428 3176 1497 3229 τά
1546 3176 1763 3247 Τυρίων

1881 1985 1934 2038 iu
1966 1981 2167 2045 insula,
2204 1978 2575 2049 negotiatores
2603 1976 2918 2040 Phteniciae,
2950 1977 3283 2046 trajicientes
3316 1993 3469 2033 litare

1878 2074 1929 2126 in
1968 2086 2109 2140 aqua
2152 2069 2361 2124 multa?
2413 2084 2599 2125 semen
2638 2069 3036 2139 negotiatorum
3071 2070 3228 2137 quasi
3275 2070 3469 2124 messis

1876 2173 2261 2234 comportatm;
2314 2165 2681 2233 negotiatores
2725 2163 2991 2231 gentium.
3026 2161 3324 2227 Erubesce,
3380 2162 3469 2218 Si-

1874 2260 2003 2320 don,
2040 2257 2175 2310 dixit
2209 2270 2378 2309 mare.
2414 2254 2697 2310 Fortitudo
2726 2264 2913 2310 autem
2958 2255 3128 2309 maris
3161 2255 3315 2316 dixit,
3349 2253 3467 2310 Non

1875 2350 2173 2420 parturivi,
2218 2362 2317 2402 nec
2367 2349 2584 2417 peperi,
2632 2362 2733 2402 nec
2783 2348 3022 2402 enutrivi
3066 2348 3317 2417 juvenes,
3366 2364 3467 2403 nee

1876 2439 2106 2495 exaltavi
2146 2438 2403 2507 virgines.
2430 2456 2448 2489 ι
2491 2436 2647 2493 Nunc
2685 2448 2868 2493 autem
2908 2453 3005 2494 eos
3035 2439 3292 2494 erunibus
3328 2455 3463 2494 con-

1875 2532 2056 2586 fertim
2103 2532 2344 2594 orbatos,
2373 2540 2431 2585 et
2464 2532 2654 2594 bonis,
2685 2531 2760 2583 ita
2800 2531 2878 2585 illi
2926 2531 3314 2599 opinabantur,
3345 2532 3466 2588 suis

1873 2639 2117 2690 eversos,
2152 2624 2359 2693 pudore
2388 2621 2627 2677 suﬂ'undi
2656 2623 2947 2689 convenit;
2989 2639 3090 2678 nec
3125 2637 3225 2678 eos
3252 2624 3425 2678 solum
3446 2667 3463 2691 ,

1874 2717 1968 2769 sed
2002 2716 2169 2771 etiam
2202 2716 2415 2772 vicinos
2446 2732 2636 2773 eorum
2688 2713 2987 2770 Sidonios:
3028 2714 3114 2768 vel
3159 2715 3278 2784 ipso
3325 2717 3464 2771 tutari

1871 2811 2026 2878 quasi
2072 2824 2260 2865 vocem
2288 2809 2610 2871 emittente,
2658 2822 2725 2861 ac
2772 2806 3012 2876 lugente,
3044 2794 3192 2876 quod
3233 2806 3466 2877 juvenes

1869 2909 1927 2953 et
1958 2899 2217 2967 virgines,
2238 2912 2376 2968 quos
2402 2898 2656 2962 enutriat,
2680 2912 2788 2952 non
2821 2898 3041 2953 habeat.
3071 2896 3338 2963 Quoniam
3374 2916 3467 2953 au-

1873 2991 2124 3060 tiquitus,
2152 3006 2252 3046 ceu
2293 2990 2462 3044 maris
2496 2987 2669 3056 ipsius
2715 2989 2915 3056 proles,
2942 2990 3012 3045 ab
3037 3003 3104 3045 eo
3139 2988 3458 3059 alebantur,

1868 3100 1977 3153 quo
2007 3094 2248 3155 tempore
2294 3099 2381 3139 res
2410 3083 2700 3153 Tyriorum
2730 3082 2997 3140 ﬂorebant
3022 3102 3038 3141 :
3076 3103 3220 3141 nunc
3248 3096 3459 3155 autem,

1870 3177 2017 3247 Tyro
2065 3178 2262 3241 deleta,
2307 3176 2430 3243 jure
2472 3179 2619 3245 ipsos
2668 3175 2817 3245 luget
2866 3191 3053 3241 mare,
3097 3187 3155 3233 et
3197 3178 3461 3235 fortitudo

160 3263 512 3335 πράγματα·
549 3262 646 3317 νῦν
675 3264 733 3317 δὲ
765 3265 854 3319 ὅτε
900 3267 1096 3338 μηκέτι
1139 3268 1309 3332 ἐστὶν,
1356 3268 1582 3331 εἰκότως
1626 3270 1763 3322 ἀπο-

1870 3268 1985 3336 ejus
2018 3267 2370 3329 lamentatur,
2404 3268 2636 3322 filiorum
2669 3267 2895 3321 exitium
2927 3267 3239 3336 deplorans.

161 3353 421 3407 κλαίεται
447 3354 647 3419 αὐτοὺς
670 3358 703 3426 ἡ
739 3356 1005 3422 θάλασσα,
1045 3360 1139 3413 καὶ
1169 3360 1203 3429 ἡ
1232 3361 1386 3429 ἰσχὺς
1424 3362 1596 3432 αὐτῆς
1626 3363 1763 3415 ἀπο-

160 3439 475 3510 θρηνεῖται,
507 3441 601 3494 ἐπὶ
626 3442 839 3507 τέκνοις
865 3446 1199 3500 ἀπολωλόσιν
1229 3448 1626 3519 ὀλοφυρομένη.

238 3546 261 3581 ι
307 3529 480 3583 Ὅταν
505 3530 564 3584 δὲ
590 3532 856 3587 ἀκουστὸν
886 3534 1112 3606 γένηται
1139 3538 1198 3590 ὲν
1221 3537 1505 3609 Αἰγύπτῳ,
1528 3538 1761 3609 λήψεται

158 3621 367 3685 αὐτοὺς
395 3622 559 3694 ὀδύνη
589 3624 718 3696 περὶ
742 3626 943 3697 Τύρου.
986 3629 1275 3683 ’Δπέλθετε
1303 3632 1382 3695 είς
1415 3633 1759 3704 Καρχηδόνα,

158 3714 457 3779 ὀλολύξατε
499 3717 551 3769 οί
589 3719 973 3783 κατοικοῦντες
1011 3724 1069 3775 ὲν
1100 3724 1167 3793 τῇ
1211 3723 1362 3794 νήσῳ
1404 3723 1597 3794 ταύτῃ.
1628 3724 1760 3778 Οὐκ

158 3807 304 3877 αὐτὴ
339 3802 410 3876 ἦν
444 3807 479 3879 ἡ
510 3805 669 3880 ὕϐρις
694 3809 789 3862 ἀπ’
816 3811 1012 3882 ἀρχῆς,
1058 3814 1225 3884 πρινὴ
1252 3814 1623 3884 παραδοθῆναι
1658 3815 1758 3867 αύ-

158 3899 303 3966 τὴνς
354 3897 453 3961 Τίς
499 3898 670 3954 ταῦτα
713 3900 1032 3955 ἐδούλευσεν
1072 3904 1166 3957 ἐπὶ
1200 3904 1409 3975 Τύρον;
1449 3906 1541 3978 Μὴ
1576 3907 1761 3976 ἥσσων

156 3988 338 4048 ιστὶν,
383 3985 417 4057 ἢ
456 3988 558 4039 οὐκ
596 3988 807 4059 ίσχύει;
854 3991 918 4043 Οί
952 3991 1184 4063 ἔμποροι
1236 3994 1406 4064 αὐτῆς
1456 3996 1505 4047 οἱ
1560 3995 1759 4062 ἔνδοξοι

155 4078 432 4148 ἄρχοντες
457 4078 560 4148 τῆς
579 4080 700 4150 γῆς.
722 4081 931 4153 Κύριος
951 4084 1178 4138 magno
1207 4086 1564 4141 ἐϐουλεύσατο
1584 4105 1761 4160 παρα-

156 4167 331 4221 λῦσαι
364 4168 547 4220 πᾶσαν
584 4170 685 4239 τὴν
735 4169 893 4242 ὓϐριν
927 4173 1035 4226 τῶν
1071 4174 1327 4239 ἐνδόξων,
1363 4178 1458 4230 καὶ
1490 4179 1759 4247 ἀτιμάσαι

155 4259 274 4310 πᾶν
305 4256 518 4321 ἔνδοξον
556 4258 650 4311 ἐπὶ
680 4260 779 4330 τῆς
823 4262 949 4333 γῆς.
989 4282 1009 4315 ι
1070 4264 1233 4339 Ἀλλά
1259 4267 1353 4319 καὶ
1392 4270 1426 4339 ἡ
1460 4268 1758 4337 Αἴγυπτος,

154 4351 223 4403 ἐκ
247 4349 512 4418 γειτόνων
543 4353 949 4424 παρακειμένη,
989 4356 1048 4409 ὲν
1077 4356 1260 4429 ὀδύνῃ,
1303 4360 1455 4427 φησὶ,
1486 4362 1761 4430 καταστή-

155 4457 341 4504 σεται,
370 4442 729 4511 φροντίζουσα
766 4444 859 4497 καὶ
890 4444 1235 4514 ἀγωνίζουσα
1272 4449 1402 4523 περὶ
1444 4450 1636 4520 αὗτῆςο
1680 4453 1755 4523 μή

155 4547 238 4602 πη
273 4531 348 4584 τὰ
380 4533 544 4602 ὅμοια
576 4533 728 4607 πάθῃ
759 4539 825 4606 τῇ
861 4537 1095 4608 Τυρίων.
1127 4532 1229 4591 Ὧν
1252 4539 1394 4593 οὕτω
1426 4544 1754 4613 γενομένων,

1934 3538 2102 3592 Vens.
2129 3536 2252 3593 5-9.
2313 3556 2331 3587 ι
2362 3535 2595 3602 Quando
2649 3545 2830 3589 autem
2897 3521 3143 3591 audiium
3192 3536 3356 3592 fuerit
3403 3538 3456 3592 in
3520 3522 3525 3526 ’

1861 3621 2128 3693 Ᾰῧεγριο,
2153 3638 2251 3677 eos
2280 3624 2465 3691 capiet
2508 3622 2667 3677 dolor
2696 3624 2761 3678 de
2785 3622 2950 3693 Tyro.
2980 3626 3139 3679 Abite
3171 3624 3463 3698 Carthagi-

1863 3730 1989 3768 nem
2018 3729 2032 3768 :
2064 3714 2270 3769 ululate
2299 3715 2392 3786 qui
2428 3715 2668 3769 incolitis
2707 3716 2939 3769 insulam
2992 3719 3153 3774 hanc.
3184 3719 3460 3787 Numquid

1865 3807 1979 3862 haec
2024 3817 2146 3862 erat
2191 3806 2388 3876 injuria
2436 3805 2505 3860 ab
2552 3807 2734 3876 initio,
2776 3802 3095 3879 priusquam
3140 3812 3453 3868 traderetur

1864 3899 2012 3967 ipsa?
2039 3897 2173 3965 Quis
2216 3899 2334 3953 haec
2380 3898 2655 3952 consuluit
2706 3914 2869 3967 super
2896 3900 3143 3969 Tyrum?
3182 3901 3319 3956 Num
3356 3904 3457 3956 im-

1862 3991 2112 4046 becillior
2140 3999 2247 4055 eet,
2278 3999 2371 4043 aut
2402 4004 2508 4043 non
2539 3989 2749 4047 viribus
2775 3993 2957 4046 valet?
2985 3991 3311 4049 Mercatores
3335 3994 3455 4063 ejus

1862 4082 2105 4155 gloriosi,
2148 4082 2421 4152 principes
2448 4092 2629 4137 terrae.
2677 4084 2937 4138 Dominus
2970 4083 3215 4140 Sabaoth
3244 4085 3453 4139 delibe-

1863 4173 2007 4227 ravit
2044 4172 2340 4228 dissolvere
2376 4173 2695 4227 universam
2740 4175 3128 4230 contumeliam
3186 4176 3453 4245 glorioso-

1863 4282 2022 4331 rum,
2073 4278 2129 4322 et
2192 4267 2486 4338 ignominia
2538 4268 2755 4323 allicere
2816 4284 2980 4324 omne
3041 4270 3335 4341 gloriosum
3397 4273 3452 4327 iu

1862 4368 2073 4412 terran
2108 4357 2307 4413 Verum
2338 4360 2499 4413 etiam
2541 4359 2813 4431 Egyptus
2853 4376 2885 4416 e
2925 4362 3104 4417 vicino
3150 4365 3347 4432 posita,
3396 4364 3452 4418 in

1860 4451 2067 4514 dolore,
2106 4454 2309 4524 inquit,
2354 4456 2739 4518 constituetur,
2776 4454 3013 4508 sollicita
3034 4464 3104 4509 ‘et
3135 4457 3293 4509 anxia
3333 4472 3455 4525 pro-

1863 4550 1981 4611 pter
2013 4541 2177 4603 illam,
2222 4559 2290 4597 ne
2337 4544 2593 4600 videlicet
2641 4560 2828 4615 parem
2872 4543 3050 4614 Tyria:
3081 4545 3451 4600 calamitatem

154 4624 207 4675 εἰ
235 4622 494 4687 δύνασθε,
528 4605 858 4697 φησὶίμετά
882 4605 1008 4691 τοῦς
1040 4630 1388 4696 ἀπολωλότας
1412 4605 1758 4704 ὑ-πολειφθένξ

1870 4635 2117 4703 patiatur.
2155 4636 2337 4691 Rebus
2375 4648 2556 4691 autem
2595 4639 2665 4692 ita
2695 4640 2899 4707 gestis.
2940 4638 2998 4693 Si
3048 4639 3299 4707 potestis,
3346 4641 3447 4702 ait,

153 4734 253 4778 τες
284 4717 347 4767 ὲν
380 4719 446 4787 τῇ
481 4717 662 4789 Τύρῳ,
691 4719 914 4790 διάόητε
943 4721 1235 4792 φεύγοντες
1276 4725 1371 4775 ἐπὶ
1400 4727 1528 4789 τοὺς
1560 4726 1756 4797 ὑμετέ-

157 4826 297 4879 ρους
341 4810 608 4874 ἀποίκους
654 4811 752 4883 τὴν
797 4813 1125 4885 Καρχηδόνα
1168 4815 1482 4881 οίκοῦνταςο
1531 4821 1755 4872 κάκεῖσε

154 4901 565 4972 ἀπομείναντες
613 4903 1030 4957 ἀποκλαύσασθε
1076 4906 1177 4975 τὴν
1207 4906 1433 4959 -έαυτῶν
1480 4910 1752 4980 πατρίδα,

155 4992 651 5063 καταμεμφόμενοι
686 4995 759 5067 μὴ
792 4996 1012 5066 ἐτέρους
1040 4998 1125 5065 ἐφ’
1163 4992 1245 5060 οἷς
1271 4999 1588 5065 πεποίθατε,
1619 5002 1756 5055 ἀλλὰ

152 5088 259 5157 τὴν
313 5086 470 5157 ὑμῶν
519 5086 702 5141 αὐτῶν
754 5088 1135 5161 ὑπερηφανίαν
1182 5091 1276 5143 καὶ
1331 5092 1433 5163 τὴν
1484 5093 1663 5165 ὓϐριν,

152 5180 377 5244 πάντας
401 5179 599 5243 αὐτοὺς
626 5179 971 5250 ¹ιιιεριῦάλλειν
1004 5183 1317 5254 ἐπειρᾶσθε.
1346 5184 1428 5237 Τὰ
1454 5185 1511 5238 δὲ
1546 5187 1753 5257 συμϐε-

150 5268 373 5340 6ηκότα
407 5269 555 5340 ὑμῖν,
584 5263 633 5322 ὧ
666 5270 877 5341 Τύριοι,
915 5271 993 5343 μὴ
1034 5274 1379 5346 εἱμαρμένης
1414 5277 1753 5347 ἐπιγράφετε

150 5362 409 5431 ἀνάγκη
462 5361 599 5415 ἀλλὰ
654 5363 925 5431 ζητήσατε
978 5366 1108 5435 παρ’
1145 5362 1401 5430 ἑαυτοῖς,
1446 5368 1531 5431 τίς
1578 5368 1752 5421 ταῦτα

150 5452 544 5519 ἐϐουλεύσατο,
575 5454 657 5517 τίς
694 5453 878 5526 ἔκρινε
916 5456 1085 5510 ταῦτα
1122 5458 1315 5512 παθεῖν
1346 5460 1444 5530 τὴν
1475 5461 1749 5533 ὑμετέραν

152 5542 422 5614 πατρίδα.
464 5541 765 5613 Ζητοῦντες
795 5544 905 5615 γὰρ
938 5547 1199 5619 εὑρήσετε
1245 5549 1304 5601 ἐν
1350 5550 1538 5621 δικαίᾳ
1568 5552 1750 5622 κρίσει

152 5636 227 5688 τά
273 5632 501 5686 τοιαῦτα
553 5634 987 5707 συμϐεϐηκέναιο
1032 5640 1236 5711 Κύριος
1273 5642 1380 5713 γὰρ
1427 5640 1676 5709 Σαϐαὼθ,
1721 5646 1752 5697 ὁ

158 5724 318 5797 παρὰ
361 5724 547 5795 μόνοις
592 5724 865 5797 Ἑϐραίοις
933 5727 1370 5801 θεολογούμενος,
1431 5729 1619 5786 τοῦτον
1665 5732 1750 5797 ἐξ·

162 5816 365 5885 ήνεγκε
398 5814 490 5869 τὸν
517 5816 661 5887 ὃροψ

1860 4740 1955 4779 vos
2004 4726 2126 4794 qui,
2178 4728 2334 4781 caesis
2368 4727 2510 4794 aliis,
2558 4727 2612 4781 in
2673 4729 2806 4782 urbe
2855 4728 3001 4799 Tyro
3036 4730 3237 4784 residui
3291 4731 3447 4795 estis,

1859 4818 2098 4886 trajicite
2124 4818 2332 4888 profugi
2365 4819 2431 4873 ad
2460 4819 2684 4875 colonos
2717 4830 2931 4875 vestros
2957 4822 3446 4892 Carthaginienses.

1857 4909 1971 4963 Illic
1994 4925 2123 4965 vero
2145 4920 2545 4965 commorantes
2584 4911 2813 4979 patriam
2862 4913 3060 4981 lugete,
3088 4923 3141 4966 et
3169 4925 3445 4981 accusatis,

1859 5016 1966 5055 non
1997 5002 2132 5056 alios
2165 5004 2474 5073 quOSpiam,
2503 5003 2700 5071 quibus
2745 5002 3014 5068 lidebatis,
3062 5005 3156 5059 sed
3207 5017 3445 5059 vestram

1860 5095 2170 5163 superbiam
2217 5102 2276 5148 et
2313 5094 2727 5159 contumeliam,
2763 5111 2868 5165 qua
2904 5095 3025 5150 illus
3057 5112 3250 5152 omnes
3295 5114 3447 5152 com-

1858 5186 2061 5255 plicare
2090 5187 2270 5242 conati
2310 5188 2463 5241 estis.
2495 5189 2689 5243 Casum
2723 5203 2886 5257 porro
2914 5198 3179 5256 vestrum,
3206 5206 3240 5245 ο
3268 5189 3444 5262 Tyrii,
3546 5180 3547 5183 “

1858 5293 1928 5333 ne
1978 5278 2073 5333 fati
2121 5280 2438 5335 necessitati
2494 5280 2813 5343 ascribatis;
2865 5284 2961 5337 sed
3005 5273 3056 5336 in
3110 5284 3268 5339 vobis
3315 5287 3447 5351 ipsis

1856 5371 2105 5439 quaerite,
2134 5372 2256 5439 quis
2289 5372 2405 5426 hate
2452 5373 2683 5427 consilia
2722 5375 2927 5439 inierit,
2961 5376 3085 5444 quis
3116 5378 3182 5429 ad
3234 5386 3442 5431 tantum

1857 5464 2222 5519 calamitatem
2262 5462 2515 5535 patriam
2576 5476 2816 5520 vestram
2885 5467 3247 5522 damnaverit.
3303 5467 3441 5522 Nam

1860 5557 2229 5625 disquirentes
2262 5558 2701 5627 deprehendetis,
2744 5561 2858 5616 haec
2886 5560 3035 5628 justo
3060 5561 3268 5628 judicio
3296 5563 3443 5615 acci-

1858 5649 2040 5704 disse:
2075 5649 2335 5705 Dominus
2384 5651 2586 5720 quippe
2638 5652 2911 5720 Sabaoth,
2955 5654 3047 5723 qui
3102 5654 3243 5722 apud
3299 5654 3443 5709 solus

1861 5738 2114 5796 llehrzeos
2176 5757 2273 5810 pro
2329 5742 2436 5797 Deo
2495 5745 2743 5812 habetur,
2799 5748 2899 5801 hoc
2959 5744 3241 5800 decretum
3312 5758 3441 5813 pr0~

1862 5833 1996 5885 tulit.
