4042 6404
199 375 303 437 ιςτ

1114 376 1616 440 ΟΟΜΙΕΝΤΑΒΙΔ
1655 374 1722 431 IN
1760 373 2025 433 ISAHM.
2059 405 2133 419 —-
2168 372 2324 431 CAP.
2367 372 2559 431 XXIV.

3342 367 3492 438 ’Ξειι

273 510 295 545 ι
330 493 442 547 Καὶ
470 492 622 548 ἔσται
651 492 823 563 αὐτῆς
855 493 890 563 ή
923 490 1184 563 ἐμπορία,
1214 492 1309 545 καὶ
1343 491 1373 543 6
1403 488 1596 561 μισθὸς
1632 488 1787 557 ἅγιος

1966 484 2133 541 Vens.
2162 488 2251 543 18.
2297 505 2317 540 ι
2350 486 2416 542 Et
2468 489 2576 543 erit
2623 487 2743 557 ejus
2815 490 3113 563 negotiatio
3153 500 3210 549 et
3273 508 3490 553 merces

201 582 409 655 Κυρίῳ.
436 604 456 635 ι
486 584 601 655 (υ)
626 581 769 652 ’Ὀδὴ
792 583 888 635 καὶ
912 580 1219 653 πληροῦται
1243 579 1366 635 καθ’
1390 581 1540 652 ήμᾶς
1565 578 1782 643 αὐτούς.

198 673 311 745 Τῆς
336 673 450 747 γὰρ
492 672 823 744 Ἐκκλησίας
858 670 953 726 τοῦ
980 670 1119 726 Θεοῦ
1148 668 1441 742 ίδρυμένης
1478 670 1539 723 εν
1568 672 1637 741 τῇ
1664 670 1788 751 ,Τυο

198 764 333 836 ρίων
382 763 568 829 πόλει,
595 762 786 835 ὥσπερ
828 757 923 817 οὖν
958 763 1053 817 καὶ
1081 764 1140 816 έν
1181 764 1295 825 τοῖς
1328 761 1541 825 λοιποῖς
1584 759 1784 826 έθνεσι,

195 854 367 909 πολλὰ
386 856 501 909 τῶν
526 856 584 908 έν
607 854 746 926 αὐτῇ
780 853 1148 925 μισθωμάτων
1177 851 1243 906 ἐκ
1270 852 1659 925 πραγματείας
1690 868 1787 906 κο-

194 946 510 1019 μιζομένων
529 946 817 1016 ἁγιάζεται
837 945 917 1018 τῷ
930 945 1119 1018 Κυρίῳ
1140 945 1563 1017 προσφερόμενα
1575 947 1643 1016 τῇ
1660 943 1787 998 “Ex-

190 1040 396 1112 κλησίᾳ
408 1038 596 1095 αὑτοῦ·
612 1039 817 1110 ἂπεροί
834 1037 1154 1111 κομίζοντες
1168 1037 1542 1113 προσφέρουσι
1571 1037 1670 1092 σὺν
1696 1038 1787 1091 s6-

188 1132 405 1206 λασείᾳ.
426 1152 449 1186 ι
468 1134 585 1187 υὺκ
596 1132 781 1197 αὐτοῖς
796 1131 1212 1203 συναχθήσεται,
1225 1130 1485 1195 άλλὰτοῖς
1499 1129 1791 1185 κατοικοῦ-

192 1242 278 1279 σιν
303 1224 492 1280 ἔναντι
532 1224 738 1297 Κυρίου
756 1240 771 1255 ·
802 1225 956 1279 πᾶσα
984 1225 1019 1296 ή
1049 1222 1294 1296 ἐμπορία
1328 1224 1533 1297 αὐτῆς,
1562 1225 1783 1294 φαγεῖν,

192 1320 289 1374 καὶ
312 1318 594 1383 πιεῖν,καὶ
617 1317 1022 1389 ἐμπλησθῆναι,
1042 1318 1138 1371 καὶ
1153 1317 1234 1381 είς
1252 1306 1548 1389 συμϐολήν,
1570 1317 1785 1390 μνημό-

191 1427 351 1465 συνον
399 1410 583 1466 ιναντι
612 1409 851 1481 Κυρίουο
907 1429 926 1461 ι
970 1409 1174 1482 δηλαδή
1207 1412 1322 1473 τοῖς
1355 1409 1653 1483 παρέδροις
1688 1408 1784 1463 τοῦ

189 1487 617 1577 θυσιαστηρίου·
662 1501 807 1558 οὕτω
854 1502 965 1575 γὰρ
1005 1501 1213 1573 Κύριος
1250 1502 1535 1570 διετάξατο
1569 1504 1685 1567 τοῖς
1722 1501 1786 1556 τὸ

188 1597 531 1667 εὐαγγέλιον
569 1595 1029 1666 καταγγέλλουσιν
1070 1597 1136 1650 εκ
1164 1594 1261 1649 τοῦ
1294 1594 1628 1665 Ειὺαγγελίου
1660 1595 1781 1668 ζῇν·

189 1689 285 1743 καὶ
310 1691 363 1742 οί
384 1687 466 1759 τῷ
497 1686 868 1759 θυσιαστηρίῳ
899 1685 1345 1758 παρεδρεύοντες,
1381 1684 1463 1757 τῷ
1489 1684 1787 1757 θυσιαστη-

189 1779 295 1851 ρίῳ
317 1779 775 1850 συμμερίζεσθαι.
800 1777 1022 1843 Τούτοις
1043 1773 1138 1832 οὖν
1159 1778 1366 1843 αὐτοῖς,
1392 1777 1468 1843 ὡς
1488 1776 1556 1833 ἂν
1578 1778 1785 1849 ἱερεῦσι

1896 588 2085 633 sancta
2121 575 2370 633 Domino.
2396 595 2417 629 ι
2452 577 2605 645 Quod
2635 588 2787 634 certe
2822 590 3011 637 nostro
3042 591 3288 652 tempore
3332 599 3489 642 com-

1893 668 2099 739 pletum
2129 669 2426 725 cernimus.
2465 668 2601 723 Nam
2653 685 2778 726 cum
2822 670 3067 727 Ecclesia
3110 672 3208 731 Dei
3242 674 3301 731 in
3352 677 3491 733 urbe

1895 759 2207 832 Tyriorum,
2240 759 2466 828 perinde
2501 770 2669 832 atque
2714 762 2769 817 in
2800 761 3028 832 reliquis
3059 764 3321 837 gentibus
3362 765 3492 823 fun-

1894 850 2021 906 data
2074 851 2182 916 sit,
2244 850 2428 907 multa
2471 866 2543 908 ex
2588 852 2710 924 ejus
2777 854 3053 910 mercibus
3119 857 3493 927 negotiatione

1892 943 2066 1012 partis
2097 941 2326 998 Domino
2350 953 2775 1009 consecrantur,
2806 942 3069 1001 Ecclesiae
3096 946 3216 1018 ejus
3244 947 3445 1005 oblata:
3466 963 3486 1003 :

1891 1048 2014 1105 quae
2046 1048 2170 1090 cum
2213 1036 2418 1106 pietate
2457 1050 2489 1091 a
2518 1035 2895 1106 prabeutibus
2940 1034 3270 1095 oﬂ'eruntur.
3316 1054 3338 1092 ι
3368 1037 3490 1095 Νοιι
3538 1064 3542 1069 ·

1894 1126 2028 1198 ipsis
2068 1127 2523 1199 congregabitur;
2565 1128 2662 1185 sed
2692 1128 2805 1193 iis,
2852 1128 2947 1199 qui
3000 1127 3255 1185 habitant
3297 1144 3488 1187 coram

1892 1217 2143 1274 DOmiuo.
2171 1217 2362 1283 Omnis
2404 1220 2702 1291 negotiatio
2742 1218 2887 1289 ejus,
2924 1229 2988 1275 ut
3019 1221 3169 1288 edat,
3215 1230 3273 1278 et
3303 1222 3486 1292 bibat,

1891 1319 1949 1366 et
1975 1310 2225 1378 satietur,
2254 1321 2313 1367 et
2352 1312 2407 1367 in
2455 1312 2799 1381 symbolum,
2844 1322 3257 1370 monumentum
3301 1330 3488 1371 coram

1892 1399 2153 1467 Domino;
2188 1399 2447 1456 videlicet
2480 1401 2748 1481 ministris
2784 1400 2973 1458 altaris
3007 1420 3021 1458 :
3054 1404 3136 1459 sic
3179 1405 3325 1459 enim
3358 1419 3492 1476 prae

1892 1490 2037 1560 cepit
2059 1489 2317 1546 Dominus
2345 1490 2412 1546 iis
2435 1492 2529 1562 qui
2559 1491 2912 1565 Evangelium
2941 1496 3288 1563 annuntiant,
3328 1507 3387 1551 ut
3416 1512 3488 1553 ex

1890 1582 2183 1655 Evangelia
2207 1584 2429 1649 vivant,
2459 1592 2517 1640 et
2542 1592 2603 1639 ut
2643 1584 2683 1639 ii
2710 1585 2803 1656 qui
2845 1586 3003 1641 altari
3032 1595 3235 1653 astant,
3272 1587 3329 1643 in
3361 1603 3490 1659 por-

1893 1673 2095 1728 tionem
2143 1672 2337 1743 altaris
2375 1675 2756 1732 admittantur.
2792 1676 2889 1732 llis
2934 1692 3067 1750 ergo
3108 1677 3264 1749 ipsis,
3298 1687 3489 1749 utpote

1893 1766 2272 1822 sacerdotibus
2307 1766 2444 1833 Dei,
2502 1767 2879 1825 habitantibus
2920 1770 2975 1825 in
3020 1780 3319 1841 conspectu
3362 1768 3475 1825 Do-

188 1869 286 1923 τοῦ
315 1868 454 1923 Θεοῦ
482 1872 595 1933 τοῖς
620 1867 967 1923 κατοικοῦσιν
997 1868 1179 1922 έναντι
1208 1868 1417 1939 Κυρίου
1434 1908 1450 1935 ,
1480 1868 1582 1933 τὰς
1605 1869 1787 1940 ἀπαρ-

1896 1859 2050 1926 mini,
2086 1860 2355 1929 primitias
2401 1858 2697 1917 oll’erentes
2744 1862 3031 1917 memorati
3087 1862 3377 1928 homines,
3424 1879 3487 1920 re

186 1960 295 2032 χάς
328 1960 734 2033 προσφέροντες
755 1961 806 2015 οί
833 1958 1189 2031 δηλωθέπες,
1211 1959 1362 2033 ἔργῳ
1390 1959 1660 2033 πληροῦσι
1689 1960 1792 2033 τήν

190 2054 515 2121 φάσκουσαν
536 2051 896 2125 προφητείαν·
928 2070 947 2104 ι
979 2052 1092 2106 Καὶ
1115 2051 1270 2107 ἔσται
1290 2052 1557 2125 εμποριον
1581 2052 1787 2119 αὐτοῖς,

193 2144 292 2198 καὶ
323 2144 518 2215 μισθὸς
541 2144 746 2209 αὐτοῖς,
780 2162 800 2196 ι
846 2144 942 2198 καὶ
976 2143 1045 2197 τά
1072 2141 1221 2215 ἑξῆς.

709 2267 1111 2332 ΚΕΦΑΔΔῙΟΝ
1145 2276 1275 2331 ΚΔ’.

268 2431 290 2465 ι
336 2410 469 2466 Ἰδοὺ
509 2410 715 2484 Κύριος
752 2410 1112 2484 καταφθείρει
1144 2411 1244 2483 τὴν
1280 2410 1609 2482 οἰκουμένην
1635 2410 1786 2483 ὅλην,

188 2505 288 2559 καὶ
312 2504 593 2577 ὲρημώσει
622 2504 814 2576 αὐτὴν,
848 2505 943 2559 καὶ
996 2502 1335 2573 ἀνακαλύψει
1379 2504 1442 2557 τὸ
1494 2504 1788 2573 πρόσωπον

189 2597 387 2667 αὐτῆς.
427 2616 448 2649 ι
498 2596 717 2668 Ἐπειδὴ
747 2597 857 2669 γὰρ
904 2614 923 2649 ι
979 2596 1075 2650 τοῦ
1124 2595 1332 2667 Κυρίου
1378 2597 1413 2667 ή
1457 2595 1526 2666 γῆ
1586 2594 1681 2647 καὶ
1728 2594 1789 2648 τὸ

191 2688 477 2761 πλήρωμα
513 2689 704 2759 αὐτῆς,
743 2708 762 2741 ι
799 2688 1003 2743 ὡσανεὶ
1024 2689 1245 2742 πάντων
1282 2687 1587 2760 ἀνθρώπων
1621 2688 1786 2760 κηδό-

192 2797 382 2851 μενος,
415 2780 784 2835 διαστέλλεται
816 2783 883 2852 τῇ
921 2780 1217 2853 οἰκουμένῃ
1246 2779 1319 2833 τὰ
1349 2780 1478 2851 περὶ
1514 2779 1613 2850 τῆς
1654 2778 1787 2850 μελ⁶

191 2872 395 2943 λούσης
448 2872 695 2937 ἅπαντας
740 2871 1059 2945 ἀνθρώπους
1099 2870 1456 2943 διαλήψεσθαι
1500 2871 1594 2927 τοῦ
1651 2869 1785 2924 Θεοῦ

1893 1950 2008 2020 ipsa
2051 1958 2110 2005 et
2157 1965 2327 2021 opere
2364 1951 2592 2023 implent
2629 1952 2973 2023 prophetiam
3023 1968 3148 2024 quae
3199 1954 3309 2021 ait,
3363 1973 3384 2008 ι
3418 1955 3488 2012 Et

1891 2042 2000 2099 erit
2041 2042 2346 2115 emporium
2407 2043 2577 2114 ipsis,
2618 2055 2675 2099 et
2723 2058 2935 2101 merces
3001 2045 3156 2115 ipsis.
3184 2064 3205 2099 ι
3252 2055 3309 2103 et
3370 2062 3484 2103 cm-

1834 2158 1835 2161 ‘
1895 2143 2033 2192 tera.

2449 2274 2683 2333 CAPUT
2734 2274 2928 2331 XXIV.

1966 2410 2126 2467 Vens.
2163 2413 2217 2468 ί.
2257 2431 2278 2465 ι
2329 2413 2469 2469 Ecce
2504 2414 2767 2470 Dominus
2817 2424 3133 2485 corrumpet
3180 2423 3352 2471 totum
3390 2431 3482 2472 or-

1888 2505 2035 2571 bem,
2062 2514 2120 2561 et
2149 2505 2385 2562 vastabit
2423 2521 2573 2572 eum,
2618 2516 2675 2563 et
2717 2507 2984 2565 revelabit
3047 2507 3246 2564 faciem
3292 2508 3447 2581 ejus.

1890 2597 2027 2665 Quia
2059 2616 2079 2649 ι
2122 2600 2267 2653 enim
2297 2618 2317 2651 ι
2356 2598 2570 2654 Domini
2613 2608 2697 2655 est
2724 2610 2867 2657 terra
2886 2610 2943 2657 et
2965 2600 3248 2671 plenitudo
3274 2602 3476 2672 ejus‘p

1892 2694 2154 2756 tanquam
2188 2688 2280 2759 qui
2315 2689 2596 2743 hominum
2634 2690 2877 2745 omnium
2929 2705 3119 2746 curam
3159 2700 3336 2763 gerat,
3360 2690 3483 2747 orbi

1888 2784 2162 2833 terrarum
2202 2779 2442 2848 explicat
2480 2793 2545 2834 ea
2575 2795 2697 2850 qua:
2723 2782 2789 2836 ad
2842 2782 2938 2838 Dei
2980 2782 3249 2851 judicium
3308 2782 3483 2854 perti-

1890 2879 2040 2933 nent,
2095 2868 2165 2924 de
2198 2871 2471 2926 universis
2501 2871 2811 2928 hominibus
2867 2872 3205 2941 habendum,
3257 2889 3362 2943 qua
3392 2872 3485 2933 die

191 2965 452 3037 κρίσεως,
482 2967 541 3020 έν
563 2965 746 3038 ήμέρᾳ
782 2966 871 3020 ὅτε
898 2967 1074 3038 κρινεῖ
1102 2966 1131 3019 6
1162 2964 1295 3028 Θεὸς
1325 2964 1396 3017 τὰ
1426 2963 1646 3036 κρυπτὰ
1676 2962 1785 3017 τῶν

1896 2961 2149 3029 iudicabit
2164 2960 2307 3018 Deus
2318 2965 2530 3019 occulta
2551 2964 2853 3032 hominum,
2876 2984 2896 3018 ι
2918 2964 3375 3037 Etdispergeteos
3388 2965 3484 3035 qui

189 3056 533 3130 ἀνθρώπων,
588 3076 605 3109 ι
662 3058 758 3112 καὶ
813 3057 1098 3128 διασπερεῖ
1146 3057 1275 3120 τοῦς
1328 3056 1671 3121 ἐνοικοῦντας
1727 3058 1787 3111 ὲν

191 3149 359 3220 αὐτῇ.
429 3168 449 3200 ι
503 3148 576 3201 Ἦ
636 3147 778 3202 κατὰ
831 3148 925 3202 τὸν
982 3147 1215 3202 Ἀκύλαν
1272 3149 1367 3200 καὶ
1429 3148 1782 3213 Θεοδοτίωνα,

196 3260 218 3293 ι
255 3239 641 3312 διασκορπίζει
688 3239 881 3303 ἄλλους
924 3236 1179 3310 ἀλλαχοῦ,
1222 3257 1240 3291 ι
1280 3238 1424 3291 κατὰ
1456 3238 1554 3310 τὴν
1587 3238 1783 3293 ἀναλο-

191 3332 322 3401 γίαν
353 3332 466 3385 τῶν
486 3331 719 3386 ἑκάστου
750 3330 1005 3402 πράξεων
1024 3347 1037 3359 ·
1064 3329 1257 3383 πολλαὶ
1290 3330 1399 3402 γὰρ
1434 3331 1595 3401 μοναὶ
1634 3330 1788 3404 παρὰ

191 3422 273 3494 τῷ
294 3422 499 3495 nam,
536 3423 709 3494 μέγας
744 3439 806 3475 τε
840 3424 936 3476 καὶ
968 3421 1136 3485 πολὺς
1178 3423 1208 3475 6
1247 3420 1343 3474 τοῦ
1383 3420 1517 3474 Θεοῦ
1562 3422 1787 3493 κόσμος,

189 3520 270 3586 ὡς
301 3519 567 3574 δύνασθαι
604 3519 786 3583 πάσας
821 3516 1183 3589 ὑποδέχεσθαι
1228 3517 1324 3571 καὶ
1351 3516 1452 3580 τὰς
1498 3516 1558 3584 ἐξ
1593 3517 1791 3581 αίῶνος

191 3610 255 3663 ιν
281 3611 350 3680 τῇ
395 3611 468 3679 γῇ
516 3607 985 3679 πεπολιτευμένας
1025 3605 1223 3677 ψυχὰς,
1267 3606 1378 3661 τῶν
1434 3607 1532 3678 μὲν
1576 3606 1790 3661 ἀσεϐῶν

192 3702 285 3756 τὸν
325 3701 464 3773 ᾅδην
506 3701 600 3754 καὶ
633 3700 696 3754 τὸ
728 3700 834 3753 ὑπὸ
863 3699 967 3770 γῆν
1007 3700 1346 3770 οίκητήριον,
1400 3700 1649 3764 σκοτίους
1696 3702 1791 3754 καὶ

193 3792 471 3863 ἀοράτους
513 3792 721 3862 μυχοὺς
764 3789 1229 3862 κληρωσαμένων,
1278 3790 1422 3845 κατὰ
1471 3790 1551 3855 τὸ,
1594 3811 1611 3842 ι
1663 3793 1792 3845 Εἰσ-

192 3885 510 3939 ελεύσονται
533 3889 612 3949 εις
634 3883 704 3937 τὰ
729 3882 1020 3939 κατώτατα
1043 3882 1141 3955 τῆς
1170 3883 1296 3954 γῆς’
1326 3884 1792 3957 παραδοθήσονται

191 3980 275 4041 εἰς
304 3979 501 4049 χεῖρας
534 3976 827 4049 ῥομφαίας,
880 3976 1099 4054 μερίδες
1140 3968 1440 4031 ἀλωπέκιον
1474 3977 1724 4031 έσονταιο
1766 3998 1786 4030 ι

196 4069 304 4125 τῶν
348 4070 410 4123 δὲ
458 4068 700 4123 εὐσεϐῶν
757 4068 1238 4141 άρπαγησομένων
1291 4070 1351 4123 ὃν
1410 4069 1663 4141 νεφέλαις
1710 4071 1793 4135 είς

191 4162 507 4232 ἀπάντησιν
537 4160 631 4215 τοῦ
670 4161 881 4234 Κυρίου
906 4162 988 4225 είς
1016 4160 1303 4234 άέρακκαὶ
1342 4160 1517 4227 οὕτως
1560 4161 1791 4217 πάντοτε

197 4258 296 4311 σὺν
327 4252 525 4326 Κυρίῳ
550 4253 955 4325 γενησομένων.

273 4366 293 4398 ι
332 4346 449 4401 Καὶ
479 4345 633 4400 έσται
665 4347 696 4400 6
726 4346 853 4411 λαὸς
884 4346 961 4411 ὡς
994 4348 1024 4401 6
1056 4346 1258 4419 ίερεῦς,
1302 4344 1398 4399 καὶ
1429 4345 1459 4398 6
1493 4347 1623 4409 παῖς
1654 4346 1729 4409 ὡς
1761 4346 1791 4398 6

194 4439 413 4513 κύριος,
444 4441 539 4494 καὶ
570 4440 604 4511 ή
637 4439 945 4511 θεράπαινα
981 4440 1058 4505 ὡς
1086 4442 1120 4513 ή
1156 4438 1340 4510 κυρία.
1380 4437 1576 4492 Ἔσται
1599 4440 1628 4492 6
1658 4438 1790 4507 ἀγο-

1890 3054 2144 3109 habitant
2178 3056 2229 3110 in
2256 3056 2396 3125 ipso.
2424 3075 2443 3109 ι
2466 3054 2593 3113 Sive
2621 3058 2922 3113 secundum
2948 3058 3206 3129 Aquilam
3225 3066 3282 3114 et
3300 3058 3483 3114 Theo-

1890 3150 2188 3217 dotiouem,
2262 3168 2281 3202 ι
2319 3150 2562 3221 Dissipat
2617 3151 2753 3206 alios
2810 3151 2964 3220 alibi,
3005 3170 3026 3205 ι
3090 3166 3193 3222 pro
3266 3152 3484 3208 ratione

1891 3256 2118 3311 operum
2177 3241 2484 3313 cujusque:
2528 3258 2654 3298 nam
2703 3242 2888 3299 multae
2957 3245 3275 3300 mansiones
3330 3244 3483 3315 apud

1890 3330 2150 3386 Patrem:
2187 3346 2527 3403 magnusque
2567 3343 2623 3387 et
2662 3341 2850 3388 vastus
2878 3344 2964 3389 est
3004 3332 3106 3389 Dei
3134 3335 3389 3400 mundus,
3423 3345 3484 3390 ut

1890 3426 2063 3496 possit
2098 3424 2221 3481 illas
2266 3440 2458 3481 omnes
2493 3426 2778 3482 continere
2810 3426 3047 3491 animas,
3079 3442 3200 3498 quae
3226 3442 3258 3481 a
3280 3427 3483 3483 seculo

1892 3519 1946 3571 in
1985 3526 2135 3572 terra
2158 3525 2391 3572 versata!
2437 3528 2569 3572 sunt
2610 3535 2626 3575 :
2663 3517 2845 3588 impiis
2876 3518 3150 3575 infernum
3178 3528 3235 3574 et
3261 3520 3482 3576 subter-

1893 3622 2120 3662 raucum
2159 3606 2521 3674 domicilium,
2548 3608 2867 3664 tenebrosos
2904 3609 3121 3665 scilicet
3147 3619 3204 3665 et
3238 3610 3483 3667 occuitos

1890 3714 2140 3754 recessus
2168 3698 2365 3765 nactis,
2396 3699 2695 3755 secundum
2728 3700 2881 3767 illud,
2909 3720 2929 3754 ι
2964 3701 3269 3759 Introliunt
3308 3705 3361 3759 in
3400 3704 3484 3759 in-

1892 3790 2099 3849 feriora
2148 3803 2309 3849 terra:
2348 3808 2365 3846 :
2401 3794 2686 3850 tradentur
2730 3795 2786 3851 in
2820 3809 3014 3851 manus
3063 3795 3251 3866 gladii,
3299 3807 3489 3867 partes

1894 3887 2136 3957 vulpium
2156 3888 2383 3955 erunt';
2410 3905 2427 3939 ι
2449 3887 2552 3958 piis
2574 3901 2705 3944 vero
2723 3889 2894 3958 raptis
2923 3888 2978 3943 in
3005 3887 3241 3943 nubibus
3264 3890 3484 3946 obviam

1901 3980 2129 4036 Domino
2165 3979 2221 4036 in
2274 3995 2422 4047 aera,
2478 3989 2533 4035 et
2574 3982 2660 4036 sic
2703 3994 2919 4050 semper
2970 3995 3095 4036 cum
3128 3979 3359 4037 Domino
3393 3981 3481 4039 ΐο-

1896 4073 2057 4128 turis.

1966 4341 2131 4399 Vens.
2157 4342 2215 4397 2.
2252 4360 2272 4394 ι
2309 4342 2373 4398 Ει
2395 4342 2501 4398 erit
2545 4357 2776 4413 populus
2808 4352 3066 4413 tanquam
3116 4346 3401 4410 sacerdos,
3426 4354 3485 4400 et

1894 4450 2085 4491 servus
2116 4444 2374 4506 tanquam
2415 4436 2695 4503 dominus,
2741 4446 2797 4491 et
2833 4435 3034 4491 famula
3089 4446 3347 4509 tanquam
3383 4440 3481 4495 do-

201 4532 389 4605 ράζων
423 4530 499 4594 ὡς
536 4531 564 4583 6
604 4530 821 4595 πωλῶν,
859 4548 957 4585 και
988 4531 1018 4584 6
1060 4528 1322 4595 δανείζων
1368 4520 1445 4593 ὣς
1484 4530 1513 4582 6
1549 4529 1787 4593 δανειζό-

1896 4526 2063 4581 mina.
2105 4526 2224 4581 Erit
2268 4528 2361 4597 ’qui
2391 4528 2525 4583 emit
2584 4538 2842 4599 tanquam
2874 4528 2966 4598 qui
3005 4530 3225 4603 vendit,
3258 4531 3349 4599 qui
3402 4531 3483 4585 Ie—

204 4641 391 4695 μενος,
426 4624 521 4677 καὶ
549 4626 579 4678 6
608 4622 840 4693 ὀφείλων
864 4622 941 4687 ὡς
970 4624 999 4677 6
1028 4616 1073 4692 ᾧ
1102 4622 1328 4693 ὀφείλειο
1370 4640 1390 4674 ι
1430 4620 1788 4693 σημαίνοντος

196 4717 297 4773 τοῦ
346 4716 509 4785 λόγου
558 4716 653 4771 τοῦ
714 4715 1055 4789 προφητικοῦ
1108 4716 1200 4769 τὸν
1258 4717 1359 4787 τῆς
1402 4715 1514 4769 τῶν
1573 4714 1789 4786 νεκρῶν

194 4809 557 4871 ἀναστάσεως
630 4810 851 4881 τρόπον.
912 4807 1159 4863 Ἐπειδὰν
1210 4808 1267 4861 δὲ
1329 4807 1683 4879 ἀνακαλυφθῇ
1721 4806 1793 4861 τὰ

194 4901 631 4972 ἐγκεκρυμμένα
672 4903 731 4955 ὲν
766 4905 833 4974 τῇ
864 4904 935 4974 γῇ
974 4890 1223 4973 σώματα,
1264 4902 1707 4973 παραστήσονται
1740 4900 1791 4953 οί

194 4992 515 5066 κρινόμενοι
549 4992 656 5065 πρὸ
703 4992 798 5048 τοῦ
849 4994 1091 5067 βήματος
1117 4992 1211 5047 τοῦ
1248 4993 1483 5066 μεγάλου
1518 4992 1708 5065 κριτοῦ
1734 4993 1793 5061 ἐξ

198 5088 325 5141 ῖσου
368 5084 607 5150 πάντες,
650 5085 726 5149 ὡς
760 5085 895 5157 μηδὲ
930 5085 1209 5158 διαφέρειν
1239 5084 1368 5148 τοὺς
1407 5086 1466 5137 ὲν
1497 5083 1577 5156 τῷ
1608 5083 1791 5156 θνητῷ

196 5181 309 5254 βίῳ
338 5178 470 5233 ποτὶ
496 5178 756 5246 δόξαντας
781 5178 941 5232 πλέον
970 5196 1024 5232 τι
1048 5176 1339 5249 ἐσχηκέναι
1366 5177 1485 5249 ήτοι
1522 5177 1581 5231 ὲν
1623 5175 1790 5244 ἀξιώ-

200 5291 361 5347 ματι,
397 5271 433 5342 ἢ
462 5269 631 5339 γένει,
667 5269 702 5343 ἢ
735 5268 972 5341 πλούτῳ,
1019 5268 1127 5323 τῶν
1166 5268 1545 5339 ἐνδεεστέρων.
1576 5269 1790 5334 Πάντες

194 5366 317 5439 γὰρ
349 5362 411 5430 εξ
434 5364 549 5417 [σου
576 5363 698 5419 τότε
730 5363 1172 5438 παραστήσονται
1195 5360 1274 5432 τῷ
1297 5360 1500 5433 βήματι
1526 5360 1621 5414 τοῦ
1650 5362 1789 5432 Χρι-

199 5456 356 5513 στοῦ·
393 5456 487 5511 καὶ¹
512 5454 593 5527 τῷ
631 5456 769 5526 ἱερεῖ
800 5452 1197 5526 παραπλησίως
1228 5454 1257 5507 6
1289 5452 1437 5520 λαὸς,
1469 5451 1562 5505 καὶ
1588 5452 1791 5521 ὁμοίως

272 5569 298 5601 ⁸
331 5567 470 5623 Psal.
502 5565 593 5631 23,
633 5581 671 5621 ι.
777 5566 799 5599 ⁸
832 5564 976 5623 Psal.
1008 5580 1145 5629 ωιιι,
1178 5565 1264 5619 II.

299 5660 393 5731 ‘29)
435 5659 562 5715 Hec
608 5659 681 5713 ita
728 5659 980 5731 exprimit
1016 5658 1392 5731 Hieronymus,
1435 5676 1454 5710 ι
1485 5655 1786 5731 cernamus

202 5734 257 5789 in
285 5729 435 5803 ’l‘yro
478 5730 1017 5803 exstructasChristi
1053 5729 1353 5793 ecclesias;
1379 5730 1787 5803 consideremus

201 5799 349 5875 opes
369 5802 635 5868 omnium,
663 5800 807 5870 quod
867 5816 974 5855 non
1034 5810 1384 5871 reponantur,
1431 5813 1530 5855 nec
1568 5799 1785 5853 thesau-

1895 4618 2013 4672 nori
2049 4617 2141 4670 dat
2190 4622 2449 4687 tanquam
2486 4616 2578 4688 qui
2608 4618 2827 4687 accipit,
2882 4618 2976 4687 qui
3009 4618 3169 4673 debet
3220 4628 3482 4688 tanquam

1896 4708 1945 4762 is
1966 4709 2053 4763 cui
2080 4709 2262 4765 debet.
2296 4727 2315 4761 ι
2350 4708 2678 4779 Prophetico
2703 4724 2856 4766 more
2881 4710 3304 4767 resurrectionis
3331 4727 3481 4768 mor-

1899 4809 2117 4855 tuorum
2150 4805 2367 4856 modum
2408 4801 2700 4872 signiﬁcat.
2729 4802 2863 4857 Cum
2893 4813 3075 4857 autem
3107 4802 3343 4858 revelata
3368 4802 3484 4860 iue-

1899 4891 2013 4946 rint
2049 4906 2114 4947 ea
2164 4907 2283 4961 qua:
2324 4893 2376 4947 in
2422 4901 2571 4947 terra
2628 4896 2849 4950 condita
2882 4910 3138 4964 corpora,
3192 4894 3285 4965 qui
3337 4896 3484 4966 judi-

1900 4985 2058 5040 candi
2092 4995 2218 5041 sunt
2256 4997 2381 5041 ante
2420 4986 2657 5042 tribunal
2707 4988 2890 5059 magni
2951 4986 3171 5057 judicis,
3200 5004 3269 5043 ex
3325 5003 3485 5059 aequo

1898 5097 2090 5138 onmes
2133 5083 2428 5150 sistentur,
2470 5084 2545 5138 ita
2585 5093 2647 5139 ut
2683 5085 2775 5154 qui
2830 5084 2961 5139 olim
3014 5085 3069 5139 in
3104 5086 3319 5141 mortali
3371 5087 3484 5143 vita

1900 5176 2105 5246 aliquid
2142 5176 2264 5248 plus
2302 5176 2425 5231 aliis
2456 5177 2660 5232 habere
2698 5176 3024 5232 videbantur
3047 5180 3167 5234 sive
3194 5177 3480 5244 dignitate,

1895 5266 2012 5322 sive
2040 5282 2260 5337 genere,
2284 5268 2402 5323 sive
2433 5268 2659 5332 divitiis,
2687 5267 2819 5321 nihil
2850 5266 3103 5323 diﬂ'erant
3136 5284 3164 5321 a
3197 5270 3484 5339 pauperio-

1896 5359 2071 5415 ribus.
2148 5359 2351 5416 Omnes
2413 5361 2561 5415 enim
2617 5360 2901 5431 atqualitcr
2953 5361 3210 5415 tribunali
3274 5362 3482 5417 Christi

1898 5454 2180 5523 sistentur,
2213 5453 2441 5525 perinde
2475 5463 2534 5509 ut
2569 5454 2852 5519 sacerdos,
2900 5455 2975 5509 ita
3006 5464 3062 5509 et
3116 5460 3373 5525 populus,
3425 5466 3485 5511 et

1889 5660 2159 5744 rigentur,
2198 5660 2295 5718 sed
2341 5661 2540 5718 dentur
2572 5660 2660 5717 his
2702 5658 2795 5729 qui
2843 5658 3090 5716 habitant
3140 5671 3321 5714 coram
3368 5655 3480 5716 Do-

1890 5749 1942 5788 ιιι
1951 5747 2058 5788 Illo.
2085 5751 2102 5783 Ι
