4042 6384
615 379 723 439 ιω

1308 372 1573 433 unseen
1612 370 2086 431 CESARIENSIS
2123 370 2275 428 σφι).
2316 368 2501 427 psus
2537 367 2627 426 ιιι.
2667 399 2741 413 -
2778 343 3198 429 smmum.

3774 368 3882 424 260

615 500 839 569 perinde
866 498 957 554 alii
1009 511 1220 563 omnes.
1273 498 1401 567 quia
1436 513 1542 553 non
1574 507 1657 553 est
1698 509 2050 567 personarum
2099 508 2176 550 ac-

2298 492 2516 557 πάντες·
2542 493 2664 547 ἐπεὶ
2694 494 2769 563 μή
2797 492 2913 544 ἐστι
2945 488 3371 564 προσωποληψία
3419 487 3571 560 παρὰ
3613 487 3694 559 τῷ
3736 488 3877 559 Θεῷ.

616 590 797 661 ceptlo
834 590 975 659 apud
1014 589 1200 646 Deum.
1259 588 1625 655 Quamobrem
1661 590 1801 659 apud
1840 587 1942 643 Job
1984 589 2187 643 dictum

615 691 748 736 est:
791 699 811 733 ι
843 680 1049 736 Parvus
1081 689 1134 736 et
1182 693 1410 749 magnus
1458 681 1568 734 illic
1614 688 1780 746 sunt,
1837 689 1895 734 et
1957 678 2191 735 famulus

616 787 723 825 non
758 781 1011 827 metuens
1058 769 1332 825 dominum
1378 784 1537 823 suum
1576 770 1637 822 “.
1674 788 1693 821 ›

686 859 850 917 Vens.
880 861 935 925 5,
970 862 1024 913 ι.
1073 878 1092 910 ι
1126 858 1487 929 Corruptione
1517 868 1900 930 corrumpetur
1929 870 2105 925 terra,
2134 869 2191 915 et

615 952 925 1022 direptione
969 950 1258 1020 diripiatur
1288 961 1433 1006 terra
1465 964 1479 1003 :
1512 966 1573 1007 os
1611 952 1755 1007 enim
1808 951 2020 1007 Domini
2056 952 2190 1007 dixit

615 1044 751 1097 lure.
780 1041 939 1097 Luxit
970 1052 1137 1106 terra,
1167 1052 1222 1096 et
1273 1051 1565 1113 corruptus
1586 1054 1672 1098 est
1708 1043 1857 1098 orbis
1884 1062 1897 1097 :
1935 1042 2191 1099 luxerunt

613 1136 812 1193 excelsi
861 1145 1042 1192 terrze.
1074 1156 1093 1189 ι
1122 1136 1255 1191 Nam
1290 1136 1494 1207 prolata
1540 1150 1637 1206 per
1676 1136 1993 1207 prophetam
2018 1151 2047 1189 a
2079 1136 2188 1191 Deo

612 1227 907 1291 sententia,
937 1231 1048 1281 lucc
1073 1228 1387 1297 contingent
1421 1227 1510 1287 iis,
1558 1226 1651 1296 qui
1695 1228 1936 1296 peiorem
1983 1238 2185 1281 sortem

613 1320 759 1373 nacti
819 1320 1023 1374 fuerint
1058 1338 1071 1373 :
1104 1335 1237 1389 quos
1286 1320 1490 1373 terreni
1550 1334 1744 1373 sensus
1778 1334 1940 1373 causa
1988 1328 2186 1373 terram

609 1420 789 1466 vocat.
826 1410 1286 1477 Quemadmodum
1330 1409 1474 1463 enim
1505 1408 1632 1463 olim
1677 1410 1807 1463 Ada’
1835 1408 2041 1463 dictum
2080 1419 2184 1473 est,

615 1520 635 1552 ι
672 1500 840 1554 Terra
872 1516 952 1557 es.
988 1510 1041 1555 et
1071 1501 1121 1553 in
1155 1510 1353 1554 terram
1406 1500 1699 1556 reverteris
1730 1501 1770 1531 “
1795 1541 1810 1565 ,
1845 1519 1863 1553 ι
1900 1502 1979 1555 sic
2011 1511 2066 1556 et
2120 1500 2185 1555 iis

609 1590 702 1659 qui
740 1600 979 1661 tempore
1032 1578 1200 1645 divini
1257 1589 1467 1659 indicii,
1524 1589 1812 1660 voluptarii
1847 1598 1903 1645 et
1940 1592 2185 1661 corporis

610 1688 874 1745 amantes,
904 1693 967 1733 ac
994 1679 1219 1748 proinde
1253 1681 1451 1733 terreni
1500 1688 1555 1734 et
1590 1680 1836 1735 carnales
1865 1681 2181 1750 deprehensi

609 1770 836 1835 fuerint,
872 1772 1236 1839 corruptionis
1277 1773 1600 1841 supplicium
1636 1773 2019 1826 comminatur.
2054 1774 2183 1839 Quae

611 1871 791 1914 autem
824 1860 893 1914 sit
933 1870 1077 1914 terra
1115 1862 1302 1931 Ingens
1346 1840 1404 1916 ct
1435 1862 1555 1931 quis
1596 1864 1746 1917 orbis
1777 1872 2083 1933 corruptus,
2127 1866 2177 1918 in
2212 1840 2255 1899 Β

610 1951 961 2019 sequentibus
989 1952 1258 2013 declarat,
1315 1970 1331 2001 ι
1368 1950 1643 2005 Luxerunl
1671 1951 1870 2006 excelsi
1920 1962 2115 2007 terrae:
2158 1974 2176 2006 ι

612 2038 710 2097 hos
744 2045 941 2111 quippe
976 2044 1207 2095 maxime
1239 2042 1316 2095 ira
1360 2043 1451 2096 Dei
1486 2043 1720 2105 invadet,
1754 2044 2006 2111 quoniam
2036 2063 2055 2096 ι
2092 2061 2183 2099 su-

610 2137 791 2205 perbis
829 2136 1052 2199 resistit,
1109 2133 1403 2188 humilibus
1442 2146 1622 2189 autem
1662 2136 1755 2188 dat
1810 2137 2039 2203 gratiam
2073 2139 2176 2190 “.i

675 2312 842 2369 Vens.
874 2312 928 2367 5.
964 2330 982 2364 ι
1020 2312 1189 2366 Terra
1230 2313 1340 2382 egit
1374 2313 1537 2380 impie
1576 2325 1798 2384 propter
1844 2315 2181 2372 habitatores

606 2421 771 2460 suos:
810 2405 934 2473 quia
965 2406 1303 2474 praevaricnti
1334 2415 1459 2459 sunt
1490 2404 1657 2473 legem
1708 2407 1943 2473 Domini,
1974 2419 2027 2462 et
2068 2409 2181 2463 dis-

609 2504 926 2564 SIpaverunt
976 2504 1031 2548 et
1070 2504 1413 2548 mutaverunt
1459 2506 1748 2566 praecepta,
1794 2507 2175 2551 testamentum

605 2598 893 2644 aternum.
942 2606 961 2639 ι
1002 2591 1200 2641 Omnes
1254 2589 1455 2657 quippe
1511 2588 1752 2641 homines
1785 2588 1871 2654 qui
1925 2600 1952 2638 a
1984 2587 2178 2643 smculo

607 2680 795 2733 orbem
827 2679 1188 2742 incoluerunt,
1224 2679 1393 2733 Graeci
1448 2680 1604 2732 simul
1644 2689 1697 2732 et
1748 2679 1986 2743 barbari,
2021 2689 2181 2733 natu-

604 2769 703 2823 rali
738 2780 957 2838 accepta
997 2769 1132 2837 lege,
1153 2776 1206 2823 et
1230 2779 1491 2837 praecepta
1524 2768 1615 2823 Dei
1648 2769 1698 2821 in
1740 2768 2028 2823 animabus
2066 2769 2179 2824 suis

606 2860 873 2928 insculpta
906 2862 1187 2926 habentes,
1215 2871 1373 2929 atque
1409 2870 1788 2915 testamentum
1826 2880 1853 2913 a
1895 2862 2093 2915 saeculo
2125 2862 2176 2915 in

603 2950 873 3004 communi
942 2951 1208 3017 cogitandi
1274 2954 1430 3005 modo
1482 2955 1905 3019 complectentes
1940 2970 1952 3005 :
1990 2961 2175 3016 postea

606 3039 698 3093 ubi
732 3055 791 3094 se
820 3043 1059 3107 peccatis
1076 3050 1263 3095 contra
1291 3054 1533 3093 naturain
1560 3040 1901 3103 dediderunt,
1922 3043 2179 3097 naturalis

604 3130 741 3201 legis
774 3142 1197 3198 transgressores
1227 3130 1401 3184 etl‘ceti
1441 3140 1588 3185 sunt.
1659 3132 2017 3198 Quamobrem
2053 3136 2174 3201 jure

606 3225 671 3275 ad
713 3221 942 3274 tribunal
970 3221 1058 3274 Dei
1093 3223 1373 3288 sistentur,
1406 3223 1459 3277 in
1492 3224 1695 3291 judicio
1726 3227 2173 3295 transgressionis

605 3327 717 3368 sua:
750 3314 1010 3366 rationem
1045 3314 1247 3366 daturi.

674 3488 836 3544 Vens.
879 3490 1033 3545 6-10.
1093 3510 1110 3543 ι
1171 3492 1397 3562 Propter
1435 3496 1537 3551 hoc
1593 3498 1901 3555 maledictio
1958 3504 2172 3559 vorabit

558 3589 822 3645 iterram,
880 3584 1134 3650 quoniam
1183 3598 1541 3653 peccaverunt
1597 3591 1689 3657 qui
1758 3592 1996 3647 incolunt
2028 3610 2169 3649 eam.

602 3671 723 3725 Ideo
756 3689 1015 3741 pauperes
1066 3687 1223 3730 erunt
1282 3678 1615 3736 habitatores
1680 3691 1859 3746 terrae,
1915 3696 1968 3738 et
2008 3686 2173 3739 relin-

599 3772 833 3830 quentur
862 3765 1103 3819 homines
1131 3769 1309 3835 pauci.
1340 3769 1569 3839 Lugebit
1604 3773 1812 3831 vinum.
1855 3775 2056 3845 lugebit
2097 3780 2174 3830 vi—

604 3867 742 3905 nea:
777 3852 1128 3922 ingemiscent
1176 3872 1367 3913 omnes
1429 3860 1519 3929 qui
1592 3860 1912 3919 laetabantur
1967 3870 2170 3921 animo.

599 3941 847 3999 Cessavit
886 3948 1139 4014 gaudium
1201 3958 1602 4020 tympanorum,
1669 3960 1901 4014 cessavit
1940 3976 2043 4016 vox
2093 3965 2171 4016 ci-

606 4038 790 4089 tharae.
842 4038 1205 4105 Erubuerunt,
1260 4058 1362 4097 non
1414 4046 1668 4101 biberunt
1712 4052 1892 4103 vinum
1930 4070 1942 4104 :
1984 4068 2169 4107 amara

608 4128 747 4179 facta
786 4138 869 4181 est
913 4130 1081 4183 sicera
1120 4132 1425 4189 bibentibus
1458 4154 1470 4187 :
1506 4138 1745 4193 desolata
1770 4152 1853 4197 cst
1879 4146 2056 4197 omnis
2098 4148 2175 4199 ci-

603 4220 773 4283 vitas;
808 4220 1021 4274 claudet
1050 4224 1263 4281 domum
1293 4240 1359 4278 ne
1384 4236 1562 4295 pateat
1594 4230 1889 4297 ingressus.
1924 4253 1941 4284 ι
1969 4235 2167 4300 Quem-

601 4310 894 4363 admodum
969 4312 1021 4363 in
1089 4315 1353 4381 principio
1395 4317 1720 4383 creationis,
1788 4325 2020 4378 nondum
2079 4343 2172 4379 cx-

601 4400 823 4454 sistente
873 4412 1118 4467 peccato,
1185 4404 1459 4459 benedixit
1504 4406 1642 4460 Deus
1677 4410 1974 4475 hominem,
2006 4415 2084 4467 sic
2118 4425 2171 4468 et

602 4583 656 4635 in
713 4585 965 4652 praesenti
1011 4586 1118 4638 vita
1172 4599 1455 4643 versantes
1528 4592 1883 4661 ingemituros
1921 4599 2016 4661 ait,
2072 4602 2163 4655 sed

602 4683 808 4727 tantum
832 4690 947 4739 eos,
972 4678 1059 4745 qni
1089 4679 1138 4731 in
1174 4678 1279 4732 lata
1319 4692 1373 4735 et
1401 4686 1633 4753 spatiosa
1679 4688 1762 4739 via
1806 4689 2163 4755 incesserunt,

598 4766 692 4832 qui
726 4770 1123 4835 compotatione
1156 4779 1211 4824 et
1250 4771 1375 4826 luxu
1408 4790 1507 4829 sua
1546 4780 1727 4831 omnia
1754 4780 2119 4849 dilapidarnnt
2150 4807 2163 4841 :

596 4860 691 4927 qui
732 4876 837 4914 non
865 4861 1006 4915 ultra
1051 4862 1416 4932 voluptatibus
1458 4868 1753 4936 fruuntur,
1810 4876 1904 4929 sed
1948 4877 2013 4933 de
2050 4888 2165 4931 tur-

598 4950 755 5016 pibus
795 4964 856 5003 ac
890 4950 1115 5006 nefariis
1149 4956 1315 5022 gestis
1352 4958 1467 5012 suis
1505 4962 1760 5027 convicti,
1816 4966 2019 5034 pudore
2049 4970 2166 5022 suf-

598 5036 915 5092 fnnduntur.
952 5041 1274 5112 Plerumque
1308 5057 1485 5102 autem
1512 5049 1819 5123 Theologus
1837 5057 2019 5109 vinum
2051 5075 2162 5111 me-

599 5142 835 5191 morans,
894 5130 1173 5186 hominum
1214 5136 1539 5205 voluptatem
1604 5142 1988 5213 subindicavit,
2052 5151 2165 5203 sive

599 5223 897 5275 mercedem
926 5223 1161 5289 maliti:e,
1195 5237 1355 5295 atque
1386 5231 1579 5286 anima:
1617 5245 1915 5301 veternum,
1943 5240 2035 5307 qui
2068 5256 2163 5294 co-

595 5314 911 5379 gitationum
946 5327 1214 5370 rectarum
1258 5328 1311 5372 et
1356 5325 1680 5379 naturalium
1714 5330 1977 5383 rationem
2006 5347 2162 5386 ever-

600 5404 679 5459 tit.
710 5403 821 5469 Qna
858 5407 1117 5463 ebrietate
1169 5412 1320 5479 quasi
1373 5414 1690 5482 cvigilantes
1720 5421 1813 5488 qui
1872 5432 1996 5477 tunc
2034 5440 2161 5491 sup-

598 5492 756 5556 plicio
808 5494 1144 5563 aﬂicientur,
1217 5515 1377 5555 voces
1448 5513 1502 5555 et
1573 5505 1835 5564 clamores
1904 5510 2156 5581 lugubres

596 5580 879 5638 cﬁ'nudcnt.

668 5760 821 5816 "Job
851 5765 1031 5832 tu,l9.
1095 5769 1130 5797 ”
1155 5768 1287 5822 Gen.
1324 5788 1402 5836 Ill,
1440 5774 1516 5828 l9.
1599 5777 1639 5806 "
1670 5775 1946 5845 Jacobnv,
1972 5782 2023 5833 6.

2291 585 2383 639 Διὸ
2428 585 2646 656 εἴρηται
2889 582 2969 653 τῷ
3028 582 3181 636 Ἰὼϐ·
3236 601 3256 634 ι
3303 580 3517 653 Μικρὸς
3562 580 3659 633 καὶ
3704 579 3883 651 μέγας

2291 678 2409 729 ἐκεῖ
2458 677 2593 740 ἐστι,
2662 677 2757 729 καὶ
2804 674 3060 746 θεράπων
3110 673 3171 727 οὐ
3233 671 3484 736 δεδοικὼς
3540 671 3635 725 τὸν
3681 670 3881 744 κύριον

2290 764 2478 821 αὑτοῦ.
2522 786 2541 818 ι

2366 878 2385 911 ι
2435 860 2616 932 Φθορᾷ
2664 858 3001 931 φθαρήσεται
3040 859 3075 929 ή
3107 858 3201 930 γῆ,
3249 860 3344 911 καὶ
3385 857 3633 930 προνομῇ
3670 869 3874 927 προνο-

2293 949 2619 1021 μευθήσεται
2660 950 2695 1021 ὴ
2736 951 2831 1021 γῆ·
2879 950 2941 1003 τὸ
2986 948 3095 1021 γὰρ
3152 948 3328 1020 στόμα
3379 948 3587 1021 Κυρίου
3641 946 3877 1018 ἐλάλησε

2289 1042 2479 1095 ταῦτα.
2530 1041 2855 1112 Ἑπένθησεν
2899 1044 2931 1113 ἡ
2971 1042 3043 1113 γῆ
3083 1041 3176 1095 καὶ
3215 1040 3427 1113 ἐφθάρη
3476 1043 3511 1112 ἡ
3544 1040 3874 1111 οἰκουμένη·

2289 1131 2594 1203 ἐπένθησαν
2614 1135 2663 1186 οἱ
2692 1133 2885 1203 ὑψηλοὶ
2914 1134 3015 1203 τῆς
3046 1132 3168 1203 γῆς.
3213 1151 3231 1183 ι
3272 1133 3458 1203 Φωνῆς
3489 1134 3598 1203 γὰρ
3625 1133 3877 1201 ἀποφαν-

2286 1226 2447 1295 τικῆς
2474 1224 2609 1278 Θεοῦ
2630 1224 2719 1279 διὰ
2748 1226 2843 1279 τοῦ
2890 1226 3166 1297 προφήτου
3213 1224 3657 1296 προενεχθείσης,
3698 1222 3874 1276 ταῦτα

2288 1315 2439 1368 ἔσται
2463 1318 2575 1379 τοῖς
2605 1314 2704 1386 τὴν
2743 1316 2961 1386 χείρονα
3002 1312 3154 1385 λῆξιν
3184 1312 3491 1385 εἰληχόσιν·
3535 1311 3631 1375 οὓς
3671 1311 3761 1364 διὰ
3809 1311 3876 1365 τὸ

2286 1407 2487 1476 γεῶδες
2532 1408 2785 1477 φρόνημα
2844 1408 2947 1477 γῆν
2997 1405 3274 1477 ὀνομάζει.
3327 1407 3539 1477 Ὠσπερ
3584 1403 3693 1477 γάρ
3738 1420 3873 1460 ποτε

2286 1494 2477 1567 ἐλέχθη
2502 1497 2580 1567 τῷ
2616 1497 2806 1569 Ἀδάμ,
2845 1517 2863 1549 ι
2905 1497 2983 1567 Γῆ
3017 1493 3087 1561 εἴ,
3127 1497 3220 1550 καὶ
3251 1497 3332 1560 είς
3358 1497 3463 1566 γῆν
3500 1494 3801 1569 ἀπελεύσῃ,
3845 1515 3866 1549 ι

2284 1586 2427 1640 οὕτω
2453 1589 2671 1652 καὶτοῖς
2693 1589 2834 1643 κατὰ
2862 1590 2954 1642 τὸν
2975 1590 3165 1661 καιρὸν
3197 1587 3297 1657 τῆς
3327 1587 3421 1640 τοῦ
3451 1587 3587 1641 Θεοῦ
3633 1588 3872 1659 κρίσεως

2284 1680 2587 1751 φιληδόνοις
2633 1684 2727 1735 καὶ
2776 1681 3136 1752 φιλοσώμασι,
3185 1682 3278 1735 καὶ
3323 1681 3411 1735 διὰ
3449 1680 3607 1734 τοῦτο
3658 1682 3870 1751 γηῖνοις

2284 1776 2378 1827 καὶ
2405 1776 2679 1844 σαρκίνοις
2706 1774 3157 1846 εὑρεθησομένοις
3184 1777 3217 1844 ὴ
3242 1773 3540 1845 διαφθορᾶς
3571 1774 3870 1845 ὴπείληται

2282 1867 2534 1936 τιμωρία.
2573 1867 2668 1929 Τίς
2701 1866 2756 1918 δέ
2783 1868 2929 1918 ἐστιν
2969 1869 3001 1936 ὴ
3039 1864 3309 1919 πενθοῦσα
3350 1865 3422 1935 γῆ
3456 1864 3551 1917 καὶ
3596 1864 3870 1935 φθαρεῖσα

2282 1958 2593 2028 οἰκουμένη,
2648 1959 2902 2027 διασαφεῖ
2954 1959 3266 2029 ἐπιφέρων*
3343 1978 3361 2009 ι
3437 1957 3775 2028 Ἐπένθησαν
3815 1958 3869 2011 οῖ

2283 2050 2474 2120 ὑψηλοὶ
2506 2052 2604 2121 τῆς
2652 2053 2787 2121 γῆς·
2834 2071 2853 2103 ι
2902 2051 3135 2121 μάλιστα
3201 2052 3311 2123 γὰρ
3380 2050 3603 2113 τούτους
3645 2053 3678 2121 ἡ
3724 2051 3866 2121 ὀργὴ

2280 2143 2374 2195 τοῦ
2399 2143 2533 2196 Θεοῦ
2556 2143 2960 2213 μετελεύσεται,
2992 2144 3115 2195 ἐπεὶ
3152 2163 3169 2193 ι
3211 2142 3581 2214 ὑπερηφάνοις
3609 2142 3870 2197 ἀντιτάσ-

2283 2253 2452 2301 σεται,
2481 2238 2752 2300 ταπεινοῖς
2774 2237 2830 2289 δὲ
2850 2237 3031 2289 δίδωσι
3066 2236 3245 2307 χάριν.
3278 2255 3297 2287 ι

2355 2346 2373 2379 ι
2413 2329 2474 2380 Ἦ
2492 2329 2562 2398 γῆ
2588 2329 2830 2397 ἠνόμησε
2853 2328 2939 2382 διὰ
2959 2331 3086 2393 τοὺς
3115 2327 3504 2389 κατοικοῦντας
3520 2328 3708 2397 αὐτήν·
3725 2328 3867 2381 διότι

2281 2423 2599 2491 παρέϐησαν
2636 2422 2726 2473 τὸν
2761 2422 2923 2490 νόμον
2970 2422 3175 2491 Κυρίου
3223 2422 3315 2474 καὶ
3360 2421 3734 2483 διεσκέδασαν,
3767 2418 3867 2491 ἧλ-

2279 2507 2443 2569 λαξαν
2470 2507 2535 2559 τὰ
2566 2508 2978 2577 προστάγματα,
3011 2508 3277 2577 διαθήκην
3314 2508 3552 2561 αἰώνιον.
3594 2528 3613 2560 ι
3650 2509 3864 2571 Πάντες

2280 2597 2386 2666 γάρ
2421 2597 2692 2665 ἄνθρωποι
2726 2598 2774 2649 oi
2808 2596 2867 2660 ὲξ
2894 2597 3089 2661 αἰῶνος
3119 2600 3217 2668 τὴν
3244 2600 3567 2669 οἰκουμένην
3600 2601 3863 2670 οἰκήσαν-

2278 2702 2387 2747 τες,
2413 2686 2671 2755 Ἕλληνες
2698 2687 2832 2757 ὁμοῦ
2864 2688 2957 2739 καὶ
2986 2688 3269 2757 βάρϐαροι,
3305 2690 3395 2740 τὸν
3426 2690 3653 2757 φυσικὸν
3686 2691 3858 2761 νόμον

2280 2778 2677 2847 παρειληφότες
2716 2780 2808 2830 καὶ
2838 2782 2905 2831 τὰ
2947 2780 3343 2849 προστάγματα
3389 2782 3482 2833 τοῦ
3538 2781 3672 2834 Θεοῦ
3733 2784 3862 2845 ταῖς

2280 2870 2487 2921 ἑαυτῶν
2513 2870 2709 2938 ψυχαῖς
2744 2869 2954 2939 ἔχοντες
2991 2871 3438 2941 ἐγγεγραμμένα,
3489 2872 3589 2942 τήν
3634 2889 3692 2924 τε
3735 2871 3859 2925 διο.-

2279 2961 2449 3030 θήκην
2471 2961 2566 3031 τὴν
2589 2960 2647 3025 ἐξ
2671 2961 2861 3024 αἰῶνος
2886 2963 2942 3013 ὲν
2971 2964 3088 3023 ταῖς
3132 2966 3340 3026 κοιναῖς
3372 2964 3604 3027 ἐννοίαις
3653 2965 3855 3018 ὑποδε-

2277 3052 2545 3121 δεγμένοι,
2575 3052 2805 3105 κᾶπειτα
2832 3053 3053 3114 ἑαυτοὺς
3080 3056 3191 3116 τοῖς
3222 3054 3373 3138 παρά
3410 3055 3569 3123 φύσιν
3604 3058 3860 3129 ἁμαρτή-

2280 3160 2409 3213 μασι
2441 3143 2814 3206 ὲκδεδωκότες,
2848 3142 3158 3212 παραὸάται
3188 3143 3283 3195 τοῦ
3318 3145 3551 3215 φυσικοῦ
3595 3149 3858 3216 γεγόνασι

2274 3236 2457 3304 νόμου.
2502 3236 2591 3286 Διὸ
2632 3236 2694 3304 δὴ
2736 3236 2973 3301 εὐλόγως
3015 3236 3459 3303 παραστήσονται
3503 3238 3580 3307 τῷ
3615 3238 3745 3308 θείῳ
3779 3241 3862 3292 δι-

2273 3328 2574 3397 καστηρίῳ,
2627 3327 3013 3397 κριθησόμενοι
3064 3327 3139 3389 ὡς
3196 3326 3353 3395 λόγον
3412 3328 3701 3397 ὑφέξοντες
3756 3332 3859 3401 τῆς

2272 3416 2480 3469 ἑαυτῶν
2516 3416 2895 3488 παραϐάσεως.

2348 3529 2363 3558 ι
2404 3508 2501 3560 Διὰ
2530 3509 2683 3561 τοῦτο
2710 3509 2816 3579 ἀρὰ
2842 3508 3014 3561 ἔδεται
3044 3510 3141 3578 τὴν
3170 3509 3293 3577 γῆν,
3330 3508 3411 3561 ὅτι
3449 3508 3774 3579 ἡμάρτοσαν
3808 3513 3857 3563 οἱ

2273 3600 2649 3661 κατοικοῦντες
2702 3602 2886 3671 αὐτήν.
2932 3602 3031 3653 Διὰ
3072 3600 3232 3653 τοῦτο
3278 3601 3483 3669 πτωχοὶ
3533 3601 3749 3654 ἔσονται
3805 3604 3857 3655 οἱ

2272 3691 2603 3754 ἐνοικοῦντες
2627 3696 2682 3745 ὲν
2707 3695 2772 3762 τῇ
2804 3696 2894 3762 γῇ,
2938 3694 3031 3745 καὶ
3065 3691 3588 3763 καταλειφθήσονται
3638 3693 3858 3765 ἄνθρω-

2274 3801 2362 3835 ποι
2388 3784 2574 3851 ὀλίγοι.
2611 3784 2871 3853 Πενθήσει
2905 3780 3064 3849 οἶνος,
3111 3784 3369 3853 πενθήσει
3417 3784 3683 3855 ἄμπελος,
3731 3803 3858 3839 στε-

2273 3876 2488 3938 νάξουσι
2519 3875 2715 3937 πάντες
2744 3876 2793 3926 οἱ
2827 3876 3235 3945 εὐφραινόμενοι
3260 3877 3361 3945 τὴν
3388 3876 3587 3947 ψυχήν.
3628 3878 3857 3931 Πέπαυ-

2272 3984 2358 4018 ται
2390 3966 2692 4037 εὐφροσύνη
2726 3968 3040 4036 τυμπάνων,
3078 3968 3351 4020 πέπαυται
3395 3970 3545 4040 φωνὴ
3594 3969 3853 4040 κιθάρας.

2285 4058 2677 4129 ’ῌσχύνθησαν,
2726 4060 2826 4111 οὐκ
2863 4060 3043 4112 ἔπινον
3083 4058 3253 4111 οἶνον·
3292 4061 3491 4132 πικρὸν
3534 4062 3747 4128 ἐγίνετο
3792 4061 3857 4114 τὸ

2274 4149 2465 4217 σίκερα
2502 4151 2612 4211 τοῖς
2642 4150 2913 4202 πίνουσιν·
2948 4149 3216 4221 ἠρημώθη
3250 4153 3401 4205 πάσα
3425 4152 3607 4214 πόλις·
3641 4153 3854 4207 κλείσει

2270 4241 2445 4292 οἰκίαν
2492 4241 2585 4292 τοῦ
2640 4242 2712 4310 μὴ
2744 4242 3023 4293 εἰσελθεῖν.
3065 4258 3082 4291 ι
3119 4242 3330 4313 ’Ὠσπερ
3371 4244 3426 4295 δὲ
3463 4246 3520 4295 ὲν
3564 4244 3706 4315 ἀρχῇ
3750 4247 3856 4316 τῆς

2269 4334 2643 4401 κοσμοποιίας,
2678 4334 2841 4401 μήπω
2876 4333 3149 4403 ἁμαρτίας
3174 4334 3508 4405 ὑποστάσης,
3542 4335 3854 4407 ηὺλόγησεν

2270 4426 2296 4476 ὁ
2323 4423 2454 4485 Θεὸς
2481 4424 2570 4475 τὸν
2602 4424 2906 4494 ἄνθρωπον,
2944 4426 3116 4488 οὕτως
3148 4428 3241 4479 ὲπ¹ι
3268 4427 3545 4497 συντελείᾳ
3583 4428 3691 4479 τῶν
3717 4428 3855 4482 αἰώ-

600 4494 654 4543 in
696 4494 1158 4546 consummatione
1196 4495 1537 4549 swculornm.
1590 4497 1775 4568 Neque
1805 4504 1946 4555 enim
1979 4521 2166 4560 omnes

2277 4534 2391 4568 νων.
2437 4516 2569 4567 Οὐδὲ
2611 4516 2718 4586 γὰρ
2757 4517 2962 4580 πάντας
3004 4517 3277 4582 στενάξειν
3318 4521 3452 4587 φησὶ
3492 4494 3617 4583 τοὺς
3662 4522 3718 4571 ὲν
3769 4523 3851 4591 τῷ

2274 4609 2497 4678 παρόντι
2536 4608 2653 4678 βίῳ,
2681 4609 2793 4660 ἀλλ’
2818 4609 2850 4678 ἢ
2883 4612 3007 4672 τοὺς
3034 4610 3131 4679 τὴν
3157 4610 3415 4663 πλατεῖαν
3458 4614 3550 4664 καὶ
3599 4613 3849 4683 εὐρύχω-

2275 4716 2364 4769 ρον
2389 4700 2709 4763 ὡδευκότας,
2744 4702 3107 4769 οἰνοφλυγίαις
3135 4702 3227 4755 καλ⁵
3248 4702 3506 4766 ἀσωτίαις
3532 4705 3600 4757 τὰ
3633 4706 3852 4759 ἑαυτῶν

2269 4793 2740 4861 κατατρίψαντας·
2802 4796 2850 4845 οἱ
2901 4795 2993 4845 καὶ
3047 4794 3239 4864 μηκέτι
3306 4794 3521 4864 ἔχοντες
3568 4797 3666 4868 τὴν
3736 4800 3851 4853 τῶν

2266 4884 2465 4952 ἡδονῶν
2513 4885 2838 4936 ἀπόλαυσιν·
2900 4883 3034 4936 ἀλλὰ
3074 4886 3167 4937 καὶ
3228 4885 3572 4955 ἐλεγχόμενοι
3623 4890 3707 4956 ἐφ’
3756 4885 3853 4954 αἷς

2264 4974 2503 5044 ἔπραξαν
2534 4977 2783 5045 αἰσχραῖς
2822 4978 2913 5028 καὶ
2940 4977 3219 5045 ἀθεμίτοις
3257 4977 3539 5055 πράξεσιν,
3581 4981 3853 5052 αἰσχύνην

2272 5068 2683 5136 καταχεοῦνται.
2718 5067 2982 5129 Πολλάκις
3015 5068 3070 5121 δὲ
3107 5071 3134 5120 ὁ
3162 5069 3421 5137 Θεολόγος
3458 5071 3601 5122 οἴνου
3631 5090 3850 5142 μνημο-

2270 5158 2480 5221 νεύσας,
2500 5157 2594 5228 τὴν
2620 5158 2726 5209 τῶν
2753 5158 3050 5227 ἀνθρώπων
3088 5161 3295 5230 τρυφὴν
3324 5160 3557 5231 ᾐνίξατο,
3588 5163 3619 5232 ἢ
3658 5164 3717 5215 τὸ
3750 5168 3849 5236 τῆς

2268 5248 2465 5310 κακίας
2490 5247 2745 5317 μίσθωμα
2779 5250 2870 5301 καὶ
2902 5263 2991 5302 τον
3020 5250 3118 5319 τῆς
3147 5249 3323 5320 ψυχῆς
3351 5252 3537 5321 κάρον,
3564 5259 3851 5325 παρατρέ-

2268 5356 2435 5393 ποντα
2466 5342 2563 5410 τὴν
2593 5342 2829 5394 διάνοιαν
2874 5342 2981 5395 τῶν
3023 5342 3198 5414 ὀρθῶν
3233 5344 3326 5396 καὶ
3374 5345 3516 5397 κατὰ
3554 5345 3718 5414 φύσιν
3755 5348 3849 5400 λο-

2267 5432 2505 5501 γισμῶνο
2540 5429 2600 5487 οῦ
2643 5434 2987 5505 μεθύσματος
3027 5438 3215 5507 ὥσπερ
3260 5436 3614 5507 διανήῲαντες
3636 5440 3686 5491 oi
3724 5442 3848 5494 τότε

2266 5522 2651 5593 κολαζόμενοι,
2734 5526 2916 5591 φωνὰς
2992 5527 3267 5597 ἀφήσουσι
3350 5528 3443 5580 καὶ
3521 5527 3651 5596 βοὰς

2265 5611 2439 5675 θικάς.

3726 5547 3852 5583 τῖεν-
