  <div class='ocr_page' id='page_1' title='image "/cluster/home/n/w/nwhite01/storage/ocr_20150623/24/ien.35556001660497/142.png"; bbox 0 0 4042 6414; ppageno 0'>
   <div class='ocr_carea' id='block_1_1' title="bbox 185 398 281 456">
    <p class='ocr_par' dir='ltr' id='par_1_1' title="bbox 185 398 281 456">
     <span class='ocr_line' id='line_1_1' title="bbox 185 398 281 456; baseline -0.052 1"><span class='ocrx_word' id='word_1_1' title='bbox 185 398 281 456; x_wconf 65' lang='lat' dir='ltr'><strong>liii</strong></span> 
     </span>
    </p>
   </div>
   <div class='ocr_carea' id='block_1_2' title="bbox 1108 343 2556 457">
    <p class='ocr_par' dir='ltr' id='par_1_2' title="bbox 1108 343 2556 457">
     <span class='ocr_line' id='line_1_2' title="bbox 1108 343 2556 457; baseline -0.01 -8"><span class='ocrx_word' id='word_1_2' title='bbox 1108 387 1614 457; x_wconf 66' lang='lat' dir='ltr'><strong>conusnnms</strong></span> <span class='ocrx_word' id='word_1_3' title='bbox 1658 383 1726 439; x_wconf 84' lang='lat' dir='ltr'><strong>IN</strong></span> <span class='ocrx_word' id='word_1_4' title='bbox 1763 343 2023 438; x_wconf 71' lang='grc' dir='ltr'>ιεΑιΑιι.</span> <span class='ocrx_word' id='word_1_5' title='bbox 2064 410 2135 422; x_wconf 90' lang='grc'><strong><em>-</em></strong></span> <span class='ocrx_word' id='word_1_6' title='bbox 2159 378 2326 437; x_wconf 80' lang='lat' dir='ltr'><strong>CAP.</strong></span> <span class='ocrx_word' id='word_1_7' title='bbox 2363 377 2556 436; x_wconf 80' lang='lat' dir='ltr'><strong>xxw.</strong></span> 
     </span>
    </p>
   </div>
   <div class='ocr_carea' id='block_1_3' title="bbox 3375 379 3489 438">
    <p class='ocr_par' dir='ltr' id='par_1_3' title="bbox 3375 379 3489 438">
     <span class='ocr_line' id='line_1_3' title="bbox 3375 379 3489 438; baseline 0 0"><span class='ocrx_word' id='word_1_8' title='bbox 3375 379 3489 438; x_wconf 68' lang='lat'><strong>262</strong></span> 
     </span>
    </p>
   </div>
   <div class='ocr_carea' id='block_1_4' title="bbox 258 493 1781 583">
    <p class='ocr_par' dir='ltr' id='par_1_4' title="bbox 258 507 1774 583">
     <span class='ocr_line' id='line_1_4' title="bbox 258 507 1774 583; baseline -0.006 -18"><span class='ocrx_word' id='word_1_9' title='bbox 258 533 279 565; x_wconf 74' lang='grc' dir='ltr'><strong>ι</strong></span> <span class='ocrx_word' id='word_1_10' title='bbox 337 512 648 578; x_wconf 75' lang='grc' dir='ltr'>Ὀλολύζετε</span> <span class='ocrx_word' id='word_1_11' title='bbox 676 510 807 583; x_wconf 69' lang='grc' dir='ltr'>περὶ</span> <span class='ocrx_word' id='word_1_12' title='bbox 836 508 929 563; x_wconf 88' lang='grc' dir='ltr'><strong>τοῦ</strong></span> <span class='ocrx_word' id='word_1_13' title='bbox 960 509 1111 564; x_wconf 79' lang='grc' dir='ltr'>οἴνου</span> <span class='ocrx_word' id='word_1_14' title='bbox 1149 509 1398 580; x_wconf 85' lang='grc' dir='ltr'>πανταχῆ</span> <span class='ocrx_word' id='word_1_15' title='bbox 1428 524 1441 537; x_wconf 92' lang='grc'><strong>·</strong></span> <span class='ocrx_word' id='word_1_16' title='bbox 1495 507 1774 560; x_wconf 79' lang='grc' dir='ltr'><strong>πέπαυται</strong></span> 
     </span>
    </p>
   </div>
   <div class='ocr_carea' id='block_1_5' title="bbox 1886 493 3486 583">
    <p class='ocr_par' dir='ltr' id='par_1_5' title="bbox 1954 493 3486 567">
     <span class='ocr_line' id='line_1_5' title="bbox 1954 493 3486 567; baseline 0.001 -15"><span class='ocrx_word' id='word_1_17' title='bbox 1954 496 2121 552; x_wconf 75' lang='lat' dir='ltr'><strong>Vens.</strong></span> <span class='ocrx_word' id='word_1_18' title='bbox 2156 496 2338 552; x_wconf 69' lang='lat' dir='ltr'><strong>H43.</strong></span> <span class='ocrx_word' id='word_1_19' title='bbox 2369 512 2406 547; x_wconf 70' lang='grc' dir='ltr'>ιδ</span> <span class='ocrx_word' id='word_1_20' title='bbox 2426 494 2636 550; x_wconf 84' lang='lat' dir='ltr'><strong>Ululate</strong></span> <span class='ocrx_word' id='word_1_21' title='bbox 2665 507 2764 565; x_wconf 89' lang='lat' dir='ltr'><strong>pro</strong></span> <span class='ocrx_word' id='word_1_22' title='bbox 2791 494 2920 550; x_wconf 85' lang='lat' dir='ltr'><strong>vino</strong></span> <span class='ocrx_word' id='word_1_23' title='bbox 2948 493 3153 567; x_wconf 89' lang='lat' dir='ltr'><strong>ubique</strong></span> <span class='ocrx_word' id='word_1_24' title='bbox 3194 509 3209 546; x_wconf 93' lang='lat'><strong>:</strong></span> <span class='ocrx_word' id='word_1_25' title='bbox 3243 498 3486 553; x_wconf 78' lang='lat' dir='ltr'><strong>cessavit</strong></span> 
     </span>
    </p>
   </div>
   <div class='ocr_carea' id='block_1_6' title="bbox 184 601 1782 678">
    <p class='ocr_par' dir='ltr' id='par_1_6' title="bbox 184 601 1782 678">
     <span class='ocr_line' id='line_1_6' title="bbox 184 601 1782 678; baseline -0.006 -17"><span class='ocrx_word' id='word_1_26' title='bbox 184 610 338 664; x_wconf 81' lang='grc' dir='ltr'>πᾶσα</span> <span class='ocrx_word' id='word_1_27' title='bbox 357 607 690 678; x_wconf 86' lang='grc' dir='ltr'>εὐφροσύνη,</span> <span class='ocrx_word' id='word_1_28' title='bbox 733 602 944 676; x_wconf 82' lang='grc' dir='ltr'>ἀπῆλθε</span> <span class='ocrx_word' id='word_1_29' title='bbox 985 605 1138 658; x_wconf 78' lang='grc' dir='ltr'>πᾶσα</span> <span class='ocrx_word' id='word_1_30' title='bbox 1175 602 1486 674; x_wconf 84' lang='grc' dir='ltr'>εὐφροσύνη</span> <span class='ocrx_word' id='word_1_31' title='bbox 1528 603 1630 672; x_wconf 79' lang='grc' dir='ltr'>τῆς</span> <span class='ocrx_word' id='word_1_32' title='bbox 1657 601 1782 670; x_wconf 79' lang='grc' dir='ltr'>γῆς.</span> 
     </span>
    </p>
   </div>
   <div class='ocr_carea' id='block_1_7' title="bbox 181 685 1788 766">
    <p class='ocr_par' dir='ltr' id='par_1_7' title="bbox 181 685 1788 766">
     <span class='ocr_line' id='line_1_7' title="bbox 181 685 1788 766; baseline -0.005 -16"><span class='ocrx_word' id='word_1_33' title='bbox 181 697 287 750; x_wconf 69' lang='grc' dir='ltr'>Καὶ</span> <span class='ocrx_word' id='word_1_34' title='bbox 323 695 847 766; x_wconf 70' lang='grc' dir='ltr'>καταλειφθήσονται</span> <span class='ocrx_word' id='word_1_35' title='bbox 876 691 1065 756; x_wconf 78' lang='grc' dir='ltr'>πόλεις</span> <span class='ocrx_word' id='word_1_36' title='bbox 1093 691 1315 764; x_wconf 73' lang='grc' dir='ltr'>ἔρημοι,</span> <span class='ocrx_word' id='word_1_37' title='bbox 1343 691 1441 745; x_wconf 79' lang='grc' dir='ltr'>καὶ</span> <span class='ocrx_word' id='word_1_38' title='bbox 1463 685 1604 744; x_wconf 79' lang='grc' dir='ltr'>οἴκοι</span> <span class='ocrx_word' id='word_1_39' title='bbox 1627 691 1788 758; x_wconf 83' lang='grc' dir='ltr'>ἐγκα-</span> 
     </span>
    </p>
   </div>
   <div class='ocr_carea' id='block_1_8' title="bbox 179 782 1783 860">
    <p class='ocr_par' dir='ltr' id='par_1_8' title="bbox 179 782 1783 860">
     <span class='ocr_line' id='line_1_8' title="bbox 179 782 1783 860; baseline -0.004 -19"><span class='ocrx_word' id='word_1_40' title='bbox 179 789 599 860; x_wconf 69' lang='grc' dir='ltr'>ταλελειμμένα.</span> <span class='ocrx_word' id='word_1_41' title='bbox 630 785 983 842; x_wconf 86' lang='grc' dir='ltr'>ἀπολοῦνται.</span> <span class='ocrx_word' id='word_1_42' title='bbox 1021 783 1209 841; x_wconf 88' lang='grc' dir='ltr'>Ταῦτα</span> <span class='ocrx_word' id='word_1_43' title='bbox 1236 783 1416 837; x_wconf 86' lang='grc' dir='ltr'>πάντα</span> <span class='ocrx_word' id='word_1_44' title='bbox 1442 782 1595 836; x_wconf 78' lang='grc' dir='ltr'>ἔσται</span> <span class='ocrx_word' id='word_1_45' title='bbox 1625 783 1683 834; x_wconf 80' lang='grc' dir='ltr'>ὲν</span> <span class='ocrx_word' id='word_1_46' title='bbox 1716 784 1783 853; x_wconf 80' lang='grc' dir='ltr'>τῇ</span> 
     </span>
    </p>
   </div>
   <div class='ocr_carea' id='block_1_9' title="bbox 179 873 1786 953">
    <p class='ocr_par' dir='ltr' id='par_1_9' title="bbox 179 873 1786 953">
     <span class='ocr_line' id='line_1_9' title="bbox 179 873 1786 953; baseline -0.019 0"><span class='ocrx_word' id='word_1_47' title='bbox 179 884 273 952; x_wconf 70' lang='grc' dir='ltr'><strong>τῇ»</strong></span> <span class='ocrx_word' id='word_1_48' title='bbox 296 884 355 935; x_wconf 73' lang='grc' dir='ltr'>ὲν</span> <span class='ocrx_word' id='word_1_49' title='bbox 386 881 541 953; x_wconf 82' lang='grc' dir='ltr'>μέσῳ</span> <span class='ocrx_word' id='word_1_50' title='bbox 565 879 676 933; x_wconf 87' lang='grc' dir='ltr'><strong>τῶν</strong></span> <span class='ocrx_word' id='word_1_51' title='bbox 704 877 898 933; x_wconf 74' lang='grc' dir='ltr'>ἐθνῶν.</span> <span class='ocrx_word' id='word_1_52' title='bbox 927 877 1024 932; x_wconf 85' lang='grc' dir='ltr'>Ὃν</span> <span class='ocrx_word' id='word_1_53' title='bbox 1053 877 1258 949; x_wconf 84' lang='grc' dir='ltr'><strong>τρόπον</strong></span> <span class='ocrx_word' id='word_1_54' title='bbox 1292 873 1390 929; x_wconf 78' lang='grc' dir='ltr'>ἐάν</span> <span class='ocrx_word' id='word_1_55' title='bbox 1415 892 1502 939; x_wconf 91' lang='grc' dir='ltr'><strong>τις</strong></span> <span class='ocrx_word' id='word_1_56' title='bbox 1542 875 1786 944; x_wconf 86' lang='grc' dir='ltr'>καλαμή-</span> 
     </span>
    </p>
   </div>
   <div class='ocr_carea' id='block_1_10' title="bbox 179 964 1784 1043">
    <p class='ocr_par' dir='ltr' id='par_1_10' title="bbox 179 964 1784 1043">
     <span class='ocr_line' id='line_1_10' title="bbox 179 964 1784 1043; baseline -0.004 -18"><span class='ocrx_word' id='word_1_57' title='bbox 179 989 342 1043; x_wconf 88' lang='grc' dir='ltr'>σηται</span> <span class='ocrx_word' id='word_1_58' title='bbox 380 972 594 1036; x_wconf 73' lang='grc' dir='ltr'>ἐλαίαν,</span> <span class='ocrx_word' id='word_1_59' title='bbox 629 967 807 1033; x_wconf 74' lang='grc' dir='ltr'>οὕτως</span> <span class='ocrx_word' id='word_1_60' title='bbox 834 969 1249 1039; x_wconf 81' lang='grc' dir='ltr'>καλαμήσονται</span> <span class='ocrx_word' id='word_1_61' title='bbox 1278 966 1478 1031; x_wconf 89' lang='grc' dir='ltr'>αὐτούς</span> <span class='ocrx_word' id='word_1_62' title='bbox 1516 983 1531 998; x_wconf 79' lang='grc' dir='ltr'><strong>ο</strong></span> <span class='ocrx_word' id='word_1_63' title='bbox 1561 967 1657 1020; x_wconf 73' lang='grc' dir='ltr'>καὶ</span> <span class='ocrx_word' id='word_1_64' title='bbox 1687 964 1784 1018; x_wconf 78' lang='grc' dir='ltr'>ἐὰν</span> 
     </span>
    </p>
   </div>
   <div class='ocr_carea' id='block_1_11' title="bbox 175 1056 1784 1134">
    <p class='ocr_par' dir='ltr' id='par_1_11' title="bbox 175 1056 1784 1134">
     <span class='ocr_line' id='line_1_11' title="bbox 175 1056 1784 1134; baseline -0.003 -19"><span class='ocrx_word' id='word_1_65' title='bbox 175 1063 466 1134; x_wconf 81' lang='grc' dir='ltr'>παύσηται</span> <span class='ocrx_word' id='word_1_66' title='bbox 506 1065 536 1116; x_wconf 84' lang='grc' dir='ltr'><strong>δ</strong></span> <span class='ocrx_word' id='word_1_67' title='bbox 575 1060 874 1133; x_wconf 80' lang='grc' dir='ltr'>τρυγητός.</span> <span class='ocrx_word' id='word_1_68' title='bbox 921 1077 942 1113; x_wconf 78' lang='grc' dir='ltr'><strong>ι</strong></span> <span class='ocrx_word' id='word_1_69' title='bbox 994 1059 1084 1122; x_wconf 83' lang='grc' dir='ltr'>Ὧς</span> <span class='ocrx_word' id='word_1_70' title='bbox 1119 1057 1324 1129; x_wconf 82' lang='grc' dir='ltr'><strong>μηδένα</strong></span> <span class='ocrx_word' id='word_1_71' title='bbox 1365 1056 1784 1130; x_wconf 79' lang='grc' dir='ltr'><strong>περιλειφθῆναι</strong></span> 
     </span>
    </p>
   </div>
   <div class='ocr_carea' id='block_1_12' title="bbox 173 1147 1784 1223">
    <p class='ocr_par' dir='ltr' id='par_1_12' title="bbox 173 1147 1784 1223">
     <span class='ocr_line' id='line_1_12' title="bbox 173 1147 1784 1223; baseline -0.003 -17"><span class='ocrx_word' id='word_1_72' title='bbox 173 1155 290 1208; x_wconf 82' lang='grc' dir='ltr'><strong>τῶν</strong></span> <span class='ocrx_word' id='word_1_73' title='bbox 324 1154 563 1216; x_wconf 79' lang='grc' dir='ltr'>ἀσεσῶν,</span> <span class='ocrx_word' id='word_1_74' title='bbox 604 1151 744 1206; x_wconf 81' lang='grc' dir='ltr'>ἀλλὰ</span> <span class='ocrx_word' id='word_1_75' title='bbox 790 1153 887 1207; x_wconf 82' lang='grc' dir='ltr'>καὶ</span> <span class='ocrx_word' id='word_1_76' title='bbox 930 1151 1127 1223; x_wconf 83' lang='grc' dir='ltr'><strong>μέχρις</strong></span> <span class='ocrx_word' id='word_1_77' title='bbox 1169 1150 1290 1214; x_wconf 82' lang='grc' dir='ltr'>ἑνὸς</span> <span class='ocrx_word' id='word_1_78' title='bbox 1325 1149 1426 1221; x_wconf 79' lang='grc' dir='ltr'>τὴν</span> <span class='ocrx_word' id='word_1_79' title='bbox 1464 1150 1647 1222; x_wconf 80' lang='grc' dir='ltr'>κρίσιν</span> <span class='ocrx_word' id='word_1_80' title='bbox 1688 1147 1784 1202; x_wconf 86' lang='grc' dir='ltr'><strong>τοῦ</strong></span> 
     </span>
    </p>
   </div>
   <div class='ocr_carea' id='block_1_13' title="bbox 174 1242 1783 1319">
    <p class='ocr_par' dir='ltr' id='par_1_13' title="bbox 174 1242 1783 1319">
     <span class='ocr_line' id='line_1_13' title="bbox 174 1242 1783 1319; baseline -0.004 -17"><span class='ocrx_word' id='word_1_81' title='bbox 174 1248 319 1302; x_wconf 82' lang='grc' dir='ltr'>Θεοῦ</span> <span class='ocrx_word' id='word_1_82' title='bbox 350 1246 650 1319; x_wconf 79' lang='grc' dir='ltr'><strong>μετελθεῖν.</strong></span> <span class='ocrx_word' id='word_1_83' title='bbox 692 1247 780 1310; x_wconf 85' lang='grc' dir='ltr'>Ὡς</span> <span class='ocrx_word' id='word_1_84' title='bbox 810 1246 921 1316; x_wconf 83' lang='grc' dir='ltr'>γὰρ</span> <span class='ocrx_word' id='word_1_85' title='bbox 965 1246 1014 1297; x_wconf 84' lang='grc' dir='ltr'>οἱ</span> <span class='ocrx_word' id='word_1_86' title='bbox 1060 1243 1156 1296; x_wconf 83' lang='grc' dir='ltr'>τὸν</span> <span class='ocrx_word' id='word_1_87' title='bbox 1190 1246 1292 1314; x_wconf 79' lang='grc' dir='ltr'>τῆς</span> <span class='ocrx_word' id='word_1_88' title='bbox 1336 1243 1528 1307; x_wconf 76' lang='grc' dir='ltr'>ἐλαίας</span> <span class='ocrx_word' id='word_1_89' title='bbox 1568 1242 1783 1313; x_wconf 64' lang='grc' dir='ltr'>καρπον</span> 
     </span>
    </p>
   </div>
   <div class='ocr_carea' id='block_1_14' title="bbox 172 1329 1781 1408">
    <p class='ocr_par' dir='ltr' id='par_1_14' title="bbox 172 1329 1781 1408">
     <span class='ocr_line' id='line_1_14' title="bbox 172 1329 1781 1408; baseline -0.006 -16"><span class='ocrx_word' id='word_1_90' title='bbox 172 1338 575 1408; x_wconf 73' lang='grc' dir='ltr'>ἀναλεγόμενοι</span> <span class='ocrx_word' id='word_1_91' title='bbox 604 1335 872 1406; x_wconf 78' lang='grc' dir='ltr'>καλάμοις</span> <span class='ocrx_word' id='word_1_92' title='bbox 888 1332 1112 1386; x_wconf 83' lang='grc' dir='ltr'>εἰώθασι</span> <span class='ocrx_word' id='word_1_93' title='bbox 1141 1329 1454 1403; x_wconf 88' lang='grc' dir='ltr'>διακρούειν</span> <span class='ocrx_word' id='word_1_94' title='bbox 1486 1331 1582 1385; x_wconf 64' lang='grc' dir='ltr'><strong>καὶ¹</strong></span> <span class='ocrx_word' id='word_1_95' title='bbox 1610 1346 1781 1383; x_wconf 80' lang='grc' dir='ltr'>κατα-</span> 
     </span>
    </p>
   </div>
   <div class='ocr_carea' id='block_1_15' title="bbox 173 1421 1784 1499">
    <p class='ocr_par' dir='ltr' id='par_1_15' title="bbox 173 1421 1784 1499">
     <span class='ocr_line' id='line_1_15' title="bbox 173 1421 1784 1499; baseline -0.006 -16"><span class='ocrx_word' id='word_1_96' title='bbox 173 1429 368 1486; x_wconf 73' lang='grc' dir='ltr'>ϐαλεῖν</span> <span class='ocrx_word' id='word_1_97' title='bbox 408 1427 574 1499; x_wconf 86' lang='grc' dir='ltr'>μέχρι</span> <span class='ocrx_word' id='word_1_98' title='bbox 619 1427 715 1481; x_wconf 77' lang='grc' dir='ltr'>καὶ</span> <span class='ocrx_word' id='word_1_99' title='bbox 761 1429 913 1498; x_wconf 82' lang='grc' dir='ltr'>μιᾶς,</span> <span class='ocrx_word' id='word_1_100' title='bbox 949 1423 1106 1477; x_wconf 71' lang='grc' dir='ltr'>εἵπου</span> <span class='ocrx_word' id='word_1_101' title='bbox 1140 1423 1541 1494; x_wconf 84' lang='grc' dir='ltr'>περιλειφθείη,</span> <span class='ocrx_word' id='word_1_102' title='bbox 1573 1421 1670 1476; x_wconf 73' lang='grc' dir='ltr'>καὶ</span> <span class='ocrx_word' id='word_1_103' title='bbox 1707 1421 1784 1485; x_wconf 83' lang='grc' dir='ltr'>ὡς</span> 
     </span>
    </p>
   </div>
   <div class='ocr_carea' id='block_1_16' title="bbox 175 1512 1784 1592">
    <p class='ocr_par' dir='ltr' id='par_1_16' title="bbox 175 1512 1784 1592">
     <span class='ocr_line' id='line_1_16' title="bbox 175 1512 1784 1592; baseline -0.008 -16"><span class='ocrx_word' id='word_1_104' title='bbox 175 1521 329 1592; x_wconf 86' lang='grc' dir='ltr'><strong>μετά</strong></span> <span class='ocrx_word' id='word_1_105' title='bbox 384 1521 477 1574; x_wconf 81' lang='grc' dir='ltr'>τὸν</span> <span class='ocrx_word' id='word_1_106' title='bbox 529 1519 801 1590; x_wconf 80' lang='grc' dir='ltr'>τρυγητὸν</span> <span class='ocrx_word' id='word_1_107' title='bbox 861 1515 1176 1578; x_wconf 78' lang='grc' dir='ltr'>ἐπανιόντες</span> <span class='ocrx_word' id='word_1_108' title='bbox 1220 1513 1366 1577; x_wconf 76' lang='grc' dir='ltr'>τινὲς</span> <span class='ocrx_word' id='word_1_109' title='bbox 1426 1512 1784 1580; x_wconf 83' lang='grc' dir='ltr'>ἁναλέγονται</span> 
     </span>
    </p>
   </div>
   <div class='ocr_carea' id='block_1_17' title="bbox 176 1605 1776 1687">
    <p class='ocr_par' dir='ltr' id='par_1_17' title="bbox 176 1605 1776 1687">
     <span class='ocr_line' id='line_1_17' title="bbox 176 1605 1776 1687; baseline -0.006 -20"><span class='ocrx_word' id='word_1_110' title='bbox 176 1613 369 1687; x_wconf 80' lang='grc' dir='ltr'>ρῶγάς</span> <span class='ocrx_word' id='word_1_111' title='bbox 399 1630 556 1676; x_wconf 89' lang='grc' dir='ltr'>τινας</span> <span class='ocrx_word' id='word_1_112' title='bbox 579 1612 802 1683; x_wconf 76' lang='grc' dir='ltr'>βραχεῖς</span> <span class='ocrx_word' id='word_1_113' title='bbox 824 1609 856 1680; x_wconf 78' lang='grc' dir='ltr'>ἢ</span> <span class='ocrx_word' id='word_1_114' title='bbox 880 1609 1115 1681; x_wconf 83' lang='grc' dir='ltr'>βότρυας</span> <span class='ocrx_word' id='word_1_115' title='bbox 1139 1609 1268 1672; x_wconf 84' lang='grc' dir='ltr'>τοὺς</span> <span class='ocrx_word' id='word_1_116' title='bbox 1289 1605 1776 1678; x_wconf 85' lang='grc' dir='ltr'>παραλειφθέντας·</span> 
     </span>
    </p>
   </div>
   <div class='ocr_carea' id='block_1_18' title="bbox 170 1696 1781 1776">
    <p class='ocr_par' dir='ltr' id='par_1_18' title="bbox 170 1696 1781 1776">
     <span class='ocr_line' id='line_1_18' title="bbox 170 1696 1781 1776; baseline -0.006 -17"><span class='ocrx_word' id='word_1_117' title='bbox 170 1708 270 1760; x_wconf 82' lang='grc' dir='ltr'>τὸν</span> <span class='ocrx_word' id='word_1_118' title='bbox 307 1705 478 1759; x_wconf 83' lang='grc' dir='ltr'>αὐτὸν</span> <span class='ocrx_word' id='word_1_119' title='bbox 503 1704 709 1776; x_wconf 86' lang='grc' dir='ltr'>τρόπον</span> <span class='ocrx_word' id='word_1_120' title='bbox 744 1703 838 1757; x_wconf 75' lang='grc' dir='ltr'><strong>καὶ</strong></span> <span class='ocrx_word' id='word_1_121' title='bbox 880 1703 1006 1766; x_wconf 75' lang='grc' dir='ltr'>τοὺς</span> <span class='ocrx_word' id='word_1_122' title='bbox 1042 1700 1266 1762; x_wconf 79' lang='grc' dir='ltr'>ἀσεϐεῖς</span> <span class='ocrx_word' id='word_1_123' title='bbox 1299 1696 1648 1763; x_wconf 80' lang='grc' dir='ltr'>ἀναλέξονται</span> <span class='ocrx_word' id='word_1_124' title='bbox 1686 1697 1781 1750; x_wconf 72' lang='grc' dir='ltr'>καὶ</span> 
     </span>
    </p>
   </div>
   <div class='ocr_carea' id='block_1_19' title="bbox 177 1780 1778 1868">
    <p class='ocr_par' dir='ltr' id='par_1_19' title="bbox 177 1780 1778 1868">
     <span class='ocr_line' id='line_1_19' title="bbox 177 1780 1778 1868; baseline -0.006 -20"><span class='ocrx_word' id='word_1_125' title='bbox 177 1798 381 1868; x_wconf 78' lang='grc' dir='ltr'>μέχρις</span> <span class='ocrx_word' id='word_1_126' title='bbox 403 1797 542 1860; x_wconf 76' lang='grc' dir='ltr'>ἐνὸς,</span> <span class='ocrx_word' id='word_1_127' title='bbox 560 1796 635 1859; x_wconf 86' lang='grc' dir='ltr'>ὡς</span> <span class='ocrx_word' id='word_1_128' title='bbox 655 1793 858 1866; x_wconf 80' lang='grc' dir='ltr'>μηδένα</span> <span class='ocrx_word' id='word_1_129' title='bbox 873 1780 1158 1863; x_wconf 81' lang='grc' dir='ltr'>διαφυγεῖν</span> <span class='ocrx_word' id='word_1_130' title='bbox 1182 1792 1282 1862; x_wconf 77' lang='grc' dir='ltr'>τὴν</span> <span class='ocrx_word' id='word_1_131' title='bbox 1305 1790 1400 1844; x_wconf 85' lang='grc' dir='ltr'><strong>τοῦ</strong></span> <span class='ocrx_word' id='word_1_132' title='bbox 1416 1786 1553 1842; x_wconf 86' lang='grc' dir='ltr'>Θεοῦ</span> <span class='ocrx_word' id='word_1_133' title='bbox 1574 1788 1778 1860; x_wconf 89' lang='grc' dir='ltr'>κρίσιν.</span> 
     </span>
    </p>
   </div>
   <div class='ocr_carea' id='block_1_20' title="bbox 1889 586 3485 652">
    <p class='ocr_par' dir='ltr' id='par_1_20' title="bbox 1889 586 3485 652">
     <span class='ocr_line' id='line_1_20' title="bbox 1889 586 3485 652; baseline 0.001 -8"><span class='ocrx_word' id='word_1_134' title='bbox 1889 590 2071 644; x_wconf 87' lang='lat' dir='ltr'><strong>omnis</strong></span> <span class='ocrx_word' id='word_1_135' title='bbox 2109 589 2318 652; x_wconf 75' lang='lat' dir='ltr'><strong>laetitia,</strong></span> <span class='ocrx_word' id='word_1_136' title='bbox 2362 587 2619 642; x_wconf 85' lang='lat' dir='ltr'><strong>discessit</strong></span> <span class='ocrx_word' id='word_1_137' title='bbox 2648 586 2832 642; x_wconf 85' lang='lat' dir='ltr'><strong>omnis</strong></span> <span class='ocrx_word' id='word_1_138' title='bbox 2859 586 3258 642; x_wconf 69' lang='lat' dir='ltr'><strong>Iaztitia-terrze.</strong></span> <span class='ocrx_word' id='word_1_139' title='bbox 3295 586 3364 642; x_wconf 87' lang='lat' dir='ltr'><strong>Et</strong></span> <span class='ocrx_word' id='word_1_140' title='bbox 3393 601 3485 646; x_wconf 83' lang='lat' dir='ltr'><strong>re—</strong></span> 
     </span>
    </p>
   </div>
   <div class='ocr_carea' id='block_1_21' title="bbox 1889 675 3488 749">
    <p class='ocr_par' dir='ltr' id='par_1_21' title="bbox 1889 675 3488 749">
     <span class='ocr_line' id='line_1_21' title="bbox 1889 675 3488 749; baseline 0.002 -19"><span class='ocrx_word' id='word_1_141' title='bbox 1889 677 2206 749; x_wconf 88' lang='lat' dir='ltr'><strong>linquentur</strong></span> <span class='ocrx_word' id='word_1_142' title='bbox 2238 679 2403 733; x_wconf 82' lang='lat' dir='ltr'><strong>urbes</strong></span> <span class='ocrx_word' id='word_1_143' title='bbox 2433 677 2686 739; x_wconf 68' lang='lat' dir='ltr'><strong>desertae,</strong></span> <span class='ocrx_word' id='word_1_144' title='bbox 2715 686 2772 730; x_wconf 88' lang='lat' dir='ltr'><strong>et</strong></span> <span class='ocrx_word' id='word_1_145' title='bbox 2801 675 2997 731; x_wconf 86' lang='lat' dir='ltr'><strong>domus</strong></span> <span class='ocrx_word' id='word_1_146' title='bbox 3036 676 3316 734; x_wconf 65' lang='lat' dir='ltr'><strong>derelictae</strong></span> <span class='ocrx_word' id='word_1_147' title='bbox 3361 692 3488 749; x_wconf 89' lang='lat' dir='ltr'><strong>per-</strong></span> 
     </span>
    </p>
   </div>
   <div class='ocr_carea' id='block_1_22' title="bbox 1890 767 3484 840">
    <p class='ocr_par' dir='ltr' id='par_1_22' title="bbox 1890 767 3484 840">
     <span class='ocr_line' id='line_1_22' title="bbox 1890 767 3484 840; baseline 0.002 -18"><span class='ocrx_word' id='word_1_148' title='bbox 1890 769 2067 826; x_wconf 86' lang='lat' dir='ltr'><strong>ibunt.</strong></span> <span class='ocrx_word' id='word_1_149' title='bbox 2112 769 2242 824; x_wconf 69' lang='lat' dir='ltr'><strong>llaec</strong></span> <span class='ocrx_word' id='word_1_150' title='bbox 2293 769 2478 823; x_wconf 86' lang='lat' dir='ltr'><strong>omnia</strong></span> <span class='ocrx_word' id='word_1_151' title='bbox 2521 777 2685 824; x_wconf 89' lang='lat' dir='ltr'><strong>erunt</strong></span> <span class='ocrx_word' id='word_1_152' title='bbox 2743 767 2796 820; x_wconf 92' lang='lat' dir='ltr'><strong>in</strong></span> <span class='ocrx_word' id='word_1_153' title='bbox 2834 775 3002 835; x_wconf 87' lang='lat' dir='ltr'><strong>terra,</strong></span> <span class='ocrx_word' id='word_1_154' title='bbox 3047 768 3101 823; x_wconf 90' lang='lat' dir='ltr'><strong>in</strong></span> <span class='ocrx_word' id='word_1_155' title='bbox 3137 769 3318 824; x_wconf 84' lang='lat' dir='ltr'><strong>medio</strong></span> <span class='ocrx_word' id='word_1_156' title='bbox 3347 783 3484 840; x_wconf 86' lang='lat' dir='ltr'><strong>gen-</strong></span> 
     </span>
    </p>
   </div>
   <div class='ocr_carea' id='block_1_23' title="bbox 1891 859 3487 928">
    <p class='ocr_par' dir='ltr' id='par_1_23' title="bbox 1891 859 3487 928">
     <span class='ocr_line' id='line_1_23' title="bbox 1891 859 3487 928; baseline 0.004 -17"><span class='ocrx_word' id='word_1_157' title='bbox 1891 862 2045 917; x_wconf 88' lang='lat' dir='ltr'><strong>tium.</strong></span> <span class='ocrx_word' id='word_1_158' title='bbox 2079 860 2549 928; x_wconf 80' lang='lat' dir='ltr'><strong>Quemadmodum</strong></span> <span class='ocrx_word' id='word_1_159' title='bbox 2603 859 2648 914; x_wconf 89' lang='lat' dir='ltr'><strong>si</strong></span> <span class='ocrx_word' id='word_1_160' title='bbox 2704 859 2828 928; x_wconf 86' lang='lat' dir='ltr'><strong>quis</strong></span> <span class='ocrx_word' id='word_1_161' title='bbox 2860 861 3108 914; x_wconf 79' lang='lat' dir='ltr'><strong>excutiat</strong></span> <span class='ocrx_word' id='word_1_162' title='bbox 3137 859 3364 926; x_wconf 87' lang='lat' dir='ltr'><strong>olivam,</strong></span> <span class='ocrx_word' id='word_1_163' title='bbox 3405 861 3487 918; x_wconf 88' lang='lat' dir='ltr'><strong>sic</strong></span> 
     </span>
    </p>
   </div>
   <div class='ocr_carea' id='block_1_24' title="bbox 1887 949 3489 1022">
    <p class='ocr_par' dir='ltr' id='par_1_24' title="bbox 1887 949 3489 1022">
     <span class='ocr_line' id='line_1_24' title="bbox 1887 949 3489 1022; baseline -0.001 -16"><span class='ocrx_word' id='word_1_164' title='bbox 1887 953 2168 1007; x_wconf 70' lang='lat' dir='ltr'><strong>excutient</strong></span> <span class='ocrx_word' id='word_1_165' title='bbox 2217 951 2400 1022; x_wconf 86' lang='lat' dir='ltr'><strong>ipsos;</strong></span> <span class='ocrx_word' id='word_1_166' title='bbox 2435 959 2493 1006; x_wconf 90' lang='lat' dir='ltr'><strong>et</strong></span> <span class='ocrx_word' id='word_1_167' title='bbox 2533 949 2579 1004; x_wconf 88' lang='lat' dir='ltr'><strong>si</strong></span> <span class='ocrx_word' id='word_1_168' title='bbox 2622 949 2871 1019; x_wconf 85' lang='lat' dir='ltr'><strong>quiescat</strong></span> <span class='ocrx_word' id='word_1_169' title='bbox 2901 950 3197 1004; x_wconf 82' lang='lat' dir='ltr'><strong>vindemia.</strong></span> <span class='ocrx_word' id='word_1_170' title='bbox 3242 967 3263 1002; x_wconf 80' lang='grc' dir='ltr'><strong>ι</strong></span> <span class='ocrx_word' id='word_1_171' title='bbox 3300 949 3379 1004; x_wconf 89' lang='lat' dir='ltr'><strong>lta</strong></span> <span class='ocrx_word' id='word_1_172' title='bbox 3425 957 3489 1005; x_wconf 87' lang='lat' dir='ltr'><strong>ut</strong></span> 
     </span>
    </p>
   </div>
   <div class='ocr_carea' id='block_1_25' title="bbox 1888 1041 3487 1113">
    <p class='ocr_par' dir='ltr' id='par_1_25' title="bbox 1888 1041 3487 1113">
     <span class='ocr_line' id='line_1_25' title="bbox 1888 1041 3487 1113; baseline 0.001 -15"><span class='ocrx_word' id='word_1_173' title='bbox 1888 1044 2070 1098; x_wconf 89' lang='lat' dir='ltr'><strong>nullus</strong></span> <span class='ocrx_word' id='word_1_174' title='bbox 2102 1043 2395 1113; x_wconf 77' lang='lat' dir='ltr'><strong>impiorum</strong></span> <span class='ocrx_word' id='word_1_175' title='bbox 2426 1042 2682 1098; x_wconf 89' lang='lat' dir='ltr'><strong>residuus</strong></span> <span class='ocrx_word' id='word_1_176' title='bbox 2723 1041 2826 1106; x_wconf 87' lang='lat' dir='ltr'><strong>sit,</strong></span> <span class='ocrx_word' id='word_1_177' title='bbox 2872 1041 2968 1095; x_wconf 89' lang='lat' dir='ltr'><strong>sed</strong></span> <span class='ocrx_word' id='word_1_178' title='bbox 3017 1042 3085 1096; x_wconf 91' lang='lat' dir='ltr'><strong>ad</strong></span> <span class='ocrx_word' id='word_1_179' title='bbox 3114 1056 3279 1095; x_wconf 88' lang='lat' dir='ltr'><strong>unum</strong></span> <span class='ocrx_word' id='word_1_180' title='bbox 3311 1056 3487 1112; x_wconf 85' lang='lat' dir='ltr'><strong>usque</strong></span> 
     </span>
    </p>
   </div>
   <div class='ocr_carea' id='block_1_26' title="bbox 1886 1129 3486 1205">
    <p class='ocr_par' dir='ltr' id='par_1_26' title="bbox 1886 1129 3486 1205">
     <span class='ocr_line' id='line_1_26' title="bbox 1886 1129 3486 1205; baseline -0.001 -14"><span class='ocrx_word' id='word_1_181' title='bbox 1886 1150 2078 1191; x_wconf 83' lang='lat' dir='ltr'><strong>omnes</strong></span> <span class='ocrx_word' id='word_1_182' title='bbox 2100 1134 2366 1205; x_wconf 84' lang='lat' dir='ltr'><strong>judicium</strong></span> <span class='ocrx_word' id='word_1_183' title='bbox 2403 1133 2499 1188; x_wconf 87' lang='lat' dir='ltr'><strong>Dei</strong></span> <span class='ocrx_word' id='word_1_184' title='bbox 2530 1133 2786 1188; x_wconf 81' lang='lat' dir='ltr'><strong>subeant.</strong></span> <span class='ocrx_word' id='word_1_185' title='bbox 2821 1129 3297 1198; x_wconf 85' lang='lat' dir='ltr'><strong>Quemadmodum</strong></span> <span class='ocrx_word' id='word_1_186' title='bbox 3330 1135 3486 1189; x_wconf 86' lang='lat' dir='ltr'><strong>enim</strong></span> 
     </span>
    </p>
   </div>
   <div class='ocr_carea' id='block_1_27' title="bbox 1887 1224 3485 1297">
    <p class='ocr_par' dir='ltr' id='par_1_27' title="bbox 1887 1224 3485 1297">
     <span class='ocr_line' id='line_1_27' title="bbox 1887 1224 3485 1297; baseline 0.002 -19"><span class='ocrx_word' id='word_1_187' title='bbox 1887 1228 1979 1297; x_wconf 89' lang='lat' dir='ltr'><strong>qui</strong></span> <span class='ocrx_word' id='word_1_188' title='bbox 2011 1228 2169 1281; x_wconf 70' lang='lat' dir='ltr'><strong>olivae</strong></span> <span class='ocrx_word' id='word_1_189' title='bbox 2201 1225 2438 1280; x_wconf 75' lang='lat' dir='ltr'><strong>fructum</strong></span> <span class='ocrx_word' id='word_1_190' title='bbox 2475 1225 2764 1294; x_wconf 78' lang='lat' dir='ltr'><strong>colligunt,</strong></span> <span class='ocrx_word' id='word_1_191' title='bbox 2822 1224 3048 1293; x_wconf 86' lang='lat' dir='ltr'><strong>perticis</strong></span> <span class='ocrx_word' id='word_1_192' title='bbox 3103 1224 3282 1280; x_wconf 79' lang='lat' dir='ltr'><strong>solent</strong></span> <span class='ocrx_word' id='word_1_193' title='bbox 3322 1225 3485 1281; x_wconf 67' lang='lat' dir='ltr'><strong>olivae</strong></span> 
     </span>
    </p>
   </div>
   <div class='ocr_carea' id='block_1_28' title="bbox 1886 1316 3484 1392">
    <p class='ocr_par' dir='ltr' id='par_1_28' title="bbox 1886 1316 3484 1392">
     <span class='ocr_line' id='line_1_28' title="bbox 1886 1316 3484 1392; baseline -0.003 -17"><span class='ocrx_word' id='word_1_194' title='bbox 1886 1336 2055 1392; x_wconf 84' lang='lat' dir='ltr'><strong>grana</strong></span> <span class='ocrx_word' id='word_1_195' title='bbox 2082 1329 2342 1376; x_wconf 82' lang='lat' dir='ltr'><strong>excutere</strong></span> <span class='ocrx_word' id='word_1_196' title='bbox 2382 1333 2449 1373; x_wconf 89' lang='lat' dir='ltr'><strong>ac</strong></span> <span class='ocrx_word' id='word_1_197' title='bbox 2485 1317 2727 1388; x_wconf 84' lang='lat' dir='ltr'><strong>dejicere</strong></span> <span class='ocrx_word' id='word_1_198' title='bbox 2763 1331 2938 1385; x_wconf 88' lang='lat' dir='ltr'><strong>usque</strong></span> <span class='ocrx_word' id='word_1_199' title='bbox 2969 1317 3037 1371; x_wconf 90' lang='lat' dir='ltr'><strong>ad</strong></span> <span class='ocrx_word' id='word_1_200' title='bbox 3083 1331 3272 1381; x_wconf 89' lang='lat' dir='ltr'><strong>unum,</strong></span> <span class='ocrx_word' id='word_1_201' title='bbox 3301 1316 3484 1371; x_wconf 85' lang='lat' dir='ltr'><strong>sicubi</strong></span> 
     </span>
    </p>
   </div>
   <div class='ocr_carea' id='block_1_29' title="bbox 1887 1407 3482 1482">
    <p class='ocr_par' dir='ltr' id='par_1_29' title="bbox 1887 1407 3482 1482">
     <span class='ocr_line' id='line_1_29' title="bbox 1887 1407 3482 1482; baseline -0.003 -15"><span class='ocrx_word' id='word_1_202' title='bbox 1887 1412 2298 1482; x_wconf 76' lang='lat' dir='ltr'><strong>derelinquatur</strong></span> <span class='ocrx_word' id='word_1_203' title='bbox 2326 1426 2341 1463; x_wconf 91' lang='lat'><strong>:</strong></span> <span class='ocrx_word' id='word_1_204' title='bbox 2376 1425 2441 1464; x_wconf 91' lang='lat' dir='ltr'><strong>ac</strong></span> <span class='ocrx_word' id='word_1_205' title='bbox 2473 1407 2930 1479; x_wconf 83' lang='lat' dir='ltr'><strong>quemadmodum</strong></span> <span class='ocrx_word' id='word_1_206' title='bbox 2972 1416 3098 1478; x_wconf 89' lang='lat' dir='ltr'><strong>post</strong></span> <span class='ocrx_word' id='word_1_207' title='bbox 3122 1407 3482 1478; x_wconf 80' lang='lat' dir='ltr'><strong>vindemiam,</strong></span> 
     </span>
    </p>
   </div>
   <div class='ocr_carea' id='block_1_30' title="bbox 1887 1501 3484 1574">
    <p class='ocr_par' dir='ltr' id='par_1_30' title="bbox 1887 1501 3484 1574">
     <span class='ocr_line' id='line_1_30' title="bbox 1887 1501 3484 1574; baseline 0.001 -16"><span class='ocrx_word' id='word_1_208' title='bbox 1887 1515 2230 1560; x_wconf 81' lang='lat' dir='ltr'><strong>revertentes</strong></span> <span class='ocrx_word' id='word_1_209' title='bbox 2276 1503 2498 1573; x_wconf 87' lang='lat' dir='ltr'><strong>quidam</strong></span> <span class='ocrx_word' id='word_1_210' title='bbox 2537 1516 2736 1574; x_wconf 88' lang='lat' dir='ltr'><strong>parvos</strong></span> <span class='ocrx_word' id='word_1_211' title='bbox 2760 1505 2949 1558; x_wconf 78' lang='lat' dir='ltr'><strong>acinos</strong></span> <span class='ocrx_word' id='word_1_212' title='bbox 2968 1513 3024 1558; x_wconf 86' lang='lat' dir='ltr'><strong>et</strong></span> <span class='ocrx_word' id='word_1_213' title='bbox 3063 1517 3194 1556; x_wconf 89' lang='lat' dir='ltr'><strong>uvas</strong></span> <span class='ocrx_word' id='word_1_214' title='bbox 3231 1501 3484 1560; x_wconf 72' lang='lat' dir='ltr'><strong>residuas</strong></span> 
     </span>
    </p>
   </div>
   <div class='ocr_carea' id='block_1_31' title="bbox 1887 1596 3476 1667">
    <p class='ocr_par' dir='ltr' id='par_1_31' title="bbox 1887 1596 3476 1667">
     <span class='ocr_line' id='line_1_31' title="bbox 1887 1596 3476 1667; baseline 0 -15"><span class='ocrx_word' id='word_1_215' title='bbox 1887 1597 2181 1666; x_wconf 78' lang='lat' dir='ltr'><strong>coiligunt,</strong></span> <span class='ocrx_word' id='word_1_216' title='bbox 2224 1596 2300 1650; x_wconf 89' lang='lat' dir='ltr'><strong>ita</strong></span> <span class='ocrx_word' id='word_1_217' title='bbox 2335 1605 2392 1653; x_wconf 93' lang='lat' dir='ltr'><strong>et</strong></span> <span class='ocrx_word' id='word_1_218' title='bbox 2421 1596 2616 1666; x_wconf 88' lang='lat' dir='ltr'><strong>impios</strong></span> <span class='ocrx_word' id='word_1_219' title='bbox 2645 1596 2902 1667; x_wconf 84' lang='lat' dir='ltr'><strong>colligent</strong></span> <span class='ocrx_word' id='word_1_220' title='bbox 2957 1611 3131 1664; x_wconf 90' lang='lat' dir='ltr'><strong>usque</strong></span> <span class='ocrx_word' id='word_1_221' title='bbox 3169 1597 3240 1652; x_wconf 87' lang='lat' dir='ltr'><strong>ad</strong></span> <span class='ocrx_word' id='word_1_222' title='bbox 3273 1611 3476 1664; x_wconf 89' lang='lat' dir='ltr'><strong>unum;</strong></span> 
     </span>
    </p>
   </div>
   <div class='ocr_carea' id='block_1_32' title="bbox 1886 1687 3098 1760">
    <p class='ocr_par' dir='ltr' id='par_1_32' title="bbox 1886 1687 3098 1760">
     <span class='ocr_line' id='line_1_32' title="bbox 1886 1687 3098 1760; baseline -0.002 -17"><span class='ocrx_word' id='word_1_223' title='bbox 1886 1690 1960 1743; x_wconf 89' lang='lat' dir='ltr'><strong>ita</strong></span> <span class='ocrx_word' id='word_1_224' title='bbox 1993 1700 2051 1743; x_wconf 94' lang='lat' dir='ltr'><strong>ut</strong></span> <span class='ocrx_word' id='word_1_225' title='bbox 2087 1688 2352 1760; x_wconf 86' lang='lat' dir='ltr'><strong>judicium</strong></span> <span class='ocrx_word' id='word_1_226' title='bbox 2397 1687 2492 1744; x_wconf 90' lang='lat' dir='ltr'><strong>Dei</strong></span> <span class='ocrx_word' id='word_1_227' title='bbox 2529 1703 2690 1743; x_wconf 90' lang='lat' dir='ltr'><strong>nemo</strong></span> <span class='ocrx_word' id='word_1_228' title='bbox 2729 1687 3098 1758; x_wconf 82' lang='lat' dir='ltr'><strong>subterfugiat</strong></span> 
     </span>
    </p>
   </div>
   <div class='ocr_carea' id='block_1_33' title="bbox 249 1856 1781 1960">
    <p class='ocr_par' dir='ltr' id='par_1_33' title="bbox 249 1856 1778 1960">
     <span class='ocr_line' id='line_1_33' title="bbox 249 1856 1778 1960; baseline -0.007 -18"><span class='ocrx_word' id='word_1_229' title='bbox 249 1856 477 1942; x_wconf 58' lang='grc' dir='ltr'>ῖόζῖτοι</span> <span class='ocrx_word' id='word_1_230' title='bbox 655 1856 1024 1958; x_wconf 40' lang='grc' dir='ltr'>’φωνήσουσιμ</span> <span class='ocrx_word' id='word_1_231' title='bbox 1053 1856 1087 1936; x_wconf 42' lang='grc' dir='ltr'><strong>ἰ</strong></span> <span class='ocrx_word' id='word_1_232' title='bbox 1123 1856 1281 1946; x_wconf 77' lang='grc' dir='ltr'>Τίνες</span> <span class='ocrx_word' id='word_1_233' title='bbox 1321 1882 1377 1935; x_wconf 84' lang='grc' dir='ltr'>δὲ</span> <span class='ocrx_word' id='word_1_234' title='bbox 1418 1874 1567 1934; x_wconf 72' lang='grc' dir='ltr'>οὗτοι</span> <span class='ocrx_word' id='word_1_235' title='bbox 1599 1856 1714 1933; x_wconf 80' lang='grc' dir='ltr'>ἀλλ’</span> <span class='ocrx_word' id='word_1_236' title='bbox 1745 1878 1778 1949; x_wconf 81' lang='grc' dir='ltr'>ἢ</span> 
     </span>
    </p>
   </div>
   <div class='ocr_carea' id='block_1_34' title="bbox 1886 1856 3478 1960">
    <p class='ocr_par' dir='ltr' id='par_1_34' title="bbox 1955 1868 3478 1936">
     <span class='ocr_line' id='line_1_34' title="bbox 1955 1868 3478 1936; baseline -0.001 -11"><span class='ocrx_word' id='word_1_237' title='bbox 1955 1869 2121 1926; x_wconf 70' lang='lat' dir='ltr'><strong>Vsus.</strong></span> <span class='ocrx_word' id='word_1_238' title='bbox 2153 1870 2243 1926; x_wconf 77' lang='grc'><strong>14.</strong></span> <span class='ocrx_word' id='word_1_239' title='bbox 2277 1887 2296 1922; x_wconf 82' lang='grc' dir='ltr'><strong>ι</strong></span> <span class='ocrx_word' id='word_1_240' title='bbox 2321 1869 2385 1925; x_wconf 82' lang='lat' dir='ltr'><strong>Hi</strong></span> <span class='ocrx_word' id='word_1_241' title='bbox 2411 1870 2648 1925; x_wconf 89' lang='lat' dir='ltr'><strong>clamore</strong></span> <span class='ocrx_word' id='word_1_242' title='bbox 2681 1869 3145 1926; x_wconf 79' lang='lat' dir='ltr'><strong>vuciferabuntur.</strong></span> <span class='ocrx_word' id='word_1_243' title='bbox 3184 1888 3204 1920; x_wconf 78' lang='grc' dir='ltr'><strong>ι</strong></span> <span class='ocrx_word' id='word_1_244' title='bbox 3243 1868 3478 1936; x_wconf 84' lang='lat' dir='ltr'><strong>Quinam</strong></span> 
     </span>
    </p>
   </div>
   <div class='ocr_carea' id='block_1_35' title="bbox 171 1969 1782 2053">
    <p class='ocr_par' dir='ltr' id='par_1_35' title="bbox 171 1969 1782 2053">
     <span class='ocr_line' id='line_1_35' title="bbox 171 1969 1782 2053; baseline -0.007 -18"><span class='ocrx_word' id='word_1_245' title='bbox 171 1983 222 2035; x_wconf 78' lang='lat' dir='ltr'><strong>oi.</strong></span> <span class='ocrx_word' id='word_1_246' title='bbox 246 1981 350 2034; x_wconf 83' lang='grc' dir='ltr'><strong>τοῦ</strong></span> <span class='ocrx_word' id='word_1_247' title='bbox 380 1982 693 2053; x_wconf 83' lang='grc' dir='ltr'>κρείττονος</span> <span class='ocrx_word' id='word_1_248' title='bbox 726 1981 1039 2050; x_wconf 84' lang='grc' dir='ltr'>τάγματος;</span> <span class='ocrx_word' id='word_1_249' title='bbox 1074 1972 1198 2030; x_wconf 79' lang='grc' dir='ltr'>Εῐεν</span> <span class='ocrx_word' id='word_1_250' title='bbox 1244 1976 1288 2028; x_wconf 78' lang='grc' dir='ltr'>δ’</span> <span class='ocrx_word' id='word_1_251' title='bbox 1322 1975 1388 2028; x_wconf 84' lang='grc' dir='ltr'>ἂν</span> <span class='ocrx_word' id='word_1_252' title='bbox 1426 1969 1572 2028; x_wconf 76' lang='grc' dir='ltr'>οῦτοι</span> <span class='ocrx_word' id='word_1_253' title='bbox 1605 1972 1655 2025; x_wconf 80' lang='grc' dir='ltr'>οἱ</span> <span class='ocrx_word' id='word_1_254' title='bbox 1682 1972 1782 2042; x_wconf 76' lang='grc' dir='ltr'>τῆς</span> 
     </span>
    </p>
   </div>
   <div class='ocr_carea' id='block_1_36' title="bbox 171 2065 1780 2144">
    <p class='ocr_par' dir='ltr' id='par_1_36' title="bbox 171 2065 1780 2144">
     <span class='ocr_line' id='line_1_36' title="bbox 171 2065 1780 2144; baseline -0.007 -18"><span class='ocrx_word' id='word_1_255' title='bbox 171 2071 335 2144; x_wconf 77' lang='grc' dir='ltr'><strong>παρά</strong></span> <span class='ocrx_word' id='word_1_256' title='bbox 371 2072 494 2142; x_wconf 86' lang='grc' dir='ltr'>Θεῷ</span> <span class='ocrx_word' id='word_1_257' title='bbox 543 2071 962 2143; x_wconf 81' lang='grc' dir='ltr'>μεγαλειότητος</span> <span class='ocrx_word' id='word_1_258' title='bbox 1004 2069 1318 2139; x_wconf 74' lang='grc' dir='ltr'>ἠξιωμένοι.</span> <span class='ocrx_word' id='word_1_259' title='bbox 1367 2085 1384 2116; x_wconf 85' lang='grc' dir='ltr'><strong>ι</strong></span> <span class='ocrx_word' id='word_1_260' title='bbox 1429 2067 1493 2119; x_wconf 85' lang='lat' dir='ltr'><strong>Oi</strong></span> <span class='ocrx_word' id='word_1_261' title='bbox 1521 2065 1579 2118; x_wconf 82' lang='grc' dir='ltr'>δὲ</span> <span class='ocrx_word' id='word_1_262' title='bbox 1611 2082 1780 2117; x_wconf 86' lang='grc' dir='ltr'>κατα-</span> 
     </span>
    </p>
   </div>
   <div class='ocr_carea' id='block_1_37' title="bbox 171 2154 1780 2234">
    <p class='ocr_par' dir='ltr' id='par_1_37' title="bbox 171 2154 1780 2234">
     <span class='ocr_line' id='line_1_37' title="bbox 171 2154 1780 2234; baseline -0.006 -17"><span class='ocrx_word' id='word_1_263' title='bbox 171 2165 495 2234; x_wconf 79' lang='grc' dir='ltr'>λειφθέντες</span> <span class='ocrx_word' id='word_1_264' title='bbox 532 2166 625 2218; x_wconf 75' lang='grc' dir='ltr'><strong>ὲπὶ</strong></span> <span class='ocrx_word' id='word_1_265' title='bbox 649 2164 747 2234; x_wconf 74' lang='grc' dir='ltr'><strong>τῆς</strong></span> <span class='ocrx_word' id='word_1_266' title='bbox 778 2162 884 2231; x_wconf 80' lang='grc' dir='ltr'>γῆς</span> <span class='ocrx_word' id='word_1_267' title='bbox 916 2160 1381 2230; x_wconf 80' lang='grc' dir='ltr'>εὐφρανθήσονται</span> <span class='ocrx_word' id='word_1_268' title='bbox 1412 2158 1528 2227; x_wconf 74' lang='grc' dir='ltr'>ἅμα</span> <span class='ocrx_word' id='word_1_269' title='bbox 1558 2159 1623 2226; x_wconf 83' lang='grc' dir='ltr'>τῇ</span> <span class='ocrx_word' id='word_1_270' title='bbox 1653 2154 1780 2225; x_wconf 81' lang='grc' dir='ltr'>δόξῃ</span> 
     </span>
    </p>
   </div>
   <div class='ocr_carea' id='block_1_38' title="bbox 172 2249 1780 2330">
    <p class='ocr_par' dir='ltr' id='par_1_38' title="bbox 172 2249 1780 2330">
     <span class='ocr_line' id='line_1_38' title="bbox 172 2249 1780 2330; baseline -0.008 -18"><span class='ocrx_word' id='word_1_271' title='bbox 172 2259 425 2330; x_wconf 74' lang='grc' dir='ltr'>Κυρίουο</span> <span class='ocrx_word' id='word_1_272' title='bbox 465 2255 873 2327; x_wconf 81' lang='grc' dir='ltr'>ταραχθήσεται</span> <span class='ocrx_word' id='word_1_273' title='bbox 907 2255 969 2307; x_wconf 83' lang='grc' dir='ltr'>τὸ</span> <span class='ocrx_word' id='word_1_274' title='bbox 1003 2254 1146 2322; x_wconf 76' lang='grc' dir='ltr'>ὓδωρ</span> <span class='ocrx_word' id='word_1_275' title='bbox 1188 2253 1287 2324; x_wconf 82' lang='grc' dir='ltr'>τῆς</span> <span class='ocrx_word' id='word_1_276' title='bbox 1320 2250 1621 2320; x_wconf 74' lang='grc' dir='ltr'>θαλάσσης.</span> <span class='ocrx_word' id='word_1_277' title='bbox 1666 2269 1683 2299; x_wconf 76' lang='grc' dir='ltr'><strong>ι</strong></span> <span class='ocrx_word' id='word_1_278' title='bbox 1716 2249 1780 2300; x_wconf 85' lang='grc' dir='ltr'><strong>υἱ</strong></span> 
     </span>
    </p>
   </div>
   <div class='ocr_carea' id='block_1_39' title="bbox 169 2341 1780 2421">
    <p class='ocr_par' dir='ltr' id='par_1_39' title="bbox 169 2341 1780 2421">
     <span class='ocr_line' id='line_1_39' title="bbox 169 2341 1780 2421; baseline -0.007 -17"><span class='ocrx_word' id='word_1_279' title='bbox 169 2352 229 2404; x_wconf 83' lang='grc' dir='ltr'>δὲ</span> <span class='ocrx_word' id='word_1_280' title='bbox 255 2350 363 2421; x_wconf 72' lang='grc' dir='ltr'>τῆς</span> <span class='ocrx_word' id='word_1_281' title='bbox 395 2349 615 2421; x_wconf 86' lang='grc' dir='ltr'>μερίδος</span> <span class='ocrx_word' id='word_1_282' title='bbox 653 2349 932 2419; x_wconf 88' lang='grc' dir='ltr'>γενόμενοι</span> <span class='ocrx_word' id='word_1_283' title='bbox 974 2344 1069 2400; x_wconf 85' lang='grc' dir='ltr'><strong>τοῦ</strong></span> <span class='ocrx_word' id='word_1_284' title='bbox 1116 2344 1252 2399; x_wconf 88' lang='grc' dir='ltr'>Θεοῦ</span> <span class='ocrx_word' id='word_1_285' title='bbox 1306 2341 1780 2414; x_wconf 82' lang='grc' dir='ltr'>εὐφρανθήσονται</span> 
     </span>
    </p>
   </div>
   <div class='ocr_carea' id='block_1_40' title="bbox 171 2434 1780 2514">
    <p class='ocr_par' dir='ltr' id='par_1_40' title="bbox 171 2434 1780 2514">
     <span class='ocr_line' id='line_1_40' title="bbox 171 2434 1780 2514; baseline -0.007 -17"><span class='ocrx_word' id='word_1_286' title='bbox 171 2444 298 2514; x_wconf 70' lang='grc' dir='ltr'>ἅμα</span> <span class='ocrx_word' id='word_1_287' title='bbox 331 2446 398 2514; x_wconf 79' lang='grc' dir='ltr'>τῇ</span> <span class='ocrx_word' id='word_1_288' title='bbox 431 2441 559 2514; x_wconf 75' lang='grc' dir='ltr'>δόξῃ</span> <span class='ocrx_word' id='word_1_289' title='bbox 591 2440 685 2494; x_wconf 86' lang='grc' dir='ltr'><strong>τοῦ</strong></span> <span class='ocrx_word' id='word_1_290' title='bbox 737 2441 942 2512; x_wconf 90' lang='grc' dir='ltr'>Κυρίου</span> <span class='ocrx_word' id='word_1_291' title='bbox 963 2457 974 2468; x_wconf 89' lang='grc'><strong>·</strong></span> <span class='ocrx_word' id='word_1_292' title='bbox 1006 2439 1129 2492; x_wconf 84' lang='grc' dir='ltr'>τότε</span> <span class='ocrx_word' id='word_1_293' title='bbox 1165 2437 1275 2508; x_wconf 81' lang='grc' dir='ltr'><strong>γὰρ</strong></span> <span class='ocrx_word' id='word_1_294' title='bbox 1309 2437 1472 2499; x_wconf 85' lang='grc' dir='ltr'>αὐτὸς</span> <span class='ocrx_word' id='word_1_295' title='bbox 1505 2437 1535 2487; x_wconf 88' lang='grc' dir='ltr'>ό</span> <span class='ocrx_word' id='word_1_296' title='bbox 1575 2434 1780 2505; x_wconf 86' lang='grc' dir='ltr'>Κύριος</span> 
     </span>
    </p>
   </div>
   <div class='ocr_carea' id='block_1_41' title="bbox 169 2526 1779 2606">
    <p class='ocr_par' dir='ltr' id='par_1_41' title="bbox 169 2526 1779 2606">
     <span class='ocr_line' id='line_1_41' title="bbox 169 2526 1779 2606; baseline -0.008 -15"><span class='ocrx_word' id='word_1_297' title='bbox 169 2537 467 2591; x_wconf 74' lang='grc' dir='ltr'>ἐλεύσεται</span> <span class='ocrx_word' id='word_1_298' title='bbox 501 2537 560 2588; x_wconf 82' lang='grc' dir='ltr'>ὲν</span> <span class='ocrx_word' id='word_1_299' title='bbox 583 2537 650 2606; x_wconf 80' lang='grc' dir='ltr'>τῇ</span> <span class='ocrx_word' id='word_1_300' title='bbox 680 2532 806 2605; x_wconf 77' lang='grc' dir='ltr'>δόξῃ</span> <span class='ocrx_word' id='word_1_301' title='bbox 838 2532 932 2586; x_wconf 86' lang='grc' dir='ltr'><strong>τοῦ</strong></span> <span class='ocrx_word' id='word_1_302' title='bbox 970 2532 1184 2602; x_wconf 82' lang='grc' dir='ltr'>Πατρὸς</span> <span class='ocrx_word' id='word_1_303' title='bbox 1226 2528 1392 2584; x_wconf 88' lang='grc' dir='ltr'>αὐτοῦ</span> <span class='ocrx_word' id='word_1_304' title='bbox 1437 2529 1576 2599; x_wconf 82' lang='grc' dir='ltr'><strong>μετά</strong></span> <span class='ocrx_word' id='word_1_305' title='bbox 1617 2526 1779 2580; x_wconf 87' lang='grc' dir='ltr'>δυνά-</span> 
     </span>
    </p>
   </div>
   <div class='ocr_carea' id='block_1_42' title="bbox 173 2615 1780 2699">
    <p class='ocr_par' dir='ltr' id='par_1_42' title="bbox 173 2615 1780 2699">
     <span class='ocr_line' id='line_1_42' title="bbox 173 2615 1780 2699; baseline 0.003 -1"><span class='ocrx_word' id='word_1_306' title='bbox 173 2645 334 2699; x_wconf 70' lang='grc' dir='ltr'>μεως</span> <span class='ocrx_word' id='word_1_307' title='bbox 358 2627 456 2680; x_wconf 78' lang='grc' dir='ltr'>καὶ</span> <span class='ocrx_word' id='word_1_308' title='bbox 485 2625 644 2696; x_wconf 81' lang='grc' dir='ltr'>δόξης</span> <span class='ocrx_word' id='word_1_309' title='bbox 678 2624 898 2694; x_wconf 70' lang='grc' dir='ltr'>πολλῆς.</span> <span class='ocrx_word' id='word_1_310' title='bbox 955 2622 1079 2675; x_wconf 71' lang='grc' dir='ltr'><strong>Ἐπὶ</strong></span> <span class='ocrx_word' id='word_1_311' title='bbox 1115 2621 1288 2692; x_wconf 80' lang='grc' dir='ltr'>ταύτῃ</span> <span class='ocrx_word' id='word_1_312' title='bbox 1337 2619 1516 2673; x_wconf 80' lang='grc' dir='ltr'>τοίνυν</span> <span class='ocrx_word' id='word_1_313' title='bbox 1550 2620 1616 2688; x_wconf 71' lang='grc' dir='ltr'><strong>τῇ</strong></span> <span class='ocrx_word' id='word_1_314' title='bbox 1653 2615 1780 2686; x_wconf 64' lang='grc' dir='ltr'><strong>δόξῃ</strong></span> 
     </span>
    </p>
   </div>
   <div class='ocr_carea' id='block_1_43' title="bbox 169 2709 1781 2786">
    <p class='ocr_par' dir='ltr' id='par_1_43' title="bbox 169 2709 1781 2786">
     <span class='ocr_line' id='line_1_43' title="bbox 169 2709 1781 2786; baseline -0.009 -14"><span class='ocrx_word' id='word_1_315' title='bbox 169 2717 273 2772; x_wconf 85' lang='grc' dir='ltr'><strong>τοῦ</strong></span> <span class='ocrx_word' id='word_1_316' title='bbox 327 2716 538 2771; x_wconf 75' lang='grc' dir='ltr'>ἑαυτῶν</span> <span class='ocrx_word' id='word_1_317' title='bbox 591 2715 797 2786; x_wconf 82' lang='grc' dir='ltr'>Κυρίου</span> <span class='ocrx_word' id='word_1_318' title='bbox 851 2713 1323 2784; x_wconf 78' lang='grc' dir='ltr'>εὐφρανθήσονται</span> <span class='ocrx_word' id='word_1_319' title='bbox 1370 2711 1420 2761; x_wconf 80' lang='grc' dir='ltr'>οἱ</span> <span class='ocrx_word' id='word_1_320' title='bbox 1471 2709 1640 2762; x_wconf 78' lang='grc' dir='ltr'>πάλαι</span> <span class='ocrx_word' id='word_1_321' title='bbox 1697 2709 1781 2770; x_wconf 89' lang='grc' dir='ltr'>εἰς</span> 
     </span>
    </p>
   </div>
   <div class='ocr_carea' id='block_1_44' title="bbox 170 2797 1782 2877">
    <p class='ocr_par' dir='ltr' id='par_1_44' title="bbox 170 2797 1782 2877">
     <span class='ocr_line' id='line_1_44' title="bbox 170 2797 1782 2877; baseline -0.007 -15"><span class='ocrx_word' id='word_1_322' title='bbox 170 2808 348 2862; x_wconf 76' lang='grc' dir='ltr'>αὐτὸν</span> <span class='ocrx_word' id='word_1_323' title='bbox 373 2807 687 2877; x_wconf 68' lang='grc' dir='ltr'><strong>⁴Ιιλπιιιότες.</strong></span> <span class='ocrx_word' id='word_1_324' title='bbox 739 2803 886 2857; x_wconf 72' lang='grc' dir='ltr'>Ἀντὶ</span> <span class='ocrx_word' id='word_1_325' title='bbox 925 2803 982 2855; x_wconf 87' lang='grc' dir='ltr'>δὲ</span> <span class='ocrx_word' id='word_1_326' title='bbox 1022 2802 1138 2865; x_wconf 89' lang='grc' dir='ltr'>τοῦ,</span> <span class='ocrx_word' id='word_1_327' title='bbox 1195 2822 1214 2854; x_wconf 82' lang='grc' dir='ltr'><strong>ι</strong></span> <span class='ocrx_word' id='word_1_328' title='bbox 1266 2799 1684 2871; x_wconf 83' lang='grc' dir='ltr'>Ταραχθήσεται</span> <span class='ocrx_word' id='word_1_329' title='bbox 1721 2797 1782 2850; x_wconf 87' lang='grc' dir='ltr'>τὸ</span> 
     </span>
    </p>
   </div>
   <div class='ocr_carea' id='block_1_45' title="bbox 172 2891 1774 2968">
    <p class='ocr_par' dir='ltr' id='par_1_45' title="bbox 172 2891 1774 2968">
     <span class='ocr_line' id='line_1_45' title="bbox 172 2891 1774 2968; baseline -0.007 -18"><span class='ocrx_word' id='word_1_330' title='bbox 172 2898 331 2968; x_wconf 77' lang='grc' dir='ltr'>ὕδωρ</span> <span class='ocrx_word' id='word_1_331' title='bbox 354 2897 456 2967; x_wconf 84' lang='grc' dir='ltr'>τῆς</span> <span class='ocrx_word' id='word_1_332' title='bbox 480 2896 776 2966; x_wconf 76' lang='grc' dir='ltr'>θαλάσσης,</span> <span class='ocrx_word' id='word_1_333' title='bbox 819 2912 836 2945; x_wconf 85' lang='grc' dir='ltr'><strong>ι</strong></span> <span class='ocrx_word' id='word_1_334' title='bbox 877 2911 897 2945; x_wconf 75' lang='grc' dir='ltr'><strong>ι</strong></span> <span class='ocrx_word' id='word_1_335' title='bbox 932 2894 1183 2963; x_wconf 85' lang='grc' dir='ltr'>Ἤχησαν</span> <span class='ocrx_word' id='word_1_336' title='bbox 1219 2891 1388 2946; x_wconf 77' lang='grc' dir='ltr'>ὕδατα</span> <span class='ocrx_word' id='word_1_337' title='bbox 1421 2891 1719 2958; x_wconf 83' lang='grc' dir='ltr'>θαλάσσης,</span> <span class='ocrx_word' id='word_1_338' title='bbox 1755 2906 1774 2938; x_wconf 82' lang='grc' dir='ltr'><strong>ι</strong></span> 
     </span>
    </p>
   </div>
   <div class='ocr_carea' id='block_1_46' title="bbox 171 2981 1778 3060">
    <p class='ocr_par' dir='ltr' id='par_1_46' title="bbox 171 2981 1778 3060">
     <span class='ocr_line' id='line_1_46' title="bbox 171 2981 1778 3060; baseline -0.006 -17"><span class='ocrx_word' id='word_1_339' title='bbox 171 2989 478 3043; x_wconf 78' lang='grc' dir='ltr'>Θεοδατίων</span> <span class='ocrx_word' id='word_1_340' title='bbox 498 2989 832 3060; x_wconf 79' lang='grc' dir='ltr'>ἡρμήνευσε,</span> <span class='ocrx_word' id='word_1_341' title='bbox 855 2985 1134 3056; x_wconf 72' lang='grc' dir='ltr'>σημαίνων</span> <span class='ocrx_word' id='word_1_342' title='bbox 1152 2985 1212 3036; x_wconf 85' lang='grc' dir='ltr'>τὸ</span> <span class='ocrx_word' id='word_1_343' title='bbox 1239 2982 1466 3054; x_wconf 83' lang='grc' dir='ltr'>μέγεθος</span> <span class='ocrx_word' id='word_1_344' title='bbox 1489 2985 1586 3052; x_wconf 83' lang='grc' dir='ltr'>τῆς</span> <span class='ocrx_word' id='word_1_345' title='bbox 1610 2981 1778 3051; x_wconf 73' lang='grc' dir='ltr'>ζωῆς,</span> 
     </span>
    </p>
   </div>
   <div class='ocr_carea' id='block_1_47' title="bbox 173 3075 1781 3156">
    <p class='ocr_par' dir='ltr' id='par_1_47' title="bbox 173 3075 1781 3156">
     <span class='ocr_line' id='line_1_47' title="bbox 173 3075 1781 3156; baseline -0.012 -13"><span class='ocrx_word' id='word_1_346' title='bbox 173 3078 209 3156; x_wconf 82' lang='grc' dir='ltr'>ᾖ</span> <span class='ocrx_word' id='word_1_347' title='bbox 245 3081 550 3154; x_wconf 73' lang='grc' dir='ltr'>χρῄζονται</span> <span class='ocrx_word' id='word_1_348' title='bbox 579 3082 627 3133; x_wconf 90' lang='grc' dir='ltr'>οἱ</span> <span class='ocrx_word' id='word_1_349' title='bbox 655 3078 969 3147; x_wconf 78' lang='grc' dir='ltr'>δοξάζοντες</span> <span class='ocrx_word' id='word_1_350' title='bbox 1011 3079 1104 3132; x_wconf 80' lang='grc' dir='ltr'>τὸν</span> <span class='ocrx_word' id='word_1_351' title='bbox 1145 3077 1353 3130; x_wconf 69' lang='grc' dir='ltr'>ἑαυτῶν</span> <span class='ocrx_word' id='word_1_352' title='bbox 1387 3078 1620 3146; x_wconf 70' lang='grc' dir='ltr'>Κύριονο</span> <span class='ocrx_word' id='word_1_353' title='bbox 1661 3075 1781 3145; x_wconf 69' lang='grc' dir='ltr'><strong>ἤχῳ</strong></span> 
     </span>
    </p>
   </div>
   <div class='ocr_carea' id='block_1_48' title="bbox 173 3169 1598 3246">
    <p class='ocr_par' dir='ltr' id='par_1_48' title="bbox 173 3169 1598 3246">
     <span class='ocr_line' id='line_1_48' title="bbox 173 3169 1598 3246; baseline -0.006 -18"><span class='ocrx_word' id='word_1_354' title='bbox 173 3175 291 3246; x_wconf 84' lang='grc' dir='ltr'><strong>γὰρ</strong></span> <span class='ocrx_word' id='word_1_355' title='bbox 325 3174 604 3242; x_wconf 80' lang='grc' dir='ltr'>θαλάσσης</span> <span class='ocrx_word' id='word_1_356' title='bbox 629 3171 1113 3244; x_wconf 78' lang='grc' dir='ltr'>παραϐληθήσεται</span> <span class='ocrx_word' id='word_1_357' title='bbox 1145 3169 1324 3223; x_wconf 86' lang='grc' dir='ltr'>αὐτῶν</span> <span class='ocrx_word' id='word_1_358' title='bbox 1353 3171 1387 3240; x_wconf 85' lang='grc' dir='ltr'><strong>ή</strong></span> <span class='ocrx_word' id='word_1_359' title='bbox 1424 3169 1598 3238; x_wconf 85' lang='grc' dir='ltr'>φωνή.</span> 
     </span>
    </p>
   </div>
   <div class='ocr_carea' id='block_1_49' title="bbox 253 3260 1779 3335">
    <p class='ocr_par' dir='ltr' id='par_1_49' title="bbox 253 3260 1779 3335">
     <span class='ocr_line' id='line_1_49' title="bbox 253 3260 1779 3335; baseline -0.003 -15"><span class='ocrx_word' id='word_1_360' title='bbox 253 3287 276 3320; x_wconf 75' lang='grc' dir='ltr'><strong>ι</strong></span> <span class='ocrx_word' id='word_1_361' title='bbox 321 3269 424 3322; x_wconf 80' lang='grc' dir='ltr'>Διά</span> <span class='ocrx_word' id='word_1_362' title='bbox 453 3265 613 3319; x_wconf 87' lang='grc' dir='ltr'>τοῦτο</span> <span class='ocrx_word' id='word_1_363' title='bbox 646 3267 680 3335; x_wconf 88' lang='grc' dir='ltr'><strong>ή</strong></span> <span class='ocrx_word' id='word_1_364' title='bbox 709 3264 836 3332; x_wconf 79' lang='grc' dir='ltr'>δόξα</span> <span class='ocrx_word' id='word_1_365' title='bbox 876 3263 1081 3334; x_wconf 78' lang='grc' dir='ltr'>Κυρίου</span> <span class='ocrx_word' id='word_1_366' title='bbox 1115 3265 1173 3315; x_wconf 86' lang='grc' dir='ltr'>ἐν</span> <span class='ocrx_word' id='word_1_367' title='bbox 1218 3264 1339 3326; x_wconf 88' lang='grc' dir='ltr'>ταῖς</span> <span class='ocrx_word' id='word_1_368' title='bbox 1386 3263 1569 3332; x_wconf 86' lang='grc' dir='ltr'>νήσοις</span> <span class='ocrx_word' id='word_1_369' title='bbox 1625 3260 1779 3315; x_wconf 77' lang='grc' dir='ltr'>ἔσται</span> 
     </span>
    </p>
   </div>
   <div class='ocr_carea' id='block_1_50' title="bbox 171 3352 1781 3434">
    <p class='ocr_par' dir='ltr' id='par_1_50' title="bbox 171 3352 1781 3434">
     <span class='ocr_line' id='line_1_50' title="bbox 171 3352 1781 3434; baseline -0.006 -21"><span class='ocrx_word' id='word_1_370' title='bbox 171 3362 278 3434; x_wconf 78' lang='grc' dir='ltr'>τῆς</span> <span class='ocrx_word' id='word_1_371' title='bbox 311 3357 614 3428; x_wconf 73' lang='grc' dir='ltr'>θαλάσσης.</span> <span class='ocrx_word' id='word_1_372' title='bbox 653 3375 671 3407; x_wconf 85' lang='grc' dir='ltr'><strong>ι</strong></span> <span class='ocrx_word' id='word_1_373' title='bbox 709 3357 842 3420; x_wconf 85' lang='grc' dir='ltr'>Ταῖς</span> <span class='ocrx_word' id='word_1_374' title='bbox 884 3355 1236 3426; x_wconf 86' lang='grc' dir='ltr'>Ἐκκλησίαις</span> <span class='ocrx_word' id='word_1_375' title='bbox 1283 3352 1483 3424; x_wconf 87' lang='grc' dir='ltr'>δηλαδὴ</span> <span class='ocrx_word' id='word_1_376' title='bbox 1521 3358 1642 3416; x_wconf 88' lang='grc' dir='ltr'>ταῖς</span> <span class='ocrx_word' id='word_1_377' title='bbox 1685 3369 1781 3423; x_wconf 91' lang='grc' dir='ltr'>με-</span> 
     </span>
    </p>
   </div>
   <div class='ocr_carea' id='block_1_51' title="bbox 171 3445 1781 3518">
    <p class='ocr_par' dir='ltr' id='par_1_51' title="bbox 171 3445 1781 3518">
     <span class='ocr_line' id='line_1_51' title="bbox 171 3445 1781 3518; baseline -0.006 -13"><span class='ocrx_word' id='word_1_378' title='bbox 171 3451 316 3518; x_wconf 78' lang='grc' dir='ltr'>ταξὺ</span> <span class='ocrx_word' id='word_1_379' title='bbox 365 3450 537 3503; x_wconf 86' lang='grc' dir='ltr'>πάλαι</span> <span class='ocrx_word' id='word_1_380' title='bbox 575 3450 684 3502; x_wconf 86' lang='grc' dir='ltr'><strong>τῶν</strong></span> <span class='ocrx_word' id='word_1_381' title='bbox 734 3448 979 3501; x_wconf 84' lang='grc' dir='ltr'>ἀπίστων</span> <span class='ocrx_word' id='word_1_382' title='bbox 1038 3446 1240 3508; x_wconf 74' lang='grc' dir='ltr'>ἐθνῶν,</span> <span class='ocrx_word' id='word_1_383' title='bbox 1291 3445 1481 3515; x_wconf 85' lang='grc' dir='ltr'>ὥσπερ</span> <span class='ocrx_word' id='word_1_384' title='bbox 1521 3446 1578 3498; x_wconf 82' lang='grc' dir='ltr'>ἐν</span> <span class='ocrx_word' id='word_1_385' title='bbox 1628 3445 1781 3516; x_wconf 83' lang='grc' dir='ltr'>μέσῳ</span> 
     </span>
    </p>
   </div>
   <div class='ocr_carea' id='block_1_52' title="bbox 173 3537 1778 3614">
    <p class='ocr_par' dir='ltr' id='par_1_52' title="bbox 173 3537 1778 3614">
     <span class='ocr_line' id='line_1_52' title="bbox 173 3537 1778 3614; baseline -0.004 -18"><span class='ocrx_word' id='word_1_386' title='bbox 173 3545 484 3614; x_wconf 80' lang='grc' dir='ltr'>θαλάσσης,</span> <span class='ocrx_word' id='word_1_387' title='bbox 513 3539 974 3611; x_wconf 85' lang='grc' dir='ltr'>ἀπειλημμέναις,</span> <span class='ocrx_word' id='word_1_388' title='bbox 994 3537 1080 3607; x_wconf 71' lang='grc' dir='ltr'><strong>ἐφ’</strong></span> <span class='ocrx_word' id='word_1_389' title='bbox 1099 3537 1166 3601; x_wconf 76' lang='grc' dir='ltr'>ἃς</span> <span class='ocrx_word' id='word_1_390' title='bbox 1198 3540 1232 3606; x_wconf 86' lang='grc' dir='ltr'><strong>ή</strong></span> <span class='ocrx_word' id='word_1_391' title='bbox 1265 3537 1393 3600; x_wconf 80' lang='grc' dir='ltr'>δόξα</span> <span class='ocrx_word' id='word_1_392' title='bbox 1422 3538 1629 3608; x_wconf 83' lang='grc' dir='ltr'>Κυρίου</span> <span class='ocrx_word' id='word_1_393' title='bbox 1655 3539 1778 3590; x_wconf 83' lang='grc' dir='ltr'>ἐπι-</span> 
     </span>
    </p>
   </div>
   <div class='ocr_carea' id='block_1_53' title="bbox 171 3627 1783 3707">
    <p class='ocr_par' dir='ltr' id='par_1_53' title="bbox 171 3627 1783 3707">
     <span class='ocr_line' id='line_1_53' title="bbox 171 3627 1783 3707; baseline -0.006 -18"><span class='ocrx_word' id='word_1_394' title='bbox 171 3636 387 3707; x_wconf 72' lang='grc' dir='ltr'>λάμψει</span> <span class='ocrx_word' id='word_1_395' title='bbox 414 3633 560 3687; x_wconf 86' lang='grc' dir='ltr'>τότε.</span> <span class='ocrx_word' id='word_1_396' title='bbox 595 3650 614 3682; x_wconf 81' lang='grc' dir='ltr'><strong>ι</strong></span> <span class='ocrx_word' id='word_1_397' title='bbox 638 3632 712 3684; x_wconf 82' lang='grc' dir='ltr'><strong>Τὸ</strong></span> <span class='ocrx_word' id='word_1_398' title='bbox 735 3631 903 3701; x_wconf 72' lang='grc' dir='ltr'>ὄνομα</span> <span class='ocrx_word' id='word_1_399' title='bbox 932 3630 1142 3700; x_wconf 77' lang='grc' dir='ltr'>Κυρίου</span> <span class='ocrx_word' id='word_1_400' title='bbox 1165 3627 1372 3692; x_wconf 81' lang='grc' dir='ltr'>ἔνδοξον</span> <span class='ocrx_word' id='word_1_401' title='bbox 1403 3627 1574 3682; x_wconf 80' lang='grc' dir='ltr'>ἔσται.</span> <span class='ocrx_word' id='word_1_402' title='bbox 1607 3628 1783 3699; x_wconf 82' lang='grc' dir='ltr'>Κύριε</span> 
     </span>
    </p>
   </div>
   <div class='ocr_carea' id='block_1_54' title="bbox 168 3719 1782 3796">
    <p class='ocr_par' dir='ltr' id='par_1_54' title="bbox 168 3719 1782 3796">
     <span class='ocr_line' id='line_1_54' title="bbox 168 3719 1782 3796; baseline -0.006 -16"><span class='ocrx_word' id='word_1_403' title='bbox 168 3729 201 3781; x_wconf 76' lang='grc' dir='ltr'><strong>ὁ</strong></span> <span class='ocrx_word' id='word_1_404' title='bbox 227 3727 369 3789; x_wconf 79' lang='grc' dir='ltr'>Θεὸς</span> <span class='ocrx_word' id='word_1_405' title='bbox 413 3723 652 3796; x_wconf 77' lang='grc' dir='ltr'>Ἰσραὴλ,</span> <span class='ocrx_word' id='word_1_406' title='bbox 678 3722 790 3776; x_wconf 82' lang='grc' dir='ltr'>άπὸ</span> <span class='ocrx_word' id='word_1_407' title='bbox 822 3720 931 3774; x_wconf 86' lang='grc' dir='ltr'><strong>τῶν</strong></span> <span class='ocrx_word' id='word_1_408' title='bbox 975 3720 1263 3791; x_wconf 79' lang='grc' dir='ltr'>πτερύγιον</span> <span class='ocrx_word' id='word_1_409' title='bbox 1298 3719 1397 3789; x_wconf 81' lang='grc' dir='ltr'>τῆς</span> <span class='ocrx_word' id='word_1_410' title='bbox 1428 3721 1532 3790; x_wconf 88' lang='grc' dir='ltr'>γῆς</span> <span class='ocrx_word' id='word_1_411' title='bbox 1577 3720 1782 3791; x_wconf 91' lang='grc' dir='ltr'>τέρατα</span> 
     </span>
    </p>
   </div>
   <div class='ocr_carea' id='block_1_55' title="bbox 169 3809 1782 3888">
    <p class='ocr_par' dir='ltr' id='par_1_55' title="bbox 169 3809 1782 3888">
     <span class='ocr_line' id='line_1_55' title="bbox 169 3809 1782 3888; baseline -0.005 -17"><span class='ocrx_word' id='word_1_412' title='bbox 169 3816 478 3888; x_wconf 65' lang='grc' dir='ltr'>ἠκούομεν,</span> <span class='ocrx_word' id='word_1_413' title='bbox 506 3815 663 3877; x_wconf 67' lang='grc' dir='ltr'>ἐλπὶς</span> <span class='ocrx_word' id='word_1_414' title='bbox 693 3811 774 3883; x_wconf 84' lang='grc' dir='ltr'>τῷ</span> <span class='ocrx_word' id='word_1_415' title='bbox 800 3809 1034 3865; x_wconf 75' lang='grc' dir='ltr'>εὐσεϐεῖ.</span> <span class='ocrx_word' id='word_1_416' title='bbox 1072 3811 1230 3864; x_wconf 84' lang='grc' dir='ltr'><strong>Κατά</strong></span> <span class='ocrx_word' id='word_1_417' title='bbox 1257 3809 1313 3862; x_wconf 84' lang='grc' dir='ltr'>δὲ</span> <span class='ocrx_word' id='word_1_418' title='bbox 1347 3810 1440 3862; x_wconf 82' lang='grc' dir='ltr'><strong>τὸν</strong></span> <span class='ocrx_word' id='word_1_419' title='bbox 1484 3809 1782 3880; x_wconf 82' lang='grc' dir='ltr'>Σύμμαχον</span> 
     </span>
    </p>
   </div>
   <div class='ocr_carea' id='block_1_56' title="bbox 168 3898 1784 3974">
    <p class='ocr_par' dir='ltr' id='par_1_56' title="bbox 168 3898 1784 3974">
     <span class='ocr_line' id='line_1_56' title="bbox 168 3898 1784 3974; baseline -0.007 -8"><span class='ocrx_word' id='word_1_420' title='bbox 168 3912 272 3966; x_wconf 76' lang='grc' dir='ltr'>καὶ</span> <span class='ocrx_word' id='word_1_421' title='bbox 304 3909 662 3967; x_wconf 79' lang='grc' dir='ltr'>Θεοδιιτίωνα.</span> <span class='ocrx_word' id='word_1_422' title='bbox 690 3924 709 3958; x_wconf 81' lang='grc' dir='ltr'><strong>ι</strong></span> <span class='ocrx_word' id='word_1_423' title='bbox 744 3906 880 3959; x_wconf 81' lang='grc' dir='ltr'><strong>Ἀπὸ</strong></span> <span class='ocrx_word' id='word_1_424' title='bbox 911 3903 1021 3957; x_wconf 91' lang='grc' dir='ltr'><strong>τῶν</strong></span> <span class='ocrx_word' id='word_1_425' title='bbox 1049 3898 1338 3974; x_wconf 80' lang='grc' dir='ltr'>πτερύγων</span> <span class='ocrx_word' id='word_1_426' title='bbox 1381 3903 1480 3972; x_wconf 81' lang='grc' dir='ltr'>τῆς</span> <span class='ocrx_word' id='word_1_427' title='bbox 1508 3905 1613 3973; x_wconf 82' lang='grc' dir='ltr'>γῆς</span> <span class='ocrx_word' id='word_1_428' title='bbox 1645 3902 1784 3971; x_wconf 74' lang='grc' dir='ltr'>ψαλ-</span> 
     </span>
    </p>
   </div>
   <div class='ocr_carea' id='block_1_57' title="bbox 177 3992 1780 4074">
    <p class='ocr_par' dir='ltr' id='par_1_57' title="bbox 177 3992 1780 4074">
     <span class='ocr_line' id='line_1_57' title="bbox 177 3992 1780 4074; baseline -0.009 -17"><span class='ocrx_word' id='word_1_429' title='bbox 177 4005 322 4074; x_wconf 78' lang='grc' dir='ltr'>μοὺς</span> <span class='ocrx_word' id='word_1_430' title='bbox 365 4000 718 4071; x_wconf 74' lang='grc' dir='ltr'>ἠκούσαμενο</span> <span class='ocrx_word' id='word_1_431' title='bbox 762 4016 781 4046; x_wconf 79' lang='grc' dir='ltr'><strong>ι</strong></span> <span class='ocrx_word' id='word_1_432' title='bbox 818 3995 961 4051; x_wconf 84' lang='grc' dir='ltr'>κατὰ</span> <span class='ocrx_word' id='word_1_433' title='bbox 1000 3994 1058 4048; x_wconf 77' lang='grc' dir='ltr'>δὲ</span> <span class='ocrx_word' id='word_1_434' title='bbox 1097 3994 1190 4046; x_wconf 73' lang='grc' dir='ltr'>τὸν</span> <span class='ocrx_word' id='word_1_435' title='bbox 1256 3992 1507 4055; x_wconf 82' lang='grc' dir='ltr'>Ἀκύλαν,</span> <span class='ocrx_word' id='word_1_436' title='bbox 1544 4011 1562 4042; x_wconf 80' lang='grc' dir='ltr'><strong>ι</strong></span> <span class='ocrx_word' id='word_1_437' title='bbox 1605 3992 1780 4062; x_wconf 83' lang='grc' dir='ltr'>μελῳ-</span> 
     </span>
    </p>
   </div>
   <div class='ocr_carea' id='block_1_58' title="bbox 169 4083 1779 4161">
    <p class='ocr_par' dir='ltr' id='par_1_58' title="bbox 169 4083 1779 4161">
     <span class='ocr_line' id='line_1_58' title="bbox 169 4083 1779 4161; baseline -0.008 -13"><span class='ocrx_word' id='word_1_438' title='bbox 169 4095 320 4157; x_wconf 81' lang='grc' dir='ltr'>δίας.</span> <span class='ocrx_word' id='word_1_439' title='bbox 367 4113 385 4143; x_wconf 77' lang='grc' dir='ltr'><strong>ι</strong></span> <span class='ocrx_word' id='word_1_440' title='bbox 434 4094 495 4146; x_wconf 88' lang='grc' dir='ltr'>Οἱ</span> <span class='ocrx_word' id='word_1_441' title='bbox 527 4091 638 4161; x_wconf 84' lang='grc' dir='ltr'>γὰρ</span> <span class='ocrx_word' id='word_1_442' title='bbox 671 4091 771 4160; x_wconf 79' lang='grc' dir='ltr'>τῆς</span> <span class='ocrx_word' id='word_1_443' title='bbox 810 4088 1025 4160; x_wconf 86' lang='grc' dir='ltr'>μερίδος</span> <span class='ocrx_word' id='word_1_444' title='bbox 1069 4086 1164 4140; x_wconf 86' lang='grc' dir='ltr'><strong>τοῦ</strong></span> <span class='ocrx_word' id='word_1_445' title='bbox 1215 4085 1372 4149; x_wconf 76' lang='grc' dir='ltr'>Θεοῦ,</span> <span class='ocrx_word' id='word_1_446' title='bbox 1421 4083 1520 4155; x_wconf 80' lang='grc' dir='ltr'>τὴν</span> <span class='ocrx_word' id='word_1_447' title='bbox 1562 4083 1779 4138; x_wconf 82' lang='grc' dir='ltr'>δικαίαν</span> 
     </span>
    </p>
   </div>
   <div class='ocr_carea' id='block_1_59' title="bbox 172 4176 1779 4256">
    <p class='ocr_par' dir='ltr' id='par_1_59' title="bbox 172 4176 1779 4256">
     <span class='ocr_line' id='line_1_59' title="bbox 172 4176 1779 4256; baseline -0.009 -14"><span class='ocrx_word' id='word_1_448' title='bbox 172 4185 349 4242; x_wconf 80' lang='grc' dir='ltr'>αὐτοῦ</span> <span class='ocrx_word' id='word_1_449' title='bbox 387 4185 569 4256; x_wconf 85' lang='grc' dir='ltr'>κρίσιν</span> <span class='ocrx_word' id='word_1_450' title='bbox 601 4179 1106 4252; x_wconf 75' lang='grc' dir='ltr'>ἀποθαυμάζοντες,</span> <span class='ocrx_word' id='word_1_451' title='bbox 1138 4177 1528 4248; x_wconf 78' lang='grc' dir='ltr'>εὐφραίνονται</span> <span class='ocrx_word' id='word_1_452' title='bbox 1564 4176 1680 4247; x_wconf 77' lang='grc' dir='ltr'>ἅμα</span> <span class='ocrx_word' id='word_1_453' title='bbox 1713 4179 1779 4246; x_wconf 81' lang='grc' dir='ltr'>τῇ</span> 
     </span>
    </p>
   </div>
   <div class='ocr_carea' id='block_1_60' title="bbox 170 4265 1782 4348">
    <p class='ocr_par' dir='ltr' id='par_1_60' title="bbox 170 4265 1782 4348">
     <span class='ocr_line' id='line_1_60' title="bbox 170 4265 1782 4348; baseline -0.007 -19"><span class='ocrx_word' id='word_1_454' title='bbox 170 4276 313 4348; x_wconf 76' lang='grc' dir='ltr'>δόξῃ</span> <span class='ocrx_word' id='word_1_455' title='bbox 347 4274 441 4327; x_wconf 78' lang='grc' dir='ltr'><strong>τοῦ</strong></span> <span class='ocrx_word' id='word_1_456' title='bbox 493 4273 724 4343; x_wconf 82' lang='grc' dir='ltr'>Κυρίου.</span> <span class='ocrx_word' id='word_1_457' title='bbox 763 4273 858 4324; x_wconf 75' lang='grc' dir='ltr'>καὶ</span> <span class='ocrx_word' id='word_1_458' title='bbox 906 4267 1323 4340; x_wconf 73' lang='grc' dir='ltr'>εὐφραινόμενοι</span> <span class='ocrx_word' id='word_1_459' title='bbox 1372 4265 1576 4336; x_wconf 76' lang='grc' dir='ltr'>ὕμνους</span> <span class='ocrx_word' id='word_1_460' title='bbox 1630 4266 1782 4335; x_wconf 83' lang='grc' dir='ltr'>αὐτῷ</span> 
     </span>
    </p>
   </div>
   <div class='ocr_carea' id='block_1_61' title="bbox 174 4350 1781 4434">
    <p class='ocr_par' dir='ltr' id='par_1_61' title="bbox 174 4350 1781 4434">
     <span class='ocr_line' id='line_1_61' title="bbox 174 4350 1781 4434; baseline -0.009 -14"><span class='ocrx_word' id='word_1_461' title='bbox 174 4368 276 4420; x_wconf 74' lang='grc' dir='ltr'>καὶ</span> <span class='ocrx_word' id='word_1_462' title='bbox 315 4363 634 4434; x_wconf 71' lang='grc' dir='ltr'>ψαλμῳδίας</span> <span class='ocrx_word' id='word_1_463' title='bbox 681 4359 1132 4431; x_wconf 76' lang='grc' dir='ltr'>εὐχαριστηρίους</span> <span class='ocrx_word' id='word_1_464' title='bbox 1177 4355 1618 4424; x_wconf 81' lang='grc' dir='ltr'>άναπέμπουσιν.</span> <span class='ocrx_word' id='word_1_465' title='bbox 1664 4350 1781 4407; x_wconf 74' lang='grc' dir='ltr'>Εἷτ²</span> 
     </span>
    </p>
   </div>
   <div class='ocr_carea' id='block_1_62' title="bbox 172 4444 1782 4523">
    <p class='ocr_par' dir='ltr' id='par_1_62' title="bbox 172 4444 1782 4523">
     <span class='ocr_line' id='line_1_62' title="bbox 172 4444 1782 4523; baseline -0.009 -13"><span class='ocrx_word' id='word_1_466' title='bbox 172 4456 452 4523; x_wconf 77' lang='grc' dir='ltr'>ἐπιλέγει,</span> <span class='ocrx_word' id='word_1_467' title='bbox 487 4473 504 4504; x_wconf 88' lang='grc' dir='ltr'><strong>ι</strong></span> <span class='ocrx_word' id='word_1_468' title='bbox 559 4453 743 4515; x_wconf 86' lang='grc' dir='ltr'>Ἐλπίς</span> <span class='ocrx_word' id='word_1_469' title='bbox 764 4450 840 4520; x_wconf 83' lang='grc' dir='ltr'>τῷ</span> <span class='ocrx_word' id='word_1_470' title='bbox 868 4447 1097 4502; x_wconf 77' lang='grc' dir='ltr'>εὐσεϐεῖ.</span> <span class='ocrx_word' id='word_1_471' title='bbox 1132 4467 1149 4496; x_wconf 77' lang='grc' dir='ltr'><strong>ι</strong></span> <span class='ocrx_word' id='word_1_472' title='bbox 1197 4444 1415 4515; x_wconf 79' lang='grc' dir='ltr'>Ἐπειδὴ</span> <span class='ocrx_word' id='word_1_473' title='bbox 1441 4447 1552 4516; x_wconf 84' lang='grc' dir='ltr'>γὰρ</span> <span class='ocrx_word' id='word_1_474' title='bbox 1580 4445 1649 4497; x_wconf 84' lang='grc' dir='ltr'>τὰ</span> <span class='ocrx_word' id='word_1_475' title='bbox 1668 4447 1782 4509; x_wconf 83' lang='grc' dir='ltr'>τοῖς</span> 
     </span>
    </p>
   </div>
   <div class='ocr_carea' id='block_1_63' title="bbox 173 4537 1858 4618">
    <p class='ocr_par' dir='ltr' id='par_1_63' title="bbox 173 4537 1858 4618">
     <span class='ocr_line' id='line_1_63' title="bbox 173 4537 1858 4618; baseline -0.009 -14"><span class='ocrx_word' id='word_1_476' title='bbox 173 4548 412 4604; x_wconf 79' lang='grc' dir='ltr'>ἀσεϐέσι</span> <span class='ocrx_word' id='word_1_477' title='bbox 443 4545 655 4617; x_wconf 82' lang='grc' dir='ltr'>διῆλθεν</span> <span class='ocrx_word' id='word_1_478' title='bbox 679 4542 1040 4614; x_wconf 66' lang='grc' dir='ltr'>ηπειλημένα,</span> <span class='ocrx_word' id='word_1_479' title='bbox 1085 4537 1213 4609; x_wconf 80' lang='grc' dir='ltr'><strong>ἑξῆς</strong></span> <span class='ocrx_word' id='word_1_480' title='bbox 1259 4537 1387 4609; x_wconf 82' lang='grc' dir='ltr'>περὶ</span> <span class='ocrx_word' id='word_1_481' title='bbox 1419 4539 1516 4607; x_wconf 79' lang='grc' dir='ltr'>τῆς</span> <span class='ocrx_word' id='word_1_482' title='bbox 1564 4537 1781 4609; x_wconf 86' lang='grc' dir='ltr'>μερίδος</span> <span class='ocrx_word' id='word_1_483' title='bbox 1817 4564 1858 4618; x_wconf 79' lang='lat' dir='ltr'><strong>D</strong></span> 
     </span>
    </p>
   </div>
   <div class='ocr_carea' id='block_1_64' title="bbox 174 4628 1780 4713">
    <p class='ocr_par' dir='ltr' id='par_1_64' title="bbox 174 4628 1780 4713">
     <span class='ocr_line' id='line_1_64' title="bbox 174 4628 1780 4713; baseline -0.009 -18"><span class='ocrx_word' id='word_1_484' title='bbox 174 4645 283 4713; x_wconf 80' lang='grc' dir='ltr'>τῆς</span> <span class='ocrx_word' id='word_1_485' title='bbox 326 4638 462 4693; x_wconf 82' lang='grc' dir='ltr'>Θεοῦ</span> <span class='ocrx_word' id='word_1_486' title='bbox 504 4640 802 4709; x_wconf 74' lang='grc' dir='ltr'>ἐπήγαγεν,</span> <span class='ocrx_word' id='word_1_487' title='bbox 850 4634 925 4696; x_wconf 83' lang='grc' dir='ltr'><strong>ὡς</strong></span> <span class='ocrx_word' id='word_1_488' title='bbox 968 4652 986 4684; x_wconf 82' lang='grc' dir='ltr'><strong>ι</strong></span> <span class='ocrx_word' id='word_1_489' title='bbox 1031 4629 1513 4702; x_wconf 82' lang='grc' dir='ltr'>Εὐφρανθήσονται</span> <span class='ocrx_word' id='word_1_490' title='bbox 1558 4628 1675 4708; x_wconf 75' lang='grc' dir='ltr'>ἅμα</span> <span class='ocrx_word' id='word_1_491' title='bbox 1712 4630 1780 4698; x_wconf 80' lang='grc' dir='ltr'>τῇ</span> 
     </span>
    </p>
   </div>
   <div class='ocr_carea' id='block_1_65' title="bbox 175 4719 1784 4804">
    <p class='ocr_par' dir='ltr' id='par_1_65' title="bbox 175 4719 1784 4804">
     <span class='ocr_line' id='line_1_65' title="bbox 175 4719 1784 4804; baseline -0.011 -16"><span class='ocrx_word' id='word_1_492' title='bbox 175 4734 316 4804; x_wconf 75' lang='grc' dir='ltr'>δόξῃ</span> <span class='ocrx_word' id='word_1_493' title='bbox 341 4731 572 4802; x_wconf 88' lang='grc' dir='ltr'>Κυρίου,</span> <span class='ocrx_word' id='word_1_494' title='bbox 603 4747 621 4780; x_wconf 83' lang='grc' dir='ltr'><strong>ι</strong></span> <span class='ocrx_word' id='word_1_495' title='bbox 648 4728 744 4783; x_wconf 73' lang='grc' dir='ltr'>καὶ</span> <span class='ocrx_word' id='word_1_496' title='bbox 764 4726 839 4788; x_wconf 86' lang='grc' dir='ltr'>ὼς</span> <span class='ocrx_word' id='word_1_497' title='bbox 879 4744 897 4775; x_wconf 83' lang='grc' dir='ltr'><strong>ι</strong></span> <span class='ocrx_word' id='word_1_498' title='bbox 944 4725 1007 4776; x_wconf 86' lang='lat' dir='ltr'><strong>&#39;H</strong></span> <span class='ocrx_word' id='word_1_499' title='bbox 1029 4721 1157 4786; x_wconf 76' lang='grc' dir='ltr'>δόξα</span> <span class='ocrx_word' id='word_1_500' title='bbox 1199 4719 1408 4791; x_wconf 85' lang='grc' dir='ltr'>Κυρίου</span> <span class='ocrx_word' id='word_1_501' title='bbox 1447 4721 1504 4772; x_wconf 83' lang='grc' dir='ltr'>ὲν</span> <span class='ocrx_word' id='word_1_502' title='bbox 1538 4722 1658 4783; x_wconf 83' lang='grc' dir='ltr'>ταῖς</span> <span class='ocrx_word' id='word_1_503' title='bbox 1689 4721 1784 4790; x_wconf 87' lang='grc' dir='ltr'>νή-</span> 
     </span>
    </p>
   </div>
   <div class='ocr_carea' id='block_1_66' title="bbox 179 4809 1785 4890">
    <p class='ocr_par' dir='ltr' id='par_1_66' title="bbox 179 4809 1785 4890">
     <span class='ocr_line' id='line_1_66' title="bbox 179 4809 1785 4890; baseline -0.009 -11"><span class='ocrx_word' id='word_1_504' title='bbox 179 4844 301 4888; x_wconf 86' lang='grc' dir='ltr'>σοις</span> <span class='ocrx_word' id='word_1_505' title='bbox 329 4823 517 4876; x_wconf 74' lang='grc' dir='ltr'>ἓσται·</span> <span class='ocrx_word' id='word_1_506' title='bbox 554 4841 574 4873; x_wconf 77' lang='grc' dir='ltr'><strong>ι</strong></span> <span class='ocrx_word' id='word_1_507' title='bbox 612 4822 688 4883; x_wconf 85' lang='grc' dir='ltr'>ὠς</span> <span class='ocrx_word' id='word_1_508' title='bbox 711 4820 776 4890; x_wconf 85' lang='grc' dir='ltr'>δὴ</span> <span class='ocrx_word' id='word_1_509' title='bbox 799 4817 898 4888; x_wconf 78' lang='grc' dir='ltr'>τὴν</span> <span class='ocrx_word' id='word_1_510' title='bbox 915 4813 1313 4886; x_wconf 83' lang='grc' dir='ltr'>δικαιοκρισίαν</span> <span class='ocrx_word' id='word_1_511' title='bbox 1350 4809 1447 4864; x_wconf 82' lang='grc' dir='ltr'><strong>τοῦ</strong></span> <span class='ocrx_word' id='word_1_512' title='bbox 1486 4811 1622 4864; x_wconf 84' lang='grc' dir='ltr'>Θεοῦ</span> <span class='ocrx_word' id='word_1_513' title='bbox 1661 4829 1785 4865; x_wconf 86' lang='grc' dir='ltr'>πα-</span> 
     </span>
    </p>
   </div>
   <div class='ocr_carea' id='block_1_67' title="bbox 179 4902 1784 4989">
    <p class='ocr_par' dir='ltr' id='par_1_67' title="bbox 179 4902 1784 4989">
     <span class='ocr_line' id='line_1_67' title="bbox 179 4902 1784 4989; baseline -0.01 -19"><span class='ocrx_word' id='word_1_514' title='bbox 179 4916 488 4989; x_wconf 75' lang='grc' dir='ltr'>ραστήσας,</span> <span class='ocrx_word' id='word_1_515' title='bbox 547 4909 856 4973; x_wconf 75' lang='grc' dir='ltr'>ἀκολούθως</span> <span class='ocrx_word' id='word_1_516' title='bbox 920 4908 1170 4978; x_wconf 74' lang='grc' dir='ltr'>ἐπήγαγε</span> <span class='ocrx_word' id='word_1_517' title='bbox 1216 4903 1311 4956; x_wconf 85' lang='grc' dir='ltr'><strong>τό·</strong></span> <span class='ocrx_word' id='word_1_518' title='bbox 1377 4923 1394 4953; x_wconf 84' lang='grc' dir='ltr'><strong>ι</strong></span> <span class='ocrx_word' id='word_1_519' title='bbox 1474 4902 1661 4966; x_wconf 74' lang='grc' dir='ltr'>Ἐλπὶς</span> <span class='ocrx_word' id='word_1_520' title='bbox 1704 4902 1784 4973; x_wconf 84' lang='grc' dir='ltr'>τῷ</span> 
     </span>
    </p>
   </div>
   <div class='ocr_carea' id='block_1_68' title="bbox 175 4993 1782 5073">
    <p class='ocr_par' dir='ltr' id='par_1_68' title="bbox 175 4993 1782 5073">
     <span class='ocr_line' id='line_1_68' title="bbox 175 4993 1782 5073; baseline -0.012 -11"><span class='ocrx_word' id='word_1_521' title='bbox 175 5007 428 5063; x_wconf 77' lang='grc' dir='ltr'>εὐσεϐεῖ·</span> <span class='ocrx_word' id='word_1_522' title='bbox 475 5025 494 5056; x_wconf 77' lang='grc' dir='ltr'><strong>ι</strong></span> <span class='ocrx_word' id='word_1_523' title='bbox 525 5004 690 5057; x_wconf 75' lang='grc' dir='ltr'>παντὶ</span> <span class='ocrx_word' id='word_1_524' title='bbox 718 5001 824 5073; x_wconf 84' lang='grc' dir='ltr'>γὰρ</span> <span class='ocrx_word' id='word_1_525' title='bbox 847 4999 1038 5067; x_wconf 81' lang='grc' dir='ltr'>δικαίῳ</span> <span class='ocrx_word' id='word_1_526' title='bbox 1063 4997 1157 5050; x_wconf 77' lang='grc' dir='ltr'>καὶ</span> <span class='ocrx_word' id='word_1_527' title='bbox 1196 4994 1412 5048; x_wconf 76' lang='grc' dir='ltr'>εὐσεὸεϊ</span> <span class='ocrx_word' id='word_1_528' title='bbox 1441 4993 1595 5064; x_wconf 72' lang='grc' dir='ltr'>ἀνδρὶ</span> <span class='ocrx_word' id='word_1_529' title='bbox 1624 4993 1782 5056; x_wconf 71' lang='grc' dir='ltr'>ὲλπὶς</span> 
     </span>
    </p>
   </div>
   <div class='ocr_carea' id='block_1_69' title="bbox 177 5094 1014 5172">
    <p class='ocr_par' dir='ltr' id='par_1_69' title="bbox 177 5094 1014 5172">
     <span class='ocr_line' id='line_1_69' title="bbox 177 5094 1014 5172; baseline -0.014 -16"><span class='ocrx_word' id='word_1_530' title='bbox 177 5099 370 5172; x_wconf 78' lang='grc' dir='ltr'>ἀγαθὴ</span> <span class='ocrx_word' id='word_1_531' title='bbox 401 5096 680 5168; x_wconf 84' lang='grc' dir='ltr'>σωτηρίας</span> <span class='ocrx_word' id='word_1_532' title='bbox 705 5094 1014 5146; x_wconf 84' lang='grc' dir='ltr'>ἀπόκειται.</span> 
     </span>
    </p>
   </div>
   <div class='ocr_carea' id='block_1_70' title="bbox 258 5175 1783 5261">
    <p class='ocr_par' dir='ltr' id='par_1_70' title="bbox 258 5175 1783 5261">
     <span class='ocr_line' id='line_1_70' title="bbox 258 5175 1783 5261; baseline -0.013 -14"><span class='ocrx_word' id='word_1_533' title='bbox 258 5212 280 5246; x_wconf 73' lang='grc' dir='ltr'><strong>ι</strong></span> <span class='ocrx_word' id='word_1_534' title='bbox 315 5191 431 5246; x_wconf 73' lang='grc' dir='ltr'>Καὶ</span> <span class='ocrx_word' id='word_1_535' title='bbox 463 5187 681 5261; x_wconf 79' lang='grc' dir='ltr'>ἐροῦσι·</span> <span class='ocrx_word' id='word_1_536' title='bbox 725 5185 861 5237; x_wconf 69' lang='grc' dir='ltr'>Οὐαὶ</span> <span class='ocrx_word' id='word_1_537' title='bbox 908 5185 1020 5244; x_wconf 80' lang='grc' dir='ltr'>τοῖς</span> <span class='ocrx_word' id='word_1_538' title='bbox 1066 5179 1345 5241; x_wconf 86' lang='grc' dir='ltr'>ἀθετοῦσι,</span> <span class='ocrx_word' id='word_1_539' title='bbox 1377 5179 1427 5230; x_wconf 83' lang='grc' dir='ltr'>οἱ</span> <span class='ocrx_word' id='word_1_540' title='bbox 1457 5175 1783 5239; x_wconf 78' lang='grc' dir='ltr'>ἀθετοῦντες</span> 
     </span>
    </p>
   </div>
   <div class='ocr_carea' id='block_1_71' title="bbox 175 5268 1788 5355">
    <p class='ocr_par' dir='ltr' id='par_1_71' title="bbox 175 5268 1788 5355">
     <span class='ocr_line' id='line_1_71' title="bbox 175 5268 1788 5355; baseline -0.011 -17"><span class='ocrx_word' id='word_1_541' title='bbox 175 5287 276 5344; x_wconf 70' lang='grc' dir='ltr'><strong>τὸν</strong></span> <span class='ocrx_word' id='word_1_542' title='bbox 313 5285 511 5355; x_wconf 88' lang='grc' dir='ltr'>νόμον·</span> <span class='ocrx_word' id='word_1_543' title='bbox 549 5301 567 5333; x_wconf 84' lang='grc' dir='ltr'><strong>ι</strong></span> <span class='ocrx_word' id='word_1_544' title='bbox 599 5278 740 5333; x_wconf 83' lang='grc' dir='ltr'><strong>κατά</strong></span> <span class='ocrx_word' id='word_1_545' title='bbox 784 5277 879 5347; x_wconf 78' lang='grc' dir='ltr'>μὲν</span> <span class='ocrx_word' id='word_1_546' title='bbox 904 5275 993 5329; x_wconf 81' lang='grc' dir='ltr'>τὸν</span> <span class='ocrx_word' id='word_1_547' title='bbox 1030 5273 1261 5326; x_wconf 79' lang='grc' dir='ltr'>’Δκύλαν</span> <span class='ocrx_word' id='word_1_548' title='bbox 1287 5272 1524 5344; x_wconf 73' lang='grc' dir='ltr'>εἴρηται,</span> <span class='ocrx_word' id='word_1_549' title='bbox 1557 5287 1575 5322; x_wconf 82' lang='grc' dir='ltr'><strong>ι</strong></span> <span class='ocrx_word' id='word_1_550' title='bbox 1616 5269 1681 5321; x_wconf 83' lang='grc' dir='ltr'><strong>Ὢ</strong></span> <span class='ocrx_word' id='word_1_551' title='bbox 1705 5268 1788 5322; x_wconf 68' lang='lat' dir='ltr'><strong>of-</strong></span> 
     </span>
    </p>
   </div>
   <div class='ocr_carea' id='block_1_72' title="bbox 181 5363 1787 5454">
    <p class='ocr_par' dir='ltr' id='par_1_72' title="bbox 181 5363 1787 5454">
     <span class='ocr_line' id='line_1_72' title="bbox 181 5363 1787 5454; baseline -0.013 -20"><span class='ocrx_word' id='word_1_552' title='bbox 181 5397 282 5454; x_wconf 75' lang='grc' dir='ltr'><strong>μοι</strong></span> <span class='ocrx_word' id='word_1_553' title='bbox 309 5375 659 5438; x_wconf 75' lang='grc' dir='ltr'>ἀθετοῦντες·</span> <span class='ocrx_word' id='word_1_554' title='bbox 687 5371 975 5442; x_wconf 81' lang='grc' dir='ltr'>ήθέτησαι.</span> <span class='ocrx_word' id='word_1_555' title='bbox 1005 5386 1022 5418; x_wconf 79' lang='grc' dir='ltr'><strong>ι</strong></span> <span class='ocrx_word' id='word_1_556' title='bbox 1060 5366 1222 5438; x_wconf 78' lang='grc' dir='ltr'>Ὁρᾷς</span> <span class='ocrx_word' id='word_1_557' title='bbox 1245 5366 1393 5428; x_wconf 83' lang='grc' dir='ltr'>ὅπως</span> <span class='ocrx_word' id='word_1_558' title='bbox 1447 5363 1787 5432; x_wconf 80' lang='grc' dir='ltr'>συνέπασχον</span> 
     </span>
    </p>
   </div>
   <div class='ocr_carea' id='block_1_73' title="bbox 176 5452 1785 5535">
    <p class='ocr_par' dir='ltr' id='par_1_73' title="bbox 176 5452 1785 5535">
     <span class='ocr_line' id='line_1_73' title="bbox 176 5452 1785 5535; baseline -0.015 -8"><span class='ocrx_word' id='word_1_559' title='bbox 176 5452 301 5534; x_wconf 76' lang='grc' dir='ltr'>τοῖς</span> <span class='ocrx_word' id='word_1_560' title='bbox 362 5464 778 5535; x_wconf 81' lang='grc' dir='ltr'>ἀπολλυμένοις,</span> <span class='ocrx_word' id='word_1_561' title='bbox 824 5461 918 5514; x_wconf 77' lang='grc' dir='ltr'>καὶ</span> <span class='ocrx_word' id='word_1_562' title='bbox 969 5457 1313 5527; x_wconf 80' lang='grc' dir='ltr'>ὐπερήλγουν</span> <span class='ocrx_word' id='word_1_563' title='bbox 1383 5453 1566 5508; x_wconf 86' lang='grc' dir='ltr'>αὐτῶν</span> <span class='ocrx_word' id='word_1_564' title='bbox 1602 5453 1654 5505; x_wconf 74' lang='lat' dir='ltr'><strong>ot</strong></span> <span class='ocrx_word' id='word_1_565' title='bbox 1688 5452 1785 5504; x_wconf 86' lang='grc' dir='ltr'><strong>τοῦ</strong></span> 
     </span>
    </p>
   </div>
   <div class='ocr_carea' id='block_1_74' title="bbox 179 5543 1788 5632">
    <p class='ocr_par' dir='ltr' id='par_1_74' title="bbox 179 5543 1788 5632">
     <span class='ocr_line' id='line_1_74' title="bbox 179 5543 1788 5632; baseline -0.016 -12"><span class='ocrx_word' id='word_1_566' title='bbox 179 5563 326 5620; x_wconf 84' lang='grc' dir='ltr'>Θεοῦ</span> <span class='ocrx_word' id='word_1_567' title='bbox 357 5559 638 5632; x_wconf 81' lang='grc' dir='ltr'>ἂνθρωποι</span> <span class='ocrx_word' id='word_1_568' title='bbox 685 5555 774 5609; x_wconf 75' lang='grc' dir='ltr'><strong>διὰ</strong></span> <span class='ocrx_word' id='word_1_569' title='bbox 814 5549 1249 5624; x_wconf 80' lang='grc' dir='ltr'>φιλανθρωπίαν,</span> <span class='ocrx_word' id='word_1_570' title='bbox 1303 5548 1379 5612; x_wconf 86' lang='grc' dir='ltr'>ὡς</span> <span class='ocrx_word' id='word_1_571' title='bbox 1434 5548 1515 5610; x_wconf 80' lang='grc' dir='ltr'><strong>είς</strong></span> <span class='ocrx_word' id='word_1_572' title='bbox 1562 5543 1788 5607; x_wconf 77' lang='grc' dir='ltr'>ἑαυτοὺς</span> 
     </span>
    </p>
   </div>
   <div class='ocr_carea' id='block_1_75' title="bbox 181 5636 1787 5725">
    <p class='ocr_par' dir='ltr' id='par_1_75' title="bbox 181 5636 1787 5725">
     <span class='ocr_line' id='line_1_75' title="bbox 181 5636 1787 5725; baseline -0.015 -14"><span class='ocrx_word' id='word_1_573' title='bbox 181 5652 554 5725; x_wconf 85' lang='grc' dir='ltr'>ἀναστρέφειν</span> <span class='ocrx_word' id='word_1_574' title='bbox 605 5647 698 5700; x_wconf 71' lang='grc' dir='ltr'>τὸν</span> <span class='ocrx_word' id='word_1_575' title='bbox 758 5643 1111 5714; x_wconf 83' lang='grc' dir='ltr'>ταλανισμὸν,</span> <span class='ocrx_word' id='word_1_576' title='bbox 1155 5641 1252 5696; x_wconf 76' lang='grc' dir='ltr'>καὶ</span> <span class='ocrx_word' id='word_1_577' title='bbox 1297 5640 1502 5710; x_wconf 77' lang='grc' dir='ltr'>λέγειν,</span> <span class='ocrx_word' id='word_1_578' title='bbox 1550 5636 1594 5692; x_wconf 81' lang='grc' dir='ltr'>ὦ</span> <span class='ocrx_word' id='word_1_579' title='bbox 1641 5637 1787 5707; x_wconf 82' lang='grc' dir='ltr'>οἴμοι</span> 
     </span>
    </p>
   </div>
   <div class='ocr_carea' id='block_1_76' title="bbox 183 5736 1128 5821">
    <p class='ocr_par' dir='ltr' id='par_1_76' title="bbox 183 5736 1128 5821">
     <span class='ocr_line' id='line_1_76' title="bbox 183 5736 1128 5821; baseline -0.019 -15"><span class='ocrx_word' id='word_1_580' title='bbox 183 5753 270 5821; x_wconf 74' lang='grc' dir='ltr'><strong>ἐφ’</strong></span> <span class='ocrx_word' id='word_1_581' title='bbox 295 5747 377 5813; x_wconf 75' lang='grc' dir='ltr'>οἷς</span> <span class='ocrx_word' id='word_1_582' title='bbox 405 5746 686 5819; x_wconf 68' lang='grc' dir='ltr'>ἠθέτησαν</span> <span class='ocrx_word' id='word_1_583' title='bbox 702 5742 749 5793; x_wconf 82' lang='grc' dir='ltr'>οἱ</span> <span class='ocrx_word' id='word_1_584' title='bbox 784 5736 1094 5810; x_wconf 76' lang='grc' dir='ltr'>παραϐάται</span> <span class='ocrx_word' id='word_1_585' title='bbox 1115 5737 1128 5788; x_wconf 88' lang='lat' dir='ltr'><strong>l</strong></span> 
     </span>
    </p>
   </div>
   <div class='ocr_carea' id='block_1_77' title="bbox 1883 1960 3480 2032">
    <p class='ocr_par' dir='ltr' id='par_1_77' title="bbox 1883 1960 3480 2032">
     <span class='ocr_line' id='line_1_77' title="bbox 1883 1960 3480 2032; baseline 0.002 -16"><span class='ocrx_word' id='word_1_586' title='bbox 1883 1962 1961 2029; x_wconf 77' lang='lat' dir='ltr'><strong>lii,</strong></span> <span class='ocrx_word' id='word_1_587' title='bbox 1992 1964 2095 2017; x_wconf 83' lang='lat' dir='ltr'><strong>nisi</strong></span> <span class='ocrx_word' id='word_1_588' title='bbox 2127 1961 2223 2032; x_wconf 92' lang='lat' dir='ltr'><strong>qui</strong></span> <span class='ocrx_word' id='word_1_589' title='bbox 2255 1961 2555 2031; x_wconf 81' lang='lat' dir='ltr'><strong>superioris</strong></span> <span class='ocrx_word' id='word_1_590' title='bbox 2589 1962 2797 2016; x_wconf 83' lang='lat' dir='ltr'><strong>ordinis</strong></span> <span class='ocrx_word' id='word_1_591' title='bbox 2823 1960 2989 2015; x_wconf 81' lang='lat' dir='ltr'><strong>sunt?</strong></span> <span class='ocrx_word' id='word_1_592' title='bbox 3027 1960 3120 2014; x_wconf 89' lang='lat' dir='ltr'><strong>lsti</strong></span> <span class='ocrx_word' id='word_1_593' title='bbox 3169 1975 3335 2029; x_wconf 85' lang='lat' dir='ltr'><strong>porro</strong></span> <span class='ocrx_word' id='word_1_594' title='bbox 3360 1961 3480 2020; x_wconf 79' lang='lat' dir='ltr'><strong>lue-</strong></span> 
     </span>
    </p>
   </div>
   <div class='ocr_carea' id='block_1_78' title="bbox 1883 2051 3477 2122">
    <p class='ocr_par' dir='ltr' id='par_1_78' title="bbox 1883 2051 3477 2122">
     <span class='ocr_line' id='line_1_78' title="bbox 1883 2051 3477 2122; baseline 0 -14"><span class='ocrx_word' id='word_1_595' title='bbox 1883 2054 2016 2119; x_wconf 90' lang='lat' dir='ltr'><strong>rint,</strong></span> <span class='ocrx_word' id='word_1_596' title='bbox 2065 2052 2156 2122; x_wconf 92' lang='lat' dir='ltr'><strong>qui</strong></span> <span class='ocrx_word' id='word_1_597' title='bbox 2203 2065 2292 2116; x_wconf 87' lang='lat' dir='ltr'><strong>ea,</strong></span> <span class='ocrx_word' id='word_1_598' title='bbox 2347 2065 2469 2120; x_wconf 73' lang='lat' dir='ltr'><strong>qua:</strong></span> <span class='ocrx_word' id='word_1_599' title='bbox 2501 2051 2644 2120; x_wconf 89' lang='lat' dir='ltr'><strong>apud</strong></span> <span class='ocrx_word' id='word_1_600' title='bbox 2683 2051 2853 2105; x_wconf 87' lang='lat' dir='ltr'><strong>Deum</strong></span> <span class='ocrx_word' id='word_1_601' title='bbox 2895 2062 2982 2105; x_wconf 85' lang='lat' dir='ltr'><strong>est</strong></span> <span class='ocrx_word' id='word_1_602' title='bbox 3043 2052 3477 2121; x_wconf 74' lang='lat' dir='ltr'><strong>magniﬁcentia,</strong></span> 
     </span>
    </p>
   </div>
   <div class='ocr_carea' id='block_1_79' title="bbox 1883 2141 3481 2212">
    <p class='ocr_par' dir='ltr' id='par_1_79' title="bbox 1883 2141 3481 2212">
     <span class='ocr_line' id='line_1_79' title="bbox 1883 2141 3481 2212; baseline 0.001 -15"><span class='ocrx_word' id='word_1_603' title='bbox 1883 2144 2089 2211; x_wconf 80' lang='lat' dir='ltr'><strong>dignati</strong></span> <span class='ocrx_word' id='word_1_604' title='bbox 2116 2153 2263 2197; x_wconf 85' lang='lat' dir='ltr'><strong>sunt.</strong></span> <span class='ocrx_word' id='word_1_605' title='bbox 2296 2161 2315 2195; x_wconf 82' lang='grc' dir='ltr'><strong>ι</strong></span> <span class='ocrx_word' id='word_1_606' title='bbox 2347 2142 2449 2209; x_wconf 86' lang='lat' dir='ltr'><strong>Qui</strong></span> <span class='ocrx_word' id='word_1_607' title='bbox 2485 2152 2667 2197; x_wconf 89' lang='lat' dir='ltr'><strong>autem</strong></span> <span class='ocrx_word' id='word_1_608' title='bbox 2699 2141 2872 2195; x_wconf 89' lang='lat' dir='ltr'><strong>relicti</strong></span> <span class='ocrx_word' id='word_1_609' title='bbox 2923 2142 3129 2196; x_wconf 79' lang='lat' dir='ltr'><strong>fuerint</strong></span> <span class='ocrx_word' id='word_1_610' title='bbox 3171 2158 3336 2212; x_wconf 81' lang='lat' dir='ltr'><strong>super</strong></span> <span class='ocrx_word' id='word_1_611' title='bbox 3367 2153 3481 2199; x_wconf 89' lang='lat' dir='ltr'><strong>ter-</strong></span> 
     </span>
    </p>
   </div>
   <div class='ocr_carea' id='block_1_80' title="bbox 1884 2233 3480 2303">
    <p class='ocr_par' dir='ltr' id='par_1_80' title="bbox 1884 2233 3480 2303">
     <span class='ocr_line' id='line_1_80' title="bbox 1884 2233 3480 2303; baseline 0.001 -14"><span class='ocrx_word' id='word_1_612' title='bbox 1884 2249 2026 2298; x_wconf 86' lang='lat' dir='ltr'><strong>ram,</strong></span> <span class='ocrx_word' id='word_1_613' title='bbox 2061 2234 2389 2288; x_wconf 67' lang='lat' dir='ltr'><strong>laetabuntur</strong></span> <span class='ocrx_word' id='word_1_614' title='bbox 2411 2248 2533 2288; x_wconf 93' lang='lat' dir='ltr'><strong>cum</strong></span> <span class='ocrx_word' id='word_1_615' title='bbox 2564 2233 2738 2303; x_wconf 88' lang='lat' dir='ltr'><strong>gloria</strong></span> <span class='ocrx_word' id='word_1_616' title='bbox 2766 2233 2981 2288; x_wconf 90' lang='lat' dir='ltr'><strong>Domini</strong></span> <span class='ocrx_word' id='word_1_617' title='bbox 3009 2249 3023 2284; x_wconf 92' lang='lat'>:</span> <span class='ocrx_word' id='word_1_618' title='bbox 3063 2235 3480 2290; x_wconf 87' lang='lat' dir='ltr'><strong>conturbabitur</strong></span> 
     </span>
    </p>
   </div>
   <div class='ocr_carea' id='block_1_81' title="bbox 1883 2320 3477 2393">
    <p class='ocr_par' dir='ltr' id='par_1_81' title="bbox 1883 2320 3477 2393">
     <span class='ocr_line' id='line_1_81' title="bbox 1883 2320 3477 2393; baseline 0 -17"><span class='ocrx_word' id='word_1_619' title='bbox 1883 2338 2023 2390; x_wconf 87' lang='lat' dir='ltr'><strong>aqua</strong></span> <span class='ocrx_word' id='word_1_620' title='bbox 2073 2324 2281 2393; x_wconf 48' lang='lat' dir='ltr'><strong>maris,</strong></span> <span class='ocrx_word' id='word_1_621' title='bbox 2315 2341 2334 2375; x_wconf 80' lang='grc' dir='ltr'><strong>ι</strong></span> <span class='ocrx_word' id='word_1_622' title='bbox 2390 2322 2491 2387; x_wconf 90' lang='lat' dir='ltr'><strong>Qui</strong></span> <span class='ocrx_word' id='word_1_623' title='bbox 2531 2331 2708 2376; x_wconf 85' lang='lat' dir='ltr'><strong>autem</strong></span> <span class='ocrx_word' id='word_1_624' title='bbox 2750 2337 2814 2376; x_wconf 82' lang='lat' dir='ltr'><strong>ex</strong></span> <span class='ocrx_word' id='word_1_625' title='bbox 2869 2322 3120 2390; x_wconf 91' lang='lat' dir='ltr'><strong>portione</strong></span> <span class='ocrx_word' id='word_1_626' title='bbox 3157 2320 3263 2375; x_wconf 83' lang='lat' dir='ltr'><strong>Dei.</strong></span> <span class='ocrx_word' id='word_1_627' title='bbox 3291 2331 3477 2388; x_wconf 82' lang='lat' dir='ltr'><strong>erunt,</strong></span> 
     </span>
    </p>
   </div>
   <div class='ocr_carea' id='block_1_82' title="bbox 1883 2413 3479 2485">
    <p class='ocr_par' dir='ltr' id='par_1_82' title="bbox 1883 2413 3479 2485">
     <span class='ocr_line' id='line_1_82' title="bbox 1883 2413 3479 2485; baseline 0.003 -17"><span class='ocrx_word' id='word_1_628' title='bbox 1883 2414 2211 2470; x_wconf 67' lang='lat' dir='ltr'><strong>laetabuntur</strong></span> <span class='ocrx_word' id='word_1_629' title='bbox 2238 2431 2362 2469; x_wconf 90' lang='lat' dir='ltr'><strong>cum</strong></span> <span class='ocrx_word' id='word_1_630' title='bbox 2395 2415 2570 2485; x_wconf 89' lang='lat' dir='ltr'><strong>gloria</strong></span> <span class='ocrx_word' id='word_1_631' title='bbox 2607 2413 2855 2468; x_wconf 90' lang='lat' dir='ltr'><strong>Domini:</strong></span> <span class='ocrx_word' id='word_1_632' title='bbox 2881 2425 3011 2468; x_wconf 91' lang='lat' dir='ltr'><strong>tunc</strong></span> <span class='ocrx_word' id='word_1_633' title='bbox 3039 2414 3184 2469; x_wconf 89' lang='lat' dir='ltr'><strong>enim</strong></span> <span class='ocrx_word' id='word_1_634' title='bbox 3226 2415 3342 2484; x_wconf 90' lang='lat' dir='ltr'><strong>ipse</strong></span> <span class='ocrx_word' id='word_1_635' title='bbox 3375 2415 3479 2476; x_wconf 86' lang='lat' dir='ltr'><strong>Do-</strong></span> 
     </span>
    </p>
   </div>
   <div class='ocr_carea' id='block_1_83' title="bbox 1884 2506 3480 2577">
    <p class='ocr_par' dir='ltr' id='par_1_83' title="bbox 1884 2506 3480 2577">
     <span class='ocr_line' id='line_1_83' title="bbox 1884 2506 3480 2577; baseline 0.001 -16"><span class='ocrx_word' id='word_1_636' title='bbox 1884 2508 2065 2561; x_wconf 86' lang='lat' dir='ltr'><strong>minus</strong></span> <span class='ocrx_word' id='word_1_637' title='bbox 2107 2507 2286 2560; x_wconf 86' lang='lat' dir='ltr'><strong>venict</strong></span> <span class='ocrx_word' id='word_1_638' title='bbox 2326 2507 2379 2560; x_wconf 91' lang='lat' dir='ltr'><strong>in</strong></span> <span class='ocrx_word' id='word_1_639' title='bbox 2415 2507 2587 2577; x_wconf 86' lang='lat' dir='ltr'><strong>gloria</strong></span> <span class='ocrx_word' id='word_1_640' title='bbox 2633 2506 2814 2562; x_wconf 84' lang='lat' dir='ltr'><strong>Patris</strong></span> <span class='ocrx_word' id='word_1_641' title='bbox 2841 2507 2926 2560; x_wconf 87' lang='lat' dir='ltr'><strong>sui</strong></span> <span class='ocrx_word' id='word_1_642' title='bbox 2963 2520 3086 2560; x_wconf 90' lang='lat' dir='ltr'><strong>cum</strong></span> <span class='ocrx_word' id='word_1_643' title='bbox 3122 2515 3394 2575; x_wconf 86' lang='lat' dir='ltr'><strong>potestate</strong></span> <span class='ocrx_word' id='word_1_644' title='bbox 3421 2517 3480 2562; x_wconf 89' lang='lat' dir='ltr'><strong>et</strong></span> 
     </span>
    </p>
   </div>
   <div class='ocr_carea' id='block_1_84' title="bbox 1884 2596 3477 2668">
    <p class='ocr_par' dir='ltr' id='par_1_84' title="bbox 1884 2596 3477 2668">
     <span class='ocr_line' id='line_1_84' title="bbox 1884 2596 3477 2668; baseline 0 -17"><span class='ocrx_word' id='word_1_645' title='bbox 1884 2597 2166 2666; x_wconf 83' lang='lat' dir='ltr'><strong>majestate</strong></span> <span class='ocrx_word' id='word_1_646' title='bbox 2207 2596 2419 2668; x_wconf 78' lang='lat' dir='ltr'><strong>grandi.</strong></span> <span class='ocrx_word' id='word_1_647' title='bbox 2472 2597 2526 2650; x_wconf 94' lang='lat' dir='ltr'><strong>ln</strong></span> <span class='ocrx_word' id='word_1_648' title='bbox 2575 2598 2677 2651; x_wconf 87' lang='lat' dir='ltr'><strong>hac</strong></span> <span class='ocrx_word' id='word_1_649' title='bbox 2730 2612 2858 2666; x_wconf 86' lang='lat' dir='ltr'><strong>ergo</strong></span> <span class='ocrx_word' id='word_1_650' title='bbox 2902 2597 3114 2651; x_wconf 88' lang='lat' dir='ltr'><strong>Domini</strong></span> <span class='ocrx_word' id='word_1_651' title='bbox 3165 2597 3249 2651; x_wconf 88' lang='lat' dir='ltr'><strong>sui</strong></span> <span class='ocrx_word' id='word_1_652' title='bbox 3305 2597 3477 2666; x_wconf 70' lang='lat' dir='ltr'><strong>gloria</strong></span> 
     </span>
    </p>
   </div>
   <div class='ocr_carea' id='block_1_85' title="bbox 1883 2684 3478 2757">
    <p class='ocr_par' dir='ltr' id='par_1_85' title="bbox 1883 2684 3478 2757">
     <span class='ocr_line' id='line_1_85' title="bbox 1883 2684 3478 2757; baseline 0.001 -17"><span class='ocrx_word' id='word_1_653' title='bbox 1883 2688 2228 2752; x_wconf 78' lang='lat' dir='ltr'><strong>ketahuntur,</strong></span> <span class='ocrx_word' id='word_1_654' title='bbox 2278 2687 2370 2756; x_wconf 89' lang='lat' dir='ltr'><strong>qui</strong></span> <span class='ocrx_word' id='word_1_655' title='bbox 2393 2687 2521 2741; x_wconf 92' lang='lat' dir='ltr'><strong>olim</strong></span> <span class='ocrx_word' id='word_1_656' title='bbox 2550 2688 2604 2741; x_wconf 92' lang='lat' dir='ltr'><strong>in</strong></span> <span class='ocrx_word' id='word_1_657' title='bbox 2639 2688 2812 2757; x_wconf 85' lang='lat' dir='ltr'><strong>ipsum</strong></span> <span class='ocrx_word' id='word_1_658' title='bbox 2840 2696 3218 2757; x_wconf 77' lang='lat' dir='ltr'><strong>speraverant.</strong></span> <span class='ocrx_word' id='word_1_659' title='bbox 3250 2684 3357 2741; x_wconf 86' lang='lat' dir='ltr'><strong>Pro</strong></span> <span class='ocrx_word' id='word_1_660' title='bbox 3387 2685 3478 2742; x_wconf 89' lang='lat' dir='ltr'><strong>illo</strong></span> 
     </span>
    </p>
   </div>
   <div class='ocr_carea' id='block_1_86' title="bbox 1883 2774 3477 2846">
    <p class='ocr_par' dir='ltr' id='par_1_86' title="bbox 1883 2774 3477 2846">
     <span class='ocr_line' id='line_1_86' title="bbox 1883 2774 3477 2846; baseline 0 -16"><span class='ocrx_word' id='word_1_661' title='bbox 1883 2787 2086 2839; x_wconf 84' lang='lat' dir='ltr'><strong>autem,</strong></span> <span class='ocrx_word' id='word_1_662' title='bbox 2127 2795 2146 2829; x_wconf 86' lang='grc' dir='ltr'><strong>ι</strong></span> <span class='ocrx_word' id='word_1_663' title='bbox 2177 2777 2596 2832; x_wconf 89' lang='lat' dir='ltr'><strong>conturbabitur</strong></span> <span class='ocrx_word' id='word_1_664' title='bbox 2641 2791 2779 2846; x_wconf 86' lang='lat' dir='ltr'><strong>aqua</strong></span> <span class='ocrx_word' id='word_1_665' title='bbox 2811 2777 2999 2842; x_wconf 90' lang='lat' dir='ltr'><strong>maris,</strong></span> <span class='ocrx_word' id='word_1_666' title='bbox 3040 2795 3059 2829; x_wconf 75' lang='grc' dir='ltr'><strong>ι</strong></span> <span class='ocrx_word' id='word_1_667' title='bbox 3095 2776 3175 2831; x_wconf 82' lang='lat' dir='ltr'><strong>sic</strong></span> <span class='ocrx_word' id='word_1_668' title='bbox 3227 2774 3477 2832; x_wconf 84' lang='lat' dir='ltr'><strong>Theodo—</strong></span> 
     </span>
    </p>
   </div>
   <div class='ocr_carea' id='block_1_87' title="bbox 1885 2866 3471 2937">
    <p class='ocr_par' dir='ltr' id='par_1_87' title="bbox 1885 2866 3471 2937">
     <span class='ocr_line' id='line_1_87' title="bbox 1885 2866 3471 2937; baseline -0.001 -15"><span class='ocrx_word' id='word_1_669' title='bbox 1885 2868 1961 2922; x_wconf 89' lang='lat' dir='ltr'><strong>tio</strong></span> <span class='ocrx_word' id='word_1_670' title='bbox 2011 2869 2403 2937; x_wconf 85' lang='lat' dir='ltr'><strong>interpretatus</strong></span> <span class='ocrx_word' id='word_1_671' title='bbox 2446 2877 2549 2932; x_wconf 87' lang='lat' dir='ltr'><strong>est,</strong></span> <span class='ocrx_word' id='word_1_672' title='bbox 2604 2885 2624 2918; x_wconf 81' lang='grc' dir='ltr'><strong>ι</strong></span> <span class='ocrx_word' id='word_1_673' title='bbox 2664 2874 2968 2922; x_wconf 87' lang='lat' dir='ltr'><strong>sonuerunt</strong></span> <span class='ocrx_word' id='word_1_674' title='bbox 3026 2879 3184 2935; x_wconf 62' lang='lat' dir='ltr'><strong>aqua</strong></span> <span class='ocrx_word' id='word_1_675' title='bbox 3229 2866 3417 2934; x_wconf 88' lang='lat' dir='ltr'><strong>maris,</strong></span> <span class='ocrx_word' id='word_1_676' title='bbox 3449 2885 3471 2920; x_wconf 78' lang='grc' dir='ltr'><strong>ι</strong></span> 
     </span>
    </p>
   </div>
   <div class='ocr_carea' id='block_1_88' title="bbox 1884 2950 3480 3024">
    <p class='ocr_par' dir='ltr' id='par_1_88' title="bbox 1884 2950 3480 3024">
     <span class='ocr_line' id='line_1_88' title="bbox 1884 2950 3480 3024; baseline -0.003 -14"><span class='ocrx_word' id='word_1_677' title='bbox 1884 2959 2010 3010; x_wconf 73' lang='lat' dir='ltr'><strong>vitae</strong></span> <span class='ocrx_word' id='word_1_678' title='bbox 2050 2956 2197 3010; x_wconf 90' lang='lat' dir='ltr'><strong>illius</strong></span> <span class='ocrx_word' id='word_1_679' title='bbox 2230 2954 2665 3024; x_wconf 84' lang='lat' dir='ltr'><strong>magnitudinem</strong></span> <span class='ocrx_word' id='word_1_680' title='bbox 2719 2952 3059 3023; x_wconf 80' lang='lat' dir='ltr'><strong>signiﬁcans,</strong></span> <span class='ocrx_word' id='word_1_681' title='bbox 3087 2965 3193 3021; x_wconf 87' lang='lat' dir='ltr'><strong>qua</strong></span> <span class='ocrx_word' id='word_1_682' title='bbox 3226 2950 3480 3006; x_wconf 80' lang='lat' dir='ltr'><strong>fruentur</strong></span> 
     </span>
    </p>
   </div>
   <div class='ocr_carea' id='block_1_89' title="bbox 1886 3041 3477 3119">
    <p class='ocr_par' dir='ltr' id='par_1_89' title="bbox 1886 3041 3477 3119">
     <span class='ocr_line' id='line_1_89' title="bbox 1886 3041 3477 3119; baseline -0.003 -16"><span class='ocrx_word' id='word_1_683' title='bbox 1886 3049 1921 3103; x_wconf 82' lang='lat' dir='ltr'><strong>ii</strong></span> <span class='ocrx_word' id='word_1_684' title='bbox 1956 3049 2047 3119; x_wconf 85' lang='lat' dir='ltr'><strong>qui</strong></span> <span class='ocrx_word' id='word_1_685' title='bbox 2077 3048 2366 3102; x_wconf 91' lang='lat' dir='ltr'><strong>Dominum</strong></span> <span class='ocrx_word' id='word_1_686' title='bbox 2418 3060 2576 3099; x_wconf 91' lang='lat' dir='ltr'><strong>suum</strong></span> <span class='ocrx_word' id='word_1_687' title='bbox 2622 3045 2796 3115; x_wconf 85' lang='lat' dir='ltr'><strong>gloria</strong></span> <span class='ocrx_word' id='word_1_688' title='bbox 2844 3041 3088 3098; x_wconf 79' lang='lat' dir='ltr'><strong>afﬁciunt</strong></span> <span class='ocrx_word' id='word_1_689' title='bbox 3124 3060 3137 3096; x_wconf 89' lang='lat'><strong>:</strong></span> <span class='ocrx_word' id='word_1_690' title='bbox 3170 3057 3277 3098; x_wconf 80' lang='lat' dir='ltr'><strong>vox</strong></span> <span class='ocrx_word' id='word_1_691' title='bbox 3328 3044 3477 3098; x_wconf 85' lang='lat' dir='ltr'><strong>enim</strong></span> 
     </span>
    </p>
   </div>
   <div class='ocr_carea' id='block_1_90' title="bbox 1887 3134 2996 3205">
    <p class='ocr_par' dir='ltr' id='par_1_90' title="bbox 1887 3134 2996 3205">
     <span class='ocr_line' id='line_1_90' title="bbox 1887 3134 2996 3205; baseline -0.007 -11"><span class='ocrx_word' id='word_1_692' title='bbox 1887 3155 2078 3195; x_wconf 89' lang='lat' dir='ltr'><strong>eorum</strong></span> <span class='ocrx_word' id='word_1_693' title='bbox 2120 3138 2320 3193; x_wconf 89' lang='lat' dir='ltr'><strong>sonitui</strong></span> <span class='ocrx_word' id='word_1_694' title='bbox 2364 3135 2532 3188; x_wconf 88' lang='lat' dir='ltr'><strong>maris</strong></span> <span class='ocrx_word' id='word_1_695' title='bbox 2567 3134 2996 3205; x_wconf 78' lang='lat' dir='ltr'><strong>comparabitur.</strong></span> 
     </span>
    </p>
   </div>
   <div class='ocr_carea' id='block_1_91' title="bbox 1809 3217 3480 3299">
    <p class='ocr_par' dir='ltr' id='par_1_91' title="bbox 1809 3217 3480 3299">
     <span class='ocr_line' id='line_1_91' title="bbox 1809 3217 3480 3299; baseline 0.005 -24"><span class='ocrx_word' id='word_1_696' title='bbox 1809 3217 1852 3275; x_wconf 87' lang='lat' dir='ltr'><strong><em>C</em></strong></span> <span class='ocrx_word' id='word_1_697' title='bbox 1957 3231 2244 3288; x_wconf 71' lang='lat' dir='ltr'><strong>Vens.15.</strong></span> <span class='ocrx_word' id='word_1_698' title='bbox 2279 3248 2297 3280; x_wconf 81' lang='grc' dir='ltr'><strong>ι</strong></span> <span class='ocrx_word' id='word_1_699' title='bbox 2343 3228 2638 3299; x_wconf 80' lang='lat' dir='ltr'><strong>Propterea</strong></span> <span class='ocrx_word' id='word_1_700' title='bbox 2694 3227 2865 3297; x_wconf 75' lang='lat' dir='ltr'><strong>gloria</strong></span> <span class='ocrx_word' id='word_1_701' title='bbox 2922 3225 3139 3281; x_wconf 85' lang='lat' dir='ltr'><strong>Domini</strong></span> <span class='ocrx_word' id='word_1_702' title='bbox 3186 3225 3240 3282; x_wconf 90' lang='lat' dir='ltr'><strong>in</strong></span> <span class='ocrx_word' id='word_1_703' title='bbox 3284 3227 3480 3283; x_wconf 82' lang='lat' dir='ltr'><strong>insulis</strong></span> 
     </span>
    </p>
   </div>
   <div class='ocr_carea' id='block_1_92' title="bbox 1887 3317 3481 3386">
    <p class='ocr_par' dir='ltr' id='par_1_92' title="bbox 1887 3317 3481 3386">
     <span class='ocr_line' id='line_1_92' title="bbox 1887 3317 3481 3386; baseline -0.004 -6"><span class='ocrx_word' id='word_1_704' title='bbox 1887 3327 2054 3380; x_wconf 79' lang='lat' dir='ltr'><strong>maris</strong></span> <span class='ocrx_word' id='word_1_705' title='bbox 2086 3324 2208 3376; x_wconf 91' lang='lat' dir='ltr'><strong>erit.</strong></span> <span class='ocrx_word' id='word_1_706' title='bbox 2247 3339 2266 3372; x_wconf 76' lang='grc' dir='ltr'><strong>ι</strong></span> <span class='ocrx_word' id='word_1_707' title='bbox 2308 3319 2365 3372; x_wconf 84' lang='grc' dir='ltr'><strong>ιιι</strong></span> <span class='ocrx_word' id='word_1_708' title='bbox 2407 3317 2661 3372; x_wconf 84' lang='lat' dir='ltr'><strong>Ecelesiis</strong></span> <span class='ocrx_word' id='word_1_709' title='bbox 2692 3317 2965 3379; x_wconf 81' lang='lat' dir='ltr'><strong>videlicet,</strong></span> <span class='ocrx_word' id='word_1_710' title='bbox 3012 3331 3134 3386; x_wconf 56' lang='lat' dir='ltr'><strong>qua</strong></span> <span class='ocrx_word' id='word_1_711' title='bbox 3156 3317 3285 3373; x_wconf 90' lang='lat' dir='ltr'><strong>olim</strong></span> <span class='ocrx_word' id='word_1_712' title='bbox 3336 3318 3481 3374; x_wconf 87' lang='lat' dir='ltr'><strong>inter</strong></span> 
     </span>
    </p>
   </div>
   <div class='ocr_carea' id='block_1_93' title="bbox 1886 3408 3480 3482">
    <p class='ocr_par' dir='ltr' id='par_1_93' title="bbox 1886 3408 3480 3482">
     <span class='ocr_line' id='line_1_93' title="bbox 1886 3408 3480 3482; baseline -0.004 -12"><span class='ocrx_word' id='word_1_713' title='bbox 1886 3412 2194 3470; x_wconf 87' lang='lat' dir='ltr'><strong>incredulas</strong></span> <span class='ocrx_word' id='word_1_714' title='bbox 2231 3420 2444 3482; x_wconf 82' lang='lat' dir='ltr'><strong>gentes,</strong></span> <span class='ocrx_word' id='word_1_715' title='bbox 2500 3409 2655 3478; x_wconf 90' lang='lat' dir='ltr'><strong>quasi</strong></span> <span class='ocrx_word' id='word_1_716' title='bbox 2717 3408 2768 3461; x_wconf 91' lang='lat' dir='ltr'><strong>in</strong></span> <span class='ocrx_word' id='word_1_717' title='bbox 2820 3408 2999 3464; x_wconf 89' lang='lat' dir='ltr'><strong>medio</strong></span> <span class='ocrx_word' id='word_1_718' title='bbox 3054 3410 3213 3474; x_wconf 87' lang='lat' dir='ltr'><strong>mari,</strong></span> <span class='ocrx_word' id='word_1_719' title='bbox 3253 3408 3480 3463; x_wconf 72' lang='lat' dir='ltr'><strong>inclusa:</strong></span> 
     </span>
    </p>
   </div>
   <div class='ocr_carea' id='block_1_94' title="bbox 1884 3499 3481 3574">
    <p class='ocr_par' dir='ltr' id='par_1_94' title="bbox 1884 3499 3481 3574">
     <span class='ocr_line' id='line_1_94' title="bbox 1884 3499 3481 3574; baseline -0.004 -11"><span class='ocrx_word' id='word_1_720' title='bbox 1884 3515 2045 3564; x_wconf 84' lang='lat' dir='ltr'><strong>erant</strong></span> <span class='ocrx_word' id='word_1_721' title='bbox 2075 3525 2088 3559; x_wconf 92' lang='lat'>:</span> <span class='ocrx_word' id='word_1_722' title='bbox 2127 3507 2180 3558; x_wconf 92' lang='lat' dir='ltr'><strong>in</strong></span> <span class='ocrx_word' id='word_1_723' title='bbox 2209 3505 2364 3572; x_wconf 89' lang='lat' dir='ltr'><strong>queis</strong></span> <span class='ocrx_word' id='word_1_724' title='bbox 2392 3503 2563 3574; x_wconf 77' lang='lat' dir='ltr'><strong>gloria</strong></span> <span class='ocrx_word' id='word_1_725' title='bbox 2595 3502 2809 3556; x_wconf 90' lang='lat' dir='ltr'><strong>Domini</strong></span> <span class='ocrx_word' id='word_1_726' title='bbox 2843 3511 2969 3555; x_wconf 91' lang='lat' dir='ltr'><strong>tunc</strong></span> <span class='ocrx_word' id='word_1_727' title='bbox 2993 3499 3288 3573; x_wconf 76' lang='lat' dir='ltr'><strong>eﬂ‘ulgebit.</strong></span> <span class='ocrx_word' id='word_1_728' title='bbox 3315 3520 3334 3553; x_wconf 79' lang='grc' dir='ltr'><strong>ι</strong></span> <span class='ocrx_word' id='word_1_729' title='bbox 3373 3501 3481 3556; x_wconf 51' lang='lat' dir='ltr'><strong>Dio.</strong></span> 
     </span>
    </p>
   </div>
   <div class='ocr_carea' id='block_1_95' title="bbox 1887 3593 3482 3664">
    <p class='ocr_par' dir='ltr' id='par_1_95' title="bbox 1887 3593 3482 3664">
     <span class='ocr_line' id='line_1_95' title="bbox 1887 3593 3482 3664; baseline -0.002 -11"><span class='ocrx_word' id='word_1_730' title='bbox 1887 3615 2010 3653; x_wconf 90' lang='lat' dir='ltr'><strong>men</strong></span> <span class='ocrx_word' id='word_1_731' title='bbox 2049 3597 2258 3652; x_wconf 90' lang='lat' dir='ltr'><strong>Domini</strong></span> <span class='ocrx_word' id='word_1_732' title='bbox 2302 3595 2596 3664; x_wconf 89' lang='lat' dir='ltr'><strong>gloriosum</strong></span> <span class='ocrx_word' id='word_1_733' title='bbox 2626 3595 2750 3647; x_wconf 85' lang='lat' dir='ltr'><strong>erit.</strong></span> <span class='ocrx_word' id='word_1_734' title='bbox 2778 3593 3003 3646; x_wconf 85' lang='lat' dir='ltr'><strong>Domine</strong></span> <span class='ocrx_word' id='word_1_735' title='bbox 3030 3593 3177 3648; x_wconf 88' lang='lat' dir='ltr'><strong>Deus</strong></span> <span class='ocrx_word' id='word_1_736' title='bbox 3205 3594 3389 3661; x_wconf 80' lang='lat' dir='ltr'><strong>Israel,</strong></span> <span class='ocrx_word' id='word_1_737' title='bbox 3411 3595 3482 3650; x_wconf 86' lang='lat' dir='ltr'><strong>ab</strong></span> 
     </span>
    </p>
   </div>
   <div class='ocr_carea' id='block_1_96' title="bbox 1887 3686 3480 3760">
    <p class='ocr_par' dir='ltr' id='par_1_96' title="bbox 1887 3686 3480 3760">
     <span class='ocr_line' id='line_1_96' title="bbox 1887 3686 3480 3760; baseline -0.003 -15"><span class='ocrx_word' id='word_1_738' title='bbox 1887 3693 1987 3747; x_wconf 87' lang='lat' dir='ltr'><strong>alis</strong></span> <span class='ocrx_word' id='word_1_739' title='bbox 2024 3703 2183 3746; x_wconf 66' lang='lat' dir='ltr'><strong>terrae</strong></span> <span class='ocrx_word' id='word_1_740' title='bbox 2215 3689 2465 3760; x_wconf 86' lang='lat' dir='ltr'><strong>prodigia</strong></span> <span class='ocrx_word' id='word_1_741' title='bbox 2509 3686 2862 3741; x_wconf 79' lang='lat' dir='ltr'><strong>audivimus:</strong></span> <span class='ocrx_word' id='word_1_742' title='bbox 2896 3700 3023 3754; x_wconf 89' lang='lat' dir='ltr'><strong>spes</strong></span> <span class='ocrx_word' id='word_1_743' title='bbox 3052 3687 3161 3756; x_wconf 91' lang='lat' dir='ltr'><strong>pio.</strong></span> <span class='ocrx_word' id='word_1_744' title='bbox 3203 3706 3223 3740; x_wconf 81' lang='grc' dir='ltr'><strong>ι</strong></span> <span class='ocrx_word' id='word_1_745' title='bbox 3271 3687 3480 3742; x_wconf 69' lang='lat' dir='ltr'><strong>Secun-</strong></span> 
     </span>
    </p>
   </div>
   <div class='ocr_carea' id='block_1_97' title="bbox 1885 3778 3483 3853">
    <p class='ocr_par' dir='ltr' id='par_1_97' title="bbox 1885 3778 3483 3853">
     <span class='ocr_line' id='line_1_97' title="bbox 1885 3778 3483 3853; baseline -0.003 -14"><span class='ocrx_word' id='word_1_746' title='bbox 1885 3786 2012 3839; x_wconf 91' lang='lat' dir='ltr'><strong>dum</strong></span> <span class='ocrx_word' id='word_1_747' title='bbox 2053 3781 2442 3853; x_wconf 82' lang='lat' dir='ltr'><strong>Symmachum</strong></span> <span class='ocrx_word' id='word_1_748' title='bbox 2474 3793 2609 3835; x_wconf 79' lang='lat' dir='ltr'><strong>vero</strong></span> <span class='ocrx_word' id='word_1_749' title='bbox 2635 3787 2691 3833; x_wconf 90' lang='lat' dir='ltr'><strong>et</strong></span> <span class='ocrx_word' id='word_1_750' title='bbox 2720 3778 3176 3841; x_wconf 90' lang='lat' dir='ltr'><strong>Theodotionem,</strong></span> <span class='ocrx_word' id='word_1_751' title='bbox 3213 3796 3234 3830; x_wconf 82' lang='grc' dir='ltr'><strong>ι</strong></span> <span class='ocrx_word' id='word_1_752' title='bbox 3265 3779 3346 3833; x_wconf 81' lang='lat' dir='ltr'><strong>Ab</strong></span> <span class='ocrx_word' id='word_1_753' title='bbox 3377 3779 3483 3834; x_wconf 84' lang='lat' dir='ltr'><strong>alis</strong></span> 
     </span>
    </p>
   </div>
   <div class='ocr_carea' id='block_1_98' title="bbox 1888 3869 3476 3942">
    <p class='ocr_par' dir='ltr' id='par_1_98' title="bbox 1888 3869 3476 3942">
     <span class='ocr_line' id='line_1_98' title="bbox 1888 3869 3476 3942; baseline -0.004 -14"><span class='ocrx_word' id='word_1_754' title='bbox 1888 3887 2047 3929; x_wconf 70' lang='lat' dir='ltr'><strong>terra:</strong></span> <span class='ocrx_word' id='word_1_755' title='bbox 2097 3871 2339 3942; x_wconf 81' lang='lat' dir='ltr'><strong>psalmos</strong></span> <span class='ocrx_word' id='word_1_756' title='bbox 2385 3870 2731 3934; x_wconf 86' lang='lat' dir='ltr'><strong>audivimus;</strong></span> <span class='ocrx_word' id='word_1_757' title='bbox 2783 3887 2802 3920; x_wconf 80' lang='grc' dir='ltr'><strong>ι</strong></span> <span class='ocrx_word' id='word_1_758' title='bbox 2846 3871 3147 3924; x_wconf 86' lang='lat' dir='ltr'><strong>secundum</strong></span> <span class='ocrx_word' id='word_1_759' title='bbox 3201 3869 3476 3938; x_wconf 83' lang='lat' dir='ltr'><strong>Aquilam,</strong></span> 
     </span>
    </p>
   </div>
   <div class='ocr_carea' id='block_1_99' title="bbox 1891 3960 3481 4030">
    <p class='ocr_par' dir='ltr' id='par_1_99' title="bbox 1891 3960 3481 4030">
     <span class='ocr_line' id='line_1_99' title="bbox 1891 3960 3481 4030; baseline -0.001 -14"><span class='ocrx_word' id='word_1_760' title='bbox 1891 3985 1909 4016; x_wconf 80' lang='grc' dir='ltr'><strong>ι</strong></span> <span class='ocrx_word' id='word_1_761' title='bbox 1947 3965 2226 4018; x_wconf 88' lang='lat' dir='ltr'><strong>melodias.</strong></span> <span class='ocrx_word' id='word_1_762' title='bbox 2266 3983 2284 4015; x_wconf 84' lang='grc' dir='ltr'><strong>ι</strong></span> <span class='ocrx_word' id='word_1_763' title='bbox 2323 3962 2456 4016; x_wconf 82' lang='lat' dir='ltr'><strong>Nam</strong></span> <span class='ocrx_word' id='word_1_764' title='bbox 2482 3963 2572 4030; x_wconf 90' lang='lat' dir='ltr'><strong>qui</strong></span> <span class='ocrx_word' id='word_1_765' title='bbox 2604 3975 2670 4016; x_wconf 83' lang='lat' dir='ltr'><strong>ex</strong></span> <span class='ocrx_word' id='word_1_766' title='bbox 2713 3963 2962 4030; x_wconf 91' lang='lat' dir='ltr'><strong>portione</strong></span> <span class='ocrx_word' id='word_1_767' title='bbox 2987 3960 3079 4014; x_wconf 85' lang='lat' dir='ltr'><strong>Dei</strong></span> <span class='ocrx_word' id='word_1_768' title='bbox 3100 3961 3481 4029; x_wconf 89' lang='lat' dir='ltr'><strong>suul,justum</strong></span> 
     </span>
    </p>
   </div>
   <div class='ocr_carea' id='block_1_100' title="bbox 1884 4048 3480 4123">
    <p class='ocr_par' dir='ltr' id='par_1_100' title="bbox 1884 4048 3480 4123">
     <span class='ocr_line' id='line_1_100' title="bbox 1884 4048 3480 4123; baseline -0.003 -13"><span class='ocrx_word' id='word_1_769' title='bbox 1884 4053 2286 4123; x_wconf 90' lang='lat' dir='ltr'><strong>ejusjudicium</strong></span> <span class='ocrx_word' id='word_1_770' title='bbox 2329 4053 2684 4114; x_wconf 86' lang='lat' dir='ltr'><strong>admirantes,</strong></span> <span class='ocrx_word' id='word_1_771' title='bbox 2714 4051 2971 4104; x_wconf 76' lang='lat' dir='ltr'><strong>lzetantur</strong></span> <span class='ocrx_word' id='word_1_772' title='bbox 3007 4065 3130 4105; x_wconf 90' lang='lat' dir='ltr'><strong>cum</strong></span> <span class='ocrx_word' id='word_1_773' title='bbox 3166 4050 3338 4119; x_wconf 80' lang='lat' dir='ltr'><strong>gloria</strong></span> <span class='ocrx_word' id='word_1_774' title='bbox 3371 4048 3480 4106; x_wconf 66' lang='lat' dir='ltr'><strong>Duo</strong></span> 
     </span>
    </p>
   </div>
   <div class='ocr_carea' id='block_1_101' title="bbox 1885 4140 3479 4213">
    <p class='ocr_par' dir='ltr' id='par_1_101' title="bbox 1885 4140 3479 4213">
     <span class='ocr_line' id='line_1_101' title="bbox 1885 4140 3479 4213; baseline -0.003 -13"><span class='ocrx_word' id='word_1_775' title='bbox 1885 4147 2042 4209; x_wconf 87' lang='lat' dir='ltr'><strong>mini,</strong></span> <span class='ocrx_word' id='word_1_776' title='bbox 2102 4161 2166 4200; x_wconf 88' lang='lat' dir='ltr'><strong>ac</strong></span> <span class='ocrx_word' id='word_1_777' title='bbox 2215 4145 2321 4198; x_wconf 71' lang='lat' dir='ltr'><strong>la&#39;ti</strong></span> <span class='ocrx_word' id='word_1_778' title='bbox 2384 4145 2616 4213; x_wconf 88' lang='lat' dir='ltr'><strong>hymnos</strong></span> <span class='ocrx_word' id='word_1_779' title='bbox 2666 4143 2767 4210; x_wconf 85' lang='lat' dir='ltr'><strong>ipsi</strong></span> <span class='ocrx_word' id='word_1_780' title='bbox 2827 4151 2988 4210; x_wconf 90' lang='lat' dir='ltr'><strong>atque</strong></span> <span class='ocrx_word' id='word_1_781' title='bbox 3044 4140 3378 4209; x_wconf 83' lang='lat' dir='ltr'><strong>psalmodias</strong></span> <span class='ocrx_word' id='word_1_782' title='bbox 3423 4141 3479 4196; x_wconf 88' lang='lat' dir='ltr'><strong>iu</strong></span> 
     </span>
    </p>
   </div>
   <div class='ocr_carea' id='block_1_102' title="bbox 1885 4231 3482 4311">
    <p class='ocr_par' dir='ltr' id='par_1_102' title="bbox 1885 4231 3482 4311">
     <span class='ocr_line' id='line_1_102' title="bbox 1885 4231 3482 4311; baseline -0.003 -18"><span class='ocrx_word' id='word_1_783' title='bbox 1885 4239 2189 4311; x_wconf 85' lang='lat' dir='ltr'><strong>gratiarum</strong></span> <span class='ocrx_word' id='word_1_784' title='bbox 2214 4237 2485 4291; x_wconf 88' lang='lat' dir='ltr'><strong>actionem</strong></span> <span class='ocrx_word' id='word_1_785' title='bbox 2515 4235 2797 4289; x_wconf 85' lang='lat' dir='ltr'><strong>emittunt.</strong></span> <span class='ocrx_word' id='word_1_786' title='bbox 2829 4233 3022 4287; x_wconf 81' lang='lat' dir='ltr'><strong>Postea</strong></span> <span class='ocrx_word' id='word_1_787' title='bbox 3059 4233 3246 4296; x_wconf 79' lang='lat' dir='ltr'><strong>infert,</strong></span> <span class='ocrx_word' id='word_1_788' title='bbox 3279 4250 3299 4284; x_wconf 80' lang='grc' dir='ltr'><strong>ι</strong></span> <span class='ocrx_word' id='word_1_789' title='bbox 3339 4231 3482 4302; x_wconf 79' lang='lat' dir='ltr'><strong>Spes</strong></span> 
     </span>
    </p>
   </div>
   <div class='ocr_carea' id='block_1_103' title="bbox 1887 4322 3486 4399">
    <p class='ocr_par' dir='ltr' id='par_1_103' title="bbox 1887 4322 3486 4399">
     <span class='ocr_line' id='line_1_103' title="bbox 1887 4322 3486 4399; baseline -0.001 -16"><span class='ocrx_word' id='word_1_790' title='bbox 1887 4330 1995 4399; x_wconf 84' lang='lat' dir='ltr'><strong>pio.</strong></span> <span class='ocrx_word' id='word_1_791' title='bbox 2031 4347 2049 4379; x_wconf 81' lang='grc' dir='ltr'><strong>ι</strong></span> <span class='ocrx_word' id='word_1_792' title='bbox 2089 4327 2225 4383; x_wconf 85' lang='lat' dir='ltr'><strong>Cum</strong></span> <span class='ocrx_word' id='word_1_793' title='bbox 2258 4327 2404 4381; x_wconf 87' lang='lat' dir='ltr'><strong>enim</strong></span> <span class='ocrx_word' id='word_1_794' title='bbox 2428 4324 2914 4380; x_wconf 84' lang='lat' dir='ltr'><strong>comminationem</strong></span> <span class='ocrx_word' id='word_1_795' title='bbox 2944 4322 3127 4392; x_wconf 86' lang='lat' dir='ltr'><strong>impiis</strong></span> <span class='ocrx_word' id='word_1_796' title='bbox 3158 4323 3486 4381; x_wconf 80' lang='lat' dir='ltr'><strong>intentatam</strong></span> 
     </span>
    </p>
   </div>
   <div class='ocr_carea' id='block_1_104' title="bbox 1851 4412 3479 4489">
    <p class='ocr_par' dir='ltr' id='par_1_104' title="bbox 1851 4412 3479 4489">
     <span class='ocr_line' id='line_1_104' title="bbox 1851 4412 3479 4489; baseline -0.005 -15"><span class='ocrx_word' id='word_1_797' title='bbox 1851 4418 2262 4489; x_wconf 61' lang='lat' dir='ltr'><strong>prateriisset,</strong></span> <span class='ocrx_word' id='word_1_798' title='bbox 2335 4416 2436 4471; x_wconf 86' lang='lat' dir='ltr'><strong>sub</strong></span> <span class='ocrx_word' id='word_1_799' title='bbox 2483 4414 2598 4468; x_wconf 68' lang='lat' dir='ltr'><strong>haec</strong></span> <span class='ocrx_word' id='word_1_800' title='bbox 2636 4414 2704 4467; x_wconf 91' lang='lat' dir='ltr'><strong>de</strong></span> <span class='ocrx_word' id='word_1_801' title='bbox 2753 4413 3005 4482; x_wconf 89' lang='lat' dir='ltr'><strong>portione</strong></span> <span class='ocrx_word' id='word_1_802' title='bbox 3068 4412 3163 4466; x_wconf 91' lang='lat' dir='ltr'><strong>Dei</strong></span> <span class='ocrx_word' id='word_1_803' title='bbox 3209 4412 3312 4466; x_wconf 87' lang='lat' dir='ltr'><strong>ista</strong></span> <span class='ocrx_word' id='word_1_804' title='bbox 3346 4413 3479 4468; x_wconf 89' lang='lat' dir='ltr'><strong>sub-</strong></span> 
     </span>
    </p>
   </div>
   <div class='ocr_carea' id='block_1_105' title="bbox 1883 4503 3482 4582">
    <p class='ocr_par' dir='ltr' id='par_1_105' title="bbox 1883 4503 3482 4582">
     <span class='ocr_line' id='line_1_105' title="bbox 1883 4503 3482 4582; baseline -0.004 -17"><span class='ocrx_word' id='word_1_805' title='bbox 1883 4510 2083 4582; x_wconf 86' lang='lat' dir='ltr'><strong>jungit,</strong></span> <span class='ocrx_word' id='word_1_806' title='bbox 2153 4526 2172 4560; x_wconf 85' lang='grc' dir='ltr'><strong>ι</strong></span> <span class='ocrx_word' id='word_1_807' title='bbox 2215 4508 2570 4563; x_wconf 66' lang='grc' dir='ltr'>ιωιούιιιιιιιι·</span> <span class='ocrx_word' id='word_1_808' title='bbox 2617 4521 2742 4561; x_wconf 87' lang='lat' dir='ltr'><strong>cum</strong></span> <span class='ocrx_word' id='word_1_809' title='bbox 2800 4505 2973 4574; x_wconf 86' lang='lat' dir='ltr'><strong>gloria</strong></span> <span class='ocrx_word' id='word_1_810' title='bbox 3045 4503 3294 4568; x_wconf 91' lang='lat' dir='ltr'><strong>Domini,</strong></span> <span class='ocrx_word' id='word_1_811' title='bbox 3355 4522 3375 4557; x_wconf 82' lang='grc' dir='ltr'><strong>ι</strong></span> <span class='ocrx_word' id='word_1_812' title='bbox 3425 4515 3482 4558; x_wconf 87' lang='lat' dir='ltr'><strong>et</strong></span> 
     </span>
    </p>
   </div>
   <div class='ocr_carea' id='block_1_106' title="bbox 1896 4598 3484 4666">
    <p class='ocr_par' dir='ltr' id='par_1_106' title="bbox 1896 4598 3484 4666">
     <span class='ocr_line' id='line_1_106' title="bbox 1896 4598 3484 4666; baseline -0.003 -12"><span class='ocrx_word' id='word_1_813' title='bbox 1896 4602 2126 4660; x_wconf 70' lang='lat' dir='ltr'><strong>«Gloria</strong></span> <span class='ocrx_word' id='word_1_814' title='bbox 2175 4599 2391 4656; x_wconf 86' lang='lat' dir='ltr'><strong>Domini</strong></span> <span class='ocrx_word' id='word_1_815' title='bbox 2445 4600 2499 4654; x_wconf 89' lang='lat' dir='ltr'><strong>in</strong></span> <span class='ocrx_word' id='word_1_816' title='bbox 2557 4598 2752 4652; x_wconf 88' lang='lat' dir='ltr'><strong>insulis</strong></span> <span class='ocrx_word' id='word_1_817' title='bbox 2797 4598 2949 4652; x_wconf 91' lang='lat' dir='ltr'><strong>erit:</strong></span> <span class='ocrx_word' id='word_1_818' title='bbox 3000 4615 3018 4648; x_wconf 82' lang='grc' dir='ltr'><strong>ι</strong></span> <span class='ocrx_word' id='word_1_819' title='bbox 3063 4611 3127 4652; x_wconf 89' lang='lat' dir='ltr'><strong>ac</strong></span> <span class='ocrx_word' id='word_1_820' title='bbox 3194 4607 3484 4666; x_wconf 86' lang='lat' dir='ltr'><strong>postquam</strong></span> 
     </span>
    </p>
   </div>
   <div class='ocr_carea' id='block_1_107' title="bbox 1887 4691 3483 4768">
    <p class='ocr_par' dir='ltr' id='par_1_107' title="bbox 1887 4691 3483 4768">
     <span class='ocr_line' id='line_1_107' title="bbox 1887 4691 3483 4768; baseline -0.005 -18"><span class='ocrx_word' id='word_1_821' title='bbox 1887 4698 2091 4768; x_wconf 89' lang='lat' dir='ltr'><strong>justum</strong></span> <span class='ocrx_word' id='word_1_822' title='bbox 2141 4693 2238 4748; x_wconf 88' lang='lat' dir='ltr'><strong>Dei</strong></span> <span class='ocrx_word' id='word_1_823' title='bbox 2286 4692 2552 4763; x_wconf 83' lang='lat' dir='ltr'><strong>judicium</strong></span> <span class='ocrx_word' id='word_1_824' title='bbox 2612 4691 3018 4756; x_wconf 84' lang='lat' dir='ltr'><strong>enuntiaverat,</strong></span> <span class='ocrx_word' id='word_1_825' title='bbox 3079 4697 3483 4757; x_wconf 84' lang='lat' dir='ltr'><strong>consequenter</strong></span> 
     </span>
    </p>
   </div>
   <div class='ocr_carea' id='block_1_108' title="bbox 1892 4779 3486 4858">
    <p class='ocr_par' dir='ltr' id='par_1_108' title="bbox 1892 4779 3486 4858">
     <span class='ocr_line' id='line_1_108' title="bbox 1892 4779 3486 4858; baseline -0.004 -15"><span class='ocrx_word' id='word_1_826' title='bbox 1892 4789 2091 4858; x_wconf 85' lang='lat' dir='ltr'><strong>adjecit</strong></span> <span class='ocrx_word' id='word_1_827' title='bbox 2118 4787 2280 4852; x_wconf 86' lang='lat' dir='ltr'><strong>illud,</strong></span> <span class='ocrx_word' id='word_1_828' title='bbox 2319 4802 2341 4836; x_wconf 84' lang='grc' dir='ltr'><strong>ι</strong></span> <span class='ocrx_word' id='word_1_829' title='bbox 2390 4783 2527 4852; x_wconf 87' lang='lat' dir='ltr'><strong>Spes</strong></span> <span class='ocrx_word' id='word_1_830' title='bbox 2555 4785 2681 4851; x_wconf 86' lang='lat' dir='ltr'><strong>pio:</strong></span> <span class='ocrx_word' id='word_1_831' title='bbox 2717 4801 2736 4832; x_wconf 78' lang='grc' dir='ltr'><strong>ι</strong></span> <span class='ocrx_word' id='word_1_832' title='bbox 2772 4796 2897 4835; x_wconf 88' lang='lat' dir='ltr'><strong>nam</strong></span> <span class='ocrx_word' id='word_1_833' title='bbox 2928 4779 3078 4835; x_wconf 87' lang='lat' dir='ltr'><strong>onmi</strong></span> <span class='ocrx_word' id='word_1_834' title='bbox 3105 4779 3248 4847; x_wconf 87' lang='lat' dir='ltr'><strong>justo</strong></span> <span class='ocrx_word' id='word_1_835' title='bbox 3285 4781 3486 4851; x_wconf 84' lang='lat' dir='ltr'><strong>pioque</strong></span> 
     </span>
    </p>
   </div>
   <div class='ocr_carea' id='block_1_109' title="bbox 1890 4877 2982 4946">
    <p class='ocr_par' dir='ltr' id='par_1_109' title="bbox 1890 4877 2982 4946">
     <span class='ocr_line' id='line_1_109' title="bbox 1890 4877 2982 4946; baseline -0.007 -11"><span class='ocrx_word' id='word_1_836' title='bbox 1890 4885 2012 4938; x_wconf 85' lang='lat' dir='ltr'><strong>viro</strong></span> <span class='ocrx_word' id='word_1_837' title='bbox 2037 4883 2179 4936; x_wconf 87' lang='lat' dir='ltr'><strong>bona</strong></span> <span class='ocrx_word' id='word_1_838' title='bbox 2204 4879 2396 4935; x_wconf 76' lang='lat' dir='ltr'><strong>salutis</strong></span> <span class='ocrx_word' id='word_1_839' title='bbox 2433 4877 2673 4946; x_wconf 85' lang='lat' dir='ltr'><strong>reposita</strong></span> <span class='ocrx_word' id='word_1_840' title='bbox 2707 4889 2833 4943; x_wconf 79' lang='lat' dir='ltr'><strong>spes</strong></span> <span class='ocrx_word' id='word_1_841' title='bbox 2873 4883 2982 4928; x_wconf 84' lang='lat' dir='ltr'><strong>est.</strong></span> 
     </span>
    </p>
   </div>
   <div class='ocr_carea' id='block_1_110' title="bbox 1965 5143 3487 5217">
    <p class='ocr_par' dir='ltr' id='par_1_110' title="bbox 1965 5143 3487 5217">
     <span class='ocr_line' id='line_1_110' title="bbox 1965 5143 3487 5217; baseline -0.005 -12"><span class='ocrx_word' id='word_1_842' title='bbox 1965 5154 2131 5210; x_wconf 71' lang='lat' dir='ltr'><strong>Vens.</strong></span> <span class='ocrx_word' id='word_1_843' title='bbox 2171 5151 2256 5208; x_wconf 81' lang='lat' dir='ltr'><strong>t6.</strong></span> <span class='ocrx_word' id='word_1_844' title='bbox 2285 5170 2304 5204; x_wconf 86' lang='grc' dir='ltr'><strong>ι</strong></span> <span class='ocrx_word' id='word_1_845' title='bbox 2341 5150 2409 5205; x_wconf 87' lang='grc' dir='ltr'><strong>Ει</strong></span> <span class='ocrx_word' id='word_1_846' title='bbox 2434 5149 2617 5205; x_wconf 89' lang='lat' dir='ltr'><strong>dicent</strong></span> <span class='ocrx_word' id='word_1_847' title='bbox 2648 5147 2780 5202; x_wconf 55' lang='grc' dir='ltr'><strong>ινδ</strong></span> <span class='ocrx_word' id='word_1_848' title='bbox 2811 5153 3351 5217; x_wconf 72' lang='lat' dir='ltr'><strong>praevancatormus,</strong></span> <span class='ocrx_word' id='word_1_849' title='bbox 3389 5143 3487 5213; x_wconf 88' lang='lat' dir='ltr'><strong>qui</strong></span> 
     </span>
    </p>
   </div>
   <div class='ocr_carea' id='block_1_111' title="bbox 1891 5236 3489 5319">
    <p class='ocr_par' dir='ltr' id='par_1_111' title="bbox 1891 5236 3489 5319">
     <span class='ocr_line' id='line_1_111' title="bbox 1891 5236 3489 5319; baseline -0.01 -13"><span class='ocrx_word' id='word_1_850' title='bbox 1891 5249 2323 5319; x_wconf 68' lang='lat' dir='ltr'><strong>praevaricantur</strong></span> <span class='ocrx_word' id='word_1_851' title='bbox 2353 5246 2528 5314; x_wconf 83' lang='lat' dir='ltr'><strong>legem</strong></span> <span class='ocrx_word' id='word_1_852' title='bbox 2561 5244 2576 5296; x_wconf 73' lang='grc' dir='ltr'>Ξ</span> <span class='ocrx_word' id='word_1_853' title='bbox 2615 5261 2635 5294; x_wconf 77' lang='grc' dir='ltr'><strong>ι</strong></span> <span class='ocrx_word' id='word_1_854' title='bbox 2695 5240 3006 5295; x_wconf 88' lang='lat' dir='ltr'><strong>Secundum</strong></span> <span class='ocrx_word' id='word_1_855' title='bbox 3037 5237 3292 5306; x_wconf 84' lang='lat' dir='ltr'><strong>Aquilam</strong></span> <span class='ocrx_word' id='word_1_856' title='bbox 3348 5236 3489 5291; x_wconf 77' lang='lat' dir='ltr'><strong>dici-</strong></span> 
     </span>
    </p>
   </div>
   <div class='ocr_carea' id='block_1_112' title="bbox 1892 5327 3489 5407">
    <p class='ocr_par' dir='ltr' id='par_1_112' title="bbox 1892 5327 3489 5407">
     <span class='ocr_line' id='line_1_112' title="bbox 1892 5327 3489 5407; baseline -0.009 -9"><span class='ocrx_word' id='word_1_857' title='bbox 1892 5356 2021 5398; x_wconf 86' lang='lat' dir='ltr'><strong>tur:</strong></span> <span class='ocrx_word' id='word_1_858' title='bbox 2051 5361 2070 5393; x_wconf 72' lang='lat' dir='ltr'><strong>t</strong></span> <span class='ocrx_word' id='word_1_859' title='bbox 2112 5339 2180 5407; x_wconf 92' lang='grc'>0,</span> <span class='ocrx_word' id='word_1_860' title='bbox 2226 5353 2304 5393; x_wconf 71' lang='lat' dir='ltr'><strong>vae</strong></span> <span class='ocrx_word' id='word_1_861' title='bbox 2354 5339 2511 5400; x_wconf 88' lang='lat' dir='ltr'><strong>mihi,</strong></span> <span class='ocrx_word' id='word_1_862' title='bbox 2570 5331 3034 5404; x_wconf 67' lang='lat' dir='ltr'><strong>praevaricantes!</strong></span> <span class='ocrx_word' id='word_1_863' title='bbox 3095 5327 3489 5398; x_wconf 72' lang='lat' dir='ltr'><strong>praevaricatus</strong></span> 
     </span>
    </p>
   </div>
   <div class='ocr_carea' id='block_1_113' title="bbox 1887 5419 3484 5501">
    <p class='ocr_par' dir='ltr' id='par_1_113' title="bbox 1887 5419 3484 5501">
     <span class='ocr_line' id='line_1_113' title="bbox 1887 5419 3484 5501; baseline -0.01 -11"><span class='ocrx_word' id='word_1_864' title='bbox 1887 5451 1971 5490; x_wconf 89' lang='lat' dir='ltr'><strong>es.</strong></span> <span class='ocrx_word' id='word_1_865' title='bbox 2019 5453 2038 5486; x_wconf 80' lang='grc' dir='ltr'><strong>ι</strong></span> <span class='ocrx_word' id='word_1_866' title='bbox 2071 5432 2261 5488; x_wconf 84' lang='lat' dir='ltr'><strong>Viden’</strong></span> <span class='ocrx_word' id='word_1_867' title='bbox 2285 5446 2393 5501; x_wconf 90' lang='lat' dir='ltr'><strong>quo</strong></span> <span class='ocrx_word' id='word_1_868' title='bbox 2440 5439 2602 5499; x_wconf 87' lang='lat' dir='ltr'><strong>pacto</strong></span> <span class='ocrx_word' id='word_1_869' title='bbox 2633 5428 2730 5483; x_wconf 91' lang='lat' dir='ltr'><strong>Dei</strong></span> <span class='ocrx_word' id='word_1_870' title='bbox 2756 5425 3007 5481; x_wconf 87' lang='lat' dir='ltr'><strong>homines</strong></span> <span class='ocrx_word' id='word_1_871' title='bbox 3032 5426 3098 5479; x_wconf 89' lang='lat' dir='ltr'><strong>de</strong></span> <span class='ocrx_word' id='word_1_872' title='bbox 3133 5419 3484 5493; x_wconf 70' lang='lat' dir='ltr'><strong>pereuntium</strong></span> 
     </span>
    </p>
   </div>
   <div class='ocr_carea' id='block_1_114' title="bbox 1891 5515 3488 5594">
    <p class='ocr_par' dir='ltr' id='par_1_114' title="bbox 1891 5515 3488 5594">
     <span class='ocr_line' id='line_1_114' title="bbox 1891 5515 3488 5594; baseline -0.011 -10"><span class='ocrx_word' id='word_1_873' title='bbox 1891 5545 2020 5585; x_wconf 88' lang='lat' dir='ltr'><strong>casu</strong></span> <span class='ocrx_word' id='word_1_874' title='bbox 2050 5527 2305 5593; x_wconf 83' lang='lat' dir='ltr'><strong>dolebant</strong></span> <span class='ocrx_word' id='word_1_875' title='bbox 2331 5537 2388 5580; x_wconf 91' lang='lat' dir='ltr'><strong>et</strong></span> <span class='ocrx_word' id='word_1_876' title='bbox 2417 5523 2781 5594; x_wconf 80' lang='lat' dir='ltr'><strong>angebantur,</strong></span> <span class='ocrx_word' id='word_1_877' title='bbox 2815 5533 3014 5590; x_wconf 83' lang='lat' dir='ltr'><strong>nempe</strong></span> <span class='ocrx_word' id='word_1_878' title='bbox 3039 5533 3107 5572; x_wconf 77' lang='lat' dir='ltr'><strong>ex</strong></span> <span class='ocrx_word' id='word_1_879' title='bbox 3131 5515 3488 5570; x_wconf 83' lang='lat' dir='ltr'><strong>humanitatis</strong></span> 
     </span>
    </p>
   </div>
   <div class='ocr_carea' id='block_1_115' title="bbox 1891 5609 3486 5686">
    <p class='ocr_par' dir='ltr' id='par_1_115' title="bbox 1891 5609 3486 5686">
     <span class='ocr_line' id='line_1_115' title="bbox 1891 5609 3486 5686; baseline -0.009 -10"><span class='ocrx_word' id='word_1_880' title='bbox 1891 5621 2122 5686; x_wconf 76' lang='lat' dir='ltr'><strong>aifectu,</strong></span> <span class='ocrx_word' id='word_1_881' title='bbox 2175 5620 2251 5675; x_wconf 88' lang='lat' dir='ltr'><strong>ita</strong></span> <span class='ocrx_word' id='word_1_882' title='bbox 2299 5627 2361 5673; x_wconf 89' lang='lat' dir='ltr'><strong>ut</strong></span> <span class='ocrx_word' id='word_1_883' title='bbox 2421 5616 2478 5671; x_wconf 89' lang='lat' dir='ltr'><strong>in</strong></span> <span class='ocrx_word' id='word_1_884' title='bbox 2505 5616 2723 5685; x_wconf 88' lang='lat' dir='ltr'><strong>seipsos</strong></span> <span class='ocrx_word' id='word_1_885' title='bbox 2773 5613 3008 5668; x_wconf 75' lang='lat' dir='ltr'><strong>miseriae</strong></span> <span class='ocrx_word' id='word_1_886' title='bbox 3049 5609 3327 5680; x_wconf 88' lang='lat' dir='ltr'><strong>planctum</strong></span> <span class='ocrx_word' id='word_1_887' title='bbox 3355 5621 3486 5664; x_wconf 85' lang='lat' dir='ltr'><strong>con-</strong></span> 
     </span>
    </p>
   </div>
   <div class='ocr_carea' id='block_1_116' title="bbox 1889 5701 3486 5780">
    <p class='ocr_par' dir='ltr' id='par_1_116' title="bbox 1889 5701 3486 5780">
     <span class='ocr_line' id='line_1_116' title="bbox 1889 5701 3486 5780; baseline -0.009 -9"><span class='ocrx_word' id='word_1_888' title='bbox 1889 5723 2193 5780; x_wconf 89' lang='lat' dir='ltr'><strong>verterent,</strong></span> <span class='ocrx_word' id='word_1_889' title='bbox 2236 5726 2301 5766; x_wconf 90' lang='lat' dir='ltr'><strong>ac</strong></span> <span class='ocrx_word' id='word_1_890' title='bbox 2352 5710 2600 5766; x_wconf 87' lang='lat' dir='ltr'><strong>dicerent</strong></span> <span class='ocrx_word' id='word_1_891' title='bbox 2636 5726 2651 5764; x_wconf 90' lang='lat'><strong>:</strong></span> <span class='ocrx_word' id='word_1_892' title='bbox 2682 5707 2750 5780; x_wconf 88' lang='grc' dir='ltr'>Ο,</span> <span class='ocrx_word' id='word_1_893' title='bbox 2779 5721 2860 5764; x_wconf 66' lang='grc' dir='ltr'><strong>ναι</strong></span> <span class='ocrx_word' id='word_1_894' title='bbox 2909 5704 3045 5761; x_wconf 87' lang='lat' dir='ltr'><strong>mihi</strong></span> <span class='ocrx_word' id='word_1_895' title='bbox 3086 5719 3186 5774; x_wconf 89' lang='lat' dir='ltr'><strong>pro</strong></span> <span class='ocrx_word' id='word_1_896' title='bbox 3223 5701 3486 5772; x_wconf 60' lang='lat' dir='ltr'><strong>prevari-</strong></span> 
     </span>
    </p>
   </div>
   <div class='ocr_carea' id='block_1_117' title="bbox 1890 5805 2651 5880">
    <p class='ocr_par' dir='ltr' id='par_1_117' title="bbox 1890 5805 2651 5880">
     <span class='ocr_line' id='line_1_117' title="bbox 1890 5805 2651 5880; baseline -0.012 -12"><span class='ocrx_word' id='word_1_897' title='bbox 1890 5811 2111 5868; x_wconf 90' lang='lat' dir='ltr'><strong>catione</strong></span> <span class='ocrx_word' id='word_1_898' title='bbox 2139 5817 2609 5880; x_wconf 77' lang='lat' dir='ltr'><strong>transgressorqu</strong></span> <span class='ocrx_word' id='word_1_899' title='bbox 2635 5805 2651 5860; x_wconf 78' lang='grc' dir='ltr'><strong>ι</strong></span> 
     </span>
    </p>
   </div>
  </div>
