4042 6448
623 389 737 450 εσε
1262 388 1533 447 EUSEBII
1571 388 2052 447 CESARIENSIS
2087 389 2241 449 OPP.
2281 390 2461 449 PARS
2498 390 2586 449 III.
2627 424 2697 436 —
2732 393 3144 455 EXEGETICA.
3771 405 3881 465 266

702 511 861 571 Vsus.
898 510 987 577 Π,
1021 510 1112 567 {8.
1146 528 1166 563 ι
1196 508 1382 566 Timor
1407 520 1464 566 et
1487 510 1665 577 loves.
1693 518 1749 565 et
1788 510 2015 580 laqueus
2033 523 2197 579 super
2220 522 2269 576 Α

2372 530 2391 563 ι
2429 512 2599 577 Φόϐος
2651 514 2746 567 καὶ
2781 512 3002 583 βόθυνος
3051 516 3149 570 καὶ
3199 517 3368 587 παγὶς
3418 518 3506 588 ἐφ’
3564 518 3711 590 ὑμᾶς
3749 523 3880 587 τοὺς

626 619 742 673 vos,
764 604 855 674 qui
883 605 1145 660 habitatis
1182 612 1408 659 terram.
1450 602 1518 658 Et
1540 603 1649 659 erit
1676 604 1769 673 qui
1792 602 1997 672 fugerit
2031 602 2193 659 ιίιιο-

2293 602 2639 667 ἐνοικοῦντας
2681 605 2776 657 ἐπὶ
2817 608 2917 677 τῆς
2961 608 3088 677 γῆς.
3136 608 3248 664 Καὶ
3284 609 3439 665 ἔσται
3473 611 3504 664 6
3536 609 3757 680 φεύγων
3784 612 3881 665 τὸν

624 713 765 761 retu.
792 696 951 753 cadet
1001 697 1056 752 iu
1088 695 1337 761 foveam;
1366 696 1459 765 qui
1482 705 1663 752 autem
1689 694 1894 751 exierit
1926 692 2191 760 dolovea,

2283 692 2476 763 φόϐον,
2502 697 2823 765 ἐμπεσεῖται
2847 699 2928 761 εις
2949 698 3042 751 τὸν
3063 698 3318 769 βόθυνον·
3348 704 3379 756 6
3407 700 3465 756 δὲ
3502 701 3774 757 ὶκσαίνων
3808 704 3876 756 εκ

621 789 820 860 laqueo
864 789 1109 858 capietur
1156 787 1335 858 :quls
1384 787 1638 843 fenestra
1684 787 1755 843 de
1805 785 1948 843 calo
1993 793 2193 866 aperta:

2289 783 2386 835 τοῦ
2424 783 2645 855 possm
2667 785 3059 845 ἀλὼσεταιύπὺ
3075 792 3177 862 τῆς
3201 790 3446 861 ’παγίδος⁴
3472 793 3558 847 ὅτι
3581 790 3795 865 θυρίδες
3815 792 3881 846 εκ

620 890 770 946 sunt.
798 891 857 935 et
883 880 1263 939 concutiuntur
1291 878 1646 937 fundamenta
1691 887 1870 937 terra.
1922 897 1947 933 s
1984 879 2077 936 Dei
2108 879 2192 936 iu-

2288 875 2383 930 τοῦ
2408 876 2640 950 ούρανοῦ
2666 879 3038 951 ἀνεῴχθησαν,
3064 882 3161 935 καὶ
3186 882 3532 955 σεισθήσεται
3556 882 3627 939 τά
3648 881 3877 955 θεμείλια

620 976 979 1044 spectionem,
1028 982 1085 1027 et
1112 969 1232 1041 ejus
1259 971 1517 1027 virtutem
1562 969 1895 1035 subindicst,
1933 984 2039 1040 qua
2069 984 2192 1025 out-

2286 971 2386 1041 τῆς
2400 972 2522 1043 τῆς.
2548 989 2569 1022 ι
2588 970 2702 1041 Τὴν
2732 972 3033 1044 ἐπισκοπὴν
3043 971 3139 1027 τοῦ
3159 971 3319 1040 Θεοῦ,
3338 975 3434 1029 καὶ
3456 975 3557 1047 τὴν
3569 973 3876 1046 ἰποπτικὴν

620 1066 782 1123 nibus
806 1066 1081 1137 providet,
1110 1071 1168 1118 et
1195 1062 1377 1119 omnis
1405 1061 1714 1132 speculatur
1748 1062 1904 1132 quasi
1935 1076 2003 1117 es
2039 1061 2191 1117 lene-

2287 1065 2382 1117 καὶ
2396 1065 2495 1137 τήν
2510 1062 2847 1139 θεωρητικήν
2863 1064 3028 1122 αὐτοῦ
3042 1065 3151 1121 τῶν
3162 1065 3301 1121 ὅλων
3312 1065 3544 1140 δύναμιν
3570 1066 3879 1139 αίνιττόμε-

620 1160 750 1214 stris
769 1157 891 1215 coli
922 1156 1179 1213 universa
1213 1154 1527 1226 respiciens.
1547 1154 1679 1222 Qus
1696 1153 1913 1223 quidem
1934 1150 2189 1208 fenestra

2286 1174 2397 1223 νος,
2420 1156 2701 1229 ἑφορῶσαν
2714 1158 2784 1213 τὰ
2801 1160 2999 1223 πάντα,
3014 1157 3202 1231 ὥσπερ
3222 1158 3311 1213 διὰ
3332 1158 3563 1233 θυρίδων
3580 1158 3676 1213 τοῦ
3695 1159 3876 1232 ούρα-

619 1261 751 1308 tuuc
776 1250 952 1307 claudi
980 1249 1256 1314 videntur,
1282 1262 1406 1304 cum
1431 1245 1576 1302 Deus
1599 1248 1652 1302 in
1682 1254 1829 1302 terra
1874 1253 2189 1315 peccatores

2287 1248 2404 1316 νοῦ,
2427 1249 2485 1304 αῖ
2516 1249 2734 1305 δοκοῦσι
2751 1243 2868 1329 ’μὶν
2900 1249 3233 1317 κεκλεῖσθαι,
3267 1250 3489 1306 ἐπειδὰν
3516 1252 3645 1315 τοὺς
3670 1252 3874 1324 ἀμαρ-

616 1343 1043 1408 circumlustrat,
1072 1356 1169 1398 nec
1186 1349 1367 1396 tamen
1403 1340 1551 1410 ipsos
1577 1339 1808 1411 castigat
1836 1353 1851 1391 :
1886 1346 2015 1393 tunc
2040 1338 2186 1393 enim

2288 1342 2552 1407 τάνοντας
2589 1342 2684 1397 επὶ
2718 1346 2821 1415 γῆς
2859 1343 3211 1415 περιέρχεται
3251 1345 3282 1398 6
3312 1342 3470 1410 Θεὸς,
3515 1343 3596 1415 μή
3636 1341 3871 1410 δπεξιὼν

616 1454 716 1492 ceu
742 1450 967 1493 aversus
997 1434 1130 1490 nihil
1159 1440 1447 1505 peccantes
1498 1432 1765 1501 inspicere
1786 1431 2025 1508 videtur.
2048 1429 2184 1486 Cum

2284 1439 2399 1498 τοῖς
2441 1434 2851 1508 πλημμελοῦσι·
2902 1435 3026 1490 τότε
3067 1434 3177 1507 γὰρ
3228 1433 3421 1507 ὥσπερ
3468 1434 3871 1508 ἀποστραφεὶς,

617 1540 797 1585 autem
825 1535 1110 1598 peccantes
1132 1524 1318 1581 ulcisci
1341 1524 1606 1589 decrevit,
1635 1532 1761 1579 tunc
1787 1506 2035 1579 fenestra
2058 1521 2185 1579 caeli

2283 1528 2395 1581 οὐδ’
2420 1506 2618 1600 ἀρετ..
2652 1528 2778 1592 τοὺς
2812 1506 3227 1600 ἁμαρτάνοντας
3271 1506 3469 1582 ιοικεν.
3526 1506 3780 1581 Ἐπειδὰν
3810 1526 3870 1581 at

617 1631 817 1690 aperta:
864 1620 1131 1676 videntur.

2286 1620 2448 1692 κρίνῃ
2489 1616 2798 1683 ἐπεξελθεῖν
2826 1622 2940 1683 τοῖς
2976 1617 3389 1691 ἡμαρτηκόσιν,
3430 1614 3626 1688 ὥσπερ
3666 1617 3872 1673 ἀναπε-

2282 1709 2571 1762 τάννυνται
2595 1706 2689 1761 τοῦ
2717 1707 2949 1779 ούρανοῦ
2975 1710 3034 1761 αἱ
3060 1706 3275 1779 θυρίδες

686 1793 849 1851 Vsus.
875 1792 1069 1857 I930.
1094 1810 1115 1845 ι
1133 1791 1469 1848 “turbatione
1491 1792 1816 1859 turbsbitur,
1843 1802 1899 1849 et
1919 1792 2183 1865 angustiis
2213 1868 2243 1871 _

2358 1819 2377 1852 ι
2409 1799 2633 1871 Ταραχῇ
2663 1796 3067 1871 ταραχθήσεται
3101 1800 3136 1870 ή
3172 1801 3268 1870 γῆ,
3308 1796 3404 1854 καὶ
3424 1797 3632 1867 ἀπορίᾳ
3651 1797 3867 1869 ἀπορη-

613 1886 1013 1957 sugustisbitur
1042 1895 1188 1941 terra
1220 1898 1237 1939 :
1277 1883 1559 1940 inclinavit
1606 1893 1661 1940 et
1705 1884 2010 1941 movebitur
2036 1885 2181 1941 sicut

2280 1868 2507 1962 θήσεται
2736 1868 2928 1945 ’ἔκλινε
2966 1890 3061 1945 καὶ
3093 1868 3438 1961 σεισθήσεται
3478 1888 3870 1964 sit;me

613 1979 885 2046 tugurium
912 1989 1077 2044 terra,
1105 1978 1246 2033 sicut
1289 1976 1473 2032 ebrius
1504 1984 1560 2032 et
1614 1976 1948 2048 crapulslus.
1995 1996 2015 2029 ι
2051 1976 2179 2035 Haec

2280 1981 2464 2037 λάκιον
2502 1983 2539 2054 ή
2580 1984 2676 2054 γῆ,
2709 1982 2785 2045 ὡς
2823 1983 2854 2036 6
2884 1980 3099 2053 μεθύων
3155 1982 3250 2035 καὶ
3290 1980 3631 2053 κραιπαλῶν.
3679 1999 3700 2033 s
3749 1978 3865 2035 Καὶ

613 2065 775 2137 porro
825 2069 1009 2126 omnia
1058 2068 1294 2139 patietur
1332 2078 1514 2135 terra;
1567 2069 1647 2125 sic
1683 2070 1891 2125 vocatis
1925 2069 2032 2127 illis
2062 2071 2180 2141 ejus

2279 2073 2451 2128 ταῦτα
2485 2073 2665 2127 πάντα
2696 2072 2945 2126 πείσεται
2972 2072 3009 2143 ή
3038 2072 3132 2143 γῆ,
3166 2069 3277 2124 τῶν
3316 2086 3462 2124 ποτε
3494 2069 3864 2141 κατοικησάν-

608 2162 737 2217 olim
771 2161 1190 2226 habitatoribus,
1232 2173 1368 2229 quos
1401 2159 1517 2217 hac
1546 2176 1900 2232 perpessuros
1929 2164 2047 2230 ait;
2100 2164 2175 2219 ita

2277 2182 2386 2220 των
2431 2165 2602 2238 αὐτὴν
2633 2164 2778 2220 οὕτω
2818 2165 2885 2237 δὴ
2928 2165 3280 2236 καλουμένων
3302 2178 3320 2195 ⁸
3353 2161 3578 2217 τοιαῦτα
3618 2161 3679 2216 δέ
3727 2176 3862 2234 φησι

608 2263 669 2309 ιιι
700 2269 766 2309 ex
818 2253 1083 2309 malorum
1116 2252 1169 2308 vi
1197 2260 1255 2308 et
1282 2252 1572 2324 gravitste,
1621 2253 1789 2310 ebriis
1811 2262 1868 2310 et
1883 2254 2178 2325 crapulatis

2279 2256 2559 2311 πείσεσθαι
2582 2256 2800 2321 αὐτοὺς,
2824 2256 2903 2319 ὡς
2921 2256 3156 2311 ἑοικέναι
3186 2253 3445 2327 μεθύουσι
3480 2254 3577 2309 καὶ
3618 2268 3863 2326 κραιπα-

607 2345 811 2403 similes
842 2346 971 2403 sint.
1011 2363 1031 2398 ι
1062 2344 1129 2401 Et
1174 2345 1359 2410 cadet,
1392 2354 1449 2400 et
1478 2359 1585 2401 non
1614 2345 1819 2417 poterit
1844 2360 2131 2421 resurgere
2157 2362 2172 2401 :

2276 2346 2438 2403 λῶσιν
2462 2350 2527 2402 ὲκ
2558 2348 2660 2420 τῆς
2688 2346 2797 2401 τῶν
2827 2345 3016 2402 κακῶν
3045 2346 3373 2419 ύπιρσολῆς.
3404 2364 3425 2400 ε
3449 2346 3562 2401 Καὶ
3591 2348 3860 2410 πεσεῖται,

608 2453 732 2492 nam
761 2437 1042 2509 prmaluit
1068 2436 1125 2493 iu
1149 2451 1215 2493 ea
1247 2436 1526 2507 iniquitas.
1560 2455 1580 2490 s

2276 2441 2371 2495 καὶ
2406 2440 2469 2494 ού
2510 2439 2587 2512 μὴ
2624 2440 2849 2511 δύνηται
2888 2438 3210 2511 ἀναστῆναν
3258 2438 3558 2511 κατίσχυσε
3607 2436 3723 2511 γὰρ
3766 2436 3859 2496 ἔπ’

2275 2535 2444 2606 αὐτῆς
2468 2536 2502 2605 ή
2538 2533 2757 2606 ἀνομία.
2796 2551 2816 2586 s

676 2647 844 2703 Vsus.
882 2644 972 2701 2i.
1008 2664 1028 2697 ι
1066 2643 1135 2700 Et
1184 2643 1292 2701 erit
1327 2642 1383 2699 in
1412 2642 1501 2699 die
1537 2641 1651 2708 illa,
1690 2642 1910 2699 inducet
1951 2640 2172 2705 Deus‘in

2349 2667 2369 2702 ι
2412 2649 2523 2702 Καὶ
2549 2647 2701 2702 ἔσται
2737 2650 2797 2703 εν
2828 2651 2895 2721 τῇ
2942 2647 3127 2722 ἡμέρα
3168 2645 3375 2721 ἐκείνῃ,
3418 2643 3612 2713 ἑπάξει
3652 2648 3683 2702 6
3720 2646 3860 2715 Θεὸς

604 2745 857 2792 ornatum
883 2735 1004 2792 ccli
1027 2751 1268 2792 manum.
1300 2752 1321 2789 ι
1354 2734 1632 2804 Siquidem
1654 2735 1823 2792 semel
1851 2738 1904 2791 in
1934 2736 2041 2793 line
2070 2738 2173 2792 hu-

2274 2740 2366 2793 ιπὶ
2384 2739 2474 2793 τὸν
2491 2739 2693 2811 κόσμον
2723 2740 2817 2794 τοῦ
2854 2739 3087 2811 ούρανοῦ
3119 2738 3221 2811 τὴν
3264 2742 3441 2811 χεῖρα.
3481 2757 3502 2791 ι
3536 2738 3724 2805 ’Δπαξ
3755 2738 3858 2811 μιν

602 2845 775 2886 manu:
804 2831 925 2885 vita:
947 2829 1095 2903 lapsa
1121 2839 1283 2895 terra,
1312 2828 1428 2899 sive
1456 2841 1620 2883 carne
1639 2828 1885 2883 terrestri
1915 2839 1971 2884 et
1993 2832 2171 2884 anima

2271 2834 2381 2907 γὰρ
2408 2834 2647 2888 πεσοῦσα
2678 2833 2820 2888 κατά
2846 2832 2946 2904 τὴν
2989 2832 3086 2887 τοῦ
3126 2831 3324 2904 θνητοῦ
3370 2831 3488 2903 βίου
3523 2831 3786 2906 τελευτήν
3816 2832 3853 2906 ll

602 2924 846 2994 corporis
876 2934 1124 2988 amante;
1175 2931 1289 2977 tum
1317 2920 1375 2986 ii,
1428 2920 1523 2991 qui
1550 2918 1682 2975 olim
1724 2928 1927 2975 terram
1964 2920 2170 2976 incolc-

2271 2930 2366 2999 γῆ,
2412 2927 2530 2998 ἦτοι
2582 2925 2719 2997 σὰρξ
2768 2924 2977 2995 γεώδης
3022 2924 3118 2979 καὶ
3161 2923 3537 2995 φιλοσώματος
3578 2923 3761 2996 ψυχὴ,
3801 2925 3857 2982 οι

604 3018 768 3082 bant,
826 3015 1281 3071 resurrectionem
1356 3024 1549 3084 postea
1626 3020 2053 3083 consequentur,
2113 3019 2173 3067 ut

2274 3019 2439 3074 πάλαι
2464 3018 2563 3091 τὴν
2590 3020 2693 3090 γῆν
2726 3018 3047 3089 οἰκήσαντες
3088 3016 3187 3086 τῆς
3225 3015 3459 3086 καθεξῆς
3494 3016 3849 3083 ἀναστάσεως

602 3111 864 3165 sistentur
895 3106 1150 3163 tribunali
1189 3105 1417 3172 Christi,
1451 3114 1507 3159 et
1553 3104 1926 3174 unusquisque
1968 3102 2171 3158 referat

2271 3113 2547 3180 τεύξονται
2574 3114 2653 3176 είς
2683 3112 2745 3165 τὸ
2776 3111 3114 3182 παραστῆναι
3143 3106 3221 3179 τῷ
3242 3107 3449 3179 βήματι
3466 3107 3559 3161 τοῦ
3584 3108 3850 3180 Χριστοῦ,

602 3201 901 3261 secundum
935 3214 997 3256 en
1030 3214 1151 3269 qua
1175 3212 1405 3269 corpore
1436 3197 1788 3266 perpetravit,
1825 3198 1941 3251 sive
1969 3196 2167 3250 bonum
2194 3234 2198 3259 n

2271 3206 2365 3258 καὶ
2396 3202 2722 3274 κομίσασθαι
2752 3200 2980 3254 ἕκαστον
3009 3198 3079 3252 τὰ
3102 3196 3191 3251 διὰ
3218 3197 3313 3251 τοῦ
3353 3196 3604 3267 σώματος
3632 3197 3775 3270 πρὸς
3812 3197 3852 3255 ἀ

602 3295 720 3349 sive
770 3293 994 3348 malum.
1025 3292 1155 3348 Cum
1193 3299 1375 3345 autem
1439 3290 1550 3344 lato
1583 3288 1789 3357 judicio
1823 3302 1853 3341 a
1883 3288 2023 3341 bona
2074 3301 2171 3355 spe

2270 3295 2523 3368 ἔπραξεν,
2548 3294 2658 3348 εἴτε
2684 3291 2910 3362 ἀγαθὸν,
2929 3292 3037 3345 εῖτε
3066 3288 3255 3343 κακόν·
3291 3288 3512 3344 ἐπειδὰν
3547 3288 3607 3342 δὲ
3636 3289 3855 3362 κριθίν-

599 3382 926 3448 exciderint,
958 3390 1013 3439 et
1065 3379 1347 3452 suppliciis
1383 3378 1513 3434 olim
1568 3378 1942 3449 praenuntiatis
1981 3374 2167 3434 traditi

2267 3404 2359 3451 τες
2382 3388 2658 3440 ὲκπέσωσι
2703 3386 2804 3456 τῆς
2835 3382 3048 3455 ἀγαθῆς
3077 3381 3313 3446 ἐλπίδος,
3348 3383 3442 3435 καὶ
3465 3384 3587 3447 ταῖς
3615 3381 3854 3455 ἠπειλη-

598 3476 836 3543 fuerint;
879 3484 1008 3531 tunc
1032 3489 1063 3530 a
1104 3473 1213 3529 Deo
1242 3470 1403 3543 lapsi,
1455 3486 1562 3527 nou
1590 3470 1731 3525 ultra
1760 3483 2040 3540 resurgere
2073 3483 2168 3538 po-

2270 3480 2458 3550 μὲναις
2486 3477 2737 3532 κολάσεσι
2768 3474 3135 3547 παραδοθιῖηι,
3162 3473 3224 3528 τὸ
3251 3473 3553 3545 τηνικαῦτα
3579 3473 3678 3528 τοῦ
3709 3473 3851 3530 Θεοῦ

601 3578 802 3624 terunt.
832 3567 998 3635 Queis
1031 3563 1269 3621 universi
1293 3562 1817 3619 consummationem
1850 3561 2164 3623 declaravit,

2266 3569 2609 3632 ἐκπεσόντες,
2652 3567 2836 3621 οὐκέτι
2886 3566 3182 3638 ἀναστῆναι
3226 3566 3566 3637 δυνήσονται.
3632 3566 3726 3621 Ἐν
3768 3562 3854 3632 οἷς

598 3678 704 3732 qua
746 3660 940 3717 calum
967 3668 1025 3716 et
1053 3667 1197 3714 terra
1221 3654 1553 3711 transibunt.
1585 3652 1851 3709 Ornatum
1885 3667 2014 3708 vero
2041 3651 2166 3707 ειειὶ

2263 3659 2363 3732 τὴν
2390 3658 2695 3713 συντέλειαν
2724 3658 2960 3729 ἐδήλωσε
3000 3656 3095 3710 τοῦ
3126 3656 3348 3721 παντὸς,
3383 3658 3442 3710 ἐν
3471 3651 3505 3730 ᾗ
3546 3657 3577 3709 6
3617 3657 3852 3729 οὐρανὸς

596 3756 735 3813 solet
756 3753 968 3825 Moyses
997 3749 1265 3821 appellare
1291 3745 1479 3813 solem,
1499 3745 1678 3799 lunam
1709 3739 1765 3799 et
1794 3742 2003 3798 stellas.
2032 3760 2051 3793 ι
2078 3742 2165 3795 ln-

2266 3754 2361 3807 καὶ
2400 3754 2435 3824 ή
2482 3754 2553 3824 γῆ
2587 3750 3029 3824 παρελεύσονται.
3069 3748 3381 3821 Κόσμον⁶δὲ
3419 3748 3647 3821 ούρανοῦ
3684 3749 3853 3807 εἴωθε

597 3850 755 3903 ducet
782 3847 925 3903 Deus
962 3845 1017 3899 in
1039 3850 1291 3900 ornatum
1323 3838 1447 3895 caeli
1475 3851 1732 3904 manum;
1772 3853 1791 3887 ι
1824 3849 2018 3905 nempe
2045 3848 2163 3888 me-

2264 3845 2441 3908 λέγειν
2470 3844 2501 3897 6
2536 3842 2777 3914 Μωῦσῆς
2802 3841 2892 3896 τὸν
2923 3840 3075 3913 ἥλιον
3096 3842 3191 3894 καὶ
3226 3840 3326 3913 τὴν
3352 3840 3581 3913 σελήνην
3600 3842 3854 3910 καὶτοὺς

599 3950 808 3995 morato
836 3937 1022 4009 iudicii
1059 3934 1155 3992 Dei
1191 3936 1451 4004 tempere.

2262 3929 2516 4008 ἀστέρας.
2548 3953 2567 3987 t
2590 3934 2809 4002 Ἐπάξει
2838 3934 2867 3987 6
2897 3932 3031 3997 Θεδς
3055 3932 3150 3986 ἐπὶ
3178 3933 3270 3986 τὸν
3300 3932 3505 4004 κόσμον
3551 3933 3649 3988 τοῦ
3676 3935 3851 4008 οὐρα-

2263 4029 2355 4083 νοῦ
2386 4030 2487 4102 τήν
2518 4030 2707 4101 χεῖραο
2744 4047 2764 4080 ι
2800 4027 2945 4095 λέγω
2981 4026 3039 4081 δὲ
3072 4026 3213 4082 κατὰ
3245 4026 3339 4081 τὸν
3379 4025 3713 4098 δηλούμενον
3745 4030 3853 4102 τῆς

2263 4119 2357 4174 τοῦ
2389 4119 2526 4175 Θεοῦ
2559 4121 2793 4191 κρίσεως
2819 4118 3031 4191 καιρόν.

670 4247 833 4305 Vens.
862 4248 957 4304 22.
987 4268 1005 4302 ι
1046 4252 1113 4305 Et
1142 4251 1197 4305 in
1246 4252 1400 4320 reges
1429 4256 1610 4313 terra,
1660 4256 1716 4303 et
1756 4245 2164 4318 congregabunt

2338 4254 2358 4288 ι
2392 4235 2501 4288 Καὶ
2536 4234 2629 4287 ἐπὶ
2664 4234 2791 4296 τοὺς
2834 4230 3075 4304 βασιλεῖς
3106 4232 3206 4302 τῆς
3246 4232 3372 4302 γῆς,
3420 4228 3515 4284 καὶ
3553 4228 3849 4298 συνάξουσι

594 4341 1063 4412 congregationem
1106 4340 1224 4410 ejus
1264 4340 1318 4394 in
1360 4352 1658 4403 carcerem,
1682 4347 1739 4392 et
1777 4336 2065 4392 occludeut
2108 4336 2161 4389 in

2264 4328 2585 4399 συναγωγὴν
2610 4326 2781 4397 αὐτῆς
2802 4327 2885 4389 είς
2915 4324 3315 4397 δεσμωτήριον,
3361 4323 3457 4378 καὶ
3486 4323 3851 4379 ἀποκλείσω-

596 4432 977 4496 munitiouem;
1023 4446 1120 4501 per
1146 4430 1343 4485 multas
1386 4430 1763 4501 generationes
1784 4426 2026 4483 visitatio
2055 4426 2162 4479 erit

2264 4436 2347 4473 σιν
2376 4421 2454 4483 είς
2480 4418 2740 4490 ὀχύρωμα
2757 4435 2772 4449 ⁸
2800 4416 2889 4470 διὰ
2915 4414 3355 4497 πολλῶννγενεῶν
3385 4415 3660 4487 ὲπισκοπὴ
3690 4414 3850 4476 ἔσται

591 4542 801 4583 eorum.
826 4525 1082 4581 iVidelur
1094 4525 1222 4579 mihi
1243 4538 1337 4594 per
1353 4538 1505 4594 reges
1528 4532 1708 4585 terra,
1721 4518 1990 4588 principes
2003 4517 2163 4586 hujus

2262 4511 2457 4565 αὐτῶν.
2498 4529 2516 4561 ι
2551 4512 2708 4562 Δοκεῖ
2740 4526 2829 4580 μοι
2850 4509 2981 4571 τοὺς
3001 4508 3267 4579 ἄρχοντας
3286 4505 3380 4560 τοῦ
3415 4506 3614 4570 αίῶνος
3647 4505 3848 4562 τούτου

594 4576 2028 4690 ;;cl;ii'.'s,.;{lic';;;;"diem;unianimem.
2053 4576 2162 4662 da-

2265 4601 2546 4673 σημαίνειν
2567 4598 2655 4653 διὰ
2681 4576 2789 4653 τῶν
2819 4576 3085 4669 βασιλέων
3099 4576 3207 4669 τῆς
3233 4600 3365 4669 γῆς·
3401 4595 3546 4651 οὕτω
3579 4596 3715 4666 γοῦν
3748 4599 3849 4653 καὶ

594 4710 755 4777 briel,
796 4684 923 4765 duin
958 4706 1173 4763 oracula
1231 4705 1333 4777 ipsi
1375 4706 1563 4760 ederet
1612 4702 1697 4757 his
1760 4697 1940 4755 verbis
1973 4717 1989 4754 :
2027 4718 2047 4750 ι
2094 4696 2161 4751 Ει

2261 4693 2339 4765 τῷ
2362 4684 2557 4763 Δανιὴλ
2576 4694 2604 4744 6
2628 4689 2979 4762 χρηματίζων
3002 4688 3149 4759 αὑτῷ
3170 4687 3408 4761 Γαϐριὴλ
3428 4686 3620 4760 ὶδήλου
3642 4687 3844 4757 λέγων·

592 4802 739 4858 venit
762 4802 815 4857 in
843 4815 1130 4857 occursum
1164 4812 1339 4852 meum
1362 4796 1611 4866 princeps
1631 4792 1784 4861 regni
1810 4790 2105 4846 Medorum.
2134 4808 2154 4843 ι

2268 4804 2285 4836 ι
2328 4786 2435 4838 Καὶ
2458 4784 2681 4855 ἐξῆλθεν
2712 4784 2795 4846 είς
2825 4781 3148 4853 συνάντησιν
3192 4798 3294 4850 μου
3338 4781 3525 4853 ἄρχων
3562 4779 3850 4851 βασιλείας

591 4895 882 4964 Postquam
923 4890 1219 4947 invisibiles
1247 4886 1551 4955 huiusmodi
1599 4886 1840 4955 gentium
1878 4896 2033 4950 reges
2067 4881 2155 4936 bic

2259 4876 2474 4948 Μήδων.
2516 4894 2535 4927 s
2572 4875 2711 4937 Τοὺς
2737 4871 3013 4935 τοιούτους
3042 4871 3310 4942 ἀοράτους
3339 4870 3454 4925 τῶν
3479 4869 3651 4925 ἐθνῶν
3686 4870 3849 4941 βασι-

594 4961 932 5049 ιιιεηιοηνίι,
954 4985 1099 5053 ipsos
1127 4995 1284 5035 manu
1313 4979 1408 5033 Dei
1430 4976 1838 5048 congregandos
1860 4974 1959 5037 ait,
1995 4984 2158 5041 atque

2258 4967 2367 5032 λεῖς
2397 4966 2628 5023 ἐνταῦθα
2663 4962 2941 5037 προειπὼν
2979 4964 3008 5017 6
3036 4961 3215 5031 λόγος,
3261 4963 3703 5035 συναχθήσεσθαι·
3739 4964 3848 5019 αύ-

593 5081 649 5135 in
682 5090 954 5135 carcerem
990 5071 1380 5143 conjiciendos.
1414 5077 1465 5125 et
1495 5066 1857 5123 occludendos
1892 5064 1946 5118 in
1975 5062 2155 5117 muni-

2259 5060 2383 5123 τούς
2413 5075 2575 5131 φησιν
2608 5056 2714 5111 ὑπὸ
2737 5058 2836 5127 τῆς
2865 5053 3046 5127 χειρὸς
3079 5053 3173 5107 τοῦ
3213 5054 3372 5119 Θεοῦ,
3415 5056 3509 5109 καὶ
3555 5055 3847 5130 ἐμϐληθή-

594 5172 762 5225 tione.
792 5166 925 5222 Nam
955 5181 1079 5222 cum
1111 5164 1347 5219 futurum
1386 5170 1533 5218 esset
1560 5157 1621 5214 ut
1648 5173 1871 5229 regnum
1903 5155 1997 5210 Dei
2028 5165 2156 5209 tunc

2261 5150 2447 5204 σεσθαι
2488 5151 2569 5213 είς
2616 5148 2985 5219 δεσμωτήριον
3033 5147 3127 5200 καὶ
3155 5145 3711 5218 ,ἀποκλεισθήσετθαι
3759 5150 3847 5215 είς

568 5256 852 5333 ἰοιηροι-ἰε
886 5258 1278 5329 reSplcuderet,
1307 5270 1373 5311 ac
1416 5268 1615 5308 novum
1644 5251 1919 5315 saculum,
1948 5246 2155 5318 princi-

2259 5244 2540 5316 ὀχύρωμα.
2586 5239 2898 5295 ’Δκόλουθόν
2933 5258 3024 5312 μοι
3060 5241 3170 5313 γὰρ
3191 5237 3260 5313 ἦν
3288 5243 3389 5311 τῆς
3429 5239 3708 5310 βασιλείας
3742 5243 3844 5297 τοῦ

590 5331 771 5427 putus,
809 5340 1104 5424 potestates
1144 5358 1198 5404 et
1249 5357 1492 5404 rectores
1543 5344 1727 5399 mundi
1782 5342 2151 5403 tenebrarum,

2252 5336 2387 5390 Θεοῦ
2420 5332 2718 5406 μελλούσης
2744 5332 2865 5387 τότε
2895 5332 3239 5403 διαλάμπειν,
3274 5332 3369 5385 τοῦ
3394 5348 3456 5384 τε
3483 5331 3609 5384 νέου
3642 5332 3846 5397 αίῶνος

593 5423 656 5502 uc
706 5423 1006 5514 spiritualia
1045 5441 1638 5510 nequitiesuperaret,
1677 5448 2013 5504 consequens
2035 5439 2155 5487 erat

2253 5429 2568 5501 ἐπικρατεῖν
2616 5425 2716 5490 τὰς
2757 5425 2932 5498 ἀρχὰς
2976 5426 3073 5480 καὶ
3119 5425 3218 5488 τὰς
3267 5423 3518 5489 ἐξουσίας
3568 5423 3666 5478 καὶ
3711 5424 3847 5491 τοὺς

594 5548 651 5591 ιιι
677 5536 713 5600 ii
746 5536 800 5591 in
833 5535 1006 5590 lacum
1038 5548 1197 5603 quem
1232 5529 1917 5599 l‘oderautconjicerentur.
1950 5524 2151 5578 Lucum

2253 5520 2699 5591 κοσμοκράτορας
2730 5515 2825 5571 τοῦ
2868 5517 3095 5582 σκότους
3125 5516 3340 5580 τούτου,
3370 5513 3556 5569 καὶτὰ
3588 5531 3849 5587 πνευμα-

592 5629 732 5684 cuim
763 5628 958 5698 impius
1001 5627 1177 5681 omnis
1204 5624 1415 5694 aperuit
1450 5632 1505 5677 et
1524 5619 1709 5677 ell‘odit
1742 5634 1891 5684 eum,
1917 5628 1971 5671 et
1992 5617 2151 5671 cadet

2252 5613 2378 5667 τικά
2408 5614 2507 5684 τῆς
2538 5606 2829 5682 πονηρίας,
2872 5610 2953 5673 είς
2983 5610 3076 5663 τὸν
3118 5610 3463 5681 προσήκοντα
3496 5608 3697 5671 αὐτοὺς
3734 5624 3845 5662 κα-

593 5721 645 5774 iu
671 5719 879 5773 foveam
902 5733 1061 5786 quam
1092 5717 1238 5772 fecit.

2250 5705 2585 5778 ταὸληθήναι
2614 5702 2835 5769 λάκκον,
2859 5703 2917 5756 ὃν
2935 5702 3089 5756 αὐτοὶ
3114 5702 3327 5766 ἑαυτοῖς
3346 5698 3582 5774 ὤρυξαν.
3614 5697 3846 5756 Δάκκον

589 5818 695 5889 γὰρ
727 5817 833 5881 πᾶς
882 5813 1081 5884 ἀσεδής
1111 5812 1281 5884 ὤρυξε
1337 5814 1431 5867 καὶ
1476 5810 1776 5880 ἀνέσκαψεν
1826 5810 2006 5874 αὐτὸν,
2056 5807 2151 5861 καὶ
2190 5805 2504 5876 ἐμπεσεῖται
2533 5801 2612 5863 είς
2642 5798 2830 5871 βόθρον
2865 5797 2925 5851 ὃν
2953 5796 3263 5871 εἰργάσατο.
