4042 6410
632 511 733 567 267

1287 505 1553 562 EUSEBII
1589 502 2058 561 CESARIENSIS
2094 502 2243 560 OPP.
2280 501 2459 559 PARS
2496 502 2583 559 Ill.
2623 534 2691 547 —
2729 502 3141 561 EXEGETICA.

3750 504 3860 562 968

631 640 688 687 et
713 632 1072 696 tegumentum
1108 634 1230 676 eras
1262 634 1278 674 :
1313 622 1423 675 imo
1448 621 1612 675 etiam
1654 619 1759 674 illis
1794 628 1920 672 tunc
1954 616 2182 672 sitienti-

2285 616 2417 669 ἀλλά
2450 618 2545 670 καὶ
2589 617 2864 685 διψώντων
2903 619 3021 670 κατ’
3054 619 3230 669 ἐκεῖνο
3260 617 3448 688 καιροῦ
3472 658 3486 681 ,
3542 618 3620 682 ὼς
3655 619 3858 689 λέγειν,

632 724 752 783 bus,
794 733 857 773 ac
906 715 1224 777 dicentibus,
1273 732 1292 763 ι
1324 712 1509 767 Sitivit
1554 712 1729 766 anima
1771 723 1887 765 mea
1922 711 1989 763 ad
2016 709 2183 765 Deum

632 806 821 860 fortem
870 812 925 857 et
955 801 1245 861 viventem,
1276 817 1294 850 ι
1351 806 1405 853 ιιι
1442 798 1565 852 item
1614 798 1733 852 fons
1773 811 1927 861 eras,
1960 798 2051 866 qui
2094 812 2186 851 eos

633 894 809 950 sancti
838 892 1070 962 Spiritus
1117 890 1267 943 alveo
1321 888 1679 959 relrigerabas
1732 896 1893 957 atque
1937 891 2184 957 putabas,

630 1000 694 1041 ac
720 1000 814 1041 eos
839 985 1019 1038 animo
1045 981 1351 1036 deﬁcientes
1381 981 1687 1042 recreabas,
1712 980 1965 1053 ipsosque
1988 981 2185 1035 virtute

630 1075 892 1143 unigeniti
930 1072 1085 1129 Verbi
1140 1073 1213 1125 tui
1258 1071 1621 1126 confortabas.
1672 1068 1749 1125 Ne
1805 1084 1934 1125 vero
1963 1070 2075 1127 haec
2120 1075 2186 1125 de

631 1181 688 1220 se
736 1167 877 1220 dicta
929 1165 1093 1219 fuisse
1140 1165 1541 1232 suspicarentur
1594 1161 1800 1225 Judaei,
1854 1160 2076 1217 effusam
2131 1163 2183 1217 in

630 1269 822 1310 omnes
872 1262 1060 1321 gentes
1108 1252 1306 1308 Christi
1364 1252 1593 1322 gratiam
1645 1253 1949 1307 necessario
2004 1254 2186 1307 adiicit

630 1348 717 1403 his
748 1347 923 1402 verbis
954 1364 967 1399 :

702 1524 866 1578 Vens.
898 1522 950 1576 6.
994 1540 1013 1573 ‹
1042 1523 1110 1577 Et
1152 1522 1312 1576 faciet
1354 1522 1612 1576 Dominus
1657 1521 1891 1576 Sabaoth
1937 1522 2185 1575 omnibus

630 1618 878 1685 gentibus
910 1616 962 1669 in
998 1623 1178 1669 monte
1214 1615 1331 1667 hoc.
1367 1635 1384 1666 ι
1426 1615 1564 1680 Quid
1593 1630 1723 1669 vero
1752 1614 1953 1668 faciet?
1985 1614 2187 1669 Secun-

630 1708 755 1761 dum
798 1707 1028 1774 reliquos
1073 1705 1284 1773 quidem
1317 1706 1656 1773 interpretes,
1695 1723 1713 1756 ι
1754 1716 1998 1775 potum,»
2048 1706 2184 1760 dici-

632 1810 752 1864 tur;
804 1799 1093 1854 secundum
1133 1806 1308 1852 autem
1338 1796 1501 1860 LXX,
1544 1816 1562 1848 r
1586 1798 1797 1862 Bibent,
1832 1799 2023 1864 inquit,
2054 1798 2185 1852 laeti-

629 1890 784 1952 tiam,
826 1888 1007 1941 bibent
1039 1887 1243 1939 vinum.
1272 1906 1289 1937 ο
1336 1886 1649 1939 Convivium
1680 1901 1807 1957 ergo
1836 1902 1939 1939 non
1978 1886 2182 1950 lsraeli,

2291 726 2317 758 «ι
2359 708 2639 777 Ἐδίψησεν
2668 712 2701 778 ἡ
2731 709 2875 779 ψυχή
2910 724 3009 778 μου
3050 708 3184 776 πρὸς
3214 709 3304 761 τὸν
3349 710 3479 762 Θεὸν
3510 710 3603 764 τὸν
3643 712 3859 783 ἰσχυρὸν

2283 801 2377 852 καὶ
2406 796 2603 863 ζῶντα,
2644 819 2661 849 ι
2702 800 2767 851 σὺ
2800 798 2960 852 πάλιν
2988 794 3131 869 ἦσθα
3154 800 3323 870 πηγὴ,
3372 801 3633 871 δροσίζων
3662 802 3860 865 αὐτοὺς

2284 890 2379 941 καὶ
2399 888 2630 952 ποτίζων
2662 892 2727 959 τῇ
2754 888 2848 941 τοῦ
2872 890 3027 957 ἁγίου
3058 888 3372 957 Πνεύματος
3392 892 3647 963 ἐπιρροῇ,
3672 892 3769 944 καὶ
3797 893 3861 944 σὺ

2283 981 2381 1049 τῆς
2414 979 2759 1049 ὀλιγοψυχίας
2804 981 2997 1043 αὐτοὺς
3055 981 3299 1043 ἀνεκτῶ,
3352 983 3614 1053 ἐνισχύων
3663 984 3862 1045 αὐτοὺς

2283 1076 2349 1143 τῇ
2382 1072 2604 1141 δυνάμει
2650 1072 2744 1126 τοῦ
2796 1057 3114 1142 μονογενοῦς
3165 1090 3258 1124 σου
3296 1075 3490 1141 Λόγου.
3529 1076 3648 1128 Ἵνα
3694 1076 3751 1127 δὲ
3789 1074 3863 1144 μὴ

2287 1164 2413 1233 περὶ
2443 1162 2618 1216 αὐτῶν
2669 1162 2840 1215 ταῦτα
2874 1163 3126 1231 λ’ἐγεσθαι
3181 1163 3524 1217 ὑπολάϐωσιν
3588 1165 3864 1218 Ἰουδαίων

2286 1256 2491 1317 παῖδες,
2546 1255 2854 1322 ἀναγκαίως
2879 1255 2978 1325 τὴν
3016 1256 3096 1318 εἰς
3124 1255 3301 1307 πάντα
3346 1255 3413 1307 τά
3445 1256 3571 1325 ἔθνη
3604 1255 3867 1325 χυθεῖσαν

2283 1344 2378 1396 τοῦ
2398 1342 2631 1413 Χριστοῦ
2664 1345 2823 1415 χάριν
2855 1345 3103 1414 ἐπιφέρει
3136 1344 3310 1413 λέγων
3332 1364 3343 1375 ·
3740 1344 3769 1368 ⁹

2360 1541 2379 1573 ‹
2418 1523 2525 1589 Καὶ
2563 1522 2774 1593 ποιήσει
2803 1524 2830 1575 6
2859 1523 3064 1594 Κύριος
3099 1523 3324 1575 Σαόαὼθ
3365 1525 3495 1576 πᾶσι
3536 1526 3648 1586 τοῖς
3684 1523 3864 1577 ἔθνεσι

2285 1612 2376 1665 ἐπὶ
2403 1614 2462 1665 τὸ
2487 1614 2611 1683 ὄρος
2634 1612 2807 1666 τοῦτο.
2850 1632 2867 1664 ι
2926 1615 2989 1666 Τί
3035 1615 3091 1667 δὲ
3134 1616 3382 1683 ποιήσεις
3427 1614 3564 1666 κατὰ
3610 1616 3710 1683 μὲν
3737 1616 3864 1678 τοὺς

2284 1704 2499 1767 λοιποὺς
2524 1707 2882 1777 ὲρμηνευτὰς,
2939 1725 2957 1756 r
2996 1707 3178 1769 πότον,
3212 1726 3230 1757 ›
3278 1705 3403 1776 ὲξῆς
3436 1706 3683 1776 εἴρηται·
3724 1706 3869 1759 κατὰ

2283 1794 2339 1846 δὲ
2379 1796 2504 1857 τοὺς
2541 1795 2957 1865 Ἐϐδομήκοντα,
2999 1816 3017 1839 α
3054 1797 3295 1864 Πίον-ται,
3334 1816 3351 1847 ι
3391 1798 3582 1866 φησὶν,
3618 1816 3636 1848 r
3676 1798 3867 1868 εὐφρο-

2290 1886 2477 1955 σύνην,
2512 1887 2723 1938 πίονται
2750 1882 2908 1940 οἶνον.
2950 1907 2966 1937 ι
3014 1887 3320 1957 Συμπόσιον
3345 1888 3524 1939 τοίνυν
3547 1889 3608 1941 οὐ
3642 1888 3717 1958 τῷ
3756 1890 3868 1942 Ἰσ-

633 1993 810 2047 neque
834 1977 1059 2033 Judaico
1092 1978 1305 2047 pupulo,
1358 1978 1450 2031 sed
1481 1977 1726 2031 omnibus
1747 1954 2001 2046 gentibus
2029 1992 2182 2046 para-

2293 1975 2451 2045 ραὴλ,
2490 1976 2608 2027 οὐδὲ
2656 1977 2733 2046 τῷ
2791 1978 3059 2030 Ἰουδαίων
3108 1975 3241 2047 λαῷ,
3292 1980 3424 2030 πᾶσι
3462 1980 3654 2041 δὲτοῖς
3688 1978 3871 2031 ἔθνεσι

628 2080 805 2123 turum
828 2084 950 2125 esse
971 2070 1251 2122 Dominum
1273 2069 1611 2129 vaticinatur,
1640 2083 1742 2121 non
1769 2068 1819 2121 in
1837 2068 2184 2129 convallibus,

625 2175 731 2215 non
766 2161 819 2215 in
849 2161 1092 2230 planitie,
1127 2160 1219 2213 sed
1265 2174 1437 2226 neque
1472 2160 1650 2213 multis
1684 2161 1737 2213 in
1771 2161 2057 2223 montibus,
2097 2177 2188 2212 ne-

625 2264 730 2320 que
762 2252 814 2305 in
855 2250 962 2305 alio
998 2251 1189 2319 quovis
1242 2258 1442 2312 monte,
1472 2251 1565 2304 sed
1600 2251 1650 2304 in
1685 2250 1793 2317 illo,
1824 2266 1982 2319 quem
2017 2254 2189 2317 expli-

624 2358 755 2399 cans
782 2343 1015 2409 dicebat,
1054 2362 1072 2394 ι
1096 2344 1357 2409 Quoniam
1394 2342 1637 2410 regnabit
1673 2342 1928 2397 Dominus
1959 2344 2009 2397 in
2038 2361 2189 2396 mou-

623 2433 788 2499 tibus,
831 2442 884 2488 et
926 2433 979 2487 in
1018 2442 1307 2503 conspectu
1338 2434 1612 2488 seniorum
1664 2449 1879 2488 suorum
1925 2436 2187 2505 gloriﬁca-

623 2525 786 2580 bitur.
814 2544 831 2577 ι
873 2524 1006 2580 Nam
1044 2526 1095 2579 in
1136 2535 1316 2580 monte
1361 2526 1509 2594 regni
1555 2527 1660 2591 sui,
1711 2524 1762 2579 in
1807 2540 1913 2595 quo
1959 2526 2185 2596 gloriam

624 2633 775 2672 suam
820 2617 1123 2671 senioribus
1159 2616 1272 2671 suis
1310 2617 1595 2683 prtebehit,
1639 2631 1701 2671 ac
1730 2616 1976 2687 gentibus
2002 2622 2185 2672 convi-

623 2708 768 2759 vium
828 2705 1127 2773 apparahit,
1181 2704 1600 2759 immortalitatis
1652 2714 1833 2773 potum
1883 2706 2013 2775 ipsis
2044 2707 2185 2761 elar-

624 2798 817 2863 gietur.
859 2796 1009 2849 llunc
1059 2808 1185 2849 vero
1235 2804 1469 2849 montem
1513 2794 1749 2862 explicat
1787 2796 2073 2866 Apostolus
2106 2798 2186 2852 di-

622 2903 749 2942 cens
776 2888 834 2949 ¹³,
878 2906 893 2938 ι
928 2887 1243 2941 Accessistis
1284 2885 1350 2938 ad
1381 2884 1507 2939 Sion
1542 2895 1799 2951 montem,
1827 2896 1883 2943 et
1913 2887 2183 2942 civitatem

620 2977 715 3032 Dei
760 2977 1032 3040 viventis,
1080 2973 1377 3033 Jerusalem
1438 2975 1737 3040 cmlestem,
1790 2986 1851 3030 et
1894 2977 2183 3032 multorum

621 3068 850 3123 tnillium
895 3067 1208 3138 angelorum
1252 3064 1627 3135 frequentiam,
1659 3076 1714 3120 et
1741 3066 2034 3123 Ecclesium
2075 3070 2185 3139 pri-

618 3158 952 3223 mitivorum,
980 3156 1067 3227 qui
1100 3157 1351 3225 descripti
1389 3165 1516 3210 sunt
1547 3158 1599 3211 in
1627 3158 1846 3214 cmiis...
1880 3158 1994 3215 Hoc
2026 3160 2186 3230 igitur

620 3247 675 3302 in
700 3238 817 3301 loco
843 3248 1143 3310 constituti.
1181 3262 1286 3304 non
1321 3247 1507 3312 Israel,
1552 3250 1646 3303 sed
1673 3258 1932 3318 quotquot
1957 3265 2022 3305 ex
2051 3267 2181 3321 gen-

621 3342 763 3395 tibus
790 3340 1043 3393 omnibus
1080 3339 1534 3408 promissionibus
1564 3339 1770 3409 dignati
1800 3350 1964 3406 sunt,
1997 3341 2185 3397 bibent

620 3430 888 3497 laetitiam,
918 3431 1101 3486 bibent
1142 3432 1265 3484 item
1298 3428 1427 3485 illud
1462 3442 1529 3485 ex
1560 3444 1687 3484 vera
1721 3430 1828 3485 vite
1864 3446 2181 3501 expressum

619 3524 826 3587 vinum,
866 3522 932 3575 de
978 3537 1085 3592 quo
1136 3521 1384 3576 Salvator
1428 3522 1523 3585 ait,
1574 3540 1593 3571 r
1622 3520 1737 3577 Non
1782 3524 1964 3593 utique
2002 3526 2179 3579 bibam

619 3610 767 3675 illud,
809 3610 977 3663 donec
1009 3611 1186 3664 bibam
1214 3609 1343 3663 illud
1377 3623 1576 3662 novum
1613 3608 1889 3664 vobiscum
1923 3611 1977 3663 in
2016 3624 2183 3681 regno

620 3702 882 3756 caelorum
911 3702 977 3754 ¹⁶.
1007 3719 1025 3751 ι

691 3877 859 3931 Vens.
898 3880 950 3931 7.
1011 3896 1028 3929 ‹
1063 3878 1341 3947 Ungentur
1395 3888 1669 3949 unguento
1728 3879 1780 3933 in
1834 3890 2015 3935 monte
2059 3881 2181 3935 hoc.

619 3964 796 4019 Trade
829 3967 1008 4019 omnia
1057 3968 1171 4021 haec
1201 3967 1455 4036 gentibus
1493 3985 1506 4022 :
1559 3969 1842 4025 consilium
1888 3970 2030 4023 enim
2081 3971 2185 4024 hoc

621 4072 782 4125 super
827 4073 1017 4112 omnes
1061 4069 1263 4128 gentes.
1297 4079 1316 4113 ι
1379 4059 1577 4113 llorum
1622 4075 1789 4129 porro
1837 4062 2099 4130 imagines
2131 4071 2186 4116 et

620 4150 859 4219 symbola
891 4150 942 4202 in
982 4152 1253 4219 mysteriis
1302 4154 1424 4205 novi
1466 4150 1793 4207 Testamenti
1849 4168 1944 4222 per
1993 4154 2185 4224 mysti-

619 4257 740 4294 cum
774 4243 1009 4295 chrisma
1038 4252 1092 4295 et
1120 4243 1405 4296 salutarem
1436 4244 1751 4312 sanguinem
1788 4245 1940 4298 nobis
1964 4243 2182 4298 tradidit

618 4332 960 4402 evangelicus
988 4348 1197 4396 sermo;
1229 4342 1287 4385 ut
1322 4334 1373 4385 in
1414 4334 1497 4388 his
1528 4335 1758 4401 probati,
1794 4336 1956 4389 etiam
1998 4336 2183 4389 melio-

619 4439 738 4476 rum
798 4423 1086 4493 participes
1139 4426 1309 4478 simus
1343 4442 1357 4477 :
1393 4427 1591 4478 etenim
1643 4424 1804 4480 lsrael
1860 4427 1944 4480 his
1992 4428 2182 4495 dignus

617 4526 725 4565 non
783 4522 889 4565 est.
947 4512 1412 4578 Quemadmodum
1469 4525 1650 4568 autem
1706 4514 1828 4583 quis
1882 4516 2181 4583 depositum

2290 2069 2730 2138 παρασκευάσειν
2762 2068 2852 2121 τὸν
2898 2068 3098 2141 Κύριον
3131 2070 3188 2121 tv
3219 2068 3429 2131 τούτοις
3470 2069 3735 2133 θεσπίζει.
3766 2069 3873 2123 οὐκ

2289 2160 2345 2209 ὲν
2374 2157 2725 2228 κοιλώμασιν,
2766 2160 2886 2212 οὐδὲ
2916 2163 2973 2213 ὲν
3004 2159 3293 2230 φάραγξιν,
3334 2160 3455 2212 οὐδὲ
3486 2162 3543 2214 tv
3578 2161 3832 2215 πεδιάσιν
3854 2176 3871 2190 ·

2288 2250 2399 2302 ἀλλ’
2455 2251 2575 2302 οὐδὲ
2627 2253 2683 2302 tv
2740 2251 2951 2314 πολλοῖς
2995 2253 3198 2323 ὄρεσιν,
3250 2251 3358 2304 οὐδ’
3389 2252 3463 2314 ὠς
3512 2252 3701 2321 ἔτυχεν
3749 2252 3873 2314 ἑνὸς

2286 2340 2471 2409 ὄρους·
2501 2342 2615 2394 ἀλλ’
2663 2343 2721 2393 tv
2765 2344 2974 2412 ἐκείνῳ,
3006 2344 3139 2413 ὅπερ
3159 2343 3374 2407 δεικνὺς
3413 2343 3634 2411 ἔλεγενο
3676 2363 3693 2394 ι
3742 2342 3876 2397 Ὀτι

2288 2430 2593 2500 βασιλεύσει
2630 2433 2832 2504 Κύριος
2866 2436 2923 2486 tv
2959 2434 3133 2504 ὄρεσι,
3181 2435 3274 2487 καὶ
3322 2434 3553 2488 ἐνώπιον
3585 2435 3693 2487 τῶν
3728 2452 3873 2506 πρε-

2287 2520 2563 2592 σϐυτέρων
2595 2521 2760 2575 αὐτοῦ
2802 2522 3212 2593 δοξασθήσεται.
3256 2542 3274 2574 ι
3326 2524 3412 2577 Ἐν
3464 2522 3572 2595 γάρ
3617 2523 3697 2593 τῷ
3748 2524 3873 2595 ὄρει

2284 2613 2378 2680 τῆς
2408 2610 2598 2664 ἑαυτοῦ
2633 2611 2927 2681 βασιλείας,
2954 2612 3010 2663 tv
3037 2604 3082 2678 ᾦ
3108 2611 3203 2663 ml
3228 2611 3327 2681 τὴν
3349 2608 3505 2674 δόξαν
3528 2609 3722 2663 ἑαυτοῦ
3754 2612 3875 2673 τοῖς

2284 2699 2475 2753 ἑαυτοῦ
2526 2699 2918 2772 πρεσϐυτέροις
2962 2699 3211 2771 παρέξει,
3270 2701 3365 2754 καὶ
3417 2703 3527 2763 τοῖς
3579 2699 3755 2753 ἔθνεσι
3806 2701 3875 2754 τὺ

2288 2792 2586 2861 συμπόσιον
2620 2791 3071 2861 παρασκευάσας,
3107 2790 3170 2845 τὸ
3205 2791 3303 2862 τῆς
3338 2789 3639 2854 ἀθανασίας
3680 2791 3873 2856 αὐτοῖς

2286 2882 2445 2935 ποτὸν
2473 2883 2792 2954 δωρήσεται.
2827 2882 3131 2953 Παρίστησι
3155 2882 3213 2962 δὲ
3238 2882 3301 2934 τὸ
3324 2882 3451 2953 ὄρος
3474 2883 3503 2935 6
3543 2883 3873 2947 Ἀπόστολος

2284 2972 2484 3026 είπώνο
2512 2992 2529 3025 t
2556 2973 3002 3045 Προσεληλύθατε
3048 2974 3186 3029 Σιὼν
3230 2975 3383 3046 ὄρει,
3420 2974 3513 3028 καὶ
3545 2974 3696 3028 πόλει
3726 2975 3873 3028 Θεοῦ

2288 3059 2484 3124 ζῶντος
2525 3062 2879 3133 Ἰερουσαλὴμ
2907 3062 3235 3133 ἐπουρανίῳ,
3283 3064 3377 3116 καὶ
3416 3064 3669 3135 μυριάσιν
3699 3065 3872 3133 ἀγγέ-

2284 3151 2390 3205 λων
2447 3153 2774 3225 πανηγύρει,
2821 3156 2916 3207 καὶ
2964 3154 3258 3225 Ἐκκλησία
3310 3157 3675 3227 πρωτοτόκων
3723 3158 3872 3210 ἀπο-

2287 3247 2690 3316 γεγραμμένων
2736 3247 2794 3300 tv
2840 3247 3107 3317 οὐρανοῖς.
3177 3263 3197 3297 ι
3263 3247 3528 3301 Ἐνταῦθα
3564 3250 3742 3301 τοίνυν
3774 3264 3875 3316 γεο

2286 3336 2519 3407 νόμενοι,
2543 3338 2643 3407 οὐχ
2662 3339 2689 3389 6
2727 3336 2963 3409 Ἰσραὴλ,
2992 3336 3105 3391 ἀλλ’
3130 3338 3181 3391 οί
3206 3336 3267 3401 ἐξ
3284 3339 3538 3393 ἁπάντων
3562 3340 3671 3394 τῶν
3694 3341 3875 3395 ἐθνῶν

2286 3428 2698 3498 καταξιούμενοι
2730 3428 2839 3481 τῶν
2873 3429 3213 3497 ἐπαγγελιῶν
3246 3429 3460 3483 πίονται
3492 3430 3867 3504 εὐφροσύνην,

2287 3520 2379 3572 καὶ
2412 3519 2621 3572 πίονται
2646 3520 2736 3571 τὸν
2766 3520 2831 3572 ἐκ
2854 3519 2951 3590 τῆς
2979 3518 3237 3592 ἀληθινῆς
3264 3521 3511 3592 ἀμπέλου
3541 3518 3708 3586 οἶνον,
3738 3526 3873 3597 περὶ

2284 3604 2343 3663 οὗ
2371 3612 2399 3662 6
2431 3610 2621 3680 Σωτὴρ
2648 3610 2800 3678 ἔλεγε
2824 3626 2838 3640 ο
2882 3630 2901 3661 ι
2944 3611 3020 3663 Οὐ
3048 3610 3153 3681 μὴν
3180 3612 3292 3664 πίω
3322 3612 3505 3676 αὑτὸν,
3533 3613 3638 3677 ἔως
3668 3613 3735 3666 ἂν
3758 3616 3875 3669 πίω

2285 3699 2451 3751 αὑτὸν
2498 3698 2682 3757 καινὸν
2722 3698 2839 3770 μεθ’
2884 3699 3040 3768 ὑμῶν
3080 3700 3140 3754 tv
3170 3703 3236 3772 τῇ
3289 3700 3533 3773 βασιλείᾳ
3563 3702 3671 3755 τῶν
3701 3704 3873 3776 ούρα-

2288 3805 2411 3840 νων.
2452 3805 2468 3836 ι

2360 3898 2379 3931 ι
2420 3878 2711 3949 Χρίσονται
2757 3879 2925 3950 μύρον
2971 3880 3030 3934 tv
3077 3879 3157 3952 τῷ
3209 3880 3326 3954 ὄρει
3371 3881 3566 3953 τούτῳ.
3616 3884 3873 3956 Παράδος

2284 3969 2460 4025 ταῦτα
2503 3971 2679 4024 πάντα
2716 3973 2825 4034 τοῖς
2860 3971 3068 4025 ἔθνεσιν
3096 3987 3111 4002 ·
3150 3975 3183 4044 ὴ
3237 3972 3346 4045 γάρ
3376 3974 3539 4045 βουλὴ
3583 3974 3727 4047 αὕτη
3776 3978 3876 4031 ἐπὶ

2289 4063 2467 4117 πάντα
2499 4063 2568 4116 τά
2599 4062 2747 4133 ἔθνη.
2792 4081 2809 4113 ι
2847 4062 3061 4118 Τούτων
3086 4064 3143 4117 δὲ
3172 4064 3386 4127 εἰκόνας
3418 4065 3551 4137 ⁴ημῖν
3587 4065 3684 4119 καὶ
3723 4065 3872 4139 σύμο

2286 4151 2416 4205 ὁολα
2442 4154 2500 4204 ὲν
2530 4154 2641 4215 τοῖς
2678 4152 2999 4223 μυστηρίοις
3017 4152 3117 4224 τῆς
3145 4156 3339 4225 καινῆς
3367 4154 3640 4225 Διαθήκης
3658 4156 3751 4209 διὰ
3771 4156 3875 4211 τοῦ

2289 4245 2551 4315 μυστικοῦ
2595 4245 2891 4316 χρίσματος
2947 4247 3041 4299 καὶ
3094 4245 3188 4300 τοῦ
3237 4248 3504 4319 σωτηρίου
3556 4248 3789 4318 αἵματος
3837 4252 3875 4305 6

2286 4337 2638 4405 εύαγγελικὸς
2671 4338 3025 4409 παραδέδωκε
3058 4338 3216 4408 λόγος
3249 4357 3262 4369 ·
3295 4340 3403 4408 ἵνα,
3445 4343 3503 4395 tv
3535 4341 3745 4406 τούτοις
3773 4342 3872 4400 δοο

2286 4427 2665 4498 κιμασθέντες,
2710 4429 2935 4482 καὶτῶν
2970 4431 3294 4501 κρειττόνων
3339 4431 3735 4503 μεταλάδωμεν
3763 4449 3783 4467 ο
3835 4437 3873 4488 6

2284 4520 2394 4589 γὰρ
2435 4520 2651 4591 Ἰσραὴλ
2687 4520 2787 4574 οὐκ
2814 4519 2961 4585 ἄξιος
2989 4521 3212 4575 τούτων.
3252 4524 3462 4595 Ὥσπερ
3491 4524 3548 4578 δέ
3581 4542 3666 4589 τις
3691 4544 3874 4600 παρα-

618 4616 737 4655 cum
794 4617 1040 4657 mensura
1104 4605 1302 4672 tradit,
1355 4607 1470 4669 sic,
1529 4606 1724 4674 inquit,
1775 4608 2056 4675 mysticum
2112 4608 2178 4661 de

2284 4612 2590 4683 καταθήκην
2621 4613 2678 4665 tv
2696 4614 2877 4685 μέτρῳ
2900 4614 3251 4685 παραδίδωσι,
3266 4614 3429 4680 οὕτω,
3454 4616 3607 4685 φησὶ,
3622 4618 3716 4671 τὸν
3731 4619 3871 4691 περὶ

618 4692 889 4760 praedictis
944 4695 1105 4747 rebus
1161 4708 1467 4748 sermonem
1540 4699 1691 4748 trade
1751 4695 1999 4749 omnibus
2054 4709 2182 4764 gen-

622 4782 765 4835 tibus
822 4795 836 4833 :
896 4798 1017 4836 nam
1084 4786 1185 4839 hoc
1245 4786 1531 4841 consilium
1591 4801 1754 4855 super
1806 4800 1998 4839 omnes
2048 4800 2176 4855 gen-

618 4880 699 4927 tes
729 4882 829 4927 est.

689 4964 850 5019 Vnus.
880 4965 931 5019 8.
973 4984 992 5017 ‹
1015 4968 1298 5037 Absorpsit
1335 4982 1481 5022 mors
1516 4967 1811 5039 praevalens
1833 5008 1850 5034 ,
1897 4980 1953 5023 et
1994 4983 2181 5024 rursus

615 5054 835 5110 abstulit
864 5055 1005 5111 Deus
1034 5074 1247 5112 omnem
1278 5058 1569 5129 lacrymam
1602 5064 1667 5113 ab
1693 5060 1838 5114 omni
1867 5059 2014 5113 vultu
2047 5078 2059 5115 :
2091 5075 2179 5129 op.

615 5144 897 5211 probrium
948 5146 1128 5215 populi
1180 5148 1404 5202 abstulit
1452 5150 1519 5201 ab
1580 5150 1831 5204 universa
1883 5158 2072 5204 terra:
2116 5164 2178 5204 os

614 5236 759 5288 enim
784 5234 999 5292 Domini
1029 5239 1266 5292 locutum
1290 5248 1389 5293 est.
1419 5258 1437 5288 ι
1475 5238 1610 5292 Tum
1640 5241 1823 5308 igitur,
1852 5256 1973 5294 cum
2004 5242 2177 5296 sancti

616 5340 717 5378 una
767 5342 888 5379 cum
935 5328 1072 5382 Filio
1125 5330 1216 5384 Dei
1272 5329 1613 5400 regnabant,
1667 5332 1777 5398 ipsa
1834 5347 1998 5395 mors,
2059 5348 2178 5399 quae

616 5418 741 5469 olim
770 5418 1097 5487 deglutiebat
1126 5436 1256 5488 eos,
1279 5424 1500 5476 omnino
1530 5423 1924 5478 absorbehitur.
1954 5426 2060 5478 Pro
2086 5424 2174 5478 illa

615 5518 817 5573 autem,
849 5512 951 5564 erit
981 5514 1172 5567 unctio.
1206 5529 1310 5582 qua
1363 5515 1689 5582 inungentur
1730 5530 1917 5569 omnes
1966 5525 2171 5585 gentes.

616 5599 822 5653 Etenim
854 5604 997 5657 uncti
1045 5604 1131 5658 illo
1164 5617 1455 5673 unguento,
1502 5622 1607 5660 non
1642 5608 1781 5660 ultra
1811 5611 1967 5661 morti
2014 5620 2178 5663 erunt

617 5694 827 5745 obnoxii
855 5736 868 5758 ,
909 5698 1002 5751 sed
1033 5698 1452 5752 immortalitatis
1485 5710 1538 5753 et
1564 5712 1780 5752 αξιοι-ηαξ
1812 5700 1930 5756 vita:
1957 5716 2175 5757 consor-

617 5893 659 5925 ¹⁶
714 5893 871 5947 Hebr.
901 5910 995 5958 xu,
1026 5896 1119 5948 2‘2.
1200 5900 1240 5930 “
1266 5897 1451 5952 Matth.
1483 5914 1628 5960 χχι-ι,
1667 5897 1751 5953 29.

2283 4702 2389 4753 τῶν
2434 4702 2730 4773 λεχθέντων
2784 4704 3043 4775 μυστικὸν
3097 4705 3253 4773 λόγον
3297 4706 3535 4777 παράδος
3568 4710 3701 4761 πᾶσι
3748 4713 3867 4775 τοῖς

2284 4794 2458 4847 ἔθνεσι
2487 4813 2499 4825 ·
2531 4798 2623 4849 καὶ
2652 4797 2758 4871 γάρ
2786 4798 2949 4869 βουλὴ
2979 4797 3118 4867 αὕτη
3146 4798 3240 4852 ἐπὶ
3271 4798 3447 4854 πάντα
3464 4800 3534 4854 τὰ
3564 4799 3711 4871 ἔθνη.

2354 4993 2371 5024 r
2415 4975 2690 5030 Κατέπιεν
2710 4978 2738 5029 6
2764 4977 2990 5040 Θάνατος
3011 4976 3251 5047 ἰσχύσας,
3269 4978 3365 5031 καὶ
3379 4978 3541 5031 πάλιν
3565 4977 3808 5046 ἀφεῖλειν
3833 4982 3869 5033 6

2279 5063 2409 5129 Θεὸς
2434 5068 2541 5120 πᾶν
2565 5067 2797 5135 δάκρυον
2829 5069 2936 5121 ἀπὸ
2958 5071 3154 5134 παντὸς
3184 5069 3477 5142 προσώπου
3503 5087 3515 5099 ·
3552 5070 3612 5123 τὸ
3655 5070 3870 5138 ὄνειδος

2273 5154 2369 5208 τοῦ
2405 5156 2533 5211 λαοῦ
2564 5160 2782 5225 ἀφεῖλεν
2801 5160 2909 5213 ἀπὸ
2933 5161 3112 5232 πάσης
3140 5163 3238 5231 τῆς
3260 5163 3365 5232 γῆς
3390 5178 3404 5191 ·
3440 5160 3500 5215 τὸ
3523 5162 3631 5231 γὰρ
3679 5161 3867 5233 στόμα

2271 5248 2474 5318 Κυρίου
2496 5250 2741 5319 ὲλάλησε.
2770 5269 2786 5301 ι
2812 5251 2940 5303 Τότε
2958 5252 3151 5317 τοίνυν,
3171 5254 3257 5306 ὅτε
3284 5252 3362 5323 τῷ
3395 5253 3509 5323 Υῑῷ
3532 5254 3624 5306 τοῦ
3648 5253 3782 5308 Θεοῦ
3806 5256 3866 5307 οἱ

2275 5339 2417 5407 ἅγιοι
2448 5343 2983 5411 συμδασιλεύσουσιν,
3018 5345 3176 5408 αὐτὸς
3202 5348 3229 5398 6
3256 5345 3485 5408 θάνατος
3503 5349 3530 5399 6
3561 5346 3729 5399 πάλαι
3757 5366 3865 5401 κα-

2278 5432 2518 5486 ταπίνων
2533 5436 2746 5498 αὐτοὺς,
2770 5437 2981 5500 πάντως
3010 5438 3467 5509 καταποθήσεται.
3487 5440 3629 5490 Ἀντὶ
3650 5438 3706 5491 δὲ
3735 5441 3865 5493 τού-

2281 5541 2373 5575 του
2405 5525 2554 5578 ἔσται
2586 5529 2617 5595 ἡ
2653 5528 2829 5597 χρίσις
2866 5532 2897 5599 ἡ
2929 5532 3259 5601 κεχρισμένη
3290 5534 3371 5593 είς
3399 5531 3572 5584 πάντα
3606 5532 3672 5585 τὰ
3702 5533 3860 5604 ἔθνη.

2281 5614 2604 5686 Χρισθέντες
2658 5617 2765 5687 γάρ
2816 5620 2893 5690 τῷ
2932 5624 3228 5691 χρίσματι,
3286 5622 3469 5675 οὐκέτι
3535 5626 3863 5694 γενήσονται

2281 5708 2579 5778 ὑποχείριοι
2611 5710 2689 5779 τῷ
2721 5710 2933 5782 θανάτῳ
2956 5731 2967 5743 ο
3005 5714 3299 5777 ἀθανασίας
3326 5715 3381 5768 δὲ
3416 5716 3506 5768 καὶ
3541 5716 3687 5786 ζωῆς
3722 5718 3868 5776 αἰω-
