4042 6448
215 592 318 644 369

1138 585 1639 642 COMMENTARIA
1675 582 1745 641 1N
1785 583 2040 637 ISAIAM.
2078 608 2149 623 -ά-
2182 585 2336 636 CAP.
2378 578 2569 636 XXVI.-

3383 587 3487 638 270

214 705 326 758 νίου
360 703 709 775 μετέχοντες,
747 704 838 758 τὸν
871 703 1480 776 θάνατον-ἀνενέργητον
1507 706 1602 758 καὶ
1623 706 1798 773 ῶσπερ

1909 712 2019 767 tes,
2051 711 2282 756 mortem
2315 700 2643 755 imbecillam
2675 708 2726 754 et
2755 699 2911 769 quasi
2937 709 3203 754 mortuam
3239 701 3484 759 reddent.

214 797 408 867 νεκρὸν
431 798 674 865 καταστὴ
683 812 854 850 σουσι.
904 797 1042 849 Ἀλλ’
1064 795 1215 866 ὁμῶς
1238 797 1266 847 6
1298 797 1675 866 φιλάνθρωπος
1696 795 1805 847 τῶν

215 885 526 956 ἀνθρώπων
567 884 781 954 Σωτὴρ,
816 885 1121 956 ῥυσάμενος
1164 882 1260 937 τοῦ
1307 885 1535 938 θανάτου
1569 883 1670 946 τὰς
1697 883 1804 937 τῶν

215 975 527 1047 ἀνθρώπων
577 973 779 1042 ψυχὰς,
824 974 925 1044 τῆς
960 991 1019 1026 τε
1061 973 1322 1026 πολυθέου
1357 975 1451 1027 καὶ
1488 974 1804 1044 δαιμονικῆς

215 1069 433 1134 πλάνης
474 1064 871 1136 ἐλευθερώσας,
907 1066 1093 1133 ἀφεῖλε
1128 1067 1236 1117 πᾶν
1264 1065 1498 1136 δάκρυον
1537 1066 1644 1118 ἀπὸ
1669 1083 1805 1116 παν-

211 1157 307 1220 τὸς
358 1156 679 1228 προσώπου.
746 1156 989 1219 Ὄνειδος
1038 1156 1095 1209 δὲ
1151 1151 1219 1225 ἦν
1272 1157 1366 1209 τοῦ
1426 1156 1554 1210 λαοῦ
1604 1156 1697 1210 τοῦ
1746 1156 1804 1222 ἐξ

209 1249 386 1303 ἐθνῶν
449 1252 483 1318 ὴ
540 1250 866 1320 κρατήσασα
916 1248 1097 1301 αὐτῶν
1155 1249 1570 1319 είδωλολατρεία
1601 1265 1613 1277 '
1669 1250 1805 1318 ὅπερ

208 1339 418 1400 θνειδος
452 1339 675 1406 ἀφεῖλεν
723 1339 751 1389 6
782 1339 915 1400 Θεὸς
935 1378 946 1398 ,
985 1337 1080 1390 καὶ
1127 1337 1189 1390 τὸ
1225 1339 1318 1390 ἐπὶ
1343 1337 1520 1408 τούτῳ
1550 1339 1801 1408 δάκρυον,

209 1431 326 1482 τῶν
356 1429 448 1482 διὰ
471 1431 572 1500 τὴν
598 1429 1008 1500 φιλανθρωπίαν
1039 1429 1138 1500 τὴν
1167 1429 1275 1483 τῶν
1313 1431 1582 1484 τοσούτων
1618 1431 1805 1500 ψυχῶν

210 1520 672 1589 ἀποκλαιομὲνων
699 1517 992 1572 ἀπώλειαν.
1031 1518 1270 1581 Ὀνειδος
1295 1519 1402 1588 γάρ
1430 1514 1497 1589 ἦν
1522 1519 1582 1570 οὺ
1611 1519 1806 1590 μικρὸν

205 1615 329 1673 τοῖς
362 1612 484 1664 κατ’
538 1611 722 1662 εἰκόνα
774 1608 869 1662 τοῦ
922 1609 1056 1662 Θεοῦ
1091 1611 1482 1681 πεποιημένοις
1532 1610 1593 1662 τὸ
1643 1611 1808 1662 ἐκπε-

209 1705 332 1755 σεῖν
378 1703 476 1771 τῆς
530 1701 752 1754 αἰωνίου
803 1703 945 1769 ζωῆς
1000 1703 1092 1752 καὶ
1147 1701 1363 1770 θανάτῳ
1411 1700 1801 1771 ὑποϐληθῆναι.

217 1793 368 1846 Ἀλλ’
420 1791 721 1863 ἀρθήσεται
772 1791 832 1843 τὸ
881 1791 1100 1856 δνειδος,
1141 1790 1235 1843 τοῦ
1269 1793 1366 1861 μὲν
1401 1791 1629 1845 Θανάτου
1673 1808 1808 1843 κατ-

203 1884 549 1955 αΜθέντος
618 1884 712 1935 καὶ
751 1881 846 1934 τοῦ
891 1882 1112 1946 σκότους
1157 1881 1581 1950 ἀφανισθέντος·
1619 1881 1718 1950 τῆς
1753 1881 1809 1933 δὲ

216 1976 320 2030 τοῦ
358 1977 600 2048 Χριστοῦ
650 1971 924 2046 βασιλείας
973 1976 1174 2045 αἰωνίῳ
1219 1976 1331 2045 ζωῇ
1371 1975 1807 2045 διαλαμπούσης,

1907 792 2159 846 Attamen
2207 793 2450 848 clemens
2491 791 2585 845 ille
2627 791 2904 847 hominum
2955 791 3248 860 Servatur,
3283 797 3485 863 ereptis

1907 896 1938 936 a
1982 893 2155 936 morte
2202 894 2366 948 atque
2414 897 2442 935 a
2491 881 2870 950 superstitioso
2912 891 2967 937 et
3008 883 3272 938 diabolico
3305 887 3485 939 numi-

1906 988 2032 1025 num
2083 987 2267 1026 crrore
2301 971 2550 1026 liberatis
2589 971 2873 1027 animabus
2904 972 3206 1037 hominum,
3255 975 3485 1030 abstulit

1906 1077 2119 1116 mimem
2175 1062 2469 1133 lacrymam
2509 1063 2578 1117 ab
2618 1063 2763 1116 omni
2793 1063 2962 1117 vultu.
2993 1063 3354 1134 Opprobrium
3389 1082 3486 1121 au-

1907 1161 2014 1206 tem
2061 1152 2242 1222 populi
2270 1167 2338 1207 ex
2382 1153 2633 1222 gentibus
2663 1164 2781 1207 erat
2826 1154 3128 1210 idololatria
3165 1172 3334 1226 penes
3364 1159 3488 1215 illos

1905 1245 2156 1300 obtinens
2192 1263 2205 1298 :
2246 1246 2388 1316 quod
2421 1245 2774 1317 opprobrium
2811 1258 2865 1302 et
2899 1248 3164 1318 lacrymas
3205 1251 3329 1305 inde
3359 1266 3486 1306 con-

1906 1346 2195 1411 sequentes
2230 1339 2455 1392 abstulit
2489 1339 2654 1404 Dens,
2696 1341 2760 1393 iis
2817 1339 2908 1408 qui
2939 1340 3008 1393 ob
3053 1343 3346 1397 humanum
3397 1344 3487 1399 af.

1906 1425 2105 1479 fectum
2157 1429 2460 1480 animarum
2510 1425 2820 1494 huiusmodi
2875 1428 3168 1496 perniciem
3207 1431 3482 1500 lugebant.

1909 1516 2052 1570 Sane
2103 1517 2456 1586 Opprobrium
2510 1532 2620 1570 non
2669 1518 2938 1571 modicum
2990 1529 3107 1572 erat
3159 1520 3227 1575 iis
3272 1522 3361 1591 qui
3413 1525 3489 1578 ad

1910 1608 2197 1678 imaginem
2239 1609 2334 1663 Dei
2371 1609 2573 1662 conditi
2622 1618 2820 1672 erant,
2864 1610 3006 1678 quod
3047 1627 3076 1665 a
3126 1613 3234 1665 vita
3282 1622 3483 1669 aeterna

1910 1699 2223 1753 laberentur
2247 1714 2310 1752 ac
2339 1700 2498 1752 morti
2531 1700 2949 1769 subjicercntur.
2988 1701 3093 1756 Sed
3126 1705 3483 1772 opprobrium

1909 1790 2213 1854 auferetur,
2248 1791 2419 1846 deleta
2454 1802 2648 1855 morte,
2682 1793 3023 1862 tenebrisque
3053 1794 3299 1849 sublatis.
3329 1795 3486 1851 Chri‘

1911 1885 1981 1938 sti
2012 1895 2195 1939 autem
2229 1899 2397 1955 regno
2423 1885 2474 1937 in
2507 1894 2712 1938 aeterna
2748 1885 2852 1938 vita
2886 1884 3144 1955 fulgente,
3176 1887 3268 1941 illo
3299 1887 3483 1943 fruen-

1914 1984 2000 2028 tur
2039 1976 2072 2028 ii
2109 1991 2177 2030 ει
2225 1975 2513 2045 gentibus,
2555 1975 2648 2044 qui
2697 1990 2725 2027 a
2776 1976 3016 2044 pristinis
3059 1977 3276 2045 quidem
3327 1979 3488 2036 malis

206 2068 619 2122 ἀπολαύσουσιν
648 2069 697 2120 oi
727 2067 784 2132 ἐξ
811 2067 1067 2119 ἁπάντων
1086 2067 1193 2118 τῶν
1219 2066 1385 2119 ἐθνῶν
1415 2067 1523 2118 τῶν
1549 2067 1647 2135 μὲν
1672 2082 1798 2135 προ-

1906 2066 2078 2136 erepti
2111 2075 2274 2131 sunt,
2311 2075 2368 2121 et
2402 2067 2492 2133 qui
2527 2067 2806 2135 promissis
2834 2066 2926 2121 Dei
2969 2069 3338 2127 donabunlur.

205 2162 390 2232 τέρων
443 2160 882 2230 ἠλευθερωμένοι
940 2160 1148 2224 κακῶν,
1187 2158 1298 2212 τῶν
1352 2160 1408 2212 δὲ
1461 2158 1803 2227 ἐπαγγελιῶν

202 2248 347 2304 Θεοῦ
381 2248 762 2321 καταξιωθησό
769 2266 937 2318 μενοι.

282 2357 304 2389 ι
337 2340 449 2392 Καὶ
476 2337 662 2409 ἐροῦσι
693 2340 758 2408 τῇ
789 2338 970 2410 ἡμέρᾳ.
999 2338 1182 2411 ἐκείνῃ
1204 2356 1216 2368 ·
1259 2339 1386 2392 Ἰδοὺ
1435 2340 1462 2390 6
1487 2339 1618 2402 Θεὸς
1647 2337 1803 2410 ἡμῶν

205 2432 296 2501 ἐφ’
331 2424 748 2502 ᾧῆλπίζομεν,
801 2432 892 2485 καὶ
940 2431 1103 2492 σώσει
1151 2435 1321 2504 ἡμᾶς.
1365 2429 1532 2497 Οὗτος
1578 2435 1802 2504 Κύριος,

202 2523 586 2594 ὑπεμείναμεν
621 2522 769 2594 αὒτῷ
805 2524 898 2577 καὶ
929 2524 1334 2595 ἡγαλλιώμεθα,
1370 2526 1464 2578 καὶ
1497 2526 1804 2598 εὐφρανθῆ-

201 2612 422 2683 σόμεθα
461 2614 553 2665 ἐπὶ
582 2615 649 2683 τῇ
685 2613 927 2684 σωτηρίᾳ
970 2614 1149 2684 ἡμῶν.
1191 2615 1522 2668 ’Δνάπαυσιν
1565 2615 1724 2668 δώσει
1774 2619 1803 2668 ὁ

199 2705 341 2767 Θεὸς
373 2705 466 2757 ἐπὶ
504 2705 565 2758 τὸ
591 2705 716 2777 ὅρος
746 2705 921 2759 τοῦτο.
962 2725 980 2756 ι
1002 2707 1421 2771 Καταποθέντος
1452 2708 1546 2761 τοῦ
1570 2709 1802 2763 θανάτου

199 2797 354 2850 κατὰ
384 2797 478 2848 τὸν
500 2797 600 2866 τῆς
633 2798 980 2863 ἀναστάσεως
1026 2801 1237 2870 καιρὸν,
1263 2801 1312 2852 οἱ
1347 2799 1439 2852 τοῦ
1464 2801 1584 2852 νέου
1611 2801 1806 2864 αἰῶνος

201 2889 321 2941 υἱοὶ
366 2891 433 2960 τῇ
477 2891 662 2962 ἡμέρα
688 2891 869 2963 ἐκείνῃ
913 2892 1326 2964 εύχαριστήριον
1369 2892 1588 2962 ᾅσουσιν
1635 2892 1800 2963 ᾠδὴν,

203 2978 452 3052 ὁρῶντες
496 2981 554 3032 ἐν
594 2980 722 3052 δόξῃ
757 2982 847 3034 τὸν
890 2981 1099 3035 ἑαυτῶν
1130 2983 1377 3054 Σωτῆρα,
1423 2983 1516 3035 καὶ
1551 2982 1802 3052 ἐροῦσινο

207 3090 229 3124 ι
285 3070 421 3124 ’ἰδοῦ
452 3068 482 3120 6
521 3070 653 3135 Θεὸς
681 3072 840 3142 ἡμῶν
889 3073 975 3142 ἐφ’
1005 3066 1050 3140 ᾧ
1079 3072 1399 3143 ἠλπίζομεν.
1443 3093 1459 3122 ι
1500 3073 1673 3126 Πάλαι
1706 3073 1803 3143 μὲν

199 3164 319 3234 γὰρ
367 3163 531 3216 αὐτὸν
591 3165 652 3216 ἐν
704 3163 915 3217 ἐλπίσιν
971 3165 1221 3236 εἴχομεν,
1285 3166 1630 3229 πιστεύοντες
1683 3169 1802 3229 ταῖς

202 3255 380 3318 θείαις
402 3256 537 3326 περὶ
561 3253 724 3308 αὐτοῦ
751 3255 1124 3319 διδασκαλίαις
1143 3273 1157 3285 ·
1187 3255 1282 3308 νῦν
1307 3255 1362 3308 δὲ
1387 3256 1482 3309 καὶ
1503 3256 1802 3325 ὀφθαλμοῖς

1977 2336 2144 2392 Vsus.
2175 2337 2228 2401 9,
2260 2337 2351 2392 10.
2389 2356 2406 2389 ι
2431 2339 2496 2393 Et
2543 2337 2724 2393 dicent
2757 2341 2810 2393 in
2854 2339 2943 2394 illa
2991 2341 3077 2396 die
3101 2383 3115 2406 ,
3161 2343 3301 2399 Ecce
3340 2345 3485 2402 Deus

1907 2439 2109 2494 noster,
2145 2431 2200 2484 in
2244 2445 2350 2500 quo
2395 2432 2785 2500 sperabamus,
2830 2443 2882 2486 et
2931 2431 3163 2487 salvebit
3204 2451 3322 2491 nos.
3374 2436 3483 2493 Iste

1906 2519 2194 2585 Dominus,
2222 2519 2579 2575 suetinuimus
2608 2535 2754 2584 eum,
2787 2529 2842 2575 et
2867 2522 3270 2579 exsultabamus
3300 2535 3355 2579 et
3386 2527 3468 2582 lae-

1906 2614 2142 2668 tabimur
2171 2615 2225 2670 in
2257 2614 2434 2670 salute
2479 2624 2687 2669 nostra.
2741 2613 2999 2682 Requiem
3036 2617 3185 2670 dabit
3217 2615 3356 2674 Deus
3386 2635 3463 2676 su-

1905 2720 2002 2774 per
2033 2715 2267 2760 montem
2297 2705 2458 2759 hunc.
2492 2724 2511 2756 ι
2557 2706 2826 2774 Absurpta
2858 2712 3478 2767 morte.resurrectionis

1907 2808 2188 2868 tempore,
2241 2798 2366 2853 novi
2427 2799 2611 2853 saeculi
2664 2798 2757 2852 lilii
2807 2800 2860 2854 in
2907 2799 2994 2854 illa
3050 2802 3139 2855 die
3183 2804 3484 2872 gratiarum

1904 2892 2134 2945 actionis
2172 2890 2449 2945 canticum
2481 2901 2700 2953 canent,
2731 2892 2976 2947 videntes
3007 2893 3056 2946 in
3084 2893 3256 2962 gloria
3285 2894 3469 2949 Serva-

1907 2988 2076 3034 Urem
2108 2994 2263 3034 suum
2286 3020 2300 3045 ,
2332 2989 2387 3035 et
2423 2980 2625 3047 dicent,
2666 3000 2684 3032 ι
2715 2978 2853 3037 Ecce
2875 2983 3022 3038 Deus
3059 2994 3263 3049 noster,
3288 2985 3341 3040 in
3371 3001 3484 3057 quo

1903 3071 2275 3140 sperabamus.
2297 3092 2316 3124 ι
2352 3073 2494 3129 Olim
2523 3088 2758 3143 namque
2799 3075 2974 3143 ipsum
3019 3078 3072 3131 in
3106 3092 3200 3148 spe
3233 3077 3444 3135 habeba

1906 3180 2052 3231 mus,
2088 3165 2348 3221 doctrina:
2377 3166 2551 3234 ipsum
2587 3167 2932 3221 annuntianli
2961 3168 3120 3223 [idem
3173 3171 3479 3238 habentes;

1898 3255 2010 3326 jam
2035 3271 2166 3312 vero
2213 3256 2344 3326 ipsis
2374 3256 2548 3311 oculis
2577 3257 2823 3312 videmus
2857 3273 3002 3324 eum,
3029 3274 3198 3329 quare
3237 3263 3347 3331 jam
3387 3263 3493 3317 diu

199 3347 426 3418 ὁρῶμεν
498 3345 689 3412 αὐτὸν,
731 3348 812 3401 διὸ
859 3347 1200 3418 ὑπεμένομεν
1255 3347 1418 3400 πάλαι
1469 3349 1536 3400 τά
1580 3347 1798 3402 ἐπιόντα

1906 3347 2306 3402 sustinebamus
2350 3346 2654 3417 ingruentia
2708 3348 2867 3404 nobis
2910 3349 3071 3405 mala.
3128 3352 3195 3406 Et
3243 3352 3318 3406 illi
3352 3355 3478 3423 qui-

201 3414 338 3508 ‘fiF-z‘i
377 3437 617 3508 λυπηρά.
672 3439 784 3493 Kal
827 3440 876 3492 οί
914 3414 1013 3510 μέν
1045 3414 1219 3492 ταῦτα
1253 3439 1497 3510 ἐροῦσιν·
1529 3442 1557 3492 6
1589 3440 1644 3493 δὲ
1673 3440 1797 3492 ἀνά-

1903 3440 2025 3493 dem
2062 3438 2178 3493 haec
2205 3440 2402 3493 dicturi
2433 3448 2602 3502 sunt;
2649 3439 2739 3493 ille
2770 3455 2901 3493 vero
2947 3441 3186 3512 requiem
3220 3443 3354 3513 ipsis
3369 3414 3480 3499 Ida-

203 3546 408 3583 πανσιν
439 3529 623 3594 αὐτοῖς
653 3529 815 3584 δώσει
837 3533 894 3584 ἐν
917 3529 996 3601 τῷ
1023 3530 1368 3603 προλεχθέντι
1399 3533 1498 3603 τῆς
1522 3531 1795 3602 βασιλείας

203 3620 374 3676 αὐτοῦ
410 3620 552 3692 θρει.

279 3730 299 3763 ι
339 3713 450 3766 Kal
492 3713 1010 3785 καταπατηθήσεται
1071 3715 1104 3785 ή
1161 3714 1466 3779 Μωαϐῖτις,
1506 3714 1567 3767 ὃν
1595 3716 1796 3785 τρόπον

199 3805 469 3858 πατοῦσιν
499 3805 680 3858 ἅλωνα
712 3807 770 3858 ἐν
811 3806 1068 3875 ἀμάξαις.
1106 3808 1217 3859 Καὶ
1246 3807 1434 3877 ἀνήσει
1477 3808 1573 3870 τὰς
1605 3813 1794 3880 χεῖρας

197 3897 390 3961 αὐτοῦ,
413 3897 472 3951 ὃν
497 3899 696 3969 τρόπον
726 3901 816 3951 καί
836 3899 998 3961 αὐτὸς
1024 3899 1355 3951 ἐταπείνωσε
1379 3898 1473 3951 τοῦ
1507 3900 1788 3953 ἀπολέσαι.

198 3991 318 4048 nat
346 3987 677 4040 ταπεινώσει
719 3988 816 4057 τὴν
865 3986 1020 4058 ὓϐριν
1067 3986 1253 4051 αὑτοῦ,
1292 3989 1377 4056 ἐφ’
1407 3988 1443 4042 ἃ
1480 3989 1577 4051 τάς
1607 3993 1795 4060 χεῖρας

195 4078 461 4141 ἐπέϐαλε,
503 4082 596 4132 καὶ
629 4080 689 4132 τὸ
723 4079 857 4147 ὕψος
892 4080 990 4150 τῆς
1021 4078 1340 4149 καταφυγῆς
1373 4079 1468 4131 τοῦ
1492 4080 1670 4149 τοίχου
1699 4097 1794 4134 ταρ-

196 4171 460 4227 πδινῶσει
480 4187 493 4201 ·
527 4171 619 4224 καὶ
645 4169 1012 4239 καταδήσεται
1034 4170 1137 4232 ἓως
1165 4168 1256 4222 τοῦ
1285 4170 1533 4238 ἐδάφους.
1574 4190 1590 4218 ι
1627 4168 1793 4242 Οἶμαι

192 4265 252 4318 δὲ
313 4261 552 4317 ἐνταῦθα
603 4260 777 4314 Μωὲιὸ
825 4260 1081 4329 λέγεσθαι
1121 4260 1215 4312 τὸν
1262 4262 1498 4331 πονηρὸν
1538 4263 1790 4332 δαίμονα,

201 4356 305 4409 καὶ
367 4353 468 4424 τὴν
514 4352 897 4422 ἀντικειμένην
960 4351 1212 4422 δύναμιν,
1250 4353 1348 4423 τὴν
1413 4353 1579 4406 πάλαι
1639 4355 1800 4425 παρὰ,

193 4450 309 4510 τοῖς
367 4444 690 4508 Μωαϐίταις
739 4443 814 4507 ὼς
859 4443 979 4496 θεὸν
1025 4442 1374 4514 τιμωμένην’
1437 4445 1558 4512 ῆτις
1603 4446 1791 4517 ἐπειδὴ

199 4540 348 4609 μέγα
385 4537 624 4607 ἐφρόνει,
660 4534 1100 4606 κατεπαιρομένη
1134 4533 1227 4585 τοῦ
1268 4533 1406 4586 Θεοῦ
1440 4535 1669 4606 Ἰσραὴλ,
1698 4539 1796 4591 καὶ

193 4633 257 4686 τὴ
302 4623 395 4699 ὕφ’
438 4630 638 4699 ἑαυτὴν
681 4627 832 4690 ἔθνος
877 4625 1248 4695 ἐπιτρίϐουσα,
1279 4626 1354 4688 ὼς
1388 4626 1481 4678 καὶ
1505 4628 1595 4679 ἐπ’
1626 4629 1794 4682 αὑτοῦ

1900 3531 1979 3586 bit
2007 3531 2061 3584 in
2096 3538 2397 3584 memorato
2432 3529 2578 3597 regni
2613 3530 2698 3584 sui
2739 3541 2944 3586 monte.

1969 3711 2136 3766 Vens.
2170 3712 2260 3775 ll,
2294 3711 2384 3765 12.
2419 3729 2438 3762 ι
2467 3711 2533 3764 Ει
2573 3711 2980 3767 conculcabitur
3009 3712 3294 3780 Moabitis,
3339 3731 3473 3787 quo-

1896 3807 2060 3861 modo
2095 3805 2307 3859 calcant
2349 3819 2532 3859 aream
2586 3804 2860 3874 plaustris.
2905 3806 2972 3860 Et
3011 3809 3256 3862 remittet
3281 3825 3483 3864 manus

1896 3914 2047 3961 suas,
2094 3899 2236 3951 sicut
2267 3903 2321 3949 et
2356 3897 2468 3964 ipse
2510 3896 2839 3961 humiliavit,
2881 3908 2940 3951 ut
2973 3898 3240 3968 perderet.
3288 3882 3356 3954 El
3380 3902 3477 3955 de-

1897 3990 2092 4057 primet
2123 3986 2376 4057 injurialn
2412 3986 2548 4054 ejus,
2590 3987 2648 4038 in
2674 4001 2794 4055 qua:
2827 4003 3020 4044 manus
3064 3988 3269 4058 injecit,
3304 4000 3359 4046 et
3387 3991 3478 4046 al-

1899 4082 2180 4137 titudinem
2235 4080 2422 4150 refugii
2480 4081 2620 4134 muri
2668 4082 2976 4138 humiliabit
3014 4101 3027 4138 :
3071 4092 3127 4138 et
3175 4083 3477 4142 descendi

1895 4191 2071 4246 usque
2100 4176 2166 4230 ad
2209 4175 2599 4245 pavimentum.
2629 4193 2649 4227 ι
2683 4174 2934 4229 Arbitror
2979 4175 3069 4229 hic
3100 4171 3258 4230 Moab
3293 4180 3483 4235 vocari

1896 4267 2191 4334 malignum
2259 4266 2596 4330 dzemonem,
2665 4273 2719 4319 et
2774 4264 3143 4318 adversariam
3191 4265 3478 4330 virtutem,

1896 4374 2015 4429 quae
2060 4359 2188 4412 olim
2222 4357 2363 4426 apud
2396 4356 2666 4412 Moabitas
2716 4364 2777 4411 ut
2808 4356 2944 4411 deus
2993 4356 3300 4426 colebatur;
3354 4374 3482 4428 quas

1895 4451 2022 4520 quia
2068 4449 2236 4503 altum
2287 4446 2575 4514 sapiebat,
2620 4458 2809 4504 contra
2852 4447 3019 4501 Deum
3070 4446 3236 4502 Israel
3282 4463 3476 4518 super-

1895 4543 2098 4606 biens,
2154 4542 2366 4610 sibique
2420 4539 2693 4593 subditam
2743 4548 2958 4609 gentem
3014 4538 3321 4608 depravatis
3352 4578 3368 4604 ,
3417 4551 3487 4596 ιιι

1894 4635 2059 4688 etiam
2098 4643 2340 4700 tempore
2371 4632 2571 4704 Moysis
2624 4630 2749 4684 talia
2801 4630 3063 4698 auderet,
3107 4645 3172 4685 ac
3217 4631 3477 4700 p0puluni

193 4724 481 4786 Μωῠσέως
537 4721 762 4777 τοιαῦτα
820 4719 1112 4789 τολμῆσαι,
1167 4718 1242 4781 ὡς
1282 4717 1645 4788 ἐκπορνεῦσαι
1698 4718 1790 4771 τὸν

1901 4728 1962 4781 ad
2010 4725 2455 4788 fornicationem,
2512 4732 2568 4779 et
2617 4723 2683 4778 ad
2731 4722 3090 4776 initiationem
3144 4721 3480 4793 Beelphegor

195 4815 331 4870 λαὸν
370 4814 468 4867 καὶ
503 4812 816 4883 τελεσθῆναι
850 4809 926 4880 τῷ
955 4807 1273 4876 Βεελφεγὼρ
1293 4825 1306 4836 ·
1351 4809 1508 4860 τοῦτο
1533 4809 1590 4862 δὲ
1629 4804 1696 4879 ἦν
1730 4809 1790 4861 τὸ

1901 4817 2375 4880 deduceret;erat
2421 4824 2602 4869 autem
2653 4813 2782 4867 illud
2829 4813 3185 4868 Moabitarum
3237 4813 3480 4877 idolum;

195 4907 312 4959 τῶν
338 4902 649 4960 Μωαϐιτῶν
674 4902 918 4956 εἴδωλον·
943 4899 1133 4953 τούτου
1166 4898 1324 4970 χάριν
1359 4899 1425 4950 τὰ
1453 4898 1792 4968 προκείμενα

193 4998 273 5062 ὡς
305 4997 437 5067 περὶ
462 4994 643 5064 δεινῆς
669 5009 812 5056 τινος
839 4992 935 5045 καὶ
964 4991 1237 5060 θεομάχοι)
1267 4990 1548 5052 δυνάμεως
1582 5005 1791 5059 προπερ

197 5093 489 5162 φήτευται.

694 5195 1090 5251 ΚΕΦΑΛΑΙΟΝ
1142 5196 1286 5259 KG".

277 5311 298 5346 ι
330 5295 410 5364 Τῇ
441 5291 628 5364 ἡμέρα
652 5290 834 5359 ἐκείνῃ
867 5288 1084 5359 ᾄσονται
1115 5286 1177 5338 τὸ
1198 5281 1350 5354 ᾆσμα
1378 5282 1536 5335 τοῦτο
1571 5282 1664 5333 ἐπὶ
1688 5282 1790 5351 γῆς

207 5385 385 5442 Ἰούδα
409 5383 679 5452 λέγοντες.
723 5399 741 5432 ι
795 5379 933 5433 Μεθ’
967 5379 1054 5449 ἢν,
1088 5375 1182 5429 τοῦ
1215 5374 1463 5444 Σωτῆρος
1505 5373 1661 5442 ἡμῶν
1691 5373 1789 5441 τὴν

193 5477 370 5535 αὐτοῦ
411 5474 685 5546 βασιλείαν
707 5469 1070 5542 ἀπειληφότος
1109 5470 1167 5520 ἐν
1194 5466 1274 5537 τῷ
1309 5465 1618 5534 ἐπουρανίῳ
1649 5465 1786 5534 ὄρει,

190 5573 247 5625 oi
282 5568 395 5622 τῶν
432 5566 775 5635 ἐτυαγγελιιῖιν
807 5563 948 5631 ἄξιοι
973 5561 1194 5633 ᾄσονται
1224 5563 1281 5612 ἐν
1307 5560 1373 5630 τῇ
1397 5557 1582 5629 ἡμέρᾳ
1604 5557 1789 5626 ἐκείνῃ

192 5665 257 5718 τὸ
305 5658 628 5730 ἐπουράνιον
675 5655 828 5729 ᾆσμα
869 5655 934 5712 ἐν
968 5654 1035 5724 τῇ
1082 5652 1387 5724 ἐπουρανίῳ
1434 5649 1795 5720 Ἰερουσαλὴμ

195 5755 504 5826 γενόμενοι,
537 5753 603 5821 ἢν
634 5749 726 5802 ἐπὶ
746 5748 840 5802 τοῦ
868 5746 1134 5818 παρόντος
1167 5743 1426 5800 Ἰουδαίαν
1448 5742 1728 5811 ὠνόμασεν
1760 5743 1789 5793 ὁ

195 5850 378 5919 λόχος,
403 5841 711 5904 ἀκολούθως
734 5843 802 5912 τῇ
824 5839 977 5911 χώρᾳ
1005 5838 1104 5909 τῆς
1125 5837 1366 5904 ἐπιγείου
1410 5833 1782 5904 Ἰερουσαλήμ.

198 5939 360 5994 Οὕτω
388 5937 496 6006 γὰρ
525 5932 660 6005 ὁμοῦ
703 5931 798 5984 καὶ
827 5933 939 5993 τοῖς
982 5925 1352 5999 ἀκροωμένοις
1391 5925 1484 5979 τοῦ
1524 5924 1788 5978 Ἰουδαίων

194 6030 330 6086 λαοῦ
357 6027 512 6082 παισὶ
539 6020 804 6089 θυμηδίαν
826 6019 947 6073 τινὰ
973 6019 1064 6074 καὶ
1093 6016 1402 6087 προτροπὴν
1445 6017 1524 6079 είς
1561 6014 1657 6080 τὴν
1681 6011 1785 6072 τῶν

1893 4909 2100 4962 idcirco
2148 4907 2265 4960 haec
2303 4921 2421 4975 quae
2455 4904 2568 4972 jam
2609 4914 2906 4958 tractamus
2932 4943 2951 4970 ,
2998 4903 3151 4972 quasi
3205 4904 3272 4957 de
3321 4903 3474 4973 gravi

1890 4999 2126 5072 quadam
2159 5007 2216 5054 et
2244 4997 2354 5052 Deo
2383 4997 2608 5052 inimica
2641 4998 2840 5053 virtute
2875 4997 3334 5067 praenuntiantur.

2451 5174 2680 5232 CA-PUT
2719 5171 2913 5230 XXVI.

1966 5274 2131 5329 Vens.
2171 5275 2200 5328 ι
2260 5293 2278 5326 ι
2311 5272 2370 5328 ιιι
2401 5271 2488 5326 illa
2527 5271 2616 5324 die
2654 5269 2953 5323 cantabunt
2988 5265 3259 5322 canticum
3287 5265 3390 5320 hoc
3416 5265 3474 5322 in

1895 5377 2038 5421 terra
2067 5367 2226 5432 Juda,
2265 5367 2537 5423 dicentes.
2567 5382 2586 5415 ι
2636 5360 2767 5417 Post
2812 5375 2976 5432 quam
3018 5359 3192 5426 diem,
3229 5359 3321 5414 ubi
3354 5356 3479 5414 Sal-

1893 5466 2046 5511 vator
2091 5467 2278 5512 noster
2315 5457 2367 5511 in
2402 5454 2608 5510 caelesti
2653 5461 2836 5506 monte
2874 5465 3101 5520 regnum
3128 5465 3286 5505 suum
3319 5464 3478 5506 acce-

1892 5549 2054 5618 perit,
2085 5549 2178 5618 qui
2209 5546 2494 5618 promissis
2538 5544 2683 5614 digni
2717 5550 2907 5604 erunt,
2935 5551 3066 5596 tunc
3094 5540 3317 5598 caeleste
3345 5554 3483 5595 can.-

1896 5642 2062 5696 ticum
2115 5640 2402 5705 emittent,
2453 5637 2512 5692 in
2563 5634 2768 5691 caelesti
2823 5632 3121 5689 Jerusalem
3171 5632 3480 5697 constituti,

1894 5750 2054 5805 quam
2096 5733 2152 5786 in
2183 5730 2438 5802 pmsenti
2466 5729 2707 5783 Iudaeam
2747 5741 2926 5781 sermo
2955 5730 3250 5794 nuncupat,
3285 5723 3475 5781 habita

1893 5826 2130 5895 regionis
2156 5824 2208 5878 in
2237 5838 2344 5893 qua
2381 5831 2594 5876 terrena
2630 5816 2933 5872 Jerusalem
2961 5817 3066 5870 sita
3102 5827 3208 5876 est.
3237 5815 3472 5868 ratiOne.

1893 5921 1970 5976 ha
2001 5920 2146 5974 enim
2198 5929 2253 5971 et
2281 5914 2482 5970 Judaeis
2525 5912 2616 5982 qui
2672 5909 2987 5973 audiebant,
3041 5906 3377 5962 alacritatem
3419 5916 3476 5958 et

1895 6012 2307 6067 incitamentum
2345 6007 2411 6062 ad
2462 6017 2644 6060 rerum
2690 6000 3093 6071 prornsitarum
3133 6011 3286 6063 spem
3334 5994 3453 6051 indi
