4042 6410
227 321 334 388 επ

1138 312 1464 368 comm
1478 316 1645 367 AﬂlA
1681 315 1749 366 ω
1791 311 2049 365 ιδΔῙΑΙ.
2088 337 2156 350 -—
2191 314 2346 363 (AP.
2389 309 2579 364 μὴ.

3353 310 3462 368 ΥΙί

220 432 501 506 ὒᾶσισὴς.
536 432 625 488 ἴνα
657 429 733 503 μὴ
764 428 851 502 an
881 428 978 499 ’τὴν
1000 417 1406 499 δόξανκυρίου.
1441 426 1636 499 Κύριε,
1668 425 1802 496 ὑψη-

1908 423 2149 480 Tollatur
2186 422 2405 494 impius,
2440 432 2625 479 utnon
2650 421 2829 478 videat
2853 421 3078 494 gloriam
3104 419 3336 476 Domini.
3367 419 3474 478 Do-

221 518 312 584 λός
365 536 465 574 σου
509 519 542 573 ό
591 514 851 588 βραχίων,
896 515 994 569 καὶ
1032 516 1131 569 οὐκ
1175 514 1427 586 ᾔδεισαν·
1468 517 1697 584 γνόντες
1741 516 1801 570 δέ

223 608 735 680 αίσχυνθήσονται.»
760 607 1016 661 Ἰἀτεεινοί⁵
1049 606 1159 679 γὰρ
1178 606 1330 670 δντες
1358 608 1407 661 οἰ
1437 606 1673 671 ἀσεϐεῖς,
1706 606 1801 660 καὶ

222 700 443 772 μικράν
476 697 846 769 ἀφεστηκότες
869 697 968 768 τῆς
998 697 1252 767 γνώσεως
1282 697 1377 751 τοῦ
1405 698 1561 761 Θεοῦ,
1596 700 1655 751 ἐν
1682 698 1805 753 σκό-

218 808 299 861 τιν
356 790 462 859 τῆς
517 789 684 842 αὑτοῦ
748 789 969 857 ἀγνοίας
1027 788 1439 843 ὲκιλινδοῦντο’
1510 789 1647 842 ἀλλά
1702 790 1803 859 τῆς

220 876 450 941 καθόλου
484 875 739 945 γνώσεως
766 877 1086 947 ἐπιστάσης,
1127 875 1452 947 θεασάμενοι
1480 877 1571 930 τὸν
1602 876 1803 947 ὑψηλὸν

221 963 486 1038 βραχίονα
543 968 595 1020 οἱ
656 968 825 1021 πάλαι
875 967 1037 1023 αὑτὸν
1094 967 1173 1032 ὡς
1234 970 1309 1040 μὴ
1367 969 1498 1023 ὄντα
1557 968 1803 1041 βλασφη-

222 1054 477 1126 μοῦντες,
522 1055 817 1112 παύσονται
860 1056 962 1128 τῆς
1002 1056 1259 1122 ἀπονοίας
1303 1058 1534 1131 αἰσχύνῃ
1575 1060 1802 1129 κατεχόο

221 1163 398 1217 μενοι.

298 1255 319 1289 ε
358 1239 530 1309 Ζῆλος
556 1237 933 1312 λήψεταιλαδν
971 1234 1319 1293 ἀπαίδευτον.
1358 1258 1377 1292 ι
1416 1240 1720 1294 Δίνίττεται
1746 1240 1804 1294 δέ

214 1328 346 1392 τοὺς
381 1329 449 1380 ἐκ
479 1332 778 1399 περιτομῆς
809 1327 884 1399 μὴ
922 1327 1390 1399 καταδεξαμένους
1426 1328 1524 1400 τὴν
1550 1330 1636 1384 διὰ
1666 1331 1805 1401 Χρι-

220 1418 349 1474 στοῦ
366 1419 549 1492 χάριν.
572 1438 589 1470 ι
615 1420 720 1473 Καὶ
741 1418 837 1471 νῦν
864 1418 978 1490 πῦρ
1005 1420 1130 1483 τοὺς
1159 1420 1506 1484 ὑπεναντίους
1535 1420 1708 1474 ἔδεται
1726 1438 1739 1450 °
1779 1439 1799 1475 ι

216 1509 298 1574 ὡς
357 1510 427 1563 ἂν
481 1510 755 1578 ἀποφάσει
809 1508 1348 1580 ὐποδληθησομένους
1401 1513 1467 1581 τῇ
1532 1509 1803 1585 λεγούσῃ’

224 1624 244 1658 ι
278 1605 585 1675 Πορεύεσθε
619 1607 698 1669 είς
720 1607 781 1657 ab
809 1603 921 1675 πῦρ
957 1605 1019 1657 τὸ
1066 1603 1281 1658 αἰώνιον
1313 1605 1375 1657 τὸ
1406 1606 1805 1677 ἡτοιμασμένον

215 1695 298 1768 τῷ
348 1696 583 1765 διαϐόλῳ
634 1698 729 1750 καὶ
774 1698 887 1761 τοῖς
925 1695 1176 1765 ἀγγέλοις
1204 1696 1390 1750 αὐτοῦ.
1434 1716 1454 1750 ι
1502 1696 1717 1769 Ἐπειδὴ
1744 1698 1805 1751 τὸ

218 1787 341 1857 φῶς
375 1789 477 1841 οὐκ
506 1786 775 1852 ἐδέξαντο,
808 1786 1269 1859 παραδοθήσονται
1302 1788 1380 1861 τῷ
1417 1789 1553 1861 πυρὶ
1599 1790 1693 1844 καὶ
1724 1790 1803 1862 τῷ

222 1879 433 1933 σκότει.

297 1986 318 2020 ε
348 1967 523 2040 Κύριε
581 1969 611 2021 δ
653 1967 785 2032 Θεὸς
823 1968 997 2039 ήμῶν,
1034 1968 1256 2041 εἰρήνην
1289 1970 1377 2034 δὸς
1402 1973 1533 2041 ήμῖν
1557 1990 1570 2002 ·
1625 1974 1803 2027 πάντα

218 2056 332 2133 γάρ
385 2058 676 2120 ἀπέδωκας
736 2060 887 2129 ἡμῖν.
934 2058 1106 2130 Κύριε
1154 2062 1184 2113 ό
1223 2059 1355 2125 Θεὸς
1391 2062 1568 2133 ἡμῶν,
1607 2066 1803 2134 κτῆσαι

219 2150 388 2220 ήμᾶς.
420 2148 615 2220 Κύριε,
645 2150 801 2214 ἐκτὸς
826 2149 920 2203 σοῦ
950 2150 1108 2205 ἄλλον
1133 2153 1233 2206 οὑκ
1260 2153 1479 2225 οἴδαμεν
1499 2172 1512 2185 ο
1546 2156 1605 2208 τὸ
1634 2156 1805 2226 δνομά

220 2258 318 2294 σου
346 2240 706 2312 ὀνομάζομεν.
746 2262 764 2293 ι
797 2242 950 2297 Καλὰ
988 2246 1085 2316 μὲν
1118 2244 1226 2316 γὰρ
1259 2246 1352 2299 καὶ
1384 2247 1450 2299 τὰ
1479 2247 1614 2302 ἀλλα
1652 2250 1805 2321 παρὰ

221 2330 318 2383 σοῦ
352 2331 531 2385 πάντα
553 2348 567 2363 ο
597 2332 659 2385 τὸ
688 2332 744 2386 δὲ
769 2334 1028 2403 μέγιστον
1047 2334 1216 2407 δῶρον
1249 2338 1282 2408 ή
1316 2338 1468 2409 παρὰ
1503 2339 1617 2403 σοῦ,
1653 2342 1744 2393 καὶ
1766 2344 1801 2412 ή

220 2422 360 2494 πρὸς
384 2423 576 2476 ἐαυτὸν
611 2426 803 2497 εἰρήνη
840 2428 1117 2497 τυγχάνει,
1152 2427 1219 2480 ἶν’
1251 2429 1600 2483 ἀστασίαστοι
1634 2426 1802 2502 ὦμεν,

220 2514 320 2567 καὶ
343 2513 674 2585 χρονεύουσα
698 2518 830 2588 πρὸς
853 2518 911 2571 σὲ
940 2520 1229 2585 διαπαντὸς
1250 2520 1564 2588 φυλάττοιτο
1594 2525 1743 2594 ήμῶν
1769 2526 1803 2596 ή

216 2603 391 2675 ψυχή.
427 2604 598 2659 Τοῦτο
626 2605 671 2659 δ’
693 2606 759 2660 ἂν
784 2608 1009 2677 γένοιτο,
1042 2612 1091 2664 εἰ
1120 2611 1432 2685 καταξιὼσῃ
1466 2615 1648 2685 κτῆμα
1684 2633 1806 2670 σαυ-

218 2694 317 2749 τοῦ
366 2696 498 2750 [διον
529 2697 781 2765 γενέσθαι
816 2700 993 2770 ἡμᾶς’
1023 2702 1144 2756 ἐπεὶ
1171 2704 1262 2756 καὶ
1300 2706 1461 2774 ἡμεῖς
1503 2707 1603 2760 οὐκ
1646 2706 1804 2761 ἄλλον

216 2784 344 2838 τινὰ
371 2784 595 2858 οἴδαμεν
624 2786 658 2858 ἢ
693 2787 774 2853 σὲ,
802 2792 897 2843 καὶ
934 2793 1080 2864 μόνῳ
1116 2794 1194 2865 τῷ
1218 2794 1442 2866 ὀνόματί
1474 2813 1570 2850 σου
1608 2799 1805 2872 τεθαρο

220 2876 493 2948 ρήκαμεν.
557 2880 686 2933 "Urs
748 2881 931 2936 τοίνυν
991 2884 1182 2940 οὐδένα
1241 2887 1426 2958 ἕτερον
1462 2890 1803 2961 ἐκεκτήμεοα

217 2967 279 3019 ἐν
346 2967 427 3037 τῷ
493 2966 596 3039 βίῳ
654 2970 687 3042 ἢ
753 2970 835 3036 σὲ,
905 2973 1127 3038 εἰκότως
1182 2974 1568 3047 ἀντιϐολοῦμεν
1634 2996 1803 3033 κατα-

1899 518 2069 585 mine,
2091 515 2368 572 excelsum
2419 512 2699 571 brachium
2729 522 2879 568 tuum
2901 552 2917 578 ,
2967 520 3021 567 et
3054 526 3161 566 non
3209 526 3475 583 cognove-

1902 618 2030 664 runt
2057 626 2073 664 :
2106 607 2344 664 scientes
2365 616 2546 661 autem
2576 604 2919 660 erubescent.
2953 622 2973 656 ι
3015 604 3166 672 Impii
3189 604 3358 670 enim,
3385 604 3477 660 ab-

1897 702 2030 771 iecti
2058 716 2180 757 cum
2212 700 2326 757 sint
2348 742 2363 767 ,
2392 714 2457 756 ac
2492 700 2677 770 procul
2706 698 3016 767 cognitione
3064 697 3157 752 Dei
3191 697 3381 767 positi,
3416 698 3472 752 in

1904 792 2143 850 tenebris
2191 791 2310 862 ejus
2356 791 2677 860 ignorantia:
2706 790 3085 844 volutabantur
3118 805 3135 847 :
3164 802 3355 843 verum
3383 788 3478 843 ad-

1906 884 2157 938 veniente
2192 883 2282 937 illa
2322 882 2615 938 universali
2669 880 3012 952 cognitione.
3053 879 3299 936 videntes
3349 879 3478 934 bra-

1905 974 2088 1031 cbium
2133 974 2263 1030 illud
2307 973 2583 1030 excelsum
2634 974 2672 1029 ii
2697 1012 2713 1036 ,
2745 975 2835 1043 qui
2876 973 3005 1027 olim
3032 972 3155 1027 eum
3181 972 3336 1041 quasi
3368 985 3477 1026 non

1903 1064 2257 1120 exsistentem
2288 1063 2619 1134 blasphemis
2669 1063 2832 1119 dictis
2874 1062 3240 1129 incessebant,
3268 1060 3481 1132 pudore

1904 1153 2085 1210 allecti
2120 1155 2347 1209 insania:
2376 1154 2539 1209 linem
2572 1152 2795 1209 facient.

1981 1269 2001 1301 ε
2036 1248 2198 1304 Zelus
2222 1248 2593 1319 apprehendat
2615 1247 2864 1318 populum
2896 1245 3247 1302 ineruditum.
3275 1259 3295 1298 ι
3336 1242 3479 1298 Sub-

1904 1341 2107 1397 indicat
2148 1354 2243 1396 eos
2277 1356 2346 1395 ex
2394 1339 2810 1395 circumcisione
2836 1378 2852 1403 ,
2891 1338 2983 1409 qui
3013 1338 3241 1407 gratiam
3271 1333 3477 1391 Christi

1906 1447 2015 1489 non
2046 1430 2276 1501 amplexi
2323 1439 2487 1497 sunt;
2532 1448 2550 1482 ι
2585 1427 2652 1483 Ει
2686 1428 2799 1498 jam
2844 1428 2982 1500 ignis
3014 1426 3357 1483 adversarios
3385 1423 3481 1481 de-

1902 1533 2094 1591 vorat;
2138 1541 2159 1575 ι
2217 1532 2406 1593 utpote
2432 1521 2527 1592 qui
2574 1521 2858 1577 sententia:
2903 1516 3227 1589 subjiciendi
3261 1518 3372 1572 sint
3395 1515 3483 1571 di—

1906 1619 2075 1681 centi,
2117 1598 2436 1673 tDiscedite
2481 1618 2535 1668 in
2590 1615 2769 1682 ignem
2793 1621 3082 1677 aeternum,
3112 1619 3477 1681 praeparatum

1907 1709 2124 1764 diabolo
2154 1718 2208 1763 et
2237 1708 2444 1778 angelis
2468 1706 2587 1777 ejus
2613 1706 2677 1760 ".
2713 1723 2732 1758 ι
2783 1704 2921 1772 Quia
2970 1702 3145 1758 lucem
3172 1716 3280 1756 non
3318 1706 3482 1754 aceeo

1835 1776 1879 1831 Β
1909 1810 2124 1873 perunt,
2164 1800 2272 1869 igni
2306 1776 2371 1855 ac
2396 1797 2635 1853 tenebris
2665 1799 2965 1851 tradentur.

1976 1976 2140 2033 Vens.
2168 1976 2256 2044 12,
2294 1976 2383 2030 l3.
2414 1994 2435 2027 ε
2474 1975 2698 2029 Domine
2730 1973 2872 2028 Deus
2925 1980 3129 2037 noster,
3175 1982 3364 2041 pacem
3408 1965 3478 2021 da

1907 2069 2061 2124 nobis
2092 2086 2109 2123 :
2135 2068 2316 2123 omnia
2342 2067 2487 2122 enim
2515 2066 2711 2120 dedisti
2743 2063 2918 2118 nobis.
2956 2061 3179 2117 Domine
3208 2059 3355 2115 Deus
3382 2073 3479 2113 no-

1903 2166 2039 2222 ster,
2070 2156 2283 2227 posside
2322 2170 2421 2211 nos
2454 2174 2468 2209 :
2505 2154 2751 2219 Domine,
2782 2165 2935 2209 extra
2960 2161 3011 2205 te
3038 2149 3202 2205 alium
3237 2163 3347 2204 non
3378 2161 3477 2203 no-

1905 2249 2081 2302 vimus
2119 2265 2133 2302 :
2171 2261 2366 2302 nomen
2409 2255 2557 2300 tuum
2598 2246 2940 2300 invocamus.
2971 2242 3087 2297 Alia
3117 2241 3317 2311 quippe
3353 2254 3477 2294 om-

1906 2337 1995 2393 nia
2024 2337 2121 2393 abs
2156 2349 2207 2391 te
2228 2338 2350 2392 data
2381 2337 2586 2407 optima
2611 2346 2738 2390 sunt
2772 2353 2787 2389 :
2820 2336 2915 2390 sed
2940 2335 3183 2389 omnium
3212 2331 3477 2387 donorum

1907 2430 2201 2487 inaximum
2235 2436 2342 2495 est,
2366 2444 2471 2496 pax
2517 2427 2607 2482 illa
2638 2442 2757 2497 qua:
2788 2428 2887 2482 abs
2919 2437 2973 2481 te
3005 2423 3390 2495 proﬁciscitur,
3423 2434 3482 2478 et

1904 2536 2063 2591 quam
2093 2520 2372 2575 nobiscum
2418 2518 2681 2573 habemus
2708 2557 2723 2583 ,
2759 2527 2819 2572 ut
2864 2517 2980 2573 sine
3017 2515 3246 2570 tumultu
3273 2524 3336 2568 et.
3359 2528 3481 2569 tnu-

1907 2615 2110 2669 tatione
2146 2614 2424 2682 degamus,
2475 2624 2765 2679 animaque
2809 2618 2996 2663 nostra
3021 2607 3117 2662 tibi
3142 2619 3357 2675 semper
3383 2619 3481 2659 va-

1905 2717 2036 2759 cans
2063 2714 2330 2757 serretur.
2368 2701 2422 2757 Id
2468 2709 2647 2754 autem
2702 2701 2937 2755 inveniet
2965 2738 2983 2767 ,
3030 2696 3077 2752 si
3122 2711 3221 2752 nos
3252 2696 3366 2766 ipsc
3422 2694 3495 2753 iu.

1906 2794 2177 2866 propriam
2214 2794 2307 2847 tibi
2334 2792 2735 2863 possessionem
2776 2792 2977 2847 habere
3006 2791 3247 2859 digneris
3290 2808 3304 2844 :
3350 2790 3481 2860 quia

1907 2902 2009 2943 nos
2052 2902 2158 2942 non
2197 2887 2362 2941 alium
2397 2886 2649 2939 novimus
2675 2893 2870 2953 praeter
2917 2893 3009 2950 te,
3040 2892 3096 2938 et
3146 2884 3199 2938 in
3234 2882 3352 2938 solo
3382 2897 3479 2937 no-

1907 2978 2054 3034 mine
2085 2990 2176 3032 tuo
2203 2976 2543 3032 conﬁdimus.
2569 2974 2703 3029 Cum
2734 2973 2899 3044 igitur
2926 2974 2980 3028 in
3007 2976 3115 3027 vita
3146 2982 3334 3027 nostra
3369 2987 3478 3052 non

218 3054 481 3164 ξιιυθῆναι
533 3056 634 3127 τῆς
685 3058 783 3129 σῆς
834 3059 1089 3129 γενέσθαι
1139 3063 1352 3134 μερίδος
1406 3066 1502 3119 καὶ
1553 3067 1648 3121 τοῦ
1706 3070 1801 3123 σοῦ

1908 3069 2072 3123 alium
2106 3083 2267 3139 quam
2307 3077 2358 3121 te
2387 3055 2829 3136 possederimus;
2856 3063 2980 3133 jure
3005 3071 3484 3134 rogamus,uttu:e

219 3148 450 3219 κλήρου.

300 3258 320 3291 ι
363 3242 428 3293 Οἱ
469 3240 525 3294 δὲ
555 3244 739 3314 νεκροὶ
765 3242 908 3314 ζωὴν
942 3244 1003 3299 οὐ
1033 3245 1109 3317 μὴ
1142 3245 1346 3313 ἴδωσιν,
1372 3248 1494 3303 οὐδὲ
1540 3251 1713 3325 ἰατροὶ
1740 3254 1803 3304 οὐ

223 3329 304 3403 μὴ
323 3332 689 3405 ἀναστήσωσι.
722 3336 823 3389 Διά
847 3336 1007 3390 τοῦτο
1038 3338 1345 3409 ἀπήγαγες,
1379 3342 1474 3394 καὶ
1493 3342 1801 3407 ἀπώλεσας,

219 3423 320 3477 καὶ
347 3418 488 3495 ἦρας
512 3426 618 3478 πᾶν
651 3425 816 3496 ἄρσεν
843 3428 1040 3483 αὐτῶν.
1081 3447 1101 3482 ι
1148 3431 1340 3500 Ἡμεῖς
1368 3432 1468 3503 μὲν
1498 3430 1614 3498 οὖν,
1648 3437 1801 3506 φησὶ,

223 3514 312 3567 σοὶ
342 3514 528 3584 ἐσμὲν,
555 3515 749 3587 Κύριε,
771 3518 865 3572 καὶ
898 3521 962 3573 σὺ
986 3520 1054 3573 τὸ
1084 3522 1349 3593 ἡμέτερον
1380 3524 1641 3597 ὑπάρχεις
1668 3527 1805 3599 κτῆ-

221 3620 303 3676 μα
319 3621 332 3635 ·
359 3606 411 3658 oi
434 3605 491 3658 δέ
510 3609 628 3671 ταῖς
649 3608 784 3679 πρὸς
803 3608 1029 3664 θάνατον
1061 3611 1355 3685 ἁμαρτίαις
1383 3614 1609 3680 ἐαυτοὺς
1632 3616 1807 3670 ἐκδόν-

219 3713 335 3761 τες,
368 3699 462 3751 καὶ
489 3697 578 3751 διὰ
601 3698 761 3753 τοῦτο
781 3702 964 3771 νεκροὶ
989 3701 1088 3767 τὰς
1112 3702 1286 3773 ψυχάς
1312 3705 1591 3776 γενόμενοι
1610 3724 1622 3737 ·
1661 3726 1679 3759 ι
1702 3708 1805 3778 ψυ-

218 3790 292 3860 χὴ
330 3808 349 3839 ι
387 3788 501 3859 γὰρ
539 3807 558 3839 ι
597 3789 1008 3865 ἁμαρτάνουσα,
1056 3794 1194 3867 αὕτη
1222 3796 1608 3853 ἀποθανεῖται⁸
1647 3818 1665 3853 ι
1703 3802 1802 3874 τὴν

219 3881 275 3934 δέ
302 3881 720 3953 ἐπηγγελμένην
746 3886 858 3947 τοῖς
883 3886 1060 3954 ἀγίοις
1090 3886 1306 3943 αἰώνιον
1334 3889 1477 3963 ζωὴν
1518 3893 1618 3946 οὐκ
1644 3893 1803 3964 ὄψον-

218 3986 332 4034 ται,
358 3971 478 4025 οὑδέ
524 3973 695 4045 ίατροί
731 3973 893 4027 ποθεν
932 3976 1251 4043 ἐπιστάντες
1282 3980 1422 4034 κατὰ
1446 3982 1537 4035 τὸν
1559 3982 1659 4052 τῆς
1681 3983 1803 4054 κρί-

219 4080 361 4127 σεως
391 4064 579 4135 καιρὸν
609 4066 922 4137 δυνήσονται
946 4069 1128 4133 αὐτοῖς
1150 4072 1509 4144 ἐπικουρῆσαι
1539 4074 1675 4147 πρὸς
1701 4093 1805 4130 σω-

225 4155 437 4226 τηρίαν,
491 4155 599 4209 οὐδ’
636 4156 707 4210 ἂν
746 4158 1045 4230 ἀναστῆσαι
1094 4162 1271 4215 αὐτῶν
1304 4165 1405 4235 τὴν
1442 4166 1669 4220 πτῶσιν.
1695 4167 1803 4231 Οὓς

220 4247 333 4318 γὰρ
365 4247 431 4300 σὺ
461 4249 489 4300 ό
516 4248 687 4318 μέγας
716 4251 807 4303 καὶ
834 4251 1062 4323 φοϐερὸς
1095 4255 1188 4307 καὶ
1209 4254 1415 4319 δίκαιος
1445 4258 1637 4329 κρίτης
1658 4275 1802 4330 παρι-

221 4337 435 4403 έδωκας
493 4339 757 4411 ἀπωλείᾳ,
816 4342 899 4406 τίς
966 4344 1166 4416 ἰατρῶν
1223 4345 1595 4403 διασώσασθαι
1634 4350 1800 4422 δυνή-

221 4444 377 4482 σεται
397 4446 412 4495 ;

300 4538 320 4572 ι
353 4520 452 4574 Διὰ
477 4520 633 4575 τοῦτο
664 4525 946 4597 ἀπήγαγες
971 4526 1067 4579 καὶ
1090 4526 1395 4593 ἀπώλεσας,
1420 4533 1512 4584 καὶ
1530 4527 1670 4605 ἦρας
1690 4535 1799 4587 πᾶν

222 4610 392 4681 ἄρσεν
456 4612 652 4668 αὐτῶν.
694 4633 714 4667 ι
771 4616 916 4669 Ἀντὶ
975 4616 1035 4670 δὲ
1094 4616 1213 4682 τοῦ,
1270 4636 1291 4669 ι
1347 4620 1440 4673 καὶ
1496 4616 1637 4693 ἦρας
1689 4625 1799 4678 πᾶν

221 4702 391 4774 ἄρσεν
424 4704 626 4768 αὐτῶν,
672 4724 690 4756 ι
736 4707 764 4760 ό
804 4707 1116 4779 Σύμμαχος,
1158 4727 1177 4759 ι
1211 4710 1389 4763 πᾶσαν
1433 4712 1531 4782 τὴν
1578 4715 1800 4786 μνήμην

222 4794 406 4849 αὐτῶν
436 4812 451 4825 ο
483 4815 503 4847 ι
535 4796 634 4850 όδέ
673 4798 1011 4869 ’Δκύλαςζκαὶ
1031 4800 1339 4865 Θεοδοτίων,
1375 4821 1394 4853 ‹
1435 4806 1542 4857 πᾶν
1568 4806 1629 4859 τὸ
1660 4824 1798 4878 μνη-

226 4886 461 4957 μόσυνον
498 4888 676 4940 αὐτῶν
710 4910 727 4942 ι
749 4891 1123 4962 ἡρμήνευσαν.
1150 4892 1297 4945 Ἔδει
1323 4894 1430 4965 γὰρ
1458 4898 1638 4949 πᾶσαν
1670 4900 1801 4971 μνήο

226 4993 338 5047 μην
370 4976 571 5041 κακίας
612 4979 840 5051 ἀρθῆναι
883 4982 1022 5035 κατὰ
1072 4981 1158 5036 τὸν
1178 4983 1505 5055 δηλούμενον
1554 4989 1653 5059 τῆς
1685 4992 1807 5059 κρίο

226 5084 367 5131 σεως
422 5070 633 5140 καιρόν.
674 5070 736 5124 Εἰ
786 5071 843 5124 δὲ
885 5071 1114 5141 λέγοιτο,
1149 5093 1167 5125 ι
1201 5077 1309 5130 πᾶν
1346 5077 1511 5147 ἄρσεν
1542 5080 1741 5145 αὐτῶν,
1780 5100 1800 5133 ι

232 5158 429 5229 πολλὴν
460 5160 786 5232 εἰσάγειντὴν
807 5163 1213 5237 φιλανθρωπίαν
1244 5168 1274 5220 ό
1303 5167 1492 5235 λόγος*
1529 5170 1604 5233 ὡς
1626 5173 1805 5226 αὐτῶν

227 5249 330 5319 μὲν
354 5251 749 5323 ήμαρτηκότων
790 5254 865 5325 μή
909 5256 1209 5325 μελλόντων
1240 5260 1617 5330 ἀφανίζεσθαι,
1667 5244 1806 5335 μηδὲ

228 5345 308 5405 είς
329 5344 392 5397 τὸ
406 5343 665 5408 παντελὲς
687 5347 1015 5403 ἀπόλλυσθαι
1035 5366 1048 5380 ·
1080 5351 1188 5405 τῶν
1207 5352 1264 5406 δὲ
1280 5356 1631 5426 γεννημάτων
1658 5356 1801 5411 οὕτω

228 5432 591 5505 δηλουμένων,
646 5430 720 5491 ὧν
766 5439 799 5509 ή
856 5440 1003 5513 ψυχή
1050 5443 1231 5497 αὐτῶν
1286 5447 1582 5519 γεγέννηκε
1648 5447 1797 5517 λογι-

230 5524 383 5593 σμῶν
404 5526 675 5597 πονηρῶν,
700 5528 905 5584 τούτων
933 5534 1236 5605 ἀφανισμὸν
1254 5536 1576 5609 γενήσεσθαί
1606 5555 1791 5610 φησιν.

294 5724 334 5755 ⁸⁷
372 5722 559 5778 Matth.
601 5741 724 5781 ην.
758 5728 846 5784 «ιι.

1828 4457 1879 4517 D

1906 3161 2168 3231 portionis
2194 3169 2245 3213 ct
2268 3160 2434 3213 sortis
2461 3172 2583 3211 esse
2610 3172 2946 3212 mereaumr.

1974 3244 2139 3301 Vsus.
2184 3247 2267 3298 t4.
2319 3262 2339 3294 ι
2398 3241 2596 3297 Mortni
2640 3254 2821 3298 autem
2853 3243 3023 3298 vitam
3059 3258 3165 3299 non
3197 3242 3484 3309 videbunt,

1872 3351 2084 3428 ‘ncque
2114 3335 2309 3391 medici
2347 3334 2717 3390 suscitabunt.
2746 3334 2870 3391 ldco
2916 3334 3191 3391 abduxisti
3217 3375 3233 3401 ,
3268 3345 3325 3393 et
3354 3350 3482 3406 per-

1904 3426 2112 3491 didisti,
2141 3433 2197 3480 et
2228 3423 2498 3480 sustulisti
2534 3438 2701 3479 onme
2750 3424 3050 3480 masculum
3078 3440 3291 3480 eorum.
3320 3444 3340 3478 ι
3371 3424 3481 3483 Nos

1903 3515 2145 3587 quidem,
2180 3516 2278 3578 ait,
2307 3514 2383 3569 tui
2410 3528 2599 3569 sumus
2621 3553 2638 3580 ,
2666 3516 2891 3570 Domine
2911 3557 2928 3583 ,
2963 3525 3018 3570 et
3046 3524 3099 3570 tu
3130 3525 3316 3573 nostra
3351 3531 3481 3586 pos-

1902 3608 2079 3665 sessio
2109 3622 2206 3681 es;
2239 3606 2335 3675 qui
2369 3620 2500 3661 vero
2526 3620 2648 3662 sese
2681 3609 2921 3677 peccatis
2948 3608 3016 3663 ad
3061 3617 3293 3663 mortem
3322 3610 3487 3665 dedi-

1902 3700 2119 3768 derunt,
2185 3700 2417 3769 ideoque
2471 3698 2758 3754 animabus
2822 3702 3023 3755 mortui
3080 3710 3206 3756 sunt

1906 3811 1927 3845 ε
1954 3794 2134 3847 anima
2152 3806 2272 3863 qua:
2292 3792 2621 3863 peccaverit,
2655 3792 2767 3862 ipsa
2788 3793 3050 3848 morietur
3073 3811 3086 3845 :
3109 3812 3129 3845 ι
3153 3794 3481 3865 promissam

1903 3884 2104 3941 sanctis
2136 3893 2396 3939 :eteruam
2428 3884 2594 3937 vitam
2627 3898 2733 3938 non
2766 3883 3047 3947 videbunt,
3079 3898 3254 3954 neque
3282 3884 3483 3940 medici

1902 3978 2265 4047 undecunque
2311 3977 2576 4032 accedant
2613 3975 2805 4047 judicii
2877 3986 3161 4047 tempore,
3222 3988 3481 4048 poterunt

1904 4071 2036 4143 ipsis
2063 4084 2220 4140 opem
2250 4069 2316 4124 ad
2349 4070 2579 4124 salutem
2621 4059 2872 4125 conferre
2895 4108 2913 4134 ,
2944 4085 3117 4140 neque
3143 4084 3237 4125 eos
3260 4070 3329 4125 ab
3356 4071 3477 4125 exi-

1903 4165 1979 4219 tio
2006 4163 2291 4218 suscitare.
2324 4162 2381 4218 Si
2411 4162 2634 4231 quidem
2661 4175 2800 4229 quos
2830 4171 2884 4216 tu
2909 4202 2925 4226 ,
2955 4178 3183 4234 magne,
3216 4162 3477 4219 terribilis

1902 4266 1958 4313 et
1995 4256 2143 4327 juste
2170 4254 2345 4312 Judcx
2375 4295 2391 4320 ,
2421 4255 2680 4325 perniciei
2730 4255 2999 4312 tradidisti
3027 4298 3043 4321 ,
3074 4256 3197 4326 quis
3226 4256 3474 4312 medicus

1901 4361 2119 4404 servare
2144 4348 2388 4419 poterit?

1982 4546 2000 4580 ι
2040 4526 2164 4583 Ideo
2195 4527 2465 4583 abduxisti
2500 4537 2554 4583 et
2585 4529 2906 4597 perdidisti,
2946 4539 3001 4585 et
3030 4529 3293 4595 sustulisti
3317 4545 3479 4585 omne

1905 4618 2206 4673 masculum
2255 4632 2463 4672 eorum.
2513 4638 2531 4671 ι
2566 4618 2673 4673 Pro
2703 4620 2792 4675 illo
2823 4631 3003 4675 autem
3032 4660 3050 4682 .
3084 4638 3103 4673 ι
3134 4631 3188 4677 et
3208 4623 3479 4677 sustulisti

1903 4725 2064 4765 omne
2092 4711 2392 4765 masculum
2431 4726 2617 4765 eorum
2647 4752 2662 4776 ,
2706 4731 2724 4764 ι
2756 4702 3120 4784 Symmachus
3144 4753 3162 4778 .
3202 4732 3222 4765 ι
3257 4728 3473 4769 omnem

1904 4803 2223 4857 memoriam
2276 4817 2495 4870 eorum;
2535 4823 2553 4856 ι
2591 4805 2787 4875 Aquila
2843 4821 2972 4861 vero
3018 4815 3075 4861 et
3122 4805 3424 4862 Theodotiu
3459 4850 3474 4873 ,

1908 4912 1929 4946 ι
1966 4908 2127 4949 omne
2158 4895 2470 4951 memoriale
2497 4912 2711 4962 eorum,
2749 4915 2768 4949 ι
2802 4897 3141 4969 interpretati
3172 4908 3320 4956 sunt.
3373 4899 3480 4954 Par.

1900 4996 2019 5042 crat
2047 4990 2191 5042 enim
2223 4998 2525 5045 memorato
2568 4989 2757 5059 judicii
2794 5001 3037 5061 tempore
3060 5031 3075 5057 ,
3105 5007 3324 5047 omnem
3376 5009 3480 5049 ne-

1902 5080 2084 5145 quitia:
2121 5082 2441 5135 memoriam
2469 5082 2536 5137 de
2566 5082 2743 5137 medio
2770 5082 2907 5136 tolli.
2945 5084 3098 5152 Quod
3131 5084 3177 5139 si
3204 5085 3475 5149 dicamus,

1907 5189 1927 5223 ε
1956 5186 2120 5227 omne
2155 5172 2454 5228 masculum
2490 5188 2702 5239 eorum,
2746 5193 2766 5227 ι
2800 5190 3052 5245 magnam
3101 5191 3281 5233 sermo
3331 5191 3474 5246 pra:-

1904 5263 2008 5320 l'ert
2046 5266 2463 5332 humanitatem,
2514 5268 2673 5338 quasi
2702 5267 2911 5324 scilicet
2936 5285 3043 5325 non
3076 5270 3177 5341 ipsi
3213 5280 3469 5340 peecato-
3548 5285 3555 5295 ·

1906 5373 1999 5412 res
2023 5357 2235 5413 delendi
2265 5374 2330 5414 ac
2373 5358 2616 5415 funditus
2666 5360 2923 5430 perdendi
2954 5364 3087 5429 sint,
3135 5362 3231 5416 sed
3279 5375 3471 5415 eorum

1905 5449 2045 5503 [ειυς
2069 5486 2086 5513 ,
2121 5462 2258 5518 quos
2302 5464 2489 5505 eorum
2522 5452 2701 5505 anitua
2733 5453 2986 5521 peperit,
3043 5452 3195 5507 male
3220 5450 3485 5507 videlicet

1902 5538 2277 5612 cogitationes,
2310 5542 2377 5598 de
2411 5543 2589 5599 medio
2614 5541 2861 5599 tollenda
2888 5544 3017 5599 siut.

3274 3718 3290 3756 ζ
3353 3716 3478 3757 nam
3524 3745 3536 3751 -
