  <div class='ocr_page' id='page_1' title='image "/cluster/home/n/w/nwhite01/storage/ocr_20150623/24/ien.35556001660497/149.png"; bbox 0 0 4042 6420; ppageno 0'>
   <div class='ocr_carea' id='block_1_1' title="bbox 598 194 3822 291">
    <p class='ocr_par' dir='ltr' id='par_1_1' title="bbox 598 194 3822 291">
     <span class='ocr_line' id='line_1_1' title="bbox 598 194 3822 291; baseline -0.002 -2"><span class='ocrx_word' id='word_1_1' title='bbox 598 231 709 289; x_wconf 63' lang='lat' dir='ltr'><strong>sas</strong></span> <span class='ocrx_word' id='word_1_2' title='bbox 1268 229 1537 289; x_wconf 75' lang='lat' dir='ltr'><strong>snssnn</strong></span> <span class='ocrx_word' id='word_1_3' title='bbox 1575 230 2040 290; x_wconf 56' lang='lat' dir='ltr'><strong>cessaremus</strong></span> <span class='ocrx_word' id='word_1_4' title='bbox 2071 233 2220 291; x_wconf 74' lang='lat' dir='ltr'><strong>orp.</strong></span> <span class='ocrx_word' id='word_1_5' title='bbox 2256 233 2438 290; x_wconf 70' lang='lat' dir='ltr'><strong>mus</strong></span> <span class='ocrx_word' id='word_1_6' title='bbox 2474 231 2564 289; x_wconf 84' lang='lat' dir='ltr'><strong>III.</strong></span> <span class='ocrx_word' id='word_1_7' title='bbox 2600 261 2672 274; x_wconf 93' lang='lat'><strong>—</strong></span> <span class='ocrx_word' id='word_1_8' title='bbox 2705 194 3114 288; x_wconf 71' lang='lat' dir='ltr'><strong>sxscs&#39;rtcs.</strong></span> <span class='ocrx_word' id='word_1_9' title='bbox 3703 219 3822 284; x_wconf 69' lang='lat' dir='ltr'><strong>avt</strong></span> 
     </span>
    </p>
   </div>
   <div class='ocr_carea' id='block_1_2' title="bbox 674 341 2147 421">
    <p class='ocr_par' dir='ltr' id='par_1_2' title="bbox 674 344 2147 415">
     <span class='ocr_line' id='line_1_2' title="bbox 674 344 2147 415; baseline 0.001 -11"><span class='ocrx_word' id='word_1_10' title='bbox 674 344 839 404; x_wconf 70' lang='grc' dir='ltr'><strong>νω.</strong></span> <span class='ocrx_word' id='word_1_11' title='bbox 883 346 953 403; x_wconf 72' lang='grc'><strong>15</strong></span> <span class='ocrx_word' id='word_1_12' title='bbox 980 385 996 412; x_wconf 87' lang='grc'><strong>,</strong></span> <span class='ocrx_word' id='word_1_13' title='bbox 1038 346 1129 406; x_wconf 71' lang='grc'><strong>16.</strong></span> <span class='ocrx_word' id='word_1_14' title='bbox 1166 367 1185 401; x_wconf 83' lang='lat' dir='ltr'><strong>t</strong></span> <span class='ocrx_word' id='word_1_15' title='bbox 1223 348 1371 405; x_wconf 77' lang='lat' dir='ltr'><strong>Adde</strong></span> <span class='ocrx_word' id='word_1_16' title='bbox 1394 350 1475 405; x_wconf 84' lang='lat' dir='ltr'><strong>eis</strong></span> <span class='ocrx_word' id='word_1_17' title='bbox 1503 350 1638 405; x_wconf 87' lang='lat' dir='ltr'><strong>mala</strong></span> <span class='ocrx_word' id='word_1_18' title='bbox 1664 390 1681 415; x_wconf 93' lang='lat'><strong>,</strong></span> <span class='ocrx_word' id='word_1_19' title='bbox 1730 351 1953 406; x_wconf 86' lang='lat' dir='ltr'><strong>Domine</strong></span> <span class='ocrx_word' id='word_1_20' title='bbox 1974 392 1989 415; x_wconf 92' lang='lat'><strong>,</strong></span> <span class='ocrx_word' id='word_1_21' title='bbox 2018 351 2147 406; x_wconf 84' lang='lat' dir='ltr'><strong>adde</strong></span> 
     </span>
    </p>
   </div>
   <div class='ocr_carea' id='block_1_3' title="bbox 2252 341 3827 421">
    <p class='ocr_par' dir='ltr' id='par_1_3' title="bbox 2326 341 3827 421">
     <span class='ocr_line' id='line_1_3' title="bbox 2326 341 3827 421; baseline -0.007 -18"><span class='ocrx_word' id='word_1_22' title='bbox 2326 367 2348 404; x_wconf 76' lang='grc' dir='ltr'><strong>ε</strong></span> <span class='ocrx_word' id='word_1_23' title='bbox 2376 348 2614 421; x_wconf 77' lang='grc' dir='ltr'><strong>Πρόσθες</strong></span> <span class='ocrx_word' id='word_1_24' title='bbox 2646 349 2826 411; x_wconf 81' lang='grc' dir='ltr'>αὐτοῖς</span> <span class='ocrx_word' id='word_1_25' title='bbox 2859 345 3025 411; x_wconf 82' lang='grc' dir='ltr'>κακά,</span> <span class='ocrx_word' id='word_1_26' title='bbox 3049 344 3243 415; x_wconf 79' lang='grc' dir='ltr'>Κύριε,</span> <span class='ocrx_word' id='word_1_27' title='bbox 3275 342 3509 414; x_wconf 82' lang='grc' dir='ltr'><strong>πρόσθες</strong></span> <span class='ocrx_word' id='word_1_28' title='bbox 3539 341 3687 401; x_wconf 77' lang='grc' dir='ltr'><strong>κακά</strong></span> <span class='ocrx_word' id='word_1_29' title='bbox 3713 343 3827 419; x_wconf 61' lang='grc' dir='ltr'>τοῖς</span> 
     </span>
    </p>
   </div>
   <div class='ocr_carea' id='block_1_4' title="bbox 605 432 2147 512">
    <p class='ocr_par' dir='ltr' id='par_1_4' title="bbox 605 439 2147 512">
     <span class='ocr_line' id='line_1_4' title="bbox 605 439 2147 512; baseline 0.001 -15"><span class='ocrx_word' id='word_1_30' title='bbox 605 441 742 498; x_wconf 85' lang='lat' dir='ltr'><strong>mala</strong></span> <span class='ocrx_word' id='word_1_31' title='bbox 784 439 1031 512; x_wconf 75' lang='lat' dir='ltr'><strong>gloriosis</strong></span> <span class='ocrx_word' id='word_1_32' title='bbox 1080 450 1256 497; x_wconf 76' lang='lat' dir='ltr'><strong>terrae.</strong></span> <span class='ocrx_word' id='word_1_33' title='bbox 1305 441 1569 507; x_wconf 88' lang='lat' dir='ltr'><strong>Domine,</strong></span> <span class='ocrx_word' id='word_1_34' title='bbox 1610 443 1664 498; x_wconf 94' lang='lat' dir='ltr'><strong>in</strong></span> <span class='ocrx_word' id='word_1_35' title='bbox 1694 444 2037 497; x_wconf 90' lang='lat' dir='ltr'><strong>tribulatione</strong></span> <span class='ocrx_word' id='word_1_36' title='bbox 2070 457 2147 498; x_wconf 87' lang='lat' dir='ltr'><strong>re-</strong></span> 
     </span>
    </p>
   </div>
   <div class='ocr_carea' id='block_1_5' title="bbox 2252 432 3824 512">
    <p class='ocr_par' dir='ltr' id='par_1_5' title="bbox 2252 432 3824 511">
     <span class='ocr_line' id='line_1_5' title="bbox 2252 432 3824 511; baseline -0.008 -15"><span class='ocrx_word' id='word_1_37' title='bbox 2252 441 2481 506; x_wconf 83' lang='grc' dir='ltr'>ἐνδόξοις</span> <span class='ocrx_word' id='word_1_38' title='bbox 2504 441 2602 511; x_wconf 84' lang='grc' dir='ltr'><strong>τῆς</strong></span> <span class='ocrx_word' id='word_1_39' title='bbox 2628 441 2753 509; x_wconf 81' lang='grc' dir='ltr'>γῆς.</span> <span class='ocrx_word' id='word_1_40' title='bbox 2781 440 2973 509; x_wconf 78' lang='grc' dir='ltr'>Κύριε,</span> <span class='ocrx_word' id='word_1_41' title='bbox 3014 439 3072 490; x_wconf 85' lang='grc' dir='ltr'><strong>ἐν</strong></span> <span class='ocrx_word' id='word_1_42' title='bbox 3104 436 3278 506; x_wconf 87' lang='grc' dir='ltr'>θλίψει</span> <span class='ocrx_word' id='word_1_43' title='bbox 3309 432 3660 505; x_wconf 70' lang='grc' dir='ltr'>ἐμνήσθημεν</span> <span class='ocrx_word' id='word_1_44' title='bbox 3693 450 3824 486; x_wconf 70' lang='grc' dir='ltr'>σουο</span> 
     </span>
    </p>
   </div>
   <div class='ocr_carea' id='block_1_6' title="bbox 602 523 2147 606">
    <p class='ocr_par' dir='ltr' id='par_1_6' title="bbox 602 531 2147 606">
     <span class='ocr_line' id='line_1_6' title="bbox 602 531 2147 606; baseline 0.001 -19"><span class='ocrx_word' id='word_1_45' title='bbox 602 531 805 587; x_wconf 85' lang='lat' dir='ltr'><strong>cordati</strong></span> <span class='ocrx_word' id='word_1_46' title='bbox 837 546 1024 586; x_wconf 86' lang='lat' dir='ltr'><strong>sumus</strong></span> <span class='ocrx_word' id='word_1_47' title='bbox 1052 532 1126 586; x_wconf 92' lang='lat' dir='ltr'><strong>tui</strong></span> <span class='ocrx_word' id='word_1_48' title='bbox 1164 553 1176 587; x_wconf 88' lang='lat'><strong><em>:</em></strong></span> <span class='ocrx_word' id='word_1_49' title='bbox 1214 531 1266 585; x_wconf 88' lang='lat' dir='ltr'><strong>in</strong></span> <span class='ocrx_word' id='word_1_50' title='bbox 1299 532 1646 588; x_wconf 86' lang='lat' dir='ltr'><strong>tribulatione</strong></span> <span class='ocrx_word' id='word_1_51' title='bbox 1671 548 1833 606; x_wconf 82' lang='lat' dir='ltr'><strong>parva</strong></span> <span class='ocrx_word' id='word_1_52' title='bbox 1872 535 2147 605; x_wconf 75' lang='lat' dir='ltr'><strong>disciplina</strong></span> 
     </span>
    </p>
   </div>
   <div class='ocr_carea' id='block_1_7' title="bbox 2252 523 3830 606">
    <p class='ocr_par' dir='ltr' id='par_1_7' title="bbox 2252 523 3830 599">
     <span class='ocr_line' id='line_1_7' title="bbox 2252 523 3830 599; baseline -0.004 -17"><span class='ocrx_word' id='word_1_53' title='bbox 2252 532 2310 583; x_wconf 90' lang='grc' dir='ltr'><strong>ἐν</strong></span> <span class='ocrx_word' id='word_1_54' title='bbox 2336 530 2508 599; x_wconf 81' lang='grc' dir='ltr'>θλίψει</span> <span class='ocrx_word' id='word_1_55' title='bbox 2553 530 2726 599; x_wconf 78' lang='grc' dir='ltr'>μικρᾷ</span> <span class='ocrx_word' id='word_1_56' title='bbox 2768 530 2801 598; x_wconf 89' lang='grc' dir='ltr'><strong>ή</strong></span> <span class='ocrx_word' id='word_1_57' title='bbox 2839 526 3054 580; x_wconf 81' lang='grc' dir='ltr'>παιδεία</span> <span class='ocrx_word' id='word_1_58' title='bbox 3099 542 3191 578; x_wconf 90' lang='grc' dir='ltr'><strong>σου</strong></span> <span class='ocrx_word' id='word_1_59' title='bbox 3236 527 3388 595; x_wconf 78' lang='grc' dir='ltr'>ἡμῖν.</span> <span class='ocrx_word' id='word_1_60' title='bbox 3423 544 3442 577; x_wconf 73' lang='grc' dir='ltr'><strong>ι</strong></span> <span class='ocrx_word' id='word_1_61' title='bbox 3483 523 3698 594; x_wconf 80' lang='grc' dir='ltr'>Ἐπειδὴ</span> <span class='ocrx_word' id='word_1_62' title='bbox 3736 523 3830 576; x_wconf 81' lang='grc' dir='ltr'>τὸν</span> 
     </span>
    </p>
   </div>
   <div class='ocr_carea' id='block_1_8' title="bbox 601 615 2147 717">
    <p class='ocr_par' dir='ltr' id='par_1_8' title="bbox 601 620 2147 693">
     <span class='ocr_line' id='line_1_8' title="bbox 601 620 2147 693; baseline 0.004 -19"><span class='ocrx_word' id='word_1_63' title='bbox 601 629 697 675; x_wconf 87' lang='lat' dir='ltr'><strong>tua</strong></span> <span class='ocrx_word' id='word_1_64' title='bbox 722 621 898 675; x_wconf 87' lang='lat' dir='ltr'><strong>nobis.</strong></span> <span class='ocrx_word' id='word_1_65' title='bbox 939 640 957 673; x_wconf 77' lang='grc' dir='ltr'><strong>ι</strong></span> <span class='ocrx_word' id='word_1_66' title='bbox 992 620 1253 688; x_wconf 82' lang='lat' dir='ltr'><strong>Quoniam</strong></span> <span class='ocrx_word' id='word_1_67' title='bbox 1284 620 1603 678; x_wconf 71' lang='lat' dir='ltr'><strong>universalis</strong></span> <span class='ocrx_word' id='word_1_68' title='bbox 1625 622 1815 693; x_wconf 82' lang='lat' dir='ltr'><strong>judicii</strong></span> <span class='ocrx_word' id='word_1_69' title='bbox 1838 626 2010 679; x_wconf 86' lang='lat' dir='ltr'><strong>locum</strong></span> <span class='ocrx_word' id='word_1_70' title='bbox 2033 641 2147 680; x_wconf 92' lang='lat' dir='ltr'><strong>con-</strong></span> 
     </span>
    </p>
   </div>
   <div class='ocr_carea' id='block_1_9' title="bbox 2252 615 3827 717">
    <p class='ocr_par' dir='ltr' id='par_1_9' title="bbox 2252 615 3827 717">
     <span class='ocr_line' id='line_1_9' title="bbox 2252 615 3827 717; baseline -0.003 -45"><span class='ocrx_word' id='word_1_71' title='bbox 2252 621 2380 692; x_wconf 74' lang='grc' dir='ltr'>περὶ</span> <span class='ocrx_word' id='word_1_72' title='bbox 2410 620 2509 690; x_wconf 79' lang='grc' dir='ltr'>τῆς</span> <span class='ocrx_word' id='word_1_73' title='bbox 2535 617 2763 671; x_wconf 81' lang='grc' dir='ltr'><strong>καθόλου</strong></span> <span class='ocrx_word' id='word_1_74' title='bbox 2796 620 3027 688; x_wconf 88' lang='grc' dir='ltr'>κρίσεως</span> <span class='ocrx_word' id='word_1_75' title='bbox 3053 617 3215 669; x_wconf 87' lang='grc' dir='ltr'>τόπον</span> <span class='ocrx_word' id='word_1_76' title='bbox 3243 615 3437 685; x_wconf 80' lang='grc' dir='ltr'>θεωρεῖ</span> <span class='ocrx_word' id='word_1_77' title='bbox 3463 616 3491 668; x_wconf 86' lang='grc' dir='ltr'><strong>ό</strong></span> <span class='ocrx_word' id='word_1_78' title='bbox 3517 616 3827 717; x_wconf 49' lang='grc' dir='ltr'>προῗήτηςὶ</span> 
     </span>
    </p>
   </div>
   <div class='ocr_carea' id='block_1_10' title="bbox 601 705 2147 783">
    <p class='ocr_par' dir='ltr' id='par_1_10' title="bbox 601 709 2147 783">
     <span class='ocr_line' id='line_1_10' title="bbox 601 709 2147 783; baseline 0.003 -20"><span class='ocrx_word' id='word_1_79' title='bbox 601 710 892 778; x_wconf 88' lang='lat' dir='ltr'><strong>templatur</strong></span> <span class='ocrx_word' id='word_1_80' title='bbox 920 709 1202 778; x_wconf 76' lang='lat' dir='ltr'><strong>propheta,</strong></span> <span class='ocrx_word' id='word_1_81' title='bbox 1232 724 1329 765; x_wconf 87' lang='lat' dir='ltr'><strong>ceu</strong></span> <span class='ocrx_word' id='word_1_82' title='bbox 1356 710 1561 779; x_wconf 87' lang='lat' dir='ltr'><strong>judicio</strong></span> <span class='ocrx_word' id='word_1_83' title='bbox 1592 727 1847 783; x_wconf 62' lang='lat' dir='ltr'><strong>presens,</strong></span> <span class='ocrx_word' id='word_1_84' title='bbox 1892 727 1954 768; x_wconf 90' lang='lat' dir='ltr'><strong>ac</strong></span> <span class='ocrx_word' id='word_1_85' title='bbox 1980 713 2147 770; x_wconf 91' lang='lat' dir='ltr'><strong>tribu-</strong></span> 
     </span>
    </p>
   </div>
   <div class='ocr_carea' id='block_1_11' title="bbox 2252 705 3828 783">
    <p class='ocr_par' dir='ltr' id='par_1_11' title="bbox 2252 705 3828 781">
     <span class='ocr_line' id='line_1_11' title="bbox 2252 705 3828 781; baseline -0.004 -16"><span class='ocrx_word' id='word_1_86' title='bbox 2252 712 2450 766; x_wconf 77' lang='grc' dir='ltr'>ὡσανεὶ</span> <span class='ocrx_word' id='word_1_87' title='bbox 2504 708 2692 781; x_wconf 89' lang='grc' dir='ltr'>παρὼν</span> <span class='ocrx_word' id='word_1_88' title='bbox 2744 714 2809 781; x_wconf 76' lang='grc' dir='ltr'>τῇ</span> <span class='ocrx_word' id='word_1_89' title='bbox 2852 709 3047 781; x_wconf 85' lang='grc' dir='ltr'>κρίσει,</span> <span class='ocrx_word' id='word_1_90' title='bbox 3081 708 3175 761; x_wconf 75' lang='grc' dir='ltr'>καὶ</span> <span class='ocrx_word' id='word_1_91' title='bbox 3214 707 3290 777; x_wconf 79' lang='grc' dir='ltr'>τῷ</span> <span class='ocrx_word' id='word_1_92' title='bbox 3325 707 3530 778; x_wconf 82' lang='grc' dir='ltr'><strong>βήματι</strong></span> <span class='ocrx_word' id='word_1_93' title='bbox 3562 705 3655 760; x_wconf 87' lang='grc' dir='ltr'><strong>τοῦ</strong></span> <span class='ocrx_word' id='word_1_94' title='bbox 3689 705 3828 759; x_wconf 87' lang='grc' dir='ltr'>Θεοῦ</span> 
     </span>
    </p>
   </div>
   <div class='ocr_carea' id='block_1_12' title="bbox 602 795 2147 875">
    <p class='ocr_par' dir='ltr' id='par_1_12' title="bbox 602 798 2147 873">
     <span class='ocr_line' id='line_1_12' title="bbox 602 798 2147 873; baseline 0.001 -20"><span class='ocrx_word' id='word_1_95' title='bbox 602 798 715 854; x_wconf 84' lang='lat' dir='ltr'><strong>nali</strong></span> <span class='ocrx_word' id='word_1_96' title='bbox 748 799 840 854; x_wconf 86' lang='lat' dir='ltr'><strong>Dei</strong></span> <span class='ocrx_word' id='word_1_97' title='bbox 889 810 1107 865; x_wconf 81' lang='lat' dir='ltr'><strong>astans;</strong></span> <span class='ocrx_word' id='word_1_98' title='bbox 1144 813 1242 869; x_wconf 89' lang='lat' dir='ltr'><strong>pro</strong></span> <span class='ocrx_word' id='word_1_99' title='bbox 1268 799 1580 856; x_wconf 87' lang='lat' dir='ltr'><strong>conditione</strong></span> <span class='ocrx_word' id='word_1_100' title='bbox 1604 817 1781 857; x_wconf 90' lang='lat' dir='ltr'><strong>rerum</strong></span> <span class='ocrx_word' id='word_1_101' title='bbox 1808 817 1941 873; x_wconf 89' lang='lat' dir='ltr'><strong>quas</strong></span> <span class='ocrx_word' id='word_1_102' title='bbox 1969 805 2109 858; x_wconf 80' lang='lat' dir='ltr'><strong>videt</strong></span> <span class='ocrx_word' id='word_1_103' title='bbox 2133 844 2147 869; x_wconf 89' lang='lat'><strong>,</strong></span> 
     </span>
    </p>
   </div>
   <div class='ocr_carea' id='block_1_13' title="bbox 2252 795 3829 875">
    <p class='ocr_par' dir='ltr' id='par_1_13' title="bbox 2252 795 3829 875">
     <span class='ocr_line' id='line_1_13' title="bbox 2252 795 3829 875; baseline -0.003 -20"><span class='ocrx_word' id='word_1_104' title='bbox 2252 801 2556 875; x_wconf 82' lang='grc' dir='ltr'>παρεστὼς,</span> <span class='ocrx_word' id='word_1_105' title='bbox 2586 802 2670 870; x_wconf 82' lang='grc' dir='ltr'>ἐφ’</span> <span class='ocrx_word' id='word_1_106' title='bbox 2690 795 2770 864; x_wconf 74' lang='grc' dir='ltr'>οἷς</span> <span class='ocrx_word' id='word_1_107' title='bbox 2797 802 2920 872; x_wconf 79' lang='grc' dir='ltr'>ὁρᾷ,</span> <span class='ocrx_word' id='word_1_108' title='bbox 2950 800 3077 853; x_wconf 73' lang='grc' dir='ltr'>ποτὲ</span> <span class='ocrx_word' id='word_1_109' title='bbox 3104 800 3201 870; x_wconf 85' lang='grc' dir='ltr'>μὲν</span> <span class='ocrx_word' id='word_1_110' title='bbox 3233 798 3655 870; x_wconf 76' lang='grc' dir='ltr'>ἐξομολογεϊται,</span> <span class='ocrx_word' id='word_1_111' title='bbox 3696 795 3829 850; x_wconf 72' lang='grc' dir='ltr'>ποτὶ</span> 
     </span>
    </p>
   </div>
   <div class='ocr_carea' id='block_1_14' title="bbox 599 882 2147 964">
    <p class='ocr_par' dir='ltr' id='par_1_14' title="bbox 599 889 2147 964">
     <span class='ocr_line' id='line_1_14' title="bbox 599 889 2147 964; baseline 0.003 -19"><span class='ocrx_word' id='word_1_112' title='bbox 599 891 761 945; x_wconf 87' lang='lat' dir='ltr'><strong>modo</strong></span> <span class='ocrx_word' id='word_1_113' title='bbox 791 889 1095 953; x_wconf 83' lang='lat' dir='ltr'><strong>conﬁtetur,</strong></span> <span class='ocrx_word' id='word_1_114' title='bbox 1123 893 1285 946; x_wconf 88' lang='lat' dir='ltr'><strong>modo</strong></span> <span class='ocrx_word' id='word_1_115' title='bbox 1311 900 1584 961; x_wconf 86' lang='lat' dir='ltr'><strong>precatur,</strong></span> <span class='ocrx_word' id='word_1_116' title='bbox 1618 895 1775 947; x_wconf 87' lang='lat' dir='ltr'><strong>modo</strong></span> <span class='ocrx_word' id='word_1_117' title='bbox 1801 896 2000 964; x_wconf 75' lang='lat' dir='ltr'><strong>gratias</strong></span> <span class='ocrx_word' id='word_1_118' title='bbox 2020 895 2147 964; x_wconf 89' lang='lat' dir='ltr'><strong>agit,</strong></span> 
     </span>
    </p>
   </div>
   <div class='ocr_carea' id='block_1_15' title="bbox 2252 882 3829 964">
    <p class='ocr_par' dir='ltr' id='par_1_15' title="bbox 2252 882 3829 962">
     <span class='ocr_line' id='line_1_15' title="bbox 2252 882 3829 962; baseline -0.004 -16"><span class='ocrx_word' id='word_1_119' title='bbox 2252 893 2307 946; x_wconf 82' lang='grc' dir='ltr'>δὲ</span> <span class='ocrx_word' id='word_1_120' title='bbox 2342 893 2590 957; x_wconf 81' lang='grc' dir='ltr'><strong>ἱκετεύει,</strong></span> <span class='ocrx_word' id='word_1_121' title='bbox 2618 892 2749 945; x_wconf 82' lang='grc' dir='ltr'>ποτὲ</span> <span class='ocrx_word' id='word_1_122' title='bbox 2776 892 2832 944; x_wconf 83' lang='grc' dir='ltr'><strong>δέ</strong></span> <span class='ocrx_word' id='word_1_123' title='bbox 2852 882 3179 962; x_wconf 78' lang='grc' dir='ltr'>εὐχαριστεῖ,</span> <span class='ocrx_word' id='word_1_124' title='bbox 3202 888 3331 941; x_wconf 84' lang='grc' dir='ltr'><strong>ποτέ</strong></span> <span class='ocrx_word' id='word_1_125' title='bbox 3355 889 3413 943; x_wconf 87' lang='grc' dir='ltr'>δὲ</span> <span class='ocrx_word' id='word_1_126' title='bbox 3434 888 3531 953; x_wconf 87' lang='grc' dir='ltr'><strong>τάς</strong></span> <span class='ocrx_word' id='word_1_127' title='bbox 3558 886 3829 958; x_wconf 68' lang='grc' dir='ltr'>ἀποθησοο</span> 
     </span>
    </p>
   </div>
   <div class='ocr_carea' id='block_1_16' title="bbox 598 970 2147 1053">
    <p class='ocr_par' dir='ltr' id='par_1_16' title="bbox 598 970 2147 1050">
     <span class='ocr_line' id='line_1_16' title="bbox 598 970 2147 1050; baseline 0.003 -16"><span class='ocrx_word' id='word_1_128' title='bbox 598 994 722 1035; x_wconf 80' lang='lat' dir='ltr'><strong>mox</strong></span> <span class='ocrx_word' id='word_1_129' title='bbox 748 979 921 1049; x_wconf 88' lang='lat' dir='ltr'><strong>dignis</strong></span> <span class='ocrx_word' id='word_1_130' title='bbox 954 994 983 1032; x_wconf 93' lang='lat' dir='ltr'><strong>a</strong></span> <span class='ocrx_word' id='word_1_131' title='bbox 1016 979 1126 1034; x_wconf 91' lang='lat' dir='ltr'><strong>Deo</strong></span> <span class='ocrx_word' id='word_1_132' title='bbox 1160 995 1257 1050; x_wconf 90' lang='lat' dir='ltr'><strong>pro</strong></span> <span class='ocrx_word' id='word_1_133' title='bbox 1305 981 1496 1036; x_wconf 88' lang='lat' dir='ltr'><strong>merito</strong></span> <span class='ocrx_word' id='word_1_134' title='bbox 1531 970 1735 1038; x_wconf 85' lang='lat' dir='ltr'><strong>dandas</strong></span> <span class='ocrx_word' id='word_1_135' title='bbox 1769 985 2147 1039; x_wconf 82' lang='lat' dir='ltr'><strong>retributiones</strong></span> 
     </span>
    </p>
   </div>
   <div class='ocr_carea' id='block_1_17' title="bbox 2252 970 3825 1053">
    <p class='ocr_par' dir='ltr' id='par_1_17' title="bbox 2254 977 3825 1053">
     <span class='ocr_line' id='line_1_17' title="bbox 2254 977 3825 1053; baseline -0.003 -17"><span class='ocrx_word' id='word_1_136' title='bbox 2254 983 2419 1053; x_wconf 79' lang='grc' dir='ltr'>μένας</span> <span class='ocrx_word' id='word_1_137' title='bbox 2462 982 2565 1035; x_wconf 78' lang='grc' dir='ltr'><strong>ὑπὸ</strong></span> <span class='ocrx_word' id='word_1_138' title='bbox 2610 982 2703 1035; x_wconf 89' lang='grc' dir='ltr'><strong>τοῦ</strong></span> <span class='ocrx_word' id='word_1_139' title='bbox 2750 980 2886 1034; x_wconf 85' lang='grc' dir='ltr'>Θεοῦ</span> <span class='ocrx_word' id='word_1_140' title='bbox 2921 979 3153 1051; x_wconf 77' lang='grc' dir='ltr'>ἀμοιϐὰς</span> <span class='ocrx_word' id='word_1_141' title='bbox 3187 979 3300 1042; x_wconf 84' lang='grc' dir='ltr'>τοῖς</span> <span class='ocrx_word' id='word_1_142' title='bbox 3331 978 3501 1044; x_wconf 82' lang='grc' dir='ltr'>ἀξίοις</span> <span class='ocrx_word' id='word_1_143' title='bbox 3532 977 3825 1049; x_wconf 77' lang='grc' dir='ltr'>διέρχεται.</span> 
     </span>
    </p>
   </div>
   <div class='ocr_carea' id='block_1_18' title="bbox 598 1068 2147 1144">
    <p class='ocr_par' dir='ltr' id='par_1_18' title="bbox 598 1068 2147 1144">
     <span class='ocr_line' id='line_1_18' title="bbox 598 1068 2147 1144; baseline 0.003 -20"><span class='ocrx_word' id='word_1_144' title='bbox 598 1076 835 1134; x_wconf 82' lang='lat' dir='ltr'><strong>enarrat.</strong></span> <span class='ocrx_word' id='word_1_145' title='bbox 882 1068 1005 1124; x_wconf 67' lang='lat' dir='ltr'><strong>Haec</strong></span> <span class='ocrx_word' id='word_1_146' title='bbox 1055 1084 1217 1139; x_wconf 85' lang='lat' dir='ltr'><strong>porro</strong></span> <span class='ocrx_word' id='word_1_147' title='bbox 1249 1072 1429 1127; x_wconf 86' lang='lat' dir='ltr'><strong>omnia</strong></span> <span class='ocrx_word' id='word_1_148' title='bbox 1480 1073 1635 1127; x_wconf 90' lang='lat' dir='ltr'><strong>nobis</strong></span> <span class='ocrx_word' id='word_1_149' title='bbox 1667 1088 1763 1142; x_wconf 91' lang='lat' dir='ltr'><strong>per</strong></span> <span class='ocrx_word' id='word_1_150' title='bbox 1816 1072 2147 1144; x_wconf 80' lang='lat' dir='ltr'><strong>Scripturam</strong></span> 
     </span>
    </p>
   </div>
   <div class='ocr_carea' id='block_1_19' title="bbox 2252 1068 3827 1144">
    <p class='ocr_par' dir='ltr' id='par_1_19' title="bbox 2252 1068 3827 1143">
     <span class='ocr_line' id='line_1_19' title="bbox 2252 1068 3827 1143; baseline -0.003 -17"><span class='ocrx_word' id='word_1_151' title='bbox 2252 1075 2433 1128; x_wconf 78' lang='grc' dir='ltr'>Πάντα</span> <span class='ocrx_word' id='word_1_152' title='bbox 2470 1074 2525 1126; x_wconf 84' lang='grc' dir='ltr'>δὲ</span> <span class='ocrx_word' id='word_1_153' title='bbox 2571 1071 2741 1126; x_wconf 89' lang='grc' dir='ltr'>ταῦτα</span> <span class='ocrx_word' id='word_1_154' title='bbox 2764 1072 2851 1125; x_wconf 83' lang='grc' dir='ltr'><strong>διὰ</strong></span> <span class='ocrx_word' id='word_1_155' title='bbox 2882 1071 2980 1143; x_wconf 85' lang='grc' dir='ltr'>τῆς</span> <span class='ocrx_word' id='word_1_156' title='bbox 3008 1068 3171 1125; x_wconf 84' lang='grc' dir='ltr'>αὐτοῦ</span> <span class='ocrx_word' id='word_1_157' title='bbox 3198 1069 3420 1140; x_wconf 83' lang='grc' dir='ltr'>Γραφῆς</span> <span class='ocrx_word' id='word_1_158' title='bbox 3449 1070 3544 1122; x_wconf 73' lang='grc' dir='ltr'><strong>καὶ</strong></span> <span class='ocrx_word' id='word_1_159' title='bbox 3567 1070 3700 1139; x_wconf 86' lang='grc' dir='ltr'>ήμῖν</span> <span class='ocrx_word' id='word_1_160' title='bbox 3727 1083 3827 1121; x_wconf 78' lang='grc' dir='ltr'>πα-</span> 
     </span>
    </p>
   </div>
   <div class='ocr_carea' id='block_1_20' title="bbox 599 1157 2147 1237">
    <p class='ocr_par' dir='ltr' id='par_1_20' title="bbox 599 1158 2147 1235">
     <span class='ocr_line' id='line_1_20' title="bbox 599 1158 2147 1235; baseline 0.003 -21"><span class='ocrx_word' id='word_1_161' title='bbox 599 1173 749 1214; x_wconf 80' lang='lat' dir='ltr'><strong>suam</strong></span> <span class='ocrx_word' id='word_1_162' title='bbox 776 1158 951 1227; x_wconf 78' lang='lat' dir='ltr'><strong>odert,</strong></span> <span class='ocrx_word' id='word_1_163' title='bbox 988 1169 1047 1213; x_wconf 91' lang='lat' dir='ltr'><strong>ut</strong></span> <span class='ocrx_word' id='word_1_164' title='bbox 1074 1161 1435 1226; x_wconf 88' lang='lat' dir='ltr'><strong>instituamur,</strong></span> <span class='ocrx_word' id='word_1_165' title='bbox 1464 1164 1640 1218; x_wconf 89' lang='lat' dir='ltr'><strong>edocti</strong></span> <span class='ocrx_word' id='word_1_166' title='bbox 1674 1165 1852 1218; x_wconf 88' lang='lat' dir='ltr'><strong>omnia</strong></span> <span class='ocrx_word' id='word_1_167' title='bbox 1889 1179 2007 1234; x_wconf 73' lang='lat' dir='ltr'><strong>quae</strong></span> <span class='ocrx_word' id='word_1_168' title='bbox 2039 1165 2147 1235; x_wconf 87' lang='lat' dir='ltr'><strong>ipse</strong></span> 
     </span>
    </p>
   </div>
   <div class='ocr_carea' id='block_1_21' title="bbox 2252 1157 3826 1237">
    <p class='ocr_par' dir='ltr' id='par_1_21' title="bbox 2253 1157 3826 1237">
     <span class='ocr_line' id='line_1_21' title="bbox 2253 1157 3826 1237; baseline -0.002 -19"><span class='ocrx_word' id='word_1_169' title='bbox 2253 1166 2552 1237; x_wconf 85' lang='grc' dir='ltr'>ραδίδωσιν,</span> <span class='ocrx_word' id='word_1_170' title='bbox 2601 1165 2675 1227; x_wconf 89' lang='grc' dir='ltr'>ὼς</span> <span class='ocrx_word' id='word_1_171' title='bbox 2724 1164 2790 1217; x_wconf 80' lang='grc' dir='ltr'>ἂν</span> <span class='ocrx_word' id='word_1_172' title='bbox 2830 1160 3225 1232; x_wconf 85' lang='grc' dir='ltr'>παιδευοίμεθα</span> <span class='ocrx_word' id='word_1_173' title='bbox 3259 1158 3632 1230; x_wconf 79' lang='grc' dir='ltr'><strong>διδασκόμενοι</strong></span> <span class='ocrx_word' id='word_1_174' title='bbox 3664 1157 3826 1215; x_wconf 79' lang='grc' dir='ltr'>πάνθ’</span> 
     </span>
    </p>
   </div>
   <div class='ocr_carea' id='block_1_22' title="bbox 595 1247 2147 1321">
    <p class='ocr_par' dir='ltr' id='par_1_22' title="bbox 595 1249 2147 1321">
     <span class='ocr_line' id='line_1_22' title="bbox 595 1249 2147 1321; baseline 0.004 -17"><span class='ocrx_word' id='word_1_175' title='bbox 595 1261 666 1304; x_wconf 77' lang='lat' dir='ltr'><strong>ex</strong></span> <span class='ocrx_word' id='word_1_176' title='bbox 696 1249 859 1305; x_wconf 82' lang='lat' dir='ltr'><strong>divini</strong></span> <span class='ocrx_word' id='word_1_177' title='bbox 890 1251 1123 1319; x_wconf 74' lang='lat' dir='ltr'><strong>Spiritus</strong></span> <span class='ocrx_word' id='word_1_178' title='bbox 1152 1252 1507 1308; x_wconf 83' lang='lat' dir='ltr'><strong>illustratione</strong></span> <span class='ocrx_word' id='word_1_179' title='bbox 1553 1266 1796 1310; x_wconf 84' lang='lat' dir='ltr'><strong>noverat.</strong></span> <span class='ocrx_word' id='word_1_180' title='bbox 1846 1255 1912 1309; x_wconf 87' lang='lat' dir='ltr'><strong>Et</strong></span> <span class='ocrx_word' id='word_1_181' title='bbox 1961 1271 2101 1310; x_wconf 89' lang='lat' dir='ltr'><strong>nunc</strong></span> <span class='ocrx_word' id='word_1_182' title='bbox 2129 1296 2147 1321; x_wconf 90' lang='lat'><strong>,</strong></span> 
     </span>
    </p>
   </div>
   <div class='ocr_carea' id='block_1_23' title="bbox 2252 1247 3829 1321">
    <p class='ocr_par' dir='ltr' id='par_1_23' title="bbox 2252 1247 3829 1321">
     <span class='ocr_line' id='line_1_23' title="bbox 2252 1247 3829 1321; baseline -0.003 -15"><span class='ocrx_word' id='word_1_183' title='bbox 2252 1254 2347 1306; x_wconf 82' lang='grc' dir='ltr'>ὅσα</span> <span class='ocrx_word' id='word_1_184' title='bbox 2401 1255 2494 1306; x_wconf 73' lang='grc' dir='ltr'>καὶ</span> <span class='ocrx_word' id='word_1_185' title='bbox 2545 1253 2705 1315; x_wconf 74' lang='grc' dir='ltr'>αὐτὸς</span> <span class='ocrx_word' id='word_1_186' title='bbox 2753 1251 2818 1305; x_wconf 86' lang='grc' dir='ltr'><strong>ἐκ</strong></span> <span class='ocrx_word' id='word_1_187' title='bbox 2858 1251 2957 1321; x_wconf 85' lang='grc' dir='ltr'><strong>τῆς</strong></span> <span class='ocrx_word' id='word_1_188' title='bbox 3003 1249 3098 1302; x_wconf 90' lang='grc' dir='ltr'><strong>τοῦ</strong></span> <span class='ocrx_word' id='word_1_189' title='bbox 3141 1248 3285 1302; x_wconf 92' lang='grc' dir='ltr'>θείου</span> <span class='ocrx_word' id='word_1_190' title='bbox 3333 1247 3649 1320; x_wconf 81' lang='grc' dir='ltr'>Πνεύματος</span> <span class='ocrx_word' id='word_1_191' title='bbox 3703 1250 3829 1303; x_wconf 71' lang='grc' dir='ltr'>ἐπε-</span> 
     </span>
    </p>
   </div>
   <div class='ocr_carea' id='block_1_24' title="bbox 598 1332 2147 1418">
    <p class='ocr_par' dir='ltr' id='par_1_24' title="bbox 598 1340 2147 1418">
     <span class='ocr_line' id='line_1_24' title="bbox 598 1340 2147 1418; baseline 0.002 -22"><span class='ocrx_word' id='word_1_192' title='bbox 598 1340 811 1414; x_wconf 81' lang='lat' dir='ltr'><strong>inquit,</strong></span> <span class='ocrx_word' id='word_1_193' title='bbox 852 1343 1112 1410; x_wconf 87' lang='lat' dir='ltr'><strong>Domine,</strong></span> <span class='ocrx_word' id='word_1_194' title='bbox 1146 1359 1269 1400; x_wconf 91' lang='lat' dir='ltr'><strong>cum</strong></span> <span class='ocrx_word' id='word_1_195' title='bbox 1302 1355 1512 1416; x_wconf 85' lang='lat' dir='ltr'><strong>tempus</strong></span> <span class='ocrx_word' id='word_1_196' title='bbox 1546 1347 1795 1409; x_wconf 88' lang='lat' dir='ltr'><strong>adesset,</strong></span> <span class='ocrx_word' id='word_1_197' title='bbox 1842 1347 1895 1401; x_wconf 91' lang='lat' dir='ltr'><strong>in</strong></span> <span class='ocrx_word' id='word_1_198' title='bbox 1927 1356 2147 1418; x_wconf 85' lang='lat' dir='ltr'><strong>angusta</strong></span> 
     </span>
    </p>
   </div>
   <div class='ocr_carea' id='block_1_25' title="bbox 2252 1332 3827 1418">
    <p class='ocr_par' dir='ltr' id='par_1_25' title="bbox 2252 1332 3827 1414">
     <span class='ocr_line' id='line_1_25' title="bbox 2252 1332 3827 1414; baseline -0.003 -17"><span class='ocrx_word' id='word_1_199' title='bbox 2252 1344 2505 1414; x_wconf 80' lang='grc' dir='ltr'>λάμψεως</span> <span class='ocrx_word' id='word_1_200' title='bbox 2522 1343 2680 1412; x_wconf 79' lang='grc' dir='ltr'>ἔγνω.</span> <span class='ocrx_word' id='word_1_201' title='bbox 2708 1342 2818 1395; x_wconf 77' lang='grc' dir='ltr'><strong>Καὶ</strong></span> <span class='ocrx_word' id='word_1_202' title='bbox 2843 1341 2937 1395; x_wconf 92' lang='grc' dir='ltr'><strong>νῦν</strong></span> <span class='ocrx_word' id='word_1_203' title='bbox 2968 1337 3083 1406; x_wconf 82' lang='grc' dir='ltr'>οὖν,</span> <span class='ocrx_word' id='word_1_204' title='bbox 3114 1340 3297 1410; x_wconf 81' lang='grc' dir='ltr'>φησὶν,</span> <span class='ocrx_word' id='word_1_205' title='bbox 3325 1339 3415 1393; x_wconf 83' lang='grc' dir='ltr'>ὅτε</span> <span class='ocrx_word' id='word_1_206' title='bbox 3438 1339 3629 1410; x_wconf 81' lang='grc' dir='ltr'>καιρὸς</span> <span class='ocrx_word' id='word_1_207' title='bbox 3654 1334 3745 1411; x_wconf 84' lang='grc' dir='ltr'>ἦν,</span> <span class='ocrx_word' id='word_1_208' title='bbox 3776 1332 3827 1393; x_wconf 76' lang='grc' dir='ltr'><strong>ὦ</strong></span> 
     </span>
    </p>
   </div>
   <div class='ocr_carea' id='block_1_26' title="bbox 603 1430 2147 1507">
    <p class='ocr_par' dir='ltr' id='par_1_26' title="bbox 603 1434 2145 1505">
     <span class='ocr_line' id='line_1_26' title="bbox 603 1434 2145 1505; baseline 0.001 -16"><span class='ocrx_word' id='word_1_209' title='bbox 603 1443 661 1489; x_wconf 86' lang='lat' dir='ltr'><strong>et</strong></span> <span class='ocrx_word' id='word_1_210' title='bbox 690 1440 837 1489; x_wconf 88' lang='lat' dir='ltr'><strong>arcta</strong></span> <span class='ocrx_word' id='word_1_211' title='bbox 866 1436 950 1488; x_wconf 82' lang='lat' dir='ltr'><strong>via</strong></span> <span class='ocrx_word' id='word_1_212' title='bbox 990 1434 1316 1497; x_wconf 80' lang='lat' dir='ltr'><strong>incedentes,</strong></span> <span class='ocrx_word' id='word_1_213' title='bbox 1334 1448 1431 1505; x_wconf 90' lang='lat' dir='ltr'><strong>pro</strong></span> <span class='ocrx_word' id='word_1_214' title='bbox 1452 1437 1649 1505; x_wconf 89' lang='lat' dir='ltr'><strong>pietate</strong></span> <span class='ocrx_word' id='word_1_215' title='bbox 1672 1437 2145 1492; x_wconf 88' lang='lat' dir='ltr'><strong>concertabamus:</strong></span> 
     </span>
    </p>
   </div>
   <div class='ocr_carea' id='block_1_27' title="bbox 2252 1430 3827 1507">
    <p class='ocr_par' dir='ltr' id='par_1_27' title="bbox 2252 1430 3827 1507">
     <span class='ocr_line' id='line_1_27' title="bbox 2252 1430 3827 1507; baseline -0.003 -19"><span class='ocrx_word' id='word_1_216' title='bbox 2252 1436 2442 1506; x_wconf 80' lang='grc' dir='ltr'>Κύριε,</span> <span class='ocrx_word' id='word_1_217' title='bbox 2476 1435 2572 1507; x_wconf 78' lang='grc' dir='ltr'><strong>τήν</strong></span> <span class='ocrx_word' id='word_1_218' title='bbox 2624 1434 2814 1503; x_wconf 80' lang='grc' dir='ltr'>στενὴν</span> <span class='ocrx_word' id='word_1_219' title='bbox 2859 1432 2953 1486; x_wconf 76' lang='grc' dir='ltr'>καὶ</span> <span class='ocrx_word' id='word_1_220' title='bbox 2996 1432 3095 1503; x_wconf 85' lang='grc' dir='ltr'>τὴν</span> <span class='ocrx_word' id='word_1_221' title='bbox 3140 1430 3505 1501; x_wconf 81' lang='grc' dir='ltr'>τεθλιμμένήν</span> <span class='ocrx_word' id='word_1_222' title='bbox 3548 1430 3827 1494; x_wconf 81' lang='grc' dir='ltr'>ὁδεύοντες</span> 
     </span>
    </p>
   </div>
   <div class='ocr_carea' id='block_1_28' title="bbox 597 1521 2147 1598">
    <p class='ocr_par' dir='ltr' id='par_1_28' title="bbox 597 1522 2147 1597">
     <span class='ocr_line' id='line_1_28' title="bbox 597 1522 2147 1597; baseline 0.002 -17"><span class='ocrx_word' id='word_1_223' title='bbox 597 1539 786 1581; x_wconf 86' lang='lat' dir='ltr'><strong>verum</strong></span> <span class='ocrx_word' id='word_1_224' title='bbox 834 1525 888 1579; x_wconf 91' lang='lat' dir='ltr'><strong>in</strong></span> <span class='ocrx_word' id='word_1_225' title='bbox 922 1522 1205 1580; x_wconf 76' lang='lat' dir='ltr'><strong>alﬂictione</strong></span> <span class='ocrx_word' id='word_1_226' title='bbox 1254 1524 1345 1580; x_wconf 89' lang='lat' dir='ltr'><strong>illa</strong></span> <span class='ocrx_word' id='word_1_227' title='bbox 1380 1564 1396 1589; x_wconf 94' lang='lat'><strong>,</strong></span> <span class='ocrx_word' id='word_1_228' title='bbox 1448 1540 1782 1597; x_wconf 86' lang='lat' dir='ltr'><strong>nequaquam</strong></span> <span class='ocrx_word' id='word_1_229' title='bbox 1812 1542 2026 1583; x_wconf 88' lang='lat' dir='ltr'><strong>eramus</strong></span> <span class='ocrx_word' id='word_1_230' title='bbox 2073 1529 2147 1583; x_wconf 92' lang='lat' dir='ltr'><strong>tui</strong></span> 
     </span>
    </p>
   </div>
   <div class='ocr_carea' id='block_1_29' title="bbox 2252 1521 3822 1598">
    <p class='ocr_par' dir='ltr' id='par_1_29' title="bbox 2252 1521 3822 1598">
     <span class='ocr_line' id='line_1_29' title="bbox 2252 1521 3822 1598; baseline -0.003 -20"><span class='ocrx_word' id='word_1_231' title='bbox 2252 1526 2389 1598; x_wconf 81' lang='grc' dir='ltr'>ὑπὲρ</span> <span class='ocrx_word' id='word_1_232' title='bbox 2410 1526 2508 1596; x_wconf 82' lang='grc' dir='ltr'>τῆς</span> <span class='ocrx_word' id='word_1_233' title='bbox 2531 1524 2811 1587; x_wconf 84' lang='grc' dir='ltr'>εὐσεϐείας</span> <span class='ocrx_word' id='word_1_234' title='bbox 2836 1522 3239 1593; x_wconf 78' lang='grc' dir='ltr'>ήγωνιζόμεθα’</span> <span class='ocrx_word' id='word_1_235' title='bbox 3271 1522 3409 1593; x_wconf 79' lang='grc' dir='ltr'>πλὴν</span> <span class='ocrx_word' id='word_1_236' title='bbox 3435 1522 3529 1575; x_wconf 83' lang='grc' dir='ltr'>καὶ</span> <span class='ocrx_word' id='word_1_237' title='bbox 3557 1523 3615 1575; x_wconf 83' lang='grc' dir='ltr'><strong>ἐν</strong></span> <span class='ocrx_word' id='word_1_238' title='bbox 3634 1521 3822 1593; x_wconf 77' lang='grc' dir='ltr'>ἐκείνῃ</span> 
     </span>
    </p>
   </div>
   <div class='ocr_carea' id='block_1_30' title="bbox 598 1608 2147 1690">
    <p class='ocr_par' dir='ltr' id='par_1_30' title="bbox 598 1616 2147 1690">
     <span class='ocr_line' id='line_1_30' title="bbox 598 1616 2147 1690; baseline 0.001 -19"><span class='ocrx_word' id='word_1_239' title='bbox 598 1618 941 1672; x_wconf 86' lang='lat' dir='ltr'><strong>immemores</strong></span> <span class='ocrx_word' id='word_1_240' title='bbox 970 1633 988 1671; x_wconf 86' lang='lat'><strong>:</strong></span> <span class='ocrx_word' id='word_1_241' title='bbox 1020 1616 1113 1671; x_wconf 83' lang='lat' dir='ltr'><strong>sed</strong></span> <span class='ocrx_word' id='word_1_242' title='bbox 1137 1617 1509 1673; x_wconf 72' lang='lat' dir='ltr'><strong>recordatione</strong></span> <span class='ocrx_word' id='word_1_243' title='bbox 1548 1619 1622 1673; x_wconf 92' lang='lat' dir='ltr'><strong>tui</strong></span> <span class='ocrx_word' id='word_1_244' title='bbox 1665 1620 1999 1675; x_wconf 81' lang='lat' dir='ltr'><strong>corroborati</strong></span> <span class='ocrx_word' id='word_1_245' title='bbox 2058 1635 2147 1690; x_wconf 90' lang='lat' dir='ltr'><strong>pa-</strong></span> 
     </span>
    </p>
   </div>
   <div class='ocr_carea' id='block_1_31' title="bbox 2252 1608 3826 1690">
    <p class='ocr_par' dir='ltr' id='par_1_31' title="bbox 2252 1608 3826 1685">
     <span class='ocr_line' id='line_1_31' title="bbox 2252 1608 3826 1685; baseline 0 -20"><span class='ocrx_word' id='word_1_246' title='bbox 2252 1616 2316 1685; x_wconf 77' lang='grc' dir='ltr'>τῇ</span> <span class='ocrx_word' id='word_1_247' title='bbox 2355 1612 2528 1683; x_wconf 78' lang='grc' dir='ltr'>θλίψει</span> <span class='ocrx_word' id='word_1_248' title='bbox 2563 1615 2663 1665; x_wconf 85' lang='grc' dir='ltr'>οὐκ</span> <span class='ocrx_word' id='word_1_249' title='bbox 2714 1608 2856 1684; x_wconf 79' lang='grc' dir='ltr'>ἦμέν</span> <span class='ocrx_word' id='word_1_250' title='bbox 2915 1628 3007 1665; x_wconf 86' lang='grc' dir='ltr'><strong>σου</strong></span> <span class='ocrx_word' id='word_1_251' title='bbox 3050 1612 3393 1683; x_wconf 75' lang='grc' dir='ltr'>ἀμνήμονεςο</span> <span class='ocrx_word' id='word_1_252' title='bbox 3442 1612 3532 1665; x_wconf 83' lang='grc' dir='ltr'><strong>ὐπ’</strong></span> <span class='ocrx_word' id='word_1_253' title='bbox 3568 1610 3737 1683; x_wconf 82' lang='grc' dir='ltr'>αὐτῆς</span> <span class='ocrx_word' id='word_1_254' title='bbox 3760 1610 3826 1665; x_wconf 68' lang='grc' dir='ltr'><strong>δέ</strong></span> 
     </span>
    </p>
   </div>
   <div class='ocr_carea' id='block_1_32' title="bbox 597 1696 2147 1809">
    <p class='ocr_par' dir='ltr' id='par_1_32' title="bbox 597 1706 2147 1774">
     <span class='ocr_line' id='line_1_32' title="bbox 597 1706 2147 1774; baseline 0.004 -14"><span class='ocrx_word' id='word_1_255' title='bbox 597 1708 792 1763; x_wconf 87' lang='lat' dir='ltr'><strong>tienter</strong></span> <span class='ocrx_word' id='word_1_256' title='bbox 841 1706 1166 1774; x_wconf 77' lang='lat' dir='ltr'><strong>ferebamus,</strong></span> <span class='ocrx_word' id='word_1_257' title='bbox 1211 1708 1286 1763; x_wconf 92' lang='lat' dir='ltr'><strong>ita</strong></span> <span class='ocrx_word' id='word_1_258' title='bbox 1317 1718 1378 1763; x_wconf 91' lang='lat' dir='ltr'><strong>ut</strong></span> <span class='ocrx_word' id='word_1_259' title='bbox 1402 1708 1738 1773; x_wconf 85' lang='lat' dir='ltr'><strong>diceremus,</strong></span> <span class='ocrx_word' id='word_1_260' title='bbox 1775 1728 1795 1760; x_wconf 76' lang='grc' dir='ltr'><strong>ι</strong></span> <span class='ocrx_word' id='word_1_261' title='bbox 1830 1708 2147 1766; x_wconf 82' lang='lat' dir='ltr'><strong>Tribulatio-</strong></span> 
     </span>
    </p>
   </div>
   <div class='ocr_carea' id='block_1_33' title="bbox 2252 1696 3828 1809">
    <p class='ocr_par' dir='ltr' id='par_1_33' title="bbox 2252 1703 3828 1809">
     <span class='ocr_line' id='line_1_33' title="bbox 2252 1703 3828 1809; baseline 0 0"><span class='ocrx_word' id='word_1_262' title='bbox 2252 1706 2347 1775; x_wconf 68' lang='grc' dir='ltr'>τῆς</span> <span class='ocrx_word' id='word_1_263' title='bbox 2390 1707 2489 1809; x_wconf 71' lang='grc' dir='ltr'>σῑιε</span> <span class='ocrx_word' id='word_1_264' title='bbox 2538 1706 2756 1809; x_wconf 53' lang='lat' dir='ltr'><strong>eam</strong></span> <span class='ocrx_word' id='word_1_265' title='bbox 2790 1704 3182 1809; x_wconf 55' lang='grc' dir='ltr'><strong>δυξοέμξξμενοι</strong></span> <span class='ocrx_word' id='word_1_266' title='bbox 3557 1704 3828 1809; x_wconf 55' lang='grc' dir='ltr'><strong>ὑπεμένῖ-</strong></span> 
     </span>
    </p>
   </div>
   <div class='ocr_carea' id='block_1_34' title="bbox 596 1792 2147 1870">
    <p class='ocr_par' dir='ltr' id='par_1_34' title="bbox 596 1798 2147 1870">
     <span class='ocr_line' id='line_1_34' title="bbox 596 1798 2147 1870; baseline 0.002 -17"><span class='ocrx_word' id='word_1_267' title='bbox 596 1814 720 1853; x_wconf 88' lang='lat' dir='ltr'><strong>nem</strong></span> <span class='ocrx_word' id='word_1_268' title='bbox 753 1798 1041 1870; x_wconf 84' lang='lat' dir='ltr'><strong>patientes,</strong></span> <span class='ocrx_word' id='word_1_269' title='bbox 1074 1799 1170 1855; x_wconf 88' lang='lat' dir='ltr'><strong>sed</strong></span> <span class='ocrx_word' id='word_1_270' title='bbox 1197 1813 1304 1854; x_wconf 90' lang='lat' dir='ltr'><strong>non</strong></span> <span class='ocrx_word' id='word_1_271' title='bbox 1355 1799 1649 1870; x_wconf 89' lang='lat' dir='ltr'><strong>angustiati</strong></span> <span class='ocrx_word' id='word_1_272' title='bbox 1678 1816 1692 1865; x_wconf 92' lang='lat'><strong>;</strong></span> <span class='ocrx_word' id='word_1_273' title='bbox 1721 1802 2147 1869; x_wconf 84' lang='lat' dir='ltr'><strong>persecutionem</strong></span> 
     </span>
    </p>
   </div>
   <div class='ocr_carea' id='block_1_35' title="bbox 2252 1792 3828 1870">
    <p class='ocr_par' dir='ltr' id='par_1_35' title="bbox 2255 1792 3828 1865">
     <span class='ocr_line' id='line_1_35' title="bbox 2255 1792 3828 1865; baseline 0 -19"><span class='ocrx_word' id='word_1_274' title='bbox 2255 1810 2383 1865; x_wconf 86' lang='grc' dir='ltr'>μεν·</span> <span class='ocrx_word' id='word_1_275' title='bbox 2405 1794 2543 1847; x_wconf 80' lang='grc' dir='ltr'>ὥστε</span> <span class='ocrx_word' id='word_1_276' title='bbox 2568 1794 2744 1863; x_wconf 85' lang='grc' dir='ltr'>λέγειν</span> <span class='ocrx_word' id='word_1_277' title='bbox 2806 1811 2825 1845; x_wconf 82' lang='lat' dir='ltr'><strong>t</strong></span> <span class='ocrx_word' id='word_1_278' title='bbox 2853 1792 3187 1864; x_wconf 87' lang='grc' dir='ltr'>Θλιϐόμενοι,</span> <span class='ocrx_word' id='word_1_279' title='bbox 3223 1792 3337 1846; x_wconf 80' lang='grc' dir='ltr'>ἀλλ’</span> <span class='ocrx_word' id='word_1_280' title='bbox 3374 1794 3436 1846; x_wconf 86' lang='grc' dir='ltr'>οὐ</span> <span class='ocrx_word' id='word_1_281' title='bbox 3462 1792 3828 1864; x_wconf 82' lang='grc' dir='ltr'>στενοχωρού-</span> 
     </span>
    </p>
   </div>
   <div class='ocr_carea' id='block_1_36' title="bbox 595 1883 2147 1962">
    <p class='ocr_par' dir='ltr' id='par_1_36' title="bbox 595 1888 2147 1962">
     <span class='ocr_line' id='line_1_36' title="bbox 595 1888 2147 1962; baseline 0.001 -18"><span class='ocrx_word' id='word_1_282' title='bbox 595 1888 853 1957; x_wconf 76' lang='lat' dir='ltr'><strong>ferentes,</strong></span> <span class='ocrx_word' id='word_1_283' title='bbox 881 1892 1106 1947; x_wconf 84' lang='lat' dir='ltr'><strong>sednon</strong></span> <span class='ocrx_word' id='word_1_284' title='bbox 1132 1890 1404 1958; x_wconf 87' lang='lat' dir='ltr'><strong>derelicti;</strong></span> <span class='ocrx_word' id='word_1_285' title='bbox 1440 1890 1650 1960; x_wconf 87' lang='lat' dir='ltr'><strong>dejecti,</strong></span> <span class='ocrx_word' id='word_1_286' title='bbox 1683 1890 1777 1946; x_wconf 91' lang='lat' dir='ltr'><strong>sed</strong></span> <span class='ocrx_word' id='word_1_287' title='bbox 1818 1905 1938 1946; x_wconf 35' lang='lat' dir='ltr'><strong>noni</strong></span> <span class='ocrx_word' id='word_1_288' title='bbox 1971 1893 2147 1962; x_wconf 85' lang='lat' dir='ltr'><strong>perdi-</strong></span> 
     </span>
    </p>
   </div>
   <div class='ocr_carea' id='block_1_37' title="bbox 2252 1883 3831 1962">
    <p class='ocr_par' dir='ltr' id='par_1_37' title="bbox 2255 1883 3831 1958">
     <span class='ocr_line' id='line_1_37' title="bbox 2255 1883 3831 1958; baseline 0.001 -20"><span class='ocrx_word' id='word_1_289' title='bbox 2255 1902 2401 1956; x_wconf 88' lang='grc' dir='ltr'>μενοι</span> <span class='ocrx_word' id='word_1_290' title='bbox 2420 1902 2433 1917; x_wconf 80' lang='grc'><em>’</em></span> <span class='ocrx_word' id='word_1_291' title='bbox 2456 1884 2790 1958; x_wconf 82' lang='grc' dir='ltr'>διωκόμενοι,</span> <span class='ocrx_word' id='word_1_292' title='bbox 2809 1884 2921 1938; x_wconf 86' lang='grc' dir='ltr'>ἀλλ’</span> <span class='ocrx_word' id='word_1_293' title='bbox 2946 1884 3045 1938; x_wconf 83' lang='grc' dir='ltr'>οὐκ</span> <span class='ocrx_word' id='word_1_294' title='bbox 3067 1883 3664 1956; x_wconf 76' lang='grc' dir='ltr'>ἐγκαταλιμπανόμενοι</span> <span class='ocrx_word' id='word_1_295' title='bbox 3683 1901 3700 1916; x_wconf 87' lang='grc'><strong>·</strong></span> <span class='ocrx_word' id='word_1_296' title='bbox 3723 1901 3831 1940; x_wconf 67' lang='grc' dir='ltr'>καρ-</span> 
     </span>
    </p>
   </div>
   <div class='ocr_carea' id='block_1_38' title="bbox 599 1974 2147 2051">
    <p class='ocr_par' dir='ltr' id='par_1_38' title="bbox 599 1978 2147 2051">
     <span class='ocr_line' id='line_1_38' title="bbox 599 1978 2147 2051; baseline 0 -17"><span class='ocrx_word' id='word_1_297' title='bbox 599 1979 639 2035; x_wconf 90' lang='lat' dir='ltr'><strong>ti</strong></span> <span class='ocrx_word' id='word_1_298' title='bbox 662 1980 726 2037; x_wconf 78' lang='lat'><strong>“.</strong></span> <span class='ocrx_word' id='word_1_299' title='bbox 758 2000 777 2034; x_wconf 74' lang='grc' dir='ltr'><strong>ι</strong></span> <span class='ocrx_word' id='word_1_300' title='bbox 810 1979 923 2035; x_wconf 82' lang='lat' dir='ltr'><strong>Hac</strong></span> <span class='ocrx_word' id='word_1_301' title='bbox 951 1995 1081 2051; x_wconf 91' lang='lat' dir='ltr'><strong>ergo</strong></span> <span class='ocrx_word' id='word_1_302' title='bbox 1102 1978 1417 2035; x_wconf 84' lang='lat' dir='ltr'><strong>calamitate</strong></span> <span class='ocrx_word' id='word_1_303' title='bbox 1442 1980 1741 2047; x_wconf 90' lang='lat' dir='ltr'><strong>erudimur,</strong></span> <span class='ocrx_word' id='word_1_304' title='bbox 1771 1981 2002 2037; x_wconf 79' lang='lat' dir='ltr'><strong>scientes</strong></span> <span class='ocrx_word' id='word_1_305' title='bbox 2025 1982 2147 2051; x_wconf 89' lang='lat' dir='ltr'><strong>quia</strong></span> 
     </span>
    </p>
   </div>
   <div class='ocr_carea' id='block_1_39' title="bbox 2252 1974 3828 2051">
    <p class='ocr_par' dir='ltr' id='par_1_39' title="bbox 2252 1974 3828 2051">
     <span class='ocr_line' id='line_1_39' title="bbox 2252 1974 3828 2051; baseline 0.001 -22"><span class='ocrx_word' id='word_1_306' title='bbox 2252 1974 2658 2047; x_wconf 87' lang='grc' dir='ltr'>ταϐαλλόμενοι,</span> <span class='ocrx_word' id='word_1_307' title='bbox 2698 1975 2811 2029; x_wconf 83' lang='grc' dir='ltr'>ἀλλ’</span> <span class='ocrx_word' id='word_1_308' title='bbox 2852 1976 2961 2051; x_wconf 5' lang='grc' dir='ltr'>οὐκ,</span> <span class='ocrx_word' id='word_1_309' title='bbox 2986 1974 3360 2046; x_wconf 86' lang='grc' dir='ltr'>ἀπολλύμενοι.</span> <span class='ocrx_word' id='word_1_310' title='bbox 3414 1989 3433 2027; x_wconf 74' lang='grc' dir='ltr'><strong>ι</strong></span> <span class='ocrx_word' id='word_1_311' title='bbox 3475 1977 3574 2030; x_wconf 90' lang='grc' dir='ltr'>Διά</span> <span class='ocrx_word' id='word_1_312' title='bbox 3619 1975 3828 2046; x_wconf 81' lang='grc' dir='ltr'><strong>ταύτης</strong></span> 
     </span>
    </p>
   </div>
   <div class='ocr_carea' id='block_1_40' title="bbox 597 2069 1423 2143">
    <p class='ocr_par' dir='ltr' id='par_1_40' title="bbox 597 2069 1423 2143">
     <span class='ocr_line' id='line_1_40' title="bbox 597 2069 1423 2143; baseline 0 -17"><span class='ocrx_word' id='word_1_313' title='bbox 597 2084 761 2142; x_wconf 85' lang='lat' dir='ltr'><strong>quem</strong></span> <span class='ocrx_word' id='word_1_314' title='bbox 791 2070 964 2143; x_wconf 89' lang='lat' dir='ltr'><strong>diligit</strong></span> <span class='ocrx_word' id='word_1_315' title='bbox 992 2071 1156 2137; x_wconf 83' lang='lat' dir='ltr'><strong>Deus,</strong></span> <span class='ocrx_word' id='word_1_316' title='bbox 1176 2069 1423 2142; x_wconf 85' lang='lat' dir='ltr'><strong>castigat.</strong></span> 
     </span>
    </p>
   </div>
   <div class='ocr_carea' id='block_1_41' title="bbox 664 2249 2155 2323">
    <p class='ocr_par' dir='ltr' id='par_1_41' title="bbox 664 2249 2155 2323">
     <span class='ocr_line' id='line_1_41' title="bbox 664 2249 2155 2323; baseline 0.001 -18"><span class='ocrx_word' id='word_1_317' title='bbox 664 2249 833 2306; x_wconf 71' lang='lat' dir='ltr'><strong>Vens.</strong></span> <span class='ocrx_word' id='word_1_318' title='bbox 862 2250 949 2319; x_wconf 79' lang='lat' dir='ltr'><strong>l7,</strong></span> <span class='ocrx_word' id='word_1_319' title='bbox 976 2251 1064 2307; x_wconf 75' lang='grc'><strong>18.</strong></span> <span class='ocrx_word' id='word_1_320' title='bbox 1097 2270 1117 2305; x_wconf 79' lang='grc' dir='ltr'><strong>ι</strong></span> <span class='ocrx_word' id='word_1_321' title='bbox 1152 2252 1219 2307; x_wconf 83' lang='grc' dir='ltr'>Ει</span> <span class='ocrx_word' id='word_1_322' title='bbox 1244 2253 1385 2308; x_wconf 86' lang='lat' dir='ltr'><strong>sicut</strong></span> <span class='ocrx_word' id='word_1_323' title='bbox 1423 2253 1738 2322; x_wconf 83' lang='lat' dir='ltr'><strong>parturiens</strong></span> <span class='ocrx_word' id='word_1_324' title='bbox 1764 2254 2155 2323; x_wconf 77' lang='lat' dir='ltr'><strong>appmpinquat</strong></span> 
     </span>
    </p>
   </div>
   <div class='ocr_carea' id='block_1_42' title="bbox 596 2342 2154 2412">
    <p class='ocr_par' dir='ltr' id='par_1_42' title="bbox 596 2342 2154 2412">
     <span class='ocr_line' id='line_1_42' title="bbox 596 2342 2154 2412; baseline 0.001 -16"><span class='ocrx_word' id='word_1_325' title='bbox 596 2342 664 2397; x_wconf 87' lang='lat' dir='ltr'><strong>ad</strong></span> <span class='ocrx_word' id='word_1_326' title='bbox 685 2352 921 2412; x_wconf 88' lang='lat' dir='ltr'><strong>partum,</strong></span> <span class='ocrx_word' id='word_1_327' title='bbox 944 2353 997 2398; x_wconf 89' lang='lat' dir='ltr'><strong>et</strong></span> <span class='ocrx_word' id='word_1_328' title='bbox 1022 2344 1076 2398; x_wconf 92' lang='lat' dir='ltr'><strong>in</strong></span> <span class='ocrx_word' id='word_1_329' title='bbox 1106 2344 1291 2400; x_wconf 88' lang='lat' dir='ltr'><strong>dolore</strong></span> <span class='ocrx_word' id='word_1_330' title='bbox 1317 2360 1415 2400; x_wconf 85' lang='lat' dir='ltr'><strong>suo</strong></span> <span class='ocrx_word' id='word_1_331' title='bbox 1444 2344 1673 2399; x_wconf 88' lang='lat' dir='ltr'><strong>clamat:</strong></span> <span class='ocrx_word' id='word_1_332' title='bbox 1705 2344 1785 2398; x_wconf 82' lang='lat' dir='ltr'><strong>sic</strong></span> <span class='ocrx_word' id='word_1_333' title='bbox 1811 2343 1936 2397; x_wconf 80' lang='lat' dir='ltr'><strong>facti</strong></span> <span class='ocrx_word' id='word_1_334' title='bbox 1968 2360 2154 2399; x_wconf 88' lang='lat' dir='ltr'><strong>sumus</strong></span> 
     </span>
    </p>
   </div>
   <div class='ocr_carea' id='block_1_43' title="bbox 595 2430 2153 2502">
    <p class='ocr_par' dir='ltr' id='par_1_43' title="bbox 595 2430 2153 2502">
     <span class='ocr_line' id='line_1_43' title="bbox 595 2430 2153 2502; baseline 0.002 -16"><span class='ocrx_word' id='word_1_335' title='bbox 595 2430 802 2488; x_wconf 89' lang='lat' dir='ltr'><strong>Dilecto</strong></span> <span class='ocrx_word' id='word_1_336' title='bbox 825 2441 937 2488; x_wconf 91' lang='lat' dir='ltr'><strong>tuo.</strong></span> <span class='ocrx_word' id='word_1_337' title='bbox 965 2432 1188 2502; x_wconf 87' lang='lat' dir='ltr'><strong>Propter</strong></span> <span class='ocrx_word' id='word_1_338' title='bbox 1216 2432 1457 2488; x_wconf 88' lang='lat' dir='ltr'><strong>timorem</strong></span> <span class='ocrx_word' id='word_1_339' title='bbox 1487 2444 1656 2497; x_wconf 90' lang='lat' dir='ltr'><strong>tuum,</strong></span> <span class='ocrx_word' id='word_1_340' title='bbox 1681 2432 1919 2493; x_wconf 89' lang='lat' dir='ltr'><strong>Domine.</strong></span> <span class='ocrx_word' id='word_1_341' title='bbox 1954 2433 2013 2487; x_wconf 86' lang='lat' dir='ltr'><strong>in</strong></span> <span class='ocrx_word' id='word_1_342' title='bbox 2034 2443 2153 2489; x_wconf 88' lang='lat' dir='ltr'><strong>ute-</strong></span> 
     </span>
    </p>
   </div>
   <div class='ocr_carea' id='block_1_44' title="bbox 594 2524 2147 2610">
    <p class='ocr_par' dir='ltr' id='par_1_44' title="bbox 594 2524 2147 2610">
     <span class='ocr_line' id='line_1_44' title="bbox 594 2524 2147 2610; baseline 0.003 -33"><span class='ocrx_word' id='word_1_343' title='bbox 594 2536 662 2577; x_wconf 86' lang='lat' dir='ltr'><strong>ro</strong></span> <span class='ocrx_word' id='word_1_344' title='bbox 686 2524 1030 2593; x_wconf 85' lang='lat' dir='ltr'><strong>accepimus,</strong></span> <span class='ocrx_word' id='word_1_345' title='bbox 1064 2534 1120 2580; x_wconf 89' lang='lat' dir='ltr'><strong>et</strong></span> <span class='ocrx_word' id='word_1_346' title='bbox 1148 2525 1531 2595; x_wconf 76' lang='lat' dir='ltr'><strong>parturirimus</strong></span> <span class='ocrx_word' id='word_1_347' title='bbox 1556 2568 1573 2593; x_wconf 90' lang='lat'><strong>,</strong></span> <span class='ocrx_word' id='word_1_348' title='bbox 1613 2536 1668 2583; x_wconf 91' lang='lat' dir='ltr'><strong>et</strong></span> <span class='ocrx_word' id='word_1_349' title='bbox 1694 2528 1998 2597; x_wconf 87' lang='lat' dir='ltr'><strong>peperimus</strong></span> <span class='ocrx_word' id='word_1_350' title='bbox 2039 2530 2147 2610; x_wconf 87' lang='lat' dir='ltr'><strong>spi-</strong></span> 
     </span>
    </p>
   </div>
   <div class='ocr_carea' id='block_1_45' title="bbox 595 2611 2153 2685">
    <p class='ocr_par' dir='ltr' id='par_1_45' title="bbox 595 2611 2153 2685">
     <span class='ocr_line' id='line_1_45' title="bbox 595 2611 2153 2685; baseline 0.005 -18"><span class='ocrx_word' id='word_1_351' title='bbox 595 2611 759 2668; x_wconf 85' lang='lat' dir='ltr'><strong>ritum</strong></span> <span class='ocrx_word' id='word_1_352' title='bbox 779 2612 968 2669; x_wconf 86' lang='lat' dir='ltr'><strong>salutis</strong></span> <span class='ocrx_word' id='word_1_353' title='bbox 994 2623 1098 2669; x_wconf 61' lang='lat' dir='ltr'><strong>tua;</strong></span> <span class='ocrx_word' id='word_1_354' title='bbox 1118 2656 1133 2680; x_wconf 90' lang='lat'><strong>,</strong></span> <span class='ocrx_word' id='word_1_355' title='bbox 1166 2629 1323 2685; x_wconf 87' lang='lat' dir='ltr'><strong>quem</strong></span> <span class='ocrx_word' id='word_1_356' title='bbox 1356 2617 1582 2673; x_wconf 81' lang='lat' dir='ltr'><strong>fecimus</strong></span> <span class='ocrx_word' id='word_1_357' title='bbox 1612 2618 1666 2674; x_wconf 91' lang='lat' dir='ltr'><strong>in</strong></span> <span class='ocrx_word' id='word_1_358' title='bbox 1710 2626 1872 2673; x_wconf 88' lang='lat' dir='ltr'><strong>terra.</strong></span> <span class='ocrx_word' id='word_1_359' title='bbox 1914 2618 2029 2673; x_wconf 85' lang='lat' dir='ltr'><strong>Non</strong></span> <span class='ocrx_word' id='word_1_360' title='bbox 2062 2635 2153 2675; x_wconf 86' lang='lat' dir='ltr'><strong>ca—</strong></span> 
     </span>
    </p>
   </div>
   <div class='ocr_carea' id='block_1_46' title="bbox 594 2701 2152 2779">
    <p class='ocr_par' dir='ltr' id='par_1_46' title="bbox 594 2701 2152 2779">
     <span class='ocr_line' id='line_1_46' title="bbox 594 2701 2152 2779; baseline 0.006 -22"><span class='ocrx_word' id='word_1_361' title='bbox 594 2701 806 2770; x_wconf 76' lang='lat' dir='ltr'><strong>demus,</strong></span> <span class='ocrx_word' id='word_1_362' title='bbox 830 2703 923 2759; x_wconf 90' lang='lat' dir='ltr'><strong>sed</strong></span> <span class='ocrx_word' id='word_1_363' title='bbox 949 2705 1142 2761; x_wconf 86' lang='lat' dir='ltr'><strong>cadent</strong></span> <span class='ocrx_word' id='word_1_364' title='bbox 1163 2721 1351 2762; x_wconf 88' lang='lat' dir='ltr'><strong>omnes</strong></span> <span class='ocrx_word' id='word_1_365' title='bbox 1374 2707 1703 2766; x_wconf 83' lang='lat' dir='ltr'><strong>habitatores</strong></span> <span class='ocrx_word' id='word_1_366' title='bbox 1732 2718 1909 2765; x_wconf 70' lang='lat' dir='ltr'><strong>terrae.</strong></span> <span class='ocrx_word' id='word_1_367' title='bbox 1936 2730 1954 2763; x_wconf 73' lang='grc' dir='ltr'><strong>ι</strong></span> <span class='ocrx_word' id='word_1_368' title='bbox 1976 2709 2152 2779; x_wconf 84' lang='lat' dir='ltr'><strong>Quare</strong></span> 
     </span>
    </p>
   </div>
   <div class='ocr_carea' id='block_1_47' title="bbox 596 2797 2149 2867">
    <p class='ocr_par' dir='ltr' id='par_1_47' title="bbox 596 2797 2149 2867">
     <span class='ocr_line' id='line_1_47' title="bbox 596 2797 2149 2867; baseline 0.005 -16"><span class='ocrx_word' id='word_1_369' title='bbox 596 2810 807 2853; x_wconf 88' lang='lat' dir='ltr'><strong>omnem</strong></span> <span class='ocrx_word' id='word_1_370' title='bbox 834 2797 1068 2855; x_wconf 89' lang='lat' dir='ltr'><strong>laborem</strong></span> <span class='ocrx_word' id='word_1_371' title='bbox 1096 2802 1447 2867; x_wconf 81' lang='lat' dir='ltr'><strong>sustinentes,</strong></span> <span class='ocrx_word' id='word_1_372' title='bbox 1479 2803 1681 2859; x_wconf 86' lang='lat' dir='ltr'><strong>similes</strong></span> <span class='ocrx_word' id='word_1_373' title='bbox 1704 2818 1920 2859; x_wconf 86' lang='lat' dir='ltr'><strong>eramus</strong></span> <span class='ocrx_word' id='word_1_374' title='bbox 1941 2804 2149 2859; x_wconf 90' lang='lat' dir='ltr'><strong>mulieri</strong></span> 
     </span>
    </p>
   </div>
   <div class='ocr_carea' id='block_1_48' title="bbox 596 2886 2151 2964">
    <p class='ocr_par' dir='ltr' id='par_1_48' title="bbox 596 2886 2151 2964">
     <span class='ocr_line' id='line_1_48' title="bbox 596 2886 2151 2964; baseline 0.008 -26"><span class='ocrx_word' id='word_1_375' title='bbox 596 2886 913 2954; x_wconf 77' lang='lat' dir='ltr'><strong>parturienti</strong></span> <span class='ocrx_word' id='word_1_376' title='bbox 939 2925 955 2949; x_wconf 90' lang='lat'><strong>,</strong></span> <span class='ocrx_word' id='word_1_377' title='bbox 995 2897 1049 2942; x_wconf 90' lang='lat' dir='ltr'><strong>et</strong></span> <span class='ocrx_word' id='word_1_378' title='bbox 1076 2888 1368 2957; x_wconf 87' lang='lat' dir='ltr'><strong>clamorem</strong></span> <span class='ocrx_word' id='word_1_379' title='bbox 1400 2893 1704 2961; x_wconf 90' lang='lat' dir='ltr'><strong>emittenti,</strong></span> <span class='ocrx_word' id='word_1_380' title='bbox 1752 2894 1875 2962; x_wconf 89' lang='lat' dir='ltr'><strong>quia</strong></span> <span class='ocrx_word' id='word_1_381' title='bbox 1907 2893 1983 2959; x_wconf 89' lang='lat' dir='ltr'><strong>id,</strong></span> <span class='ocrx_word' id='word_1_382' title='bbox 2010 2896 2151 2964; x_wconf 91' lang='lat' dir='ltr'><strong>quod</strong></span> 
     </span>
    </p>
   </div>
   <div class='ocr_carea' id='block_1_49' title="bbox 594 2976 2151 3046">
    <p class='ocr_par' dir='ltr' id='par_1_49' title="bbox 594 2976 2151 3046">
     <span class='ocr_line' id='line_1_49' title="bbox 594 2976 2151 3046; baseline 0.008 -18"><span class='ocrx_word' id='word_1_383' title='bbox 594 2976 649 3028; x_wconf 92' lang='lat' dir='ltr'><strong>in</strong></span> <span class='ocrx_word' id='word_1_384' title='bbox 677 2986 866 3032; x_wconf 85' lang='lat' dir='ltr'><strong>ventre</strong></span> <span class='ocrx_word' id='word_1_385' title='bbox 896 2988 1163 3046; x_wconf 81' lang='lat' dir='ltr'><strong>movetur,</strong></span> <span class='ocrx_word' id='word_1_386' title='bbox 1197 2979 1250 3034; x_wconf 91' lang='lat' dir='ltr'><strong>in</strong></span> <span class='ocrx_word' id='word_1_387' title='bbox 1281 2981 1451 3037; x_wconf 88' lang='lat' dir='ltr'><strong>lucem</strong></span> <span class='ocrx_word' id='word_1_388' title='bbox 1474 2982 1699 3037; x_wconf 78' lang='lat' dir='ltr'><strong>enixura</strong></span> <span class='ocrx_word' id='word_1_389' title='bbox 1728 2993 1812 3039; x_wconf 90' lang='lat' dir='ltr'><strong>est</strong></span> <span class='ocrx_word' id='word_1_390' title='bbox 1840 3002 1854 3038; x_wconf 89' lang='lat'><strong>:</strong></span> <span class='ocrx_word' id='word_1_391' title='bbox 1889 2986 1963 3039; x_wconf 88' lang='lat' dir='ltr'><strong>ita</strong></span> <span class='ocrx_word' id='word_1_392' title='bbox 1981 2994 2037 3041; x_wconf 90' lang='lat' dir='ltr'><strong>et</strong></span> <span class='ocrx_word' id='word_1_393' title='bbox 2053 3000 2151 3041; x_wconf 88' lang='lat' dir='ltr'><strong>nos</strong></span> 
     </span>
    </p>
   </div>
   <div class='ocr_carea' id='block_1_50' title="bbox 594 3065 2151 3144">
    <p class='ocr_par' dir='ltr' id='par_1_50' title="bbox 594 3065 2151 3144">
     <span class='ocr_line' id='line_1_50' title="bbox 594 3065 2151 3144; baseline 0.01 -27"><span class='ocrx_word' id='word_1_394' title='bbox 594 3075 841 3135; x_wconf 88' lang='lat' dir='ltr'><strong>respectu</strong></span> <span class='ocrx_word' id='word_1_395' title='bbox 870 3065 1059 3122; x_wconf 90' lang='lat' dir='ltr'><strong>Dilecti</strong></span> <span class='ocrx_word' id='word_1_396' title='bbox 1108 3070 1181 3124; x_wconf 87' lang='lat' dir='ltr'><strong>tui</strong></span> <span class='ocrx_word' id='word_1_397' title='bbox 1229 3070 1427 3126; x_wconf 81' lang='lat' dir='ltr'><strong>fuimus</strong></span> <span class='ocrx_word' id='word_1_398' title='bbox 1459 3090 1473 3125; x_wconf 88' lang='lat'><strong>:</strong></span> <span class='ocrx_word' id='word_1_399' title='bbox 1506 3088 1629 3126; x_wconf 90' lang='lat' dir='ltr'><strong>nam</strong></span> <span class='ocrx_word' id='word_1_400' title='bbox 1662 3075 1993 3144; x_wconf 82' lang='lat' dir='ltr'><strong>unigenitum</strong></span> <span class='ocrx_word' id='word_1_401' title='bbox 2018 3076 2151 3131; x_wconf 70' lang='lat' dir='ltr'><strong>Ver-</strong></span> 
     </span>
    </p>
   </div>
   <div class='ocr_carea' id='block_1_51' title="bbox 595 3154 2148 3229">
    <p class='ocr_par' dir='ltr' id='par_1_51' title="bbox 595 3154 2148 3229">
     <span class='ocr_line' id='line_1_51' title="bbox 595 3154 2148 3229; baseline 0.009 -22"><span class='ocrx_word' id='word_1_402' title='bbox 595 3154 718 3208; x_wconf 74' lang='lat' dir='ltr'><strong>bum</strong></span> <span class='ocrx_word' id='word_1_403' title='bbox 753 3165 899 3211; x_wconf 93' lang='lat' dir='ltr'><strong>tuum</strong></span> <span class='ocrx_word' id='word_1_404' title='bbox 933 3158 1076 3211; x_wconf 89' lang='lat' dir='ltr'><strong>intus</strong></span> <span class='ocrx_word' id='word_1_405' title='bbox 1101 3159 1153 3212; x_wconf 91' lang='lat' dir='ltr'><strong>in</strong></span> <span class='ocrx_word' id='word_1_406' title='bbox 1181 3160 1359 3215; x_wconf 87' lang='lat' dir='ltr'><strong>anima</strong></span> <span class='ocrx_word' id='word_1_407' title='bbox 1384 3162 1663 3229; x_wconf 86' lang='lat' dir='ltr'><strong>habentes,</strong></span> <span class='ocrx_word' id='word_1_408' title='bbox 1693 3179 1904 3221; x_wconf 87' lang='lat' dir='ltr'><strong>necnon</strong></span> <span class='ocrx_word' id='word_1_409' title='bbox 1931 3167 2148 3222; x_wconf 88' lang='lat' dir='ltr'><strong>insitum</strong></span> 
     </span>
    </p>
   </div>
   <div class='ocr_carea' id='block_1_52' title="bbox 593 3245 2151 3325">
    <p class='ocr_par' dir='ltr' id='par_1_52' title="bbox 593 3245 2151 3325">
     <span class='ocr_line' id='line_1_52' title="bbox 593 3245 2151 3325; baseline 0.01 -28"><span class='ocrx_word' id='word_1_410' title='bbox 593 3245 691 3300; x_wconf 85' lang='lat' dir='ltr'><strong>abs</strong></span> <span class='ocrx_word' id='word_1_411' title='bbox 740 3256 794 3302; x_wconf 91' lang='lat' dir='ltr'><strong>te</strong></span> <span class='ocrx_word' id='word_1_412' title='bbox 839 3248 995 3303; x_wconf 84' lang='lat' dir='ltr'><strong>nobis</strong></span> <span class='ocrx_word' id='word_1_413' title='bbox 1024 3248 1259 3305; x_wconf 82' lang='lat' dir='ltr'><strong>divinum</strong></span> <span class='ocrx_word' id='word_1_414' title='bbox 1313 3253 1599 3319; x_wconf 89' lang='lat' dir='ltr'><strong>timorem,</strong></span> <span class='ocrx_word' id='word_1_415' title='bbox 1652 3270 1714 3309; x_wconf 91' lang='lat' dir='ltr'><strong>ac</strong></span> <span class='ocrx_word' id='word_1_416' title='bbox 1742 3268 2151 3325; x_wconf 86' lang='lat' dir='ltr'><strong>perseveranter</strong></span> 
     </span>
    </p>
   </div>
   <div class='ocr_carea' id='block_1_53' title="bbox 593 3334 2148 3419">
    <p class='ocr_par' dir='ltr' id='par_1_53' title="bbox 593 3334 2148 3419">
     <span class='ocr_line' id='line_1_53' title="bbox 593 3334 2148 3419; baseline 0.009 -30"><span class='ocrx_word' id='word_1_417' title='bbox 593 3334 851 3402; x_wconf 79' lang='lat' dir='ltr'><strong>ferentes,</strong></span> <span class='ocrx_word' id='word_1_418' title='bbox 881 3353 985 3393; x_wconf 91' lang='lat' dir='ltr'><strong>non</strong></span> <span class='ocrx_word' id='word_1_419' title='bbox 1024 3354 1118 3409; x_wconf 89' lang='lat' dir='ltr'><strong>spe</strong></span> <span class='ocrx_word' id='word_1_420' title='bbox 1143 3340 1277 3410; x_wconf 90' lang='lat' dir='ltr'><strong>lapsi</strong></span> <span class='ocrx_word' id='word_1_421' title='bbox 1306 3357 1532 3410; x_wconf 86' lang='lat' dir='ltr'><strong>sumus;</strong></span> <span class='ocrx_word' id='word_1_422' title='bbox 1572 3346 1667 3400; x_wconf 81' lang='lat' dir='ltr'><strong>sed</strong></span> <span class='ocrx_word' id='word_1_423' title='bbox 1694 3349 1999 3416; x_wconf 90' lang='lat' dir='ltr'><strong>peperimus</strong></span> <span class='ocrx_word' id='word_1_424' title='bbox 2037 3348 2148 3419; x_wconf 84' lang='lat' dir='ltr'><strong>spi-</strong></span> 
     </span>
    </p>
   </div>
   <div class='ocr_carea' id='block_1_54' title="bbox 595 3426 2149 3492">
    <p class='ocr_par' dir='ltr' id='par_1_54' title="bbox 595 3426 2149 3492">
     <span class='ocr_line' id='line_1_54' title="bbox 595 3426 2149 3492; baseline 0.009 -14"><span class='ocrx_word' id='word_1_425' title='bbox 595 3426 756 3480; x_wconf 86' lang='lat' dir='ltr'><strong>ritum</strong></span> <span class='ocrx_word' id='word_1_426' title='bbox 786 3427 997 3483; x_wconf 85' lang='lat' dir='ltr'><strong>salutis.</strong></span> <span class='ocrx_word' id='word_1_427' title='bbox 1037 3427 1168 3483; x_wconf 82' lang='lat' dir='ltr'><strong>Nam</strong></span> <span class='ocrx_word' id='word_1_428' title='bbox 1218 3430 1339 3485; x_wconf 78' lang='lat' dir='ltr'><strong>linis</strong></span> <span class='ocrx_word' id='word_1_429' title='bbox 1378 3432 1469 3487; x_wconf 82' lang='lat' dir='ltr'><strong>ille</strong></span> <span class='ocrx_word' id='word_1_430' title='bbox 1524 3432 1710 3489; x_wconf 86' lang='lat' dir='ltr'><strong>Dilecti</strong></span> <span class='ocrx_word' id='word_1_431' title='bbox 1746 3436 1818 3489; x_wconf 93' lang='lat' dir='ltr'><strong>tui</strong></span> <span class='ocrx_word' id='word_1_432' title='bbox 1855 3446 1908 3491; x_wconf 91' lang='lat' dir='ltr'><strong>et</strong></span> <span class='ocrx_word' id='word_1_433' title='bbox 1942 3438 2149 3492; x_wconf 89' lang='lat' dir='ltr'><strong>timoris</strong></span> 
     </span>
    </p>
   </div>
   <div class='ocr_carea' id='block_1_55' title="bbox 594 3517 2145 3597">
    <p class='ocr_par' dir='ltr' id='par_1_55' title="bbox 594 3517 2145 3597">
     <span class='ocr_line' id='line_1_55' title="bbox 594 3517 2145 3597; baseline 0.008 -28"><span class='ocrx_word' id='word_1_434' title='bbox 594 3517 709 3582; x_wconf 77' lang='lat' dir='ltr'><strong>ejus</strong></span> <span class='ocrx_word' id='word_1_435' title='bbox 733 3524 939 3586; x_wconf 88' lang='lat' dir='ltr'><strong>partus,</strong></span> <span class='ocrx_word' id='word_1_436' title='bbox 977 3518 1197 3588; x_wconf 86' lang='lat' dir='ltr'><strong>spiritus</strong></span> <span class='ocrx_word' id='word_1_437' title='bbox 1229 3523 1397 3576; x_wconf 85' lang='lat' dir='ltr'><strong>nostri</strong></span> <span class='ocrx_word' id='word_1_438' title='bbox 1428 3531 1571 3578; x_wconf 83' lang='lat' dir='ltr'><strong>salus</strong></span> <span class='ocrx_word' id='word_1_439' title='bbox 1596 3534 1749 3590; x_wconf 87' lang='lat' dir='ltr'><strong>erat;</strong></span> <span class='ocrx_word' id='word_1_440' title='bbox 1791 3541 1949 3596; x_wconf 91' lang='lat' dir='ltr'><strong>quem</strong></span> <span class='ocrx_word' id='word_1_441' title='bbox 1986 3529 2145 3597; x_wconf 88' lang='lat' dir='ltr'><strong>spiri-</strong></span> 
     </span>
    </p>
   </div>
   <div class='ocr_carea' id='block_1_56' title="bbox 597 3607 2147 3673">
    <p class='ocr_par' dir='ltr' id='par_1_56' title="bbox 597 3607 2147 3673">
     <span class='ocr_line' id='line_1_56' title="bbox 597 3607 2147 3673; baseline 0.009 -15"><span class='ocrx_word' id='word_1_442' title='bbox 597 3616 707 3659; x_wconf 85' lang='lat' dir='ltr'><strong>tum</strong></span> <span class='ocrx_word' id='word_1_443' title='bbox 742 3614 801 3659; x_wconf 90' lang='lat' dir='ltr'><strong>ut</strong></span> <span class='ocrx_word' id='word_1_444' title='bbox 827 3607 1114 3671; x_wconf 89' lang='lat' dir='ltr'><strong>edidimus,</strong></span> <span class='ocrx_word' id='word_1_445' title='bbox 1151 3610 1400 3666; x_wconf 88' lang='lat' dir='ltr'><strong>omnibus</strong></span> <span class='ocrx_word' id='word_1_446' title='bbox 1426 3613 1612 3667; x_wconf 91' lang='lat' dir='ltr'><strong>orbem</strong></span> <span class='ocrx_word' id='word_1_447' title='bbox 1664 3613 2022 3671; x_wconf 88' lang='lat' dir='ltr'><strong>incolentibus</strong></span> <span class='ocrx_word' id='word_1_448' title='bbox 2048 3618 2147 3673; x_wconf 77' lang='lat' dir='ltr'><strong>lio-</strong></span> 
     </span>
    </p>
   </div>
   <div class='ocr_carea' id='block_1_57' title="bbox 594 3696 2149 3775">
    <p class='ocr_par' dir='ltr' id='par_1_57' title="bbox 594 3696 2149 3775">
     <span class='ocr_line' id='line_1_57' title="bbox 594 3696 2149 3775; baseline 0.01 -26"><span class='ocrx_word' id='word_1_449' title='bbox 594 3696 830 3751; x_wconf 78' lang='lat' dir='ltr'><strong>ininibus</strong></span> <span class='ocrx_word' id='word_1_450' title='bbox 856 3708 1039 3753; x_wconf 91' lang='lat' dir='ltr'><strong>notum</strong></span> <span class='ocrx_word' id='word_1_451' title='bbox 1070 3700 1323 3765; x_wconf 78' lang='lat' dir='ltr'><strong>fecimus;</strong></span> <span class='ocrx_word' id='word_1_452' title='bbox 1368 3712 1424 3757; x_wconf 88' lang='lat' dir='ltr'><strong>ut</strong></span> <span class='ocrx_word' id='word_1_453' title='bbox 1469 3713 1525 3758; x_wconf 91' lang='lat' dir='ltr'><strong>et</strong></span> <span class='ocrx_word' id='word_1_454' title='bbox 1566 3705 1667 3773; x_wconf 90' lang='lat' dir='ltr'><strong>ipsi</strong></span> <span class='ocrx_word' id='word_1_455' title='bbox 1706 3706 1833 3761; x_wconf 85' lang='lat' dir='ltr'><strong>hinc</strong></span> <span class='ocrx_word' id='word_1_456' title='bbox 1854 3708 2049 3775; x_wconf 88' lang='lat' dir='ltr'><strong>edocti,</strong></span> <span class='ocrx_word' id='word_1_457' title='bbox 2082 3723 2149 3764; x_wconf 79' lang='lat' dir='ltr'><strong>ex</strong></span> 
     </span>
    </p>
   </div>
   <div class='ocr_carea' id='block_1_58' title="bbox 595 3786 2147 3868">
    <p class='ocr_par' dir='ltr' id='par_1_58' title="bbox 595 3786 2147 3868">
     <span class='ocr_line' id='line_1_58' title="bbox 595 3786 2147 3868; baseline 0.012 -30"><span class='ocrx_word' id='word_1_458' title='bbox 595 3786 933 3842; x_wconf 72' lang='lat' dir='ltr'><strong>aemulatione</strong></span> <span class='ocrx_word' id='word_1_459' title='bbox 966 3792 1299 3856; x_wconf 89' lang='lat' dir='ltr'><strong>parturiendi</strong></span> <span class='ocrx_word' id='word_1_460' title='bbox 1338 3808 1366 3847; x_wconf 88' lang='lat' dir='ltr'><strong>a</strong></span> <span class='ocrx_word' id='word_1_461' title='bbox 1399 3791 1593 3851; x_wconf 83' lang='lat' dir='ltr'><strong>timore</strong></span> <span class='ocrx_word' id='word_1_462' title='bbox 1647 3805 1738 3851; x_wconf 90' lang='lat' dir='ltr'><strong>tuo</strong></span> <span class='ocrx_word' id='word_1_463' title='bbox 1761 3836 1777 3863; x_wconf 93' lang='lat'><strong>,</strong></span> <span class='ocrx_word' id='word_1_464' title='bbox 1808 3807 1863 3852; x_wconf 91' lang='lat' dir='ltr'><strong>et</strong></span> <span class='ocrx_word' id='word_1_465' title='bbox 1907 3800 2147 3868; x_wconf 89' lang='lat' dir='ltr'><strong>pariendi</strong></span> 
     </span>
    </p>
   </div>
   <div class='ocr_carea' id='block_1_59' title="bbox 595 3875 2147 3955">
    <p class='ocr_par' dir='ltr' id='par_1_59' title="bbox 595 3875 2147 3955">
     <span class='ocr_line' id='line_1_59' title="bbox 595 3875 2147 3955; baseline 0.012 -29"><span class='ocrx_word' id='word_1_466' title='bbox 595 3875 839 3929; x_wconf 83' lang='lat' dir='ltr'><strong>eumdem</strong></span> <span class='ocrx_word' id='word_1_467' title='bbox 892 3879 1175 3946; x_wconf 88' lang='lat' dir='ltr'><strong>spiritum,</strong></span> <span class='ocrx_word' id='word_1_468' title='bbox 1228 3882 1509 3938; x_wconf 83' lang='lat' dir='ltr'><strong>utilitatem</strong></span> <span class='ocrx_word' id='word_1_469' title='bbox 1548 3886 1868 3955; x_wconf 86' lang='lat' dir='ltr'><strong>percipiant.</strong></span> <span class='ocrx_word' id='word_1_470' title='bbox 1931 3887 2147 3944; x_wconf 88' lang='lat' dir='ltr'><strong>Etenim</strong></span> 
     </span>
    </p>
   </div>
   <div class='ocr_carea' id='block_1_60' title="bbox 596 3966 2150 4050">
    <p class='ocr_par' dir='ltr' id='par_1_60' title="bbox 596 3966 2150 4050">
     <span class='ocr_line' id='line_1_60' title="bbox 596 3966 2150 4050; baseline 0.012 -33"><span class='ocrx_word' id='word_1_471' title='bbox 596 3966 687 4034; x_wconf 88' lang='lat' dir='ltr'><strong>qui</strong></span> <span class='ocrx_word' id='word_1_472' title='bbox 716 3966 857 4021; x_wconf 85' lang='lat' dir='ltr'><strong>hunc</strong></span> <span class='ocrx_word' id='word_1_473' title='bbox 888 3967 1076 4023; x_wconf 89' lang='lat' dir='ltr'><strong>salutis</strong></span> <span class='ocrx_word' id='word_1_474' title='bbox 1122 3972 1369 4039; x_wconf 86' lang='lat' dir='ltr'><strong>spiritum</strong></span> <span class='ocrx_word' id='word_1_475' title='bbox 1420 3990 1525 4029; x_wconf 89' lang='lat' dir='ltr'><strong>non</strong></span> <span class='ocrx_word' id='word_1_476' title='bbox 1556 3978 1943 4047; x_wconf 90' lang='lat' dir='ltr'><strong>conceperint,</strong></span> <span class='ocrx_word' id='word_1_477' title='bbox 1976 3995 2150 4050; x_wconf 88' lang='lat' dir='ltr'><strong>neque</strong></span> 
     </span>
    </p>
   </div>
   <div class='ocr_carea' id='block_1_61' title="bbox 596 4058 2146 4135">
    <p class='ocr_par' dir='ltr' id='par_1_61' title="bbox 596 4058 2146 4135">
     <span class='ocr_line' id='line_1_61' title="bbox 596 4058 2146 4135; baseline 0.009 -26"><span class='ocrx_word' id='word_1_478' title='bbox 596 4058 921 4125; x_wconf 82' lang='lat' dir='ltr'><strong>pepererint,</strong></span> <span class='ocrx_word' id='word_1_479' title='bbox 947 4072 1069 4112; x_wconf 92' lang='lat' dir='ltr'><strong>cum</strong></span> <span class='ocrx_word' id='word_1_480' title='bbox 1095 4059 1330 4129; x_wconf 86' lang='lat' dir='ltr'><strong>alioquin</strong></span> <span class='ocrx_word' id='word_1_481' title='bbox 1355 4064 1567 4119; x_wconf 83' lang='lat' dir='ltr'><strong>steriles</strong></span> <span class='ocrx_word' id='word_1_482' title='bbox 1591 4074 1645 4120; x_wconf 91' lang='lat' dir='ltr'><strong>et</strong></span> <span class='ocrx_word' id='word_1_483' title='bbox 1675 4064 1994 4123; x_wconf 81' lang='lat' dir='ltr'><strong>infructuosi</strong></span> <span class='ocrx_word' id='word_1_484' title='bbox 2019 4071 2146 4135; x_wconf 88' lang='lat' dir='ltr'><strong>sint,</strong></span> 
     </span>
    </p>
   </div>
   <div class='ocr_carea' id='block_1_62' title="bbox 594 4149 2151 4227">
    <p class='ocr_par' dir='ltr' id='par_1_62' title="bbox 594 4149 2151 4227">
     <span class='ocr_line' id='line_1_62' title="bbox 594 4149 2151 4227; baseline 0.009 -26"><span class='ocrx_word' id='word_1_485' title='bbox 594 4164 624 4200; x_wconf 84' lang='lat' dir='ltr'><strong>a</strong></span> <span class='ocrx_word' id='word_1_486' title='bbox 655 4162 752 4216; x_wconf 88' lang='lat' dir='ltr'><strong>spe</strong></span> <span class='ocrx_word' id='word_1_487' title='bbox 796 4149 849 4202; x_wconf 91' lang='lat' dir='ltr'><strong>in</strong></span> <span class='ocrx_word' id='word_1_488' title='bbox 882 4158 933 4203; x_wconf 91' lang='lat' dir='ltr'><strong>te</strong></span> <span class='ocrx_word' id='word_1_489' title='bbox 962 4151 1195 4219; x_wconf 86' lang='lat' dir='ltr'><strong>reposita</strong></span> <span class='ocrx_word' id='word_1_490' title='bbox 1235 4153 1484 4207; x_wconf 77' lang='lat' dir='ltr'><strong>excident</strong></span> <span class='ocrx_word' id='word_1_491' title='bbox 1526 4172 1539 4208; x_wconf 93' lang='lat'><strong>:</strong></span> <span class='ocrx_word' id='word_1_492' title='bbox 1588 4156 1679 4223; x_wconf 91' lang='lat' dir='ltr'><strong>qui</strong></span> <span class='ocrx_word' id='word_1_493' title='bbox 1720 4167 1898 4211; x_wconf 86' lang='lat' dir='ltr'><strong>autem</strong></span> <span class='ocrx_word' id='word_1_494' title='bbox 1936 4174 2003 4214; x_wconf 78' lang='lat' dir='ltr'><strong>ex</strong></span> <span class='ocrx_word' id='word_1_495' title='bbox 2028 4173 2151 4227; x_wconf 86' lang='lat' dir='ltr'><strong>por-</strong></span> 
     </span>
    </p>
   </div>
   <div class='ocr_carea' id='block_1_63' title="bbox 596 4238 2147 4321">
    <p class='ocr_par' dir='ltr' id='par_1_63' title="bbox 596 4238 2147 4321">
     <span class='ocr_line' id='line_1_63' title="bbox 596 4238 2147 4321; baseline 0.008 -29"><span class='ocrx_word' id='word_1_496' title='bbox 596 4238 737 4293; x_wconf 90' lang='lat' dir='ltr'><strong>tione</strong></span> <span class='ocrx_word' id='word_1_497' title='bbox 768 4249 857 4294; x_wconf 89' lang='lat' dir='ltr'><strong>tua</strong></span> <span class='ocrx_word' id='word_1_498' title='bbox 890 4251 1055 4308; x_wconf 90' lang='lat' dir='ltr'><strong>sunt,</strong></span> <span class='ocrx_word' id='word_1_499' title='bbox 1100 4244 1300 4312; x_wconf 88' lang='lat' dir='ltr'><strong>quique</strong></span> <span class='ocrx_word' id='word_1_500' title='bbox 1326 4256 1544 4315; x_wconf 90' lang='lat' dir='ltr'><strong>propter</strong></span> <span class='ocrx_word' id='word_1_501' title='bbox 1575 4256 1629 4301; x_wconf 88' lang='lat' dir='ltr'><strong>te</strong></span> <span class='ocrx_word' id='word_1_502' title='bbox 1666 4262 2024 4304; x_wconf 65' lang='lat' dir='ltr'><strong>aerumnarum</strong></span> <span class='ocrx_word' id='word_1_503' title='bbox 2053 4266 2147 4321; x_wconf 89' lang='lat' dir='ltr'><strong>ge-</strong></span> 
     </span>
    </p>
   </div>
   <div class='ocr_carea' id='block_1_64' title="bbox 2249 2050 3883 2139">
    <p class='ocr_par' dir='ltr' id='par_1_64' title="bbox 2249 2050 3883 2139">
     <span class='ocr_line' id='line_1_64' title="bbox 2249 2050 3883 2139; baseline 0 -19"><span class='ocrx_word' id='word_1_504' title='bbox 2249 2066 2380 2135; x_wconf 86' lang='grc' dir='ltr'>γοῦν</span> <span class='ocrx_word' id='word_1_505' title='bbox 2407 2067 2509 2138; x_wconf 84' lang='grc' dir='ltr'>τῆς</span> <span class='ocrx_word' id='word_1_506' title='bbox 2531 2066 2761 2136; x_wconf 84' lang='grc' dir='ltr'>θλίψεως</span> <span class='ocrx_word' id='word_1_507' title='bbox 2783 2050 3167 2137; x_wconf 85' lang='grc' dir='ltr'>παιδευόμεθα,</span> <span class='ocrx_word' id='word_1_508' title='bbox 3192 2066 3413 2130; x_wconf 77' lang='grc' dir='ltr'>εἰδότες,</span> <span class='ocrx_word' id='word_1_509' title='bbox 3438 2066 3521 2120; x_wconf 81' lang='grc' dir='ltr'><strong>δτι</strong></span> <span class='ocrx_word' id='word_1_510' title='bbox 3543 2066 3605 2121; x_wconf 80' lang='grc' dir='ltr'>ὃν</span> <span class='ocrx_word' id='word_1_511' title='bbox 3631 2067 3825 2138; x_wconf 73' lang='grc' dir='ltr'>ἀγαπᾷ</span> <span class='ocrx_word' id='word_1_512' title='bbox 3862 2125 3883 2139; x_wconf 37' lang='grc' dir='ltr'><strong><em>η</em></strong></span> 
     </span>
    </p>
   </div>
   <div class='ocr_carea' id='block_1_65' title="bbox 2250 2156 2760 2229">
    <p class='ocr_par' dir='ltr' id='par_1_65' title="bbox 2250 2156 2760 2229">
     <span class='ocr_line' id='line_1_65' title="bbox 2250 2156 2760 2229; baseline -0.004 -18"><span class='ocrx_word' id='word_1_513' title='bbox 2250 2156 2471 2229; x_wconf 77' lang='grc' dir='ltr'>Κύριος,</span> <span class='ocrx_word' id='word_1_514' title='bbox 2498 2156 2760 2211; x_wconf 81' lang='grc' dir='ltr'>παιδεύει.</span> 
     </span>
    </p>
   </div>
   <div class='ocr_carea' id='block_1_66' title="bbox 2326 2245 3822 2319">
    <p class='ocr_par' dir='ltr' id='par_1_66' title="bbox 2326 2245 3822 2319">
     <span class='ocr_line' id='line_1_66' title="bbox 2326 2245 3822 2319; baseline 0.002 -21"><span class='ocrx_word' id='word_1_515' title='bbox 2326 2266 2345 2298; x_wconf 79' lang='grc' dir='ltr'><strong>ι</strong></span> <span class='ocrx_word' id='word_1_516' title='bbox 2372 2246 2484 2301; x_wconf 81' lang='grc' dir='ltr'><strong>Καὶ</strong></span> <span class='ocrx_word' id='word_1_517' title='bbox 2512 2246 2587 2311; x_wconf 83' lang='grc' dir='ltr'>ὡς</span> <span class='ocrx_word' id='word_1_518' title='bbox 2621 2250 2655 2319; x_wconf 94' lang='grc' dir='ltr'><strong>ή</strong></span> <span class='ocrx_word' id='word_1_519' title='bbox 2691 2247 2955 2301; x_wconf 80' lang='grc' dir='ltr'>ὠδίνουσα</span> <span class='ocrx_word' id='word_1_520' title='bbox 2986 2246 3190 2316; x_wconf 78' lang='grc' dir='ltr'>ἐγγίζει</span> <span class='ocrx_word' id='word_1_521' title='bbox 3232 2245 3327 2300; x_wconf 92' lang='grc' dir='ltr'><strong>τοῦ</strong></span> <span class='ocrx_word' id='word_1_522' title='bbox 3361 2249 3557 2311; x_wconf 82' lang='grc' dir='ltr'>τεκεῖν,</span> <span class='ocrx_word' id='word_1_523' title='bbox 3594 2245 3689 2302; x_wconf 82' lang='grc' dir='ltr'>καὶ</span> <span class='ocrx_word' id='word_1_524' title='bbox 3725 2246 3822 2301; x_wconf 74' lang='grc' dir='ltr'>ἐπὶ</span> 
     </span>
    </p>
   </div>
   <div class='ocr_carea' id='block_1_67' title="bbox 2249 2336 3825 2411">
    <p class='ocr_par' dir='ltr' id='par_1_67' title="bbox 2249 2336 3825 2411">
     <span class='ocr_line' id='line_1_67' title="bbox 2249 2336 3825 2411; baseline 0.001 -20"><span class='ocrx_word' id='word_1_525' title='bbox 2249 2339 2315 2409; x_wconf 78' lang='grc' dir='ltr'>τῇ</span> <span class='ocrx_word' id='word_1_526' title='bbox 2372 2337 2519 2391; x_wconf 83' lang='grc' dir='ltr'>ὠδῖνι</span> <span class='ocrx_word' id='word_1_527' title='bbox 2557 2338 2729 2409; x_wconf 75' lang='grc' dir='ltr'>αὐτῆς</span> <span class='ocrx_word' id='word_1_528' title='bbox 2770 2339 3068 2409; x_wconf 85' lang='grc' dir='ltr'>ἐκέκραγεν</span> <span class='ocrx_word' id='word_1_529' title='bbox 3092 2355 3106 2370; x_wconf 87' lang='grc'><strong>·</strong></span> <span class='ocrx_word' id='word_1_530' title='bbox 3154 2336 3327 2401; x_wconf 70' lang='grc' dir='ltr'>οὕτως</span> <span class='ocrx_word' id='word_1_531' title='bbox 3379 2338 3713 2411; x_wconf 77' lang='grc' dir='ltr'>ἐγενήθημεν</span> <span class='ocrx_word' id='word_1_532' title='bbox 3742 2338 3825 2410; x_wconf 81' lang='grc' dir='ltr'>τῷ</span> 
     </span>
    </p>
   </div>
   <div class='ocr_carea' id='block_1_68' title="bbox 2262 2421 3825 2502">
    <p class='ocr_par' dir='ltr' id='par_1_68' title="bbox 2262 2421 3825 2502">
     <span class='ocr_line' id='line_1_68' title="bbox 2262 2421 3825 2502; baseline -0.001 -19"><span class='ocrx_word' id='word_1_533' title='bbox 2262 2430 2551 2501; x_wconf 77' lang='grc' dir='ltr'>Ἀγαπητῷ</span> <span class='ocrx_word' id='word_1_534' title='bbox 2574 2447 2688 2485; x_wconf 90' lang='grc' dir='ltr'>σου.</span> <span class='ocrx_word' id='word_1_535' title='bbox 2716 2430 2816 2484; x_wconf 85' lang='grc' dir='ltr'>Διά</span> <span class='ocrx_word' id='word_1_536' title='bbox 2847 2432 2936 2484; x_wconf 88' lang='grc' dir='ltr'>τὸν</span> <span class='ocrx_word' id='word_1_537' title='bbox 2967 2430 3128 2501; x_wconf 82' lang='grc' dir='ltr'>φόϐον</span> <span class='ocrx_word' id='word_1_538' title='bbox 3162 2447 3277 2495; x_wconf 85' lang='grc' dir='ltr'>σου,</span> <span class='ocrx_word' id='word_1_539' title='bbox 3306 2421 3499 2502; x_wconf 73' lang='grc' dir='ltr'>Κύριε,</span> <span class='ocrx_word' id='word_1_540' title='bbox 3534 2431 3592 2482; x_wconf 85' lang='grc' dir='ltr'><strong>ἐν</strong></span> <span class='ocrx_word' id='word_1_541' title='bbox 3623 2429 3825 2501; x_wconf 74' lang='grc' dir='ltr'>γαστρὶ</span> 
     </span>
    </p>
   </div>
   <div class='ocr_carea' id='block_1_69' title="bbox 2251 2519 3827 2593">
    <p class='ocr_par' dir='ltr' id='par_1_69' title="bbox 2251 2519 3827 2593">
     <span class='ocr_line' id='line_1_69' title="bbox 2251 2519 3827 2593; baseline 0.001 -20"><span class='ocrx_word' id='word_1_542' title='bbox 2251 2520 2533 2592; x_wconf 78' lang='grc' dir='ltr'>ἐλάϐομεν,</span> <span class='ocrx_word' id='word_1_543' title='bbox 2557 2521 2653 2575; x_wconf 74' lang='grc' dir='ltr'>καὶ</span> <span class='ocrx_word' id='word_1_544' title='bbox 2683 2521 3042 2593; x_wconf 85' lang='grc' dir='ltr'>ὠδινήσαμεν,</span> <span class='ocrx_word' id='word_1_545' title='bbox 3065 2521 3158 2575; x_wconf 75' lang='grc' dir='ltr'>καὶ</span> <span class='ocrx_word' id='word_1_546' title='bbox 3189 2521 3449 2592; x_wconf 74' lang='grc' dir='ltr'>ἐτὲκομεν</span> <span class='ocrx_word' id='word_1_547' title='bbox 3475 2519 3690 2592; x_wconf 88' lang='grc' dir='ltr'>πνεῦμα</span> <span class='ocrx_word' id='word_1_548' title='bbox 3716 2537 3827 2574; x_wconf 83' lang='grc' dir='ltr'>σω-</span> 
     </span>
    </p>
   </div>
   <div class='ocr_carea' id='block_1_70' title="bbox 2248 2610 3828 2684">
    <p class='ocr_par' dir='ltr' id='par_1_70' title="bbox 2248 2610 3828 2684">
     <span class='ocr_line' id='line_1_70' title="bbox 2248 2610 3828 2684; baseline 0.001 -20"><span class='ocrx_word' id='word_1_549' title='bbox 2248 2612 2441 2684; x_wconf 80' lang='grc' dir='ltr'>τηρίας</span> <span class='ocrx_word' id='word_1_550' title='bbox 2470 2629 2587 2675; x_wconf 85' lang='grc' dir='ltr'>σου,</span> <span class='ocrx_word' id='word_1_551' title='bbox 2625 2611 2655 2665; x_wconf 81' lang='grc' dir='ltr'><strong>ὃ</strong></span> <span class='ocrx_word' id='word_1_552' title='bbox 2684 2612 3015 2684; x_wconf 72' lang='grc' dir='ltr'>ἐποιήσαμεν</span> <span class='ocrx_word' id='word_1_553' title='bbox 3040 2611 3131 2665; x_wconf 77' lang='grc' dir='ltr'>ἐπὶ</span> <span class='ocrx_word' id='word_1_554' title='bbox 3162 2611 3263 2682; x_wconf 84' lang='grc' dir='ltr'>τῆς</span> <span class='ocrx_word' id='word_1_555' title='bbox 3290 2612 3413 2682; x_wconf 82' lang='grc' dir='ltr'>γῆς.</span> <span class='ocrx_word' id='word_1_556' title='bbox 3444 2611 3519 2665; x_wconf 83' lang='grc' dir='ltr'><strong>Οὐ</strong></span> <span class='ocrx_word' id='word_1_557' title='bbox 3554 2610 3828 2681; x_wconf 59' lang='grc' dir='ltr'>πεσούμε-</span> 
     </span>
    </p>
   </div>
   <div class='ocr_carea' id='block_1_71' title="bbox 2249 2699 3823 2773">
    <p class='ocr_par' dir='ltr' id='par_1_71' title="bbox 2249 2699 3823 2773">
     <span class='ocr_line' id='line_1_71' title="bbox 2249 2699 3823 2773; baseline 0.001 -20"><span class='ocrx_word' id='word_1_558' title='bbox 2249 2699 2338 2765; x_wconf 85' lang='grc' dir='ltr'><strong>θα,</strong></span> <span class='ocrx_word' id='word_1_559' title='bbox 2393 2700 2529 2755; x_wconf 88' lang='grc' dir='ltr'><strong>ἀλλά</strong></span> <span class='ocrx_word' id='word_1_560' title='bbox 2579 2700 2863 2755; x_wconf 80' lang='grc' dir='ltr'>πεσοῦνται</span> <span class='ocrx_word' id='word_1_561' title='bbox 2908 2704 3107 2765; x_wconf 85' lang='grc' dir='ltr'>πάντες</span> <span class='ocrx_word' id='word_1_562' title='bbox 3145 2703 3195 2755; x_wconf 90' lang='grc' dir='ltr'><strong>οί</strong></span> <span class='ocrx_word' id='word_1_563' title='bbox 3216 2700 3552 2766; x_wconf 87' lang='grc' dir='ltr'>ἐνοικοῦντες</span> <span class='ocrx_word' id='word_1_564' title='bbox 3590 2701 3683 2756; x_wconf 76' lang='grc' dir='ltr'>ἐπὶ</span> <span class='ocrx_word' id='word_1_565' title='bbox 3717 2701 3823 2773; x_wconf 86' lang='grc' dir='ltr'>τῆς</span> 
     </span>
    </p>
   </div>
   <div class='ocr_carea' id='block_1_72' title="bbox 2251 2790 3823 2866">
    <p class='ocr_par' dir='ltr' id='par_1_72' title="bbox 2251 2790 3823 2866">
     <span class='ocr_line' id='line_1_72' title="bbox 2251 2790 3823 2866; baseline 0.002 -20"><span class='ocrx_word' id='word_1_566' title='bbox 2251 2795 2370 2865; x_wconf 79' lang='grc' dir='ltr'>γῆς.</span> <span class='ocrx_word' id='word_1_567' title='bbox 2410 2811 2429 2846; x_wconf 73' lang='grc' dir='ltr'><strong>ι</strong></span> <span class='ocrx_word' id='word_1_568' title='bbox 2460 2794 2550 2848; x_wconf 74' lang='grc' dir='ltr'><strong>Διὸ</strong></span> <span class='ocrx_word' id='word_1_569' title='bbox 2586 2794 2765 2857; x_wconf 79' lang='grc' dir='ltr'>πάντα</span> <span class='ocrx_word' id='word_1_570' title='bbox 2800 2795 2959 2849; x_wconf 85' lang='grc' dir='ltr'>πόνον</span> <span class='ocrx_word' id='word_1_571' title='bbox 3002 2795 3381 2866; x_wconf 82' lang='grc' dir='ltr'>ὑπομένοντες,</span> <span class='ocrx_word' id='word_1_572' title='bbox 3414 2795 3652 2859; x_wconf 75' lang='grc' dir='ltr'>ἐοικότες</span> <span class='ocrx_word' id='word_1_573' title='bbox 3675 2790 3823 2866; x_wconf 83' lang='grc' dir='ltr'>ἦμεν</span> 
     </span>
    </p>
   </div>
   <div class='ocr_carea' id='block_1_73' title="bbox 2249 2885 3825 2961">
    <p class='ocr_par' dir='ltr' id='par_1_73' title="bbox 2249 2885 3825 2961">
     <span class='ocr_line' id='line_1_73' title="bbox 2249 2885 3825 2961; baseline 0.003 -22"><span class='ocrx_word' id='word_1_574' title='bbox 2249 2885 2513 2960; x_wconf 79' lang='grc' dir='ltr'>ὠδινούσῃ</span> <span class='ocrx_word' id='word_1_575' title='bbox 2556 2888 2795 2956; x_wconf 79' lang='grc' dir='ltr'>γυναικὶ,</span> <span class='ocrx_word' id='word_1_576' title='bbox 2844 2889 2939 2941; x_wconf 69' lang='lat' dir='ltr'><strong>ui.</strong></span> <span class='ocrx_word' id='word_1_577' title='bbox 2989 2887 3115 2959; x_wconf 88' lang='grc' dir='ltr'>βοάς</span> <span class='ocrx_word' id='word_1_578' title='bbox 3153 2886 3386 2961; x_wconf 81' lang='grc' dir='ltr'>ἀφιούσῃ</span> <span class='ocrx_word' id='word_1_579' title='bbox 3432 2888 3561 2961; x_wconf 79' lang='grc' dir='ltr'>περὶ</span> <span class='ocrx_word' id='word_1_580' title='bbox 3590 2887 3720 2942; x_wconf 77' lang='grc' dir='ltr'>αὐτὸ</span> <span class='ocrx_word' id='word_1_581' title='bbox 3758 2886 3825 2943; x_wconf 72' lang='grc' dir='ltr'>τὸ</span> 
     </span>
    </p>
   </div>
   <div class='ocr_carea' id='block_1_74' title="bbox 2257 2977 3825 3052">
    <p class='ocr_par' dir='ltr' id='par_1_74' title="bbox 2257 2977 3825 3052">
     <span class='ocr_line' id='line_1_74' title="bbox 2257 2977 3825 3052; baseline 0.002 -21"><span class='ocrx_word' id='word_1_582' title='bbox 2257 2977 2471 3049; x_wconf 79' lang='grc' dir='ltr'>μέλλειν</span> <span class='ocrx_word' id='word_1_583' title='bbox 2506 2978 2568 3031; x_wconf 80' lang='grc' dir='ltr'><strong>τὸ</strong></span> <span class='ocrx_word' id='word_1_584' title='bbox 2596 2980 2737 3034; x_wconf 90' lang='grc' dir='ltr'><strong>κατά</strong></span> <span class='ocrx_word' id='word_1_585' title='bbox 2762 2980 2997 3051; x_wconf 84' lang='grc' dir='ltr'>γαστρὸς</span> <span class='ocrx_word' id='word_1_586' title='bbox 3026 2981 3341 3052; x_wconf 87' lang='grc' dir='ltr'>κινούμενον</span> <span class='ocrx_word' id='word_1_587' title='bbox 3389 2982 3470 3045; x_wconf 86' lang='grc' dir='ltr'><strong>είς</strong></span> <span class='ocrx_word' id='word_1_588' title='bbox 3522 2979 3640 3049; x_wconf 82' lang='grc' dir='ltr'><strong>φῶς</strong></span> <span class='ocrx_word' id='word_1_589' title='bbox 3686 2995 3825 3052; x_wconf 89' lang='grc' dir='ltr'>προ-</span> 
     </span>
    </p>
   </div>
   <div class='ocr_carea' id='block_1_75' title="bbox 2250 3068 3828 3144">
    <p class='ocr_par' dir='ltr' id='par_1_75' title="bbox 2250 3068 3828 3144">
     <span class='ocr_line' id='line_1_75' title="bbox 2250 3068 3828 3144; baseline 0.001 -21"><span class='ocrx_word' id='word_1_590' title='bbox 2250 3068 2404 3137; x_wconf 79' lang='grc' dir='ltr'>άγειν</span> <span class='ocrx_word' id='word_1_591' title='bbox 2421 3085 2436 3099; x_wconf 77' lang='grc'><strong><em>⁸</em></strong></span> <span class='ocrx_word' id='word_1_592' title='bbox 2464 3068 2606 3123; x_wconf 75' lang='grc' dir='ltr'>οὕτω</span> <span class='ocrx_word' id='word_1_593' title='bbox 2642 3071 2750 3143; x_wconf 85' lang='grc' dir='ltr'><strong>γὰρ</strong></span> <span class='ocrx_word' id='word_1_594' title='bbox 2784 3071 2878 3125; x_wconf 83' lang='grc' dir='ltr'>καὶ</span> <span class='ocrx_word' id='word_1_595' title='bbox 2903 3072 3062 3142; x_wconf 77' lang='grc' dir='ltr'>ἡμεῖς</span> <span class='ocrx_word' id='word_1_596' title='bbox 3087 3071 3313 3144; x_wconf 85' lang='grc' dir='ltr'>ἐγενήθη</span> <span class='ocrx_word' id='word_1_597' title='bbox 3338 3071 3436 3143; x_wconf 81' lang='grc' dir='ltr'>μὲν</span> <span class='ocrx_word' id='word_1_598' title='bbox 3450 3070 3529 3142; x_wconf 85' lang='grc' dir='ltr'>τῷ</span> <span class='ocrx_word' id='word_1_599' title='bbox 3662 3072 3828 3140; x_wconf 81' lang='grc' dir='ltr'>Ἀγα-</span> 
     </span>
    </p>
   </div>
   <div class='ocr_carea' id='block_1_76' title="bbox 2250 3158 3823 3233">
    <p class='ocr_par' dir='ltr' id='par_1_76' title="bbox 2250 3158 3823 3233">
     <span class='ocr_line' id='line_1_76' title="bbox 2250 3158 3823 3233; baseline 0.003 -21"><span class='ocrx_word' id='word_1_600' title='bbox 2250 3158 2407 3231; x_wconf 80' lang='grc' dir='ltr'><strong>πητῷ</strong></span> <span class='ocrx_word' id='word_1_601' title='bbox 2423 3175 2440 3189; x_wconf 81' lang='lat'><strong><em>°</em></strong></span> <span class='ocrx_word' id='word_1_602' title='bbox 2468 3161 2557 3213; x_wconf 75' lang='grc' dir='ltr'><strong>τὸν</strong></span> <span class='ocrx_word' id='word_1_603' title='bbox 2592 3160 2700 3232; x_wconf 87' lang='grc' dir='ltr'><strong>γάρ</strong></span> <span class='ocrx_word' id='word_1_604' title='bbox 2737 3164 2995 3233; x_wconf 85' lang='grc' dir='ltr'>μονογενῆ</span> <span class='ocrx_word' id='word_1_605' title='bbox 3033 3178 3125 3216; x_wconf 89' lang='grc' dir='ltr'><strong>σου</strong></span> <span class='ocrx_word' id='word_1_606' title='bbox 3149 3162 3320 3232; x_wconf 87' lang='grc' dir='ltr'>Λόγον</span> <span class='ocrx_word' id='word_1_607' title='bbox 3343 3162 3493 3216; x_wconf 80' lang='grc' dir='ltr'>ἐνδον</span> <span class='ocrx_word' id='word_1_608' title='bbox 3524 3163 3736 3233; x_wconf 74' lang='grc' dir='ltr'>ἔχοντες</span> <span class='ocrx_word' id='word_1_609' title='bbox 3758 3163 3823 3217; x_wconf 84' lang='grc' dir='ltr'><strong>ἐν</strong></span> 
     </span>
    </p>
   </div>
   <div class='ocr_carea' id='block_1_77' title="bbox 2250 3250 3828 3326">
    <p class='ocr_par' dir='ltr' id='par_1_77' title="bbox 2250 3250 3828 3326">
     <span class='ocr_line' id='line_1_77' title="bbox 2250 3250 3828 3326; baseline 0.001 -21"><span class='ocrx_word' id='word_1_610' title='bbox 2250 3254 2314 3321; x_wconf 78' lang='grc' dir='ltr'>τῇ</span> <span class='ocrx_word' id='word_1_611' title='bbox 2353 3250 2559 3305; x_wconf 86' lang='grc' dir='ltr'>ἐαυτῶν</span> <span class='ocrx_word' id='word_1_612' title='bbox 2592 3252 2759 3323; x_wconf 80' lang='grc' dir='ltr'>ψυχῇ,</span> <span class='ocrx_word' id='word_1_613' title='bbox 2794 3254 2889 3306; x_wconf 76' lang='grc' dir='ltr'>καὶ</span> <span class='ocrx_word' id='word_1_614' title='bbox 2920 3253 3009 3306; x_wconf 83' lang='grc' dir='ltr'>τὸν</span> <span class='ocrx_word' id='word_1_615' title='bbox 3033 3255 3097 3307; x_wconf 91' lang='grc' dir='ltr'><strong>ἐκ</strong></span> <span class='ocrx_word' id='word_1_616' title='bbox 3126 3254 3220 3308; x_wconf 88' lang='grc' dir='ltr'><strong>σοῦ</strong></span> <span class='ocrx_word' id='word_1_617' title='bbox 3244 3254 3659 3325; x_wconf 79' lang='grc' dir='ltr'>κατασπαρέντα</span> <span class='ocrx_word' id='word_1_618' title='bbox 3685 3256 3828 3326; x_wconf 79' lang='grc' dir='ltr'>ήμῖν</span> 
     </span>
    </p>
   </div>
   <div class='ocr_carea' id='block_1_78' title="bbox 2250 3338 3823 3414">
    <p class='ocr_par' dir='ltr' id='par_1_78' title="bbox 2250 3338 3823 3414">
     <span class='ocr_line' id='line_1_78' title="bbox 2250 3338 3823 3414; baseline 0.003 -22"><span class='ocrx_word' id='word_1_619' title='bbox 2250 3338 2427 3393; x_wconf 84' lang='grc' dir='ltr'>ἐνθεον</span> <span class='ocrx_word' id='word_1_620' title='bbox 2458 3339 2639 3409; x_wconf 83' lang='grc' dir='ltr'>φόϐον,</span> <span class='ocrx_word' id='word_1_621' title='bbox 2666 3342 2759 3394; x_wconf 79' lang='grc' dir='ltr'><strong>καὶ</strong></span> <span class='ocrx_word' id='word_1_622' title='bbox 2790 3340 2852 3413; x_wconf 85' lang='grc' dir='ltr'>δὴ</span> <span class='ocrx_word' id='word_1_623' title='bbox 2882 3344 3338 3414; x_wconf 86' lang='grc' dir='ltr'>καρτερήσαντες,</span> <span class='ocrx_word' id='word_1_624' title='bbox 3377 3344 3478 3397; x_wconf 84' lang='grc' dir='ltr'>οὐκ</span> <span class='ocrx_word' id='word_1_625' title='bbox 3508 3343 3823 3414; x_wconf 79' lang='grc' dir='ltr'>ἐσφάλημεν</span> 
     </span>
    </p>
   </div>
   <div class='ocr_carea' id='block_1_79' title="bbox 2248 3430 3822 3506">
    <p class='ocr_par' dir='ltr' id='par_1_79' title="bbox 2248 3430 3822 3506">
     <span class='ocr_line' id='line_1_79' title="bbox 2248 3430 3822 3506; baseline 0.003 -23"><span class='ocrx_word' id='word_1_626' title='bbox 2248 3432 2345 3501; x_wconf 83' lang='grc' dir='ltr'>τῆς</span> <span class='ocrx_word' id='word_1_627' title='bbox 2374 3430 2605 3495; x_wconf 85' lang='grc' dir='ltr'>ἐλπίδος.</span> <span class='ocrx_word' id='word_1_628' title='bbox 2634 3430 2749 3485; x_wconf 85' lang='grc' dir='ltr'>ἀλλ’</span> <span class='ocrx_word' id='word_1_629' title='bbox 2777 3432 3034 3503; x_wconf 84' lang='grc' dir='ltr'>ἐτέκομεν</span> <span class='ocrx_word' id='word_1_630' title='bbox 3064 3433 3277 3505; x_wconf 84' lang='grc' dir='ltr'>πνεῦμα</span> <span class='ocrx_word' id='word_1_631' title='bbox 3313 3435 3610 3506; x_wconf 86' lang='grc' dir='ltr'>σωτηρίας.</span> <span class='ocrx_word' id='word_1_632' title='bbox 3653 3434 3822 3499; x_wconf 76' lang='grc' dir='ltr'>Τέλος</span> 
     </span>
    </p>
   </div>
   <div class='ocr_carea' id='block_1_80' title="bbox 2250 3522 3819 3595">
    <p class='ocr_par' dir='ltr' id='par_1_80' title="bbox 2250 3522 3819 3595">
     <span class='ocr_line' id='line_1_80' title="bbox 2250 3522 3819 3595; baseline 0.004 -21"><span class='ocrx_word' id='word_1_633' title='bbox 2250 3522 2358 3593; x_wconf 82' lang='grc' dir='ltr'>γὰρ</span> <span class='ocrx_word' id='word_1_634' title='bbox 2393 3523 2491 3594; x_wconf 81' lang='grc' dir='ltr'>τῆς</span> <span class='ocrx_word' id='word_1_635' title='bbox 2512 3525 2757 3594; x_wconf 80' lang='grc' dir='ltr'>κυήσεως</span> <span class='ocrx_word' id='word_1_636' title='bbox 2797 3524 2889 3576; x_wconf 85' lang='grc' dir='ltr'><strong>τοῦ</strong></span> <span class='ocrx_word' id='word_1_637' title='bbox 2936 3526 3242 3595; x_wconf 80' lang='grc' dir='ltr'>Ἀγαπητοῦ</span> <span class='ocrx_word' id='word_1_638' title='bbox 3274 3543 3366 3580; x_wconf 86' lang='grc' dir='ltr'><strong>σου</strong></span> <span class='ocrx_word' id='word_1_639' title='bbox 3409 3528 3506 3580; x_wconf 75' lang='grc' dir='ltr'>καὶ</span> <span class='ocrx_word' id='word_1_640' title='bbox 3530 3526 3623 3580; x_wconf 89' lang='grc' dir='ltr'><strong>τοῦ</strong></span> <span class='ocrx_word' id='word_1_641' title='bbox 3651 3526 3819 3595; x_wconf 85' lang='grc' dir='ltr'>φόϐου</span> 
     </span>
    </p>
   </div>
   <div class='ocr_carea' id='block_1_81' title="bbox 2251 3611 3823 3693">
    <p class='ocr_par' dir='ltr' id='par_1_81' title="bbox 2251 3611 3823 3693">
     <span class='ocr_line' id='line_1_81' title="bbox 2251 3611 3823 3693; baseline 0.006 -29"><span class='ocrx_word' id='word_1_642' title='bbox 2251 3612 2414 3665; x_wconf 84' lang='grc' dir='ltr'>αὐτοῦ</span> <span class='ocrx_word' id='word_1_643' title='bbox 2453 3616 2488 3685; x_wconf 86' lang='grc' dir='ltr'><strong>ή</strong></span> <span class='ocrx_word' id='word_1_644' title='bbox 2520 3614 2759 3685; x_wconf 87' lang='grc' dir='ltr'>σωτηρία</span> <span class='ocrx_word' id='word_1_645' title='bbox 2782 3611 2849 3686; x_wconf 78' lang='grc' dir='ltr'>ἦν</span> <span class='ocrx_word' id='word_1_646' title='bbox 2869 3616 2963 3668; x_wconf 87' lang='grc' dir='ltr'><strong>τοῦ</strong></span> <span class='ocrx_word' id='word_1_647' title='bbox 2992 3618 3257 3689; x_wconf 81' lang='grc' dir='ltr'>ἡμετέρου</span> <span class='ocrx_word' id='word_1_648' title='bbox 3287 3618 3618 3691; x_wconf 83' lang='grc' dir='ltr'>πνεύματος.</span> <span class='ocrx_word' id='word_1_649' title='bbox 3640 3619 3823 3693; x_wconf 81' lang='grc' dir='ltr'>Ὅπερ</span> 
     </span>
    </p>
   </div>
   <div class='ocr_carea' id='block_1_82' title="bbox 2250 3706 3823 3783">
    <p class='ocr_par' dir='ltr' id='par_1_82' title="bbox 2250 3706 3823 3783">
     <span class='ocr_line' id='line_1_82' title="bbox 2250 3706 3823 3783; baseline 0.006 -27"><span class='ocrx_word' id='word_1_650' title='bbox 2250 3706 2714 3775; x_wconf 84' lang='grc' dir='ltr'>ἀπογεννήσαντες</span> <span class='ocrx_word' id='word_1_651' title='bbox 2771 3709 3000 3779; x_wconf 69' lang='grc' dir='ltr'>φανερὸν</span> <span class='ocrx_word' id='word_1_652' title='bbox 3062 3712 3473 3783; x_wconf 82' lang='grc' dir='ltr'>κατεστήσαμεν</span> <span class='ocrx_word' id='word_1_653' title='bbox 3516 3713 3650 3765; x_wconf 77' lang='grc' dir='ltr'>πᾶσι</span> <span class='ocrx_word' id='word_1_654' title='bbox 3706 3715 3823 3777; x_wconf 89' lang='grc' dir='ltr'>τοῖς</span> 
     </span>
    </p>
   </div>
   <div class='ocr_carea' id='block_1_83' title="bbox 2252 3785 3825 3873">
    <p class='ocr_par' dir='ltr' id='par_1_83' title="bbox 2252 3785 3825 3873">
     <span class='ocr_line' id='line_1_83' title="bbox 2252 3785 3825 3873; baseline 0.006 -25"><span class='ocrx_word' id='word_1_655' title='bbox 2252 3797 2345 3849; x_wconf 67' lang='grc' dir='ltr'>ἐπὶ</span> <span class='ocrx_word' id='word_1_656' title='bbox 2373 3796 2471 3867; x_wconf 80' lang='grc' dir='ltr'>τῆς</span> <span class='ocrx_word' id='word_1_657' title='bbox 2504 3798 2605 3868; x_wconf 78' lang='grc' dir='ltr'>γῆς</span> <span class='ocrx_word' id='word_1_658' title='bbox 2633 3798 2971 3852; x_wconf 80' lang='grc' dir='ltr'>κατοικοῦσιν</span> <span class='ocrx_word' id='word_1_659' title='bbox 3003 3800 3328 3873; x_wconf 78' lang='grc' dir='ltr'>ἀνθρώποις,</span> <span class='ocrx_word' id='word_1_660' title='bbox 3352 3785 3516 3867; x_wconf 73' lang='grc' dir='ltr'>ὡςᾶν</span> <span class='ocrx_word' id='word_1_661' title='bbox 3547 3802 3640 3857; x_wconf 76' lang='grc' dir='ltr'>καὶ</span> <span class='ocrx_word' id='word_1_662' title='bbox 3667 3804 3825 3858; x_wconf 68' lang='grc' dir='ltr'>αὐτοὶ</span> 
     </span>
    </p>
   </div>
   <div class='ocr_carea' id='block_1_84' title="bbox 2256 3886 3825 3964">
    <p class='ocr_par' dir='ltr' id='par_1_84' title="bbox 2256 3886 3825 3964">
     <span class='ocr_line' id='line_1_84' title="bbox 2256 3886 3825 3964; baseline 0.006 -24"><span class='ocrx_word' id='word_1_663' title='bbox 2256 3886 2517 3955; x_wconf 81' lang='grc' dir='ltr'>μαθόντες</span> <span class='ocrx_word' id='word_1_664' title='bbox 2563 3888 2889 3959; x_wconf 65' lang='grc' dir='ltr'>ὠφεληθεῖεν</span> <span class='ocrx_word' id='word_1_665' title='bbox 2937 3891 3024 3944; x_wconf 76' lang='grc' dir='ltr'><strong>διὰ</strong></span> <span class='ocrx_word' id='word_1_666' title='bbox 3065 3891 3160 3945; x_wconf 89' lang='grc' dir='ltr'><strong>τοῦ</strong></span> <span class='ocrx_word' id='word_1_667' title='bbox 3204 3891 3443 3963; x_wconf 78' lang='grc' dir='ltr'>ζηλῶσαι</span> <span class='ocrx_word' id='word_1_668' title='bbox 3486 3893 3690 3964; x_wconf 81' lang='grc' dir='ltr'>κυῆσαι</span> <span class='ocrx_word' id='word_1_669' title='bbox 3726 3897 3825 3950; x_wconf 79' lang='grc' dir='ltr'>καὶ</span> 
     </span>
    </p>
   </div>
   <div class='ocr_carea' id='block_1_85' title="bbox 2252 3978 3825 4049">
    <p class='ocr_par' dir='ltr' id='par_1_85' title="bbox 2252 3978 3825 4049">
     <span class='ocr_line' id='line_1_85' title="bbox 2252 3978 3825 4049; baseline 0.007 -20"><span class='ocrx_word' id='word_1_670' title='bbox 2252 3978 2447 4042; x_wconf 73' lang='grc' dir='ltr'>αὐτοὺς</span> <span class='ocrx_word' id='word_1_671' title='bbox 2479 3980 2586 4033; x_wconf 77' lang='grc' dir='ltr'><strong>ἀπὸ</strong></span> <span class='ocrx_word' id='word_1_672' title='bbox 2608 3980 2701 4033; x_wconf 84' lang='grc' dir='ltr'><strong>τοῦ</strong></span> <span class='ocrx_word' id='word_1_673' title='bbox 2736 3981 2921 4049; x_wconf 83' lang='grc' dir='ltr'>φόϐου,</span> <span class='ocrx_word' id='word_1_674' title='bbox 2962 3984 3056 4037; x_wconf 78' lang='grc' dir='ltr'>καὶ</span> <span class='ocrx_word' id='word_1_675' title='bbox 3084 3985 3369 4037; x_wconf 84' lang='grc' dir='ltr'>ἀποτεκεῖν</span> <span class='ocrx_word' id='word_1_676' title='bbox 3403 3986 3465 4038; x_wconf 82' lang='grc' dir='ltr'>τὸ</span> <span class='ocrx_word' id='word_1_677' title='bbox 3498 3985 3631 4039; x_wconf 79' lang='grc' dir='ltr'>αὐτὸ</span> <span class='ocrx_word' id='word_1_678' title='bbox 3659 3985 3825 4040; x_wconf 87' lang='grc' dir='ltr'>πνεῦ-</span> 
     </span>
    </p>
   </div>
   <div class='ocr_carea' id='block_1_86' title="bbox 2256 4070 3824 4148">
    <p class='ocr_par' dir='ltr' id='par_1_86' title="bbox 2256 4070 3824 4148">
     <span class='ocr_line' id='line_1_86' title="bbox 2256 4070 3824 4148; baseline 0.007 -29"><span class='ocrx_word' id='word_1_679' title='bbox 2256 4086 2348 4137; x_wconf 88' lang='grc' dir='ltr'><strong>μα.</strong></span> <span class='ocrx_word' id='word_1_680' title='bbox 2396 4070 2456 4122; x_wconf 89' lang='grc' dir='ltr'>Οί</span> <span class='ocrx_word' id='word_1_681' title='bbox 2507 4071 2613 4141; x_wconf 84' lang='grc' dir='ltr'><strong>γὰρ</strong></span> <span class='ocrx_word' id='word_1_682' title='bbox 2665 4073 2738 4142; x_wconf 85' lang='grc' dir='ltr'>μὴ</span> <span class='ocrx_word' id='word_1_683' title='bbox 2790 4071 2949 4126; x_wconf 85' lang='grc' dir='ltr'>τοῦτο</span> <span class='ocrx_word' id='word_1_684' title='bbox 2995 4072 3251 4148; x_wconf 84' lang='grc' dir='ltr'>λαϐόντες</span> <span class='ocrx_word' id='word_1_685' title='bbox 3294 4076 3429 4147; x_wconf 88' lang='grc' dir='ltr'>μηδὲ</span> <span class='ocrx_word' id='word_1_686' title='bbox 3466 4076 3718 4141; x_wconf 88' lang='grc' dir='ltr'>τεκόντες</span> <span class='ocrx_word' id='word_1_687' title='bbox 3758 4077 3824 4131; x_wconf 77' lang='grc' dir='ltr'>τὸ</span> 
     </span>
    </p>
   </div>
   <div class='ocr_carea' id='block_1_87' title="bbox 2254 4159 3824 4240">
    <p class='ocr_par' dir='ltr' id='par_1_87' title="bbox 2254 4159 3824 4240">
     <span class='ocr_line' id='line_1_87' title="bbox 2254 4159 3824 4240; baseline 0.006 -28"><span class='ocrx_word' id='word_1_688' title='bbox 2254 4159 2469 4231; x_wconf 84' lang='grc' dir='ltr'>πνεῦμα</span> <span class='ocrx_word' id='word_1_689' title='bbox 2500 4162 2599 4233; x_wconf 81' lang='grc' dir='ltr'><strong>τῆς</strong></span> <span class='ocrx_word' id='word_1_690' title='bbox 2628 4163 2919 4234; x_wconf 77' lang='grc' dir='ltr'>σωτηρίας,</span> <span class='ocrx_word' id='word_1_691' title='bbox 2953 4164 3129 4229; x_wconf 82' lang='grc' dir='ltr'>ἄλλως</span> <span class='ocrx_word' id='word_1_692' title='bbox 3161 4165 3218 4219; x_wconf 80' lang='grc' dir='ltr'>δὲ</span> <span class='ocrx_word' id='word_1_693' title='bbox 3249 4166 3431 4235; x_wconf 76' lang='grc' dir='ltr'>ἄγονοι</span> <span class='ocrx_word' id='word_1_694' title='bbox 3456 4168 3550 4221; x_wconf 75' lang='grc' dir='ltr'>καὶ</span> <span class='ocrx_word' id='word_1_695' title='bbox 3581 4168 3824 4240; x_wconf 78' lang='grc' dir='ltr'>ἄκαρποι</span> 
     </span>
    </p>
   </div>
   <div class='ocr_carea' id='block_1_88' title="bbox 2254 4250 3823 4328">
    <p class='ocr_par' dir='ltr' id='par_1_88' title="bbox 2254 4250 3823 4328">
     <span class='ocr_line' id='line_1_88' title="bbox 2254 4250 3823 4328; baseline 0.008 -26"><span class='ocrx_word' id='word_1_696' title='bbox 2254 4250 2546 4320; x_wconf 79' lang='grc' dir='ltr'>γενόμενοι,</span> <span class='ocrx_word' id='word_1_697' title='bbox 2574 4252 2666 4305; x_wconf 75' lang='grc' dir='ltr'><strong>καὶ</strong></span> <span class='ocrx_word' id='word_1_698' title='bbox 2688 4254 3044 4308; x_wconf 78' lang='grc' dir='ltr'>ἐκπεσοῦνται</span> <span class='ocrx_word' id='word_1_699' title='bbox 3064 4259 3164 4327; x_wconf 76' lang='grc' dir='ltr'>τῆς</span> <span class='ocrx_word' id='word_1_700' title='bbox 3188 4258 3339 4328; x_wconf 84' lang='grc' dir='ltr'><strong>παρά</strong></span> <span class='ocrx_word' id='word_1_701' title='bbox 3374 4257 3467 4311; x_wconf 90' lang='grc' dir='ltr'><strong>σοῦ</strong></span> <span class='ocrx_word' id='word_1_702' title='bbox 3501 4256 3712 4323; x_wconf 76' lang='grc' dir='ltr'>ἐλπίδος</span> <span class='ocrx_word' id='word_1_703' title='bbox 3731 4277 3746 4293; x_wconf 91' lang='grc'>·</span> <span class='ocrx_word' id='word_1_704' title='bbox 3769 4262 3823 4314; x_wconf 81' lang='grc' dir='ltr'>οι</span> 
     </span>
    </p>
   </div>
   <div class='ocr_carea' id='block_1_89' title="bbox 595 4334 2147 4422">
    <p class='ocr_par' dir='ltr' id='par_1_89' title="bbox 595 4334 2145 4407">
     <span class='ocr_line' id='line_1_89' title="bbox 595 4334 2145 4407; baseline 0.008 -22"><span class='ocrx_word' id='word_1_705' title='bbox 595 4346 695 4386; x_wconf 87' lang='lat' dir='ltr'><strong>nus</strong></span> <span class='ocrx_word' id='word_1_706' title='bbox 723 4346 883 4387; x_wconf 88' lang='lat' dir='ltr'><strong>omne</strong></span> <span class='ocrx_word' id='word_1_707' title='bbox 908 4334 1143 4388; x_wconf 90' lang='lat' dir='ltr'><strong>tolerant</strong></span> <span class='ocrx_word' id='word_1_708' title='bbox 1169 4374 1185 4398; x_wconf 94' lang='lat'><strong>,</strong></span> <span class='ocrx_word' id='word_1_709' title='bbox 1215 4336 1424 4391; x_wconf 90' lang='lat' dir='ltr'><strong>etiamsi</strong></span> <span class='ocrx_word' id='word_1_710' title='bbox 1463 4354 1634 4407; x_wconf 88' lang='lat' dir='ltr'><strong>usque</strong></span> <span class='ocrx_word' id='word_1_711' title='bbox 1662 4340 1726 4393; x_wconf 87' lang='lat' dir='ltr'><strong>ad</strong></span> <span class='ocrx_word' id='word_1_712' title='bbox 1756 4351 1983 4395; x_wconf 89' lang='lat' dir='ltr'><strong>mortem</strong></span> <span class='ocrx_word' id='word_1_713' title='bbox 2014 4358 2145 4397; x_wconf 90' lang='lat' dir='ltr'><strong>cou-</strong></span> 
     </span>
    </p>
   </div>
   <div class='ocr_carea' id='block_1_90' title="bbox 2252 4334 3823 4422">
    <p class='ocr_par' dir='ltr' id='par_1_90' title="bbox 2253 4340 3823 4422">
     <span class='ocr_line' id='line_1_90' title="bbox 2253 4340 3823 4422; baseline 0.008 -29"><span class='ocrx_word' id='word_1_714' title='bbox 2253 4340 2308 4393; x_wconf 85' lang='grc' dir='ltr'><strong>δέ</strong></span> <span class='ocrx_word' id='word_1_715' title='bbox 2354 4358 2416 4409; x_wconf 83' lang='grc' dir='ltr'><strong>γε</strong></span> <span class='ocrx_word' id='word_1_716' title='bbox 2448 4346 2546 4413; x_wconf 81' lang='grc' dir='ltr'>τῆς</span> <span class='ocrx_word' id='word_1_717' title='bbox 2566 4344 2662 4413; x_wconf 85' lang='grc' dir='ltr'>σῆς</span> <span class='ocrx_word' id='word_1_718' title='bbox 2700 4345 2912 4415; x_wconf 76' lang='grc' dir='ltr'>μερίδος</span> <span class='ocrx_word' id='word_1_719' title='bbox 2935 4346 3110 4411; x_wconf 78' lang='grc' dir='ltr'>ὄντες,</span> <span class='ocrx_word' id='word_1_720' title='bbox 3148 4351 3197 4402; x_wconf 83' lang='grc' dir='ltr'><strong>οί</strong></span> <span class='ocrx_word' id='word_1_721' title='bbox 3228 4348 3315 4401; x_wconf 84' lang='grc' dir='ltr'>διὰ</span> <span class='ocrx_word' id='word_1_722' title='bbox 3348 4350 3407 4402; x_wconf 85' lang='grc' dir='ltr'>σὲ</span> <span class='ocrx_word' id='word_1_723' title='bbox 3440 4351 3619 4403; x_wconf 79' lang='grc' dir='ltr'>πᾶσαν</span> <span class='ocrx_word' id='word_1_724' title='bbox 3644 4350 3823 4422; x_wconf 85' lang='grc' dir='ltr'>θλίψιν</span> 
     </span>
    </p>
   </div>
   <div class='ocr_carea' id='block_1_91' title="bbox 595 4428 2149 4505">
    <p class='ocr_par' dir='ltr' id='par_1_91' title="bbox 595 4428 2149 4505">
     <span class='ocr_line' id='line_1_91' title="bbox 595 4428 2149 4505; baseline 0.01 -31"><span class='ocrx_word' id='word_1_725' title='bbox 595 4432 674 4505; x_wconf 61' lang='lat' dir='ltr'><strong>trs</strong></span> <span class='ocrx_word' id='word_1_726' title='bbox 706 4434 982 4492; x_wconf 88' lang='lat' dir='ltr'><strong>peccatum</strong></span> <span class='ocrx_word' id='word_1_727' title='bbox 1018 4428 1451 4482; x_wconf 78' lang='lat' dir='ltr'><strong>concertaveriut</strong></span> <span class='ocrx_word' id='word_1_728' title='bbox 1474 4468 1490 4494; x_wconf 92' lang='lat'><strong>,</strong></span> <span class='ocrx_word' id='word_1_729' title='bbox 1523 4445 1549 4481; x_wconf 89' lang='lat' dir='ltr'><strong>a</strong></span> <span class='ocrx_word' id='word_1_730' title='bbox 1585 4430 1693 4485; x_wconf 88' lang='lat' dir='ltr'><strong>vita</strong></span> <span class='ocrx_word' id='word_1_731' title='bbox 1720 4473 1735 4499; x_wconf 91' lang='lat'><strong>,</strong></span> <span class='ocrx_word' id='word_1_732' title='bbox 1782 4447 1900 4500; x_wconf 68' lang='lat' dir='ltr'><strong>qua:</strong></span> <span class='ocrx_word' id='word_1_733' title='bbox 1928 4437 2066 4505; x_wconf 86' lang='lat' dir='ltr'><strong>apud</strong></span> <span class='ocrx_word' id='word_1_734' title='bbox 2098 4444 2149 4491; x_wconf 91' lang='lat' dir='ltr'><strong>te</strong></span> 
     </span>
    </p>
   </div>
   <div class='ocr_carea' id='block_1_92' title="bbox 594 4492 1351 4581">
    <p class='ocr_par' dir='ltr' id='par_1_92' title="bbox 594 4492 1351 4581">
     <span class='ocr_line' id='line_1_92' title="bbox 594 4492 1351 4581; baseline 0.007 -16"><span class='ocrx_word' id='word_1_735' title='bbox 594 4492 696 4576; x_wconf 60' lang='lat' dir='ltr'><strong>est,</strong></span> <span class='ocrx_word' id='word_1_736' title='bbox 724 4527 1057 4581; x_wconf 88' lang='lat' dir='ltr'><strong>nequaquam</strong></span> <span class='ocrx_word' id='word_1_737' title='bbox 1084 4516 1351 4571; x_wconf 84' lang='lat' dir='ltr'><strong>labentur.</strong></span> 
     </span>
    </p>
   </div>
   <div class='ocr_carea' id='block_1_93' title="bbox 662 4688 2151 4762">
    <p class='ocr_par' dir='ltr' id='par_1_93' title="bbox 662 4688 2151 4762">
     <span class='ocr_line' id='line_1_93' title="bbox 662 4688 2151 4762; baseline 0.005 -18"><span class='ocrx_word' id='word_1_738' title='bbox 662 4688 829 4745; x_wconf 65' lang='lat' dir='ltr'><strong>Vens.</strong></span> <span class='ocrx_word' id='word_1_739' title='bbox 859 4693 943 4749; x_wconf 71' lang='lat'><strong>19.</strong></span> <span class='ocrx_word' id='word_1_740' title='bbox 995 4712 1013 4745; x_wconf 82' lang='grc' dir='ltr'><strong>ι</strong></span> <span class='ocrx_word' id='word_1_741' title='bbox 1050 4693 1350 4762; x_wconf 85' lang='lat' dir='ltr'><strong>Resurgent</strong></span> <span class='ocrx_word' id='word_1_742' title='bbox 1385 4700 1623 4762; x_wconf 91' lang='lat' dir='ltr'><strong>mortui,</strong></span> <span class='ocrx_word' id='word_1_743' title='bbox 1678 4709 1735 4753; x_wconf 88' lang='lat' dir='ltr'><strong>et</strong></span> <span class='ocrx_word' id='word_1_744' title='bbox 1763 4698 2151 4753; x_wconf 79' lang='lat' dir='ltr'><strong>excitabuntur</strong></span> 
     </span>
    </p>
   </div>
   <div class='ocr_carea' id='block_1_94' title="bbox 592 4787 2144 4864">
    <p class='ocr_par' dir='ltr' id='par_1_94' title="bbox 592 4787 2144 4864">
     <span class='ocr_line' id='line_1_94' title="bbox 592 4787 2144 4864; baseline 0.005 -25"><span class='ocrx_word' id='word_1_745' title='bbox 592 4787 685 4854; x_wconf 84' lang='lat' dir='ltr'><strong>qui</strong></span> <span class='ocrx_word' id='word_1_746' title='bbox 716 4799 838 4842; x_wconf 87' lang='lat' dir='ltr'><strong>sunt</strong></span> <span class='ocrx_word' id='word_1_747' title='bbox 874 4789 927 4842; x_wconf 91' lang='lat' dir='ltr'><strong>in</strong></span> <span class='ocrx_word' id='word_1_748' title='bbox 957 4792 1319 4845; x_wconf 87' lang='lat' dir='ltr'><strong>monumentis</strong></span> <span class='ocrx_word' id='word_1_749' title='bbox 1344 4834 1358 4857; x_wconf 92' lang='lat'><strong>,</strong></span> <span class='ocrx_word' id='word_1_750' title='bbox 1386 4804 1442 4847; x_wconf 89' lang='lat' dir='ltr'><strong>et</strong></span> <span class='ocrx_word' id='word_1_751' title='bbox 1470 4794 1796 4861; x_wconf 60' lang='lat' dir='ltr'><strong>laetabuntur</strong></span> <span class='ocrx_word' id='word_1_752' title='bbox 1819 4794 1910 4864; x_wconf 90' lang='lat' dir='ltr'><strong>qui</strong></span> <span class='ocrx_word' id='word_1_753' title='bbox 1940 4804 2065 4849; x_wconf 88' lang='lat' dir='ltr'><strong>sunt</strong></span> <span class='ocrx_word' id='word_1_754' title='bbox 2090 4796 2144 4847; x_wconf 91' lang='lat' dir='ltr'><strong>in</strong></span> 
     </span>
    </p>
   </div>
   <div class='ocr_carea' id='block_1_95' title="bbox 594 4881 2143 4952">
    <p class='ocr_par' dir='ltr' id='par_1_95' title="bbox 594 4881 2143 4952">
     <span class='ocr_line' id='line_1_95' title="bbox 594 4881 2143 4952; baseline 0.005 -21"><span class='ocrx_word' id='word_1_755' title='bbox 594 4887 736 4932; x_wconf 86' lang='lat' dir='ltr'><strong>terra</strong></span> <span class='ocrx_word' id='word_1_756' title='bbox 769 4896 782 4930; x_wconf 93' lang='lat'><strong>:</strong></span> <span class='ocrx_word' id='word_1_757' title='bbox 816 4893 903 4933; x_wconf 88' lang='lat' dir='ltr'><strong>ros</strong></span> <span class='ocrx_word' id='word_1_758' title='bbox 940 4881 1083 4933; x_wconf 84' lang='lat' dir='ltr'><strong>enim</strong></span> <span class='ocrx_word' id='word_1_759' title='bbox 1115 4921 1131 4946; x_wconf 92' lang='lat'><strong>,</strong></span> <span class='ocrx_word' id='word_1_760' title='bbox 1180 4882 1272 4950; x_wconf 91' lang='lat' dir='ltr'><strong>qui</strong></span> <span class='ocrx_word' id='word_1_761' title='bbox 1305 4898 1331 4935; x_wconf 90' lang='lat' dir='ltr'><strong>a</strong></span> <span class='ocrx_word' id='word_1_762' title='bbox 1369 4892 1420 4938; x_wconf 90' lang='lat' dir='ltr'><strong>te</strong></span> <span class='ocrx_word' id='word_1_763' title='bbox 1449 4894 1569 4946; x_wconf 87' lang='lat' dir='ltr'><strong>est,</strong></span> <span class='ocrx_word' id='word_1_764' title='bbox 1616 4884 1819 4939; x_wconf 79' lang='lat' dir='ltr'><strong>medela</strong></span> <span class='ocrx_word' id='word_1_765' title='bbox 1851 4885 1983 4952; x_wconf 84' lang='lat' dir='ltr'><strong>ipsis</strong></span> <span class='ocrx_word' id='word_1_766' title='bbox 2017 4894 2098 4937; x_wconf 88' lang='lat' dir='ltr'><strong>est</strong></span> <span class='ocrx_word' id='word_1_767' title='bbox 2129 4902 2143 4938; x_wconf 90' lang='lat'>:</span> 
     </span>
    </p>
   </div>
   <div class='ocr_carea' id='block_1_96' title="bbox 594 4969 2147 5043">
    <p class='ocr_par' dir='ltr' id='par_1_96' title="bbox 594 4969 2147 5043">
     <span class='ocr_line' id='line_1_96' title="bbox 594 4969 2147 5043; baseline 0.006 -24"><span class='ocrx_word' id='word_1_768' title='bbox 594 4976 738 5020; x_wconf 88' lang='lat' dir='ltr'><strong>terra</strong></span> <span class='ocrx_word' id='word_1_769' title='bbox 760 4976 939 5021; x_wconf 91' lang='lat' dir='ltr'><strong>autem</strong></span> <span class='ocrx_word' id='word_1_770' title='bbox 972 4969 1256 5039; x_wconf 82' lang='lat' dir='ltr'><strong>impiorum</strong></span> <span class='ocrx_word' id='word_1_771' title='bbox 1299 4974 1477 5027; x_wconf 84' lang='lat' dir='ltr'><strong>cadet.</strong></span> <span class='ocrx_word' id='word_1_772' title='bbox 1535 4993 1553 5025; x_wconf 75' lang='grc' dir='ltr'><strong>ι</strong></span> <span class='ocrx_word' id='word_1_773' title='bbox 1606 4975 1907 5043; x_wconf 72' lang='lat' dir='ltr'><strong>llesurgent</strong></span> <span class='ocrx_word' id='word_1_774' title='bbox 1950 4974 2147 5043; x_wconf 88' lang='lat' dir='ltr'><strong>quippe</strong></span> 
     </span>
    </p>
   </div>
   <div class='ocr_carea' id='block_1_97' title="bbox 594 5058 2145 5134">
    <p class='ocr_par' dir='ltr' id='par_1_97' title="bbox 594 5058 2145 5134">
     <span class='ocr_line' id='line_1_97' title="bbox 594 5058 2145 5134; baseline 0.005 -24"><span class='ocrx_word' id='word_1_775' title='bbox 594 5058 825 5121; x_wconf 84' lang='lat' dir='ltr'><strong>mortui;</strong></span> <span class='ocrx_word' id='word_1_776' title='bbox 851 5058 965 5113; x_wconf 76' lang='lat' dir='ltr'><strong>sive</strong></span> <span class='ocrx_word' id='word_1_777' title='bbox 998 5062 1288 5115; x_wconf 89' lang='lat' dir='ltr'><strong>secundum</strong></span> <span class='ocrx_word' id='word_1_778' title='bbox 1318 5064 1585 5132; x_wconf 86' lang='lat' dir='ltr'><strong>Aquilam,</strong></span> <span class='ocrx_word' id='word_1_779' title='bbox 1618 5082 1635 5113; x_wconf 81' lang='grc' dir='ltr'><strong>ι</strong></span> <span class='ocrx_word' id='word_1_780' title='bbox 1671 5063 1977 5134; x_wconf 83' lang='lat' dir='ltr'><strong>Viventqui</strong></span> <span class='ocrx_word' id='word_1_781' title='bbox 2001 5079 2145 5118; x_wconf 81' lang='lat' dir='ltr'><strong>mor-</strong></span> 
     </span>
    </p>
   </div>
   <div class='ocr_carea' id='block_1_98' title="bbox 598 5148 2146 5228">
    <p class='ocr_par' dir='ltr' id='par_1_98' title="bbox 598 5148 2146 5228">
     <span class='ocr_line' id='line_1_98' title="bbox 598 5148 2146 5228; baseline 0.008 -32"><span class='ocrx_word' id='word_1_782' title='bbox 598 5152 671 5201; x_wconf 80' lang='lat' dir='ltr'><strong>tui</strong></span> <span class='ocrx_word' id='word_1_783' title='bbox 725 5148 935 5211; x_wconf 79' lang='lat' dir='ltr'><strong>fuerant</strong></span> <span class='ocrx_word' id='word_1_784' title='bbox 985 5151 1098 5217; x_wconf 89' lang='lat' dir='ltr'><strong>tui;</strong></span> <span class='ocrx_word' id='word_1_785' title='bbox 1139 5169 1158 5203; x_wconf 72' lang='grc' dir='ltr'><strong>ι</strong></span> <span class='ocrx_word' id='word_1_786' title='bbox 1198 5152 1312 5207; x_wconf 75' lang='lat' dir='ltr'><strong>sive</strong></span> <span class='ocrx_word' id='word_1_787' title='bbox 1359 5156 1649 5210; x_wconf 86' lang='lat' dir='ltr'><strong>secundum</strong></span> <span class='ocrx_word' id='word_1_788' title='bbox 1679 5155 2058 5228; x_wconf 84' lang='lat' dir='ltr'><strong>Symmachum</strong></span> <span class='ocrx_word' id='word_1_789' title='bbox 2092 5165 2146 5211; x_wconf 91' lang='lat' dir='ltr'><strong>et</strong></span> 
     </span>
    </p>
   </div>
   <div class='ocr_carea' id='block_1_99' title="bbox 593 5235 2144 5307">
    <p class='ocr_par' dir='ltr' id='par_1_99' title="bbox 593 5235 2144 5307">
     <span class='ocr_line' id='line_1_99' title="bbox 593 5235 2144 5307; baseline 0.006 -14"><span class='ocrx_word' id='word_1_790' title='bbox 593 5235 1015 5296; x_wconf 76' lang='lat' dir='ltr'><strong>Theodotionem</strong></span> <span class='ocrx_word' id='word_1_791' title='bbox 1041 5282 1055 5307; x_wconf 92' lang='lat'><strong>,</strong></span> <span class='ocrx_word' id='word_1_792' title='bbox 1098 5261 1115 5294; x_wconf 78' lang='grc' dir='ltr'><strong>ι</strong></span> <span class='ocrx_word' id='word_1_793' title='bbox 1155 5242 1345 5297; x_wconf 78' lang='lat' dir='ltr'><strong>Vivent</strong></span> <span class='ocrx_word' id='word_1_794' title='bbox 1378 5248 1571 5300; x_wconf 87' lang='lat' dir='ltr'><strong>mortui</strong></span> <span class='ocrx_word' id='word_1_795' title='bbox 1620 5248 1715 5300; x_wconf 92' lang='lat' dir='ltr'><strong>tui.</strong></span> <span class='ocrx_word' id='word_1_796' title='bbox 1762 5267 1780 5300; x_wconf 74' lang='grc' dir='ltr'><strong>ι</strong></span> <span class='ocrx_word' id='word_1_797' title='bbox 1819 5247 2015 5302; x_wconf 76' lang='lat' dir='ltr'><strong>Mortui</strong></span> <span class='ocrx_word' id='word_1_798' title='bbox 2048 5264 2144 5301; x_wconf 91' lang='lat' dir='ltr'><strong>au-</strong></span> 
     </span>
    </p>
   </div>
   <div class='ocr_carea' id='block_1_100' title="bbox 596 5328 2142 5407">
    <p class='ocr_par' dir='ltr' id='par_1_100' title="bbox 596 5328 2142 5407">
     <span class='ocr_line' id='line_1_100' title="bbox 596 5328 2142 5407; baseline 0.008 -28"><span class='ocrx_word' id='word_1_799' title='bbox 596 5333 702 5379; x_wconf 85' lang='lat' dir='ltr'><strong>tem</strong></span> <span class='ocrx_word' id='word_1_800' title='bbox 731 5328 845 5394; x_wconf 85' lang='lat' dir='ltr'><strong>ejus</strong></span> <span class='ocrx_word' id='word_1_801' title='bbox 870 5331 1089 5399; x_wconf 89' lang='lat' dir='ltr'><strong>quinam</strong></span> <span class='ocrx_word' id='word_1_802' title='bbox 1124 5332 1342 5397; x_wconf 81' lang='lat' dir='ltr'><strong>fuerint,</strong></span> <span class='ocrx_word' id='word_1_803' title='bbox 1376 5336 1478 5389; x_wconf 89' lang='lat' dir='ltr'><strong>nisi</strong></span> <span class='ocrx_word' id='word_1_804' title='bbox 1513 5336 1682 5390; x_wconf 89' lang='lat' dir='ltr'><strong>sancti</strong></span> <span class='ocrx_word' id='word_1_805' title='bbox 1709 5337 1824 5404; x_wconf 83' lang='lat' dir='ltr'><strong>ejus</strong></span> <span class='ocrx_word' id='word_1_806' title='bbox 1854 5347 2142 5407; x_wconf 84' lang='lat' dir='ltr'><strong>martyres,</strong></span> 
     </span>
    </p>
   </div>
   <div class='ocr_carea' id='block_1_101' title="bbox 595 5416 2141 5497">
    <p class='ocr_par' dir='ltr' id='par_1_101' title="bbox 595 5416 2141 5497">
     <span class='ocr_line' id='line_1_101' title="bbox 595 5416 2141 5497; baseline 0.01 -29"><span class='ocrx_word' id='word_1_807' title='bbox 595 5416 687 5485; x_wconf 88' lang='lat' dir='ltr'><strong>qui</strong></span> <span class='ocrx_word' id='word_1_808' title='bbox 721 5418 809 5472; x_wconf 90' lang='lat' dir='ltr'><strong>alii</strong></span> <span class='ocrx_word' id='word_1_809' title='bbox 844 5434 872 5472; x_wconf 87' lang='lat' dir='ltr'><strong>a</strong></span> <span class='ocrx_word' id='word_1_810' title='bbox 900 5422 1170 5489; x_wconf 74' lang='lat' dir='ltr'><strong>praedictis</strong></span> <span class='ocrx_word' id='word_1_811' title='bbox 1191 5424 1416 5481; x_wconf 87' lang='lat' dir='ltr'><strong>mortuis</strong></span> <span class='ocrx_word' id='word_1_812' title='bbox 1444 5436 1592 5493; x_wconf 86' lang='lat' dir='ltr'><strong>sunt,</strong></span> <span class='ocrx_word' id='word_1_813' title='bbox 1620 5426 1685 5483; x_wconf 92' lang='lat' dir='ltr'><strong>de</strong></span> <span class='ocrx_word' id='word_1_814' title='bbox 1709 5427 1907 5497; x_wconf 87' lang='lat' dir='ltr'><strong>quibus</strong></span> <span class='ocrx_word' id='word_1_815' title='bbox 1939 5427 2141 5487; x_wconf 87' lang='lat' dir='ltr'><strong>dictum</strong></span> 
     </span>
    </p>
   </div>
   <div class='ocr_carea' id='block_1_102' title="bbox 666 5591 1125 5662">
    <p class='ocr_par' dir='ltr' id='par_1_102' title="bbox 666 5591 1125 5662">
     <span class='ocr_line' id='line_1_102' title="bbox 666 5591 1125 5662; baseline 0.004 -17"><span class='ocrx_word' id='word_1_816' title='bbox 666 5592 709 5631; x_wconf 70' lang='grc'>⁸⁸</span> <span class='ocrx_word' id='word_1_817' title='bbox 750 5592 787 5646; x_wconf 93' lang='grc' dir='ltr'><strong>ΙΙ</strong></span> <span class='ocrx_word' id='word_1_818' title='bbox 819 5591 938 5648; x_wconf 86' lang='lat' dir='ltr'><strong>Cor.</strong></span> <span class='ocrx_word' id='word_1_819' title='bbox 975 5612 1047 5662; x_wconf 84' lang='lat' dir='ltr'><strong>tv,</strong></span> <span class='ocrx_word' id='word_1_820' title='bbox 1074 5597 1125 5654; x_wconf 83' lang='lat'><strong>9.</strong></span> 
     </span>
    </p>
   </div>
   <div class='ocr_carea' id='block_1_103' title="bbox 2257 4433 3824 4509">
    <p class='ocr_par' dir='ltr' id='par_1_103' title="bbox 2257 4433 3824 4509">
     <span class='ocr_line' id='line_1_103' title="bbox 2257 4433 3824 4509; baseline 0.008 -26"><span class='ocrx_word' id='word_1_821' title='bbox 2257 4433 2658 4501; x_wconf 81' lang='grc' dir='ltr'>ὑπομείναντες,</span> <span class='ocrx_word' id='word_1_822' title='bbox 2725 4437 2773 4487; x_wconf 92' lang='grc' dir='ltr'><strong>εί</strong></span> <span class='ocrx_word' id='word_1_823' title='bbox 2834 4437 2927 4489; x_wconf 76' lang='grc' dir='ltr'>καὶ</span> <span class='ocrx_word' id='word_1_824' title='bbox 2988 4437 3149 4509; x_wconf 79' lang='grc' dir='ltr'>μέχρι</span> <span class='ocrx_word' id='word_1_825' title='bbox 3187 4439 3414 4492; x_wconf 82' lang='grc' dir='ltr'>θανάτου</span> <span class='ocrx_word' id='word_1_826' title='bbox 3465 4440 3824 4507; x_wconf 84' lang='grc' dir='ltr'>ἀγωνίσαιντο</span> 
     </span>
    </p>
   </div>
   <div class='ocr_carea' id='block_1_104' title="bbox 2258 4524 3822 4604">
    <p class='ocr_par' dir='ltr' id='par_1_104' title="bbox 2258 4524 3822 4604">
     <span class='ocr_line' id='line_1_104' title="bbox 2258 4524 3822 4604; baseline 0.006 -29"><span class='ocrx_word' id='word_1_827' title='bbox 2258 4524 2391 4593; x_wconf 82' lang='grc' dir='ltr'>πρὸς</span> <span class='ocrx_word' id='word_1_828' title='bbox 2438 4525 2536 4595; x_wconf 81' lang='grc' dir='ltr'>τὴν</span> <span class='ocrx_word' id='word_1_829' title='bbox 2584 4527 2873 4597; x_wconf 81' lang='grc' dir='ltr'>ἁμαρτίαν,</span> <span class='ocrx_word' id='word_1_830' title='bbox 2929 4528 3178 4599; x_wconf 81' lang='grc' dir='ltr'>οὐδαμῶς</span> <span class='ocrx_word' id='word_1_831' title='bbox 3227 4531 3322 4601; x_wconf 82' lang='grc' dir='ltr'>τῆς</span> <span class='ocrx_word' id='word_1_832' title='bbox 3366 4532 3515 4603; x_wconf 85' lang='grc' dir='ltr'><strong>παρά</strong></span> <span class='ocrx_word' id='word_1_833' title='bbox 3561 4532 3643 4584; x_wconf 84' lang='grc' dir='ltr'>σοὶ</span> <span class='ocrx_word' id='word_1_834' title='bbox 3675 4529 3822 4604; x_wconf 77' lang='grc' dir='ltr'>ζωῆς</span> 
     </span>
    </p>
   </div>
   <div class='ocr_carea' id='block_1_105' title="bbox 2256 4614 2671 4669">
    <p class='ocr_par' dir='ltr' id='par_1_105' title="bbox 2256 4614 2671 4669">
     <span class='ocr_line' id='line_1_105' title="bbox 2256 4614 2671 4669; baseline 0.007 -3"><span class='ocrx_word' id='word_1_835' title='bbox 2256 4614 2671 4669; x_wconf 79' lang='grc' dir='ltr'>ἀποπεσοῦνται.</span> 
     </span>
    </p>
   </div>
   <div class='ocr_carea' id='block_1_106' title="bbox 2330 4709 3823 4786">
    <p class='ocr_par' dir='ltr' id='par_1_106' title="bbox 2330 4709 3823 4786">
     <span class='ocr_line' id='line_1_106' title="bbox 2330 4709 3823 4786; baseline 0.007 -28"><span class='ocrx_word' id='word_1_836' title='bbox 2330 4727 2347 4757; x_wconf 76' lang='grc' dir='ltr'><strong>ι</strong></span> <span class='ocrx_word' id='word_1_837' title='bbox 2400 4709 2813 4779; x_wconf 82' lang='grc' dir='ltr'>Ἀναστήσονται</span> <span class='ocrx_word' id='word_1_838' title='bbox 2839 4713 2889 4764; x_wconf 82' lang='grc' dir='ltr'>οἱ</span> <span class='ocrx_word' id='word_1_839' title='bbox 2920 4714 3121 4783; x_wconf 79' lang='grc' dir='ltr'>νεκροὶ,</span> <span class='ocrx_word' id='word_1_840' title='bbox 3164 4714 3254 4766; x_wconf 76' lang='grc' dir='ltr'>καὶ</span> <span class='ocrx_word' id='word_1_841' title='bbox 3284 4715 3661 4786; x_wconf 82' lang='grc' dir='ltr'>ἐγερθήσονται</span> <span class='ocrx_word' id='word_1_842' title='bbox 3684 4717 3734 4767; x_wconf 79' lang='grc' dir='ltr'>οἱ</span> <span class='ocrx_word' id='word_1_843' title='bbox 3762 4718 3823 4769; x_wconf 80' lang='grc' dir='ltr'><strong>ἐν</strong></span> 
     </span>
    </p>
   </div>
   <div class='ocr_carea' id='block_1_107' title="bbox 2252 4799 3818 4879">
    <p class='ocr_par' dir='ltr' id='par_1_107' title="bbox 2252 4799 3818 4879">
     <span class='ocr_line' id='line_1_107' title="bbox 2252 4799 3818 4879; baseline -0.006 -30"><span class='ocrx_word' id='word_1_844' title='bbox 2252 4799 2361 4873; x_wconf 72' lang='grc' dir='ltr'>τοῖς</span> <span class='ocrx_word' id='word_1_845' title='bbox 2405 4800 2707 4869; x_wconf 86' lang='grc' dir='ltr'>μνημείοις,</span> <span class='ocrx_word' id='word_1_846' title='bbox 2756 4803 2849 4853; x_wconf 72' lang='grc' dir='ltr'>καὶ</span> <span class='ocrx_word' id='word_1_847' title='bbox 2892 4803 3349 4874; x_wconf 74' lang='grc' dir='ltr'>εὐφρανθήσονται</span> <span class='ocrx_word' id='word_1_848' title='bbox 3401 4809 3447 4859; x_wconf 85' lang='grc' dir='ltr'>οἱ</span> <span class='ocrx_word' id='word_1_849' title='bbox 3495 4808 3552 4859; x_wconf 87' lang='grc' dir='ltr'><strong>ἐν</strong></span> <span class='ocrx_word' id='word_1_850' title='bbox 3601 4809 3667 4877; x_wconf 73' lang='grc' dir='ltr'>τῇ</span> <span class='ocrx_word' id='word_1_851' title='bbox 3709 4811 3818 4879; x_wconf 63' lang='grc' dir='ltr'><strong>γῇ.</strong></span> 
     </span>
    </p>
   </div>
   <div class='ocr_carea' id='block_1_108' title="bbox 2254 4888 3821 4968">
    <p class='ocr_par' dir='ltr' id='par_1_108' title="bbox 2254 4888 3821 4968">
     <span class='ocr_line' id='line_1_108' title="bbox 2254 4888 3821 4968; baseline 0.008 -28"><span class='ocrx_word' id='word_1_852' title='bbox 2254 4888 2417 4959; x_wconf 86' lang='grc' dir='ltr'><strong>ήγάρ</strong></span> <span class='ocrx_word' id='word_1_853' title='bbox 2452 4890 2639 4960; x_wconf 75' lang='grc' dir='ltr'>δρόσος</span> <span class='ocrx_word' id='word_1_854' title='bbox 2672 4894 2703 4960; x_wconf 84' lang='grc' dir='ltr'>ἡ</span> <span class='ocrx_word' id='word_1_855' title='bbox 2744 4894 2894 4963; x_wconf 85' lang='grc' dir='ltr'><strong>παρά</strong></span> <span class='ocrx_word' id='word_1_856' title='bbox 2936 4893 3028 4946; x_wconf 87' lang='grc' dir='ltr'><strong>σοῦ</strong></span> <span class='ocrx_word' id='word_1_857' title='bbox 3076 4896 3211 4966; x_wconf 78' lang='grc' dir='ltr'>ἴαμα</span> <span class='ocrx_word' id='word_1_858' title='bbox 3247 4897 3428 4960; x_wconf 78' lang='grc' dir='ltr'>αὐτοῖς</span> <span class='ocrx_word' id='word_1_859' title='bbox 3469 4912 3617 4949; x_wconf 90' lang='grc' dir='ltr'>εστιν</span> <span class='ocrx_word' id='word_1_860' title='bbox 3641 4915 3655 4927; x_wconf 79' lang='grc'><em>’</em></span> <span class='ocrx_word' id='word_1_861' title='bbox 3698 4899 3731 4968; x_wconf 85' lang='grc' dir='ltr'>ἠ</span> <span class='ocrx_word' id='word_1_862' title='bbox 3762 4898 3821 4952; x_wconf 78' lang='grc' dir='ltr'>δὲ</span> 
     </span>
    </p>
   </div>
   <div class='ocr_carea' id='block_1_109' title="bbox 2253 4979 3820 5061">
    <p class='ocr_par' dir='ltr' id='par_1_109' title="bbox 2253 4979 3820 5061">
     <span class='ocr_line' id='line_1_109' title="bbox 2253 4979 3820 5061; baseline 0.008 -31"><span class='ocrx_word' id='word_1_863' title='bbox 2253 4980 2321 5049; x_wconf 77' lang='grc' dir='ltr'>γῆ</span> <span class='ocrx_word' id='word_1_864' title='bbox 2361 4979 2469 5032; x_wconf 83' lang='grc' dir='ltr'>τῶν</span> <span class='ocrx_word' id='word_1_865' title='bbox 2505 4982 2715 5035; x_wconf 75' lang='grc' dir='ltr'>ἀσεϐῶν</span> <span class='ocrx_word' id='word_1_866' title='bbox 2760 4988 3019 5039; x_wconf 85' lang='grc' dir='ltr'>πεσεῖται.</span> <span class='ocrx_word' id='word_1_867' title='bbox 3070 5005 3089 5038; x_wconf 77' lang='grc' dir='ltr'><strong>ι</strong></span> <span class='ocrx_word' id='word_1_868' title='bbox 3153 4988 3570 5060; x_wconf 81' lang='grc' dir='ltr'>Ἀναστήσονται</span> <span class='ocrx_word' id='word_1_869' title='bbox 3611 4989 3723 5061; x_wconf 75' lang='grc' dir='ltr'>γὰρ</span> <span class='ocrx_word' id='word_1_870' title='bbox 3768 4991 3820 5043; x_wconf 73' lang='grc' dir='ltr'><strong>οἱ</strong></span> 
     </span>
    </p>
   </div>
   <div class='ocr_carea' id='block_1_110' title="bbox 2251 5072 3814 5149">
    <p class='ocr_par' dir='ltr' id='par_1_110' title="bbox 2251 5072 3814 5149">
     <span class='ocr_line' id='line_1_110' title="bbox 2251 5072 3814 5149; baseline 0.008 -28"><span class='ocrx_word' id='word_1_871' title='bbox 2251 5072 2449 5141; x_wconf 77' lang='grc' dir='ltr'>νεκροὶ,</span> <span class='ocrx_word' id='word_1_872' title='bbox 2482 5072 2513 5142; x_wconf 85' lang='grc' dir='ltr'><strong>ῆ</strong></span> <span class='ocrx_word' id='word_1_873' title='bbox 2544 5074 2685 5126; x_wconf 85' lang='grc' dir='ltr'><strong>κατά</strong></span> <span class='ocrx_word' id='word_1_874' title='bbox 2712 5074 2801 5127; x_wconf 86' lang='grc' dir='ltr'>τὸν</span> <span class='ocrx_word' id='word_1_875' title='bbox 2846 5076 3091 5141; x_wconf 83' lang='grc' dir='ltr'>Ἀκύλαν,</span> <span class='ocrx_word' id='word_1_876' title='bbox 3135 5099 3152 5129; x_wconf 77' lang='grc' dir='ltr'><strong>ι</strong></span> <span class='ocrx_word' id='word_1_877' title='bbox 3192 5080 3452 5149; x_wconf 85' lang='grc' dir='ltr'>Ζήσονται</span> <span class='ocrx_word' id='word_1_878' title='bbox 3484 5081 3533 5133; x_wconf 79' lang='lat' dir='ltr'><strong>oi</strong></span> <span class='ocrx_word' id='word_1_879' title='bbox 3585 5080 3814 5133; x_wconf 80' lang='grc' dir='ltr'>τεθνεῶ-</span> 
     </span>
    </p>
   </div>
   <div class='ocr_carea' id='block_1_111' title="bbox 2250 5160 3818 5237">
    <p class='ocr_par' dir='ltr' id='par_1_111' title="bbox 2250 5160 3818 5237">
     <span class='ocr_line' id='line_1_111' title="bbox 2250 5160 3818 5237; baseline 0.008 -27"><span class='ocrx_word' id='word_1_880' title='bbox 2250 5160 2339 5222; x_wconf 85' lang='grc' dir='ltr'>τές</span> <span class='ocrx_word' id='word_1_881' title='bbox 2380 5177 2493 5224; x_wconf 85' lang='grc' dir='ltr'>σου,</span> <span class='ocrx_word' id='word_1_882' title='bbox 2546 5180 2563 5212; x_wconf 88' lang='grc'><strong>›</strong></span> <span class='ocrx_word' id='word_1_883' title='bbox 2604 5163 2637 5231; x_wconf 87' lang='grc' dir='ltr'>ἢ</span> <span class='ocrx_word' id='word_1_884' title='bbox 2679 5163 2818 5217; x_wconf 78' lang='grc' dir='ltr'>κατὰ</span> <span class='ocrx_word' id='word_1_885' title='bbox 2857 5166 2947 5218; x_wconf 81' lang='grc' dir='ltr'>τὸν</span> <span class='ocrx_word' id='word_1_886' title='bbox 2989 5166 3282 5237; x_wconf 87' lang='grc' dir='ltr'>Σύμμαχον</span> <span class='ocrx_word' id='word_1_887' title='bbox 3324 5169 3421 5221; x_wconf 67' lang='grc' dir='ltr'>καὶ</span> <span class='ocrx_word' id='word_1_888' title='bbox 3466 5167 3818 5231; x_wconf 86' lang='grc' dir='ltr'>Θεοδοτίωνα,</span> 
     </span>
    </p>
   </div>
   <div class='ocr_carea' id='block_1_112' title="bbox 2256 5252 3819 5331">
    <p class='ocr_par' dir='ltr' id='par_1_112' title="bbox 2256 5252 3819 5331">
     <span class='ocr_line' id='line_1_112' title="bbox 2256 5252 3819 5331; baseline 0.008 -32"><span class='ocrx_word' id='word_1_889' title='bbox 2256 5269 2275 5299; x_wconf 84' lang='grc'><strong><em>‹</em></strong></span> <span class='ocrx_word' id='word_1_890' title='bbox 2318 5252 2574 5322; x_wconf 82' lang='grc' dir='ltr'>Ζήσονται</span> <span class='ocrx_word' id='word_1_891' title='bbox 2621 5256 2669 5305; x_wconf 78' lang='grc' dir='ltr'>οἱ</span> <span class='ocrx_word' id='word_1_892' title='bbox 2706 5258 2885 5329; x_wconf 79' lang='grc' dir='ltr'>νεκροί</span> <span class='ocrx_word' id='word_1_893' title='bbox 2932 5275 3046 5311; x_wconf 84' lang='grc' dir='ltr'>σου.</span> <span class='ocrx_word' id='word_1_894' title='bbox 3082 5278 3100 5310; x_wconf 74' lang='grc' dir='ltr'><strong>ι</strong></span> <span class='ocrx_word' id='word_1_895' title='bbox 3144 5259 3346 5331; x_wconf 80' lang='grc' dir='ltr'>Νεκροὶ</span> <span class='ocrx_word' id='word_1_896' title='bbox 3387 5259 3444 5312; x_wconf 81' lang='grc' dir='ltr'>δὲ</span> <span class='ocrx_word' id='word_1_897' title='bbox 3477 5259 3640 5312; x_wconf 82' lang='grc' dir='ltr'>αὐτοῦ</span> <span class='ocrx_word' id='word_1_898' title='bbox 3674 5260 3819 5324; x_wconf 82' lang='grc' dir='ltr'>τίνες</span> 
     </span>
    </p>
   </div>
   <div class='ocr_carea' id='block_1_113' title="bbox 2251 5337 3817 5422">
    <p class='ocr_par' dir='ltr' id='par_1_113' title="bbox 2251 5337 3817 5422">
     <span class='ocr_line' id='line_1_113' title="bbox 2251 5337 3817 5422; baseline 0.008 -31"><span class='ocrx_word' id='word_1_899' title='bbox 2251 5340 2316 5391; x_wconf 84' lang='grc' dir='ltr'>ἂν</span> <span class='ocrx_word' id='word_1_900' title='bbox 2347 5337 2475 5404; x_wconf 74' lang='grc' dir='ltr'>εἷεν,</span> <span class='ocrx_word' id='word_1_901' title='bbox 2523 5343 2555 5413; x_wconf 81' lang='grc' dir='ltr'>ἢ</span> <span class='ocrx_word' id='word_1_902' title='bbox 2604 5347 2649 5396; x_wconf 86' lang='grc' dir='ltr'><strong>οί</strong></span> <span class='ocrx_word' id='word_1_903' title='bbox 2701 5346 2843 5415; x_wconf 76' lang='grc' dir='ltr'>ἅγιοι</span> <span class='ocrx_word' id='word_1_904' title='bbox 2890 5348 3052 5403; x_wconf 83' lang='grc' dir='ltr'>αὑτοῦ</span> <span class='ocrx_word' id='word_1_905' title='bbox 3105 5349 3398 5422; x_wconf 83' lang='grc' dir='ltr'>μάρτυρες,</span> <span class='ocrx_word' id='word_1_906' title='bbox 3443 5349 3618 5422; x_wconf 66' lang='grc' dir='ltr'>ἕτεροι</span> <span class='ocrx_word' id='word_1_907' title='bbox 3666 5350 3817 5414; x_wconf 74' lang='grc' dir='ltr'>ὄντες</span> 
     </span>
    </p>
   </div>
   <div class='ocr_carea' id='block_1_114' title="bbox 2254 5432 3817 5513">
    <p class='ocr_par' dir='ltr' id='par_1_114' title="bbox 2254 5432 3817 5513">
     <span class='ocr_line' id='line_1_114' title="bbox 2254 5432 3817 5513; baseline 0.007 -29"><span class='ocrx_word' id='word_1_908' title='bbox 2254 5432 2402 5505; x_wconf 81' lang='grc' dir='ltr'><strong>παρά</strong></span> <span class='ocrx_word' id='word_1_909' title='bbox 2432 5434 2557 5496; x_wconf 68' lang='grc' dir='ltr'>τοὺς</span> <span class='ocrx_word' id='word_1_910' title='bbox 2593 5434 2873 5506; x_wconf 79' lang='grc' dir='ltr'>λεχθέντας</span> <span class='ocrx_word' id='word_1_911' title='bbox 2904 5442 3147 5510; x_wconf 78' lang='grc' dir='ltr'>νεκροὺς,</span> <span class='ocrx_word' id='word_1_912' title='bbox 3186 5442 3310 5513; x_wconf 76' lang='grc' dir='ltr'>περὶ</span> <span class='ocrx_word' id='word_1_913' title='bbox 3342 5433 3415 5497; x_wconf 81' lang='grc' dir='ltr'><strong>ὧν</strong></span> <span class='ocrx_word' id='word_1_914' title='bbox 3446 5440 3651 5513; x_wconf 72' lang='grc' dir='ltr'>εἴρητοο</span> <span class='ocrx_word' id='word_1_915' title='bbox 3690 5461 3711 5496; x_wconf 80' lang='lat' dir='ltr'><strong>t</strong></span> <span class='ocrx_word' id='word_1_916' title='bbox 3754 5441 3817 5495; x_wconf 82' lang='lat' dir='ltr'><strong>0i</strong></span> 
     </span>
    </p>
   </div>
  </div>
