4042 6416
207 297 310 353 377

1128 295 1634 355 ΕΟΜΜΕΝΤΑΒΙΑ
1673 296 1741 352 ΙΝ
1778 296 2040 361 ISAIAM.
2082 289 2167 341 —-‘
2191 298 2347 355 CAP.
2388 298 2579 355 XXVI.

3359 300 3465 355 278

208 411 261 465 δὶ
295 412 482 481 νεκροὶ
506 411 649 483 ζωὴν
678 413 737 465 06
770 414 846 483 μὴ
879 412 1079 477 ῐδωσιν,
1108 413 1229 467 οὐδὲ
1264 416 1440 484 ἰατροὶ
1466 415 1525 467 06
1562 415 1634 485 μὴ
1669 414 1787 467 ἀνα-

1895 415 2090 481 l‘uerat,
2127 434 2147 467 1
2190 414 2387 471 Μαι·ιυί
2415 425 2598 470 autem
2645 414 2809 468 vitam
2838 429 2943 471 non
2980 414 3256 479 videbunt,
3291 431 3466 485 neque

213 503 543 573 στήσονται;
575 521 594 553 1
641 502 776 554 'A11’
803 504 1000 555 ἐκεῖνοι
1030 504 1128 574 μὲν
1156 500 1297 574 ἦσαν
1329 506 1530 574 νεκροὶ,
1559 504 1627 556 τά
1653 504 1789 575 πρὸς

208 592 436 645 θάνατον
458 594 859 663 ἡμαρτηκότες,
891 596 939 646 oi
967 594 1023 646 δέ
1056 594 1238 664 νεκροὶ
1274 595 1372 648 τοῦ
1405 594 1608 666 Κυρίου
1642 596 1690 646 οί
1721 593 1787 647 δι’

206 683 369 735 αὑτὸν
403 684 581 736 πᾶσαν
612 682 790 751 θλίψιν
819 684 922 748 ἓως
954 684 1182 739 θάνατον
1215 685 1595 755 ὑπομένοντες.
1646 686 1789 737 ’Δντὶ

202 772 261 827 δέ
286 772 406 838 τοῦ,
445 791 465 824 1
509 774 915 845 ἐγερθήσονται,
958 794 975 827 1
1012 777 1062 828 oi
1095 775 1274 829 λοιποὶ
1305 778 1675 848 ἡρμήνευσαν,
1714 777 1791 841 ὡς

204 864 584 936 κοιμηθέντων
617 865 817 930 αὐτῶν,
851 868 971 938 οὐχὶ
1015 868 1073 921 δέ
1111 867 1443 923 τεθνεώτων.
1479 870 1570 921 Διὸ
1612 870 1641 921 0
1680 867 1789 921 τῶν

202 954 375 1022 ἀγίων
409 954 637 1020 Θάνατος
682 958 939 1028 κοίμησις
971 958 1314 1029 ὀνομάζεται.
1356 958 1687 1023 ’Δκολούθως
1729 959 1789 1012 δὲ

201 1048 268 1117 τῇ
298 1048 555 1117 κοιμήσει
580 1050 613 1119 ὴ
639 1049 935 1113 ἀνάστασις
966 1049 1298 1121 ἐξυπνισμὸς
1324 1050 1391 1105 ἂν
1424 1050 1660 1121 λεχθείη.
1698 1051 1789 1103 Διὸ

202 1136 347 1191 κατά
389 1140 519 1202 τοὺς
563 1139 781 1204 λοιποὺς
818 1140 1157 1211 ἐρμηνευτάς
1200 1141 1691 1213 ἐξυπνισθήσεσθαι
1738 1142 1789 1196 oi

197 1228 260 1281 ιν
290 1232 407 1293 τοῖς
443 1229 722 1301 μνημείοις
754 1230 897 1285 κατά
922 1231 983 1285 τὸ
1011 1232 1225 1305 πρῶτον
1257 1234 1529 1305 εἴρηνται·
1558 1233 1701 1288 κατά
1731 1236 1789 1289 δέ

198 1320 263 1371 10
288 1318 566 1391 δεύτερον,
596 1340 613 1373 1
636 1321 1073 1390 ἀγαλλιάσονται,
1113 1340 1134 1376 1
1167 1324 1201 1393 ἢ
1228 1344 1248 1377 1
1278 1324 1572 1388 αἰνέσουσι,
1602 1345 1622 1377 1
1649 1325 1790 1379 κατὰ

196 1409 292 1463 16v
328 1410 632 1482 ’Δκύλαν,ἢ
660 1430 680 1462 ι
708 1413 1049 1480 ἀλαλάξουσι,
1088 1434 1107 1466 1
1133 1415 1274 1468 κατά
1315 1416 1408 1469 τὸν
1439 1415 1783 1471 Θεοδοτίωνα.

200 1500 406 1571 Δρόσος
439 1501 472 1571 ἡ
504 1501 597 1555 ἐπὶ
627 1504 728 1575 γῆς
757 1504 1017 1557 κατιοῦσα
1054 1506 1237 1577 ἠρέμα
1266 1495 1573 1577 καῖπράως
1598 1507 1788 1579 ἐκτρέ-

199 1607 293 1659 «per.
322 1591 416 1644 καὶ
440 1589 623 1659 αὔξειν
644 1594 877 1647 ποιείτά
900 1594 1294 1665 ἐναποκείμενα
1312 1597 1449 1667 αὐτῇ
1479 1597 1783 1667 σπέρματα⁶

197 1680 292 1735 ’σὺν
317 1682 483 1736 αὐτὸν
515 1683 716 1754 τρόπον
746 1688 779 1755 ἡ
813 1685 963 1756 παρά
990 1686 1084 1740 σοῦ
1116 1686 1304 1757 δρόσος
1342 1688 1478 1758 ταμα
1511 1689 1606 1740 καὶ
1643 1689 1787 1759 ζωὴν

198 1770 295 1825 καὶ
329 1771 607 1842 σωτηρίαν
644 1773 867 1844 παρέξει
898 1778 1010 1839 τοῖς
1044 1777 1152 1839 σοῖς
1186 1779 1418 1847 νεκροῖς,
1450 1769 1526 1830 ὧν
1582 1787 1647 1829 τα
1680 1776 1787 1829 σώ-
1819 1766 1861 1818 Β

201 1876 353 1931 ματα
398 1860 543 1926 κατά
572 1864 764 1934 καιρὸν
800 1866 893 1918 ἐπὶ
940 1866 1041 1935 τῆς
1071 1865 1176 1936 γῆς
1204 1859 1442 1938 ἐσπάρη.
1483 1867 1597 1920 Οὐκ
1629 1866 1695 1920 ἂν
1728 1867 1787 1920 δὲ

198 1950 475 2023 ἁμάρτοις
498 1953 660 2007 αὑτὸν
688 1951 828 2009 εἶναι
857 1956 1043 2027 δρόσον
1064 1956 1238 2023 λέγων
1272 1956 1365 2009 τὸν
1400 1957 1663 2027 μονογενῆ
1696 1958 1789 2011 τοῦ

195 2041 335 2095 Θεοῦ
379 2043 574 2111 Λόγον,
626 2045 706 2112 ὃς,
752 2046 1049 2111 ἐπιστάξας
1095 2045 1194 2110 τάς
1245 2047 1439 2100 ἑαυτοῦ
1492 2048 1791 2112 ζωοποιοὺς

202 2131 477 2197 σταγόνας
506 2135 619 2198 τοῖς
647 2134 813 2187 06106
844 2136 1076 2206 νεκροῖς,
1111 2133 1247 2205 ὁμοῦ
1292 2136 1387 2188 1101
1439 2135 1581 2189 ῐασιν
1615 2137 1793 2207 ἁμαρ-

195 2223 481 2293 τημάτων,
504 2226 558 2278 εί
584 2226 685 2279 πού
716 2243 770 2280 τι
802 2228 982 2291 αὐτοῖς
1001 2227 1118 2281 κατ’
1145 2226 1433 2298 ἄνθρωπον
1464 2228 1791 2298 πεπλημμέ-

195 2312 351 2383 λητο,
405 2312 632 2385 παρέξει
680 2315 816 2385 ὁμοῦ
863 2317 959 2370 καὶ
1010 2315 1311 2370 ἀνάστασιν
1355 2317 1449 2369 καὶ
1492 2318 1787 2389 σωτηρίαν,

198 2404 299 2458 καὶ
347 2402 495 2475 ζωὴν
531 2403 749 2459 αἰώνιον
797 2407 979 2471 αὐτοῖς
1019 2408 1321 2480 δωρήσεται
1345 2425 1358 2438 ο
1407 2407 1522 2462 ἀλλ’
1554 2408 1673 2480 οὐχὶ
1720 2409 1790 2463 τά

197 2491 311 2548 τῶν
338 2492 558 2550 ἀσεϐῶν
591 2496 837 2551 τοιαῦτα.

276 2692 299 2727 1
322 2670 518 2737 Βάδιζε
540 2713 555 2738 ,
582 2673 613 2727 0
640 2672 767 2739 λαός
802 2692 925 2747 μουο
960 2676 1166 2732 εἴσελθε
1195 2678 1275 2741 είς
1300 2677 1368 2731 τά
1386 2678 1610 2749 ταμιεῖά
1636 2694 1747 2731 σου·
1764 2696 1783 2730 1

204 2763 283 2837 μὴ
313 2763 683 2836 περιεργάζου
713 2766 784 2821 τά
814 2769 1151 2842 πορρωτάτω
1174 2771 1511 2841 τυγχάνοντα
1542 2770 1649 2823 τῶν
1680 2771 1789 2823 σῶν

194 2858 486 2929 ταμιείων.
510 2876 529 2909 1
553 2860 896 2914 ’Δπόκλεισον
936 2861 1035 2933 τὴν
1084 2861 1253 2933 θύραν
1287 2878 1412 2915 000'
1448 2861 1788 2933 ἀποκρύϐηθι

200 2948 405 3021 μικρὸν
432 2951 576 3029 ὅσον,
599 2952 703 3016 ἕως
727 2951 793 3006 ἀν
826 2953 1071 3026 παρέλθῃ
1090 2956 1124 3025 ἠ
1156 2953 1293 3025 ὀργὴ
1320 2955 1544 3027 Κυρίου.
1577 2974 1596 3004 1
1634 2952 1788 3008 Μετὰ

196 3043 301 3115 τὴν
346 3041 698 3097 διδασκαλίαν
733 3044 833 3116 τῆς
872 3044 981 3098 τῶν
1020 3044 1231 3116 νεκρῶν
1278 3044 1650 3109 ἀναστάσεως,
1708 3045 1785 3108 ὡς

200 3134 580 3209 περιεστῶτας
641 3135 969 3209 ἔμπροσθεν,
1040 3136 1135 3190 καὶ
1190 3138 1283 3190 ἐπὶ
1342 3136 1405 3189 τὸ
1464 3136 1594 3190 0610
1648 3136 1788 3208 μετά

202 3227 307 3300 τὴν
354 3228 649 3283 ἀνάστασιν
694 3229 1063 3300 συνηγμένους
1102 3228 1228 3293 τοὺς
1274 3228 1462 3297 ἁγίους
1508 3228 1603 3281 τοῦ
1651 3227 1786 3282 Θεοῦ

197 3320 544 3392 θεασάμενον
584 3321 647 3374 τὸ
696 3321 912 3391 πνεῦμα
967 3321 1029 3373 τὸ
1078 3321 1435 3392 προψητικδν,
1488 3320 1678 3374 ἔπειτα
1729 3321 1790 3386 ἐξ

198 3412 391 3482 ἐτέρου
427 3412 625 3483 μέρους
655 3412 754 3483 τὴν
786 3411 1045 3465 ἐπιοῦσαν
1070 3414 1184 3475 τοῖς
1210 3410 1461 3465 ἀσεϐέσιν
1491 3412 1659 3483 ὀργὴν
1687 3430 1787 3465 κα-

199 3500 498 3571 τανοῆσαν,
528 3499 601 3571 τῷ
632 3501 874 3573 τάγματι
900 3500 1009 3554 τῶν
1037 3500 1205 3569 ἁγίων
1236 3504 1547 3573 προσφωνεῖ
1579 3502 1789 3572 ἀποχω-

202 3594 321 3662 ρσῖν
356 3592 496 3665 πρὸς
542 3592 716 3664 βραχὺ
748 3593 842 3646 τοῦ
876 3593 1091 3665 μακρὰν
1129 3593 1489 3664 κρύπτεσθαι,
1526 3594 1601 3658 ὼς
1652 3595 1785 3664 μηδὲ

202 3681 445 3753 θεωροὺς
488 3682 590 3751 τῆς
626 3682 735 3736 τῶν
779 3682 990 3736 ἀσεϐῶν
1033 3682 1279 3752 γίνεσθαι
1330 3683 1627 3746 ἀπωλείας.
1678 3683 1786 3737 Τα-

204 3775 359 3844 μιεῐα
383 3772 441 3825 δὲ
468 3772 565 3826 τοῦ
596 3772 725 3827 λαοῦ
749 3773 843 3827 τοῦ
864 3774 997 3827 Θεοῦ
1023 3775 1079 3827 αἱ
1113 3774 1306 3827 1101101
1331 3773 1482 3845 παρὰ
1506 3774 1584 3843 τῷ
1612 3774 1786 3846 H0191

199 3864 531 3934 τυγχάνουσι
569 3866 756 3936 μοναὶ,
783 3866 998 3935 ἑκάστῳ
1029 3866 1269 3936 τάγματι
1300 3866 1407 3919 τῶν
1443 3866 1612 3933 ἁγίων
1647 3866 1789 3920 κατὰ

198 3954 422 4009 δικαίαν
454 3955 591 4009 Θεοῦ
642 3957 821 4028 κρίσιν
854 3958 1251 4029 ἀφωρισμέναι.
1287 3957 1381 4020 Εἰς
1415 3957 1565 4009 ταῦτ’
1598 3953 1691 4009 οὖν
1720 3957 1788 4010 τά

203 4048 290 4099 σοὶ
310 4050 803 4118 παρεσκευασμένα
832 4050 1056 4119 ταμιεῖα
1084 4066 1199 4113 σου,
1224 4052 1407 4119 φησὶν,
1430 4052 1459 4103 0
1482 4048 1612 4119 ἐμὸς
1637 4048 1785 4111 λαὸς,

199 4136 435 4200 εἴσελθε,
468 4138 563 4191 x01
599 4138 919 4193 ἀπόκλεισον
948 4139 1049 4210 τὴν
1082 4138 1250 4210 θύραν
1284 4157 1399 4193 σου.

279 4245 300 4279 1
350 4226 486 4281 Ἰδοὺ
515 4228 624 4299 γὰρ
656 4229 861 4300 Κύριος
892 4230 1000 4283 ἀπὸ
1030 4229 1121 4282 τοῦ
1152 4231 1308 4299 ἀγίου
1342 4233 1537 4300 ἐπάγει
1565 4231 1663 4302 τὴν
1698 4231 1785 4301 ὀρο

200 4319 309 4393 γὴν
341 4320 438 4372 ἐπὶ
474 4321 601 4383 τοὺς
632 4320 973 4384 ἐνοικοῦντας
1006 4323 1097 4375 ἐπὶ
1124 4322 1223 4392 τῆς
1250 4322 1374 4391 γῆς.
1414 4342 1432 4373 1
1472 4321 1783 4393 Παρελθού-

1893 506 2084 559 medici
2110 504 2486 560 suscitabunt?
2517 524 2537 557 1
2571 504 2677 559 Sed
2708 503 2781 558 illi
2811 504 3031 573 quidem
3063 505 3258 558 mortui
3286 516 3466 571 erant,

1890 596 1982 666 qui
2012 596 2079 649 ad
2110 606 2339 651 mortem
2373 605 2754 667 peccaverant.
2800 595 2996 651 Μοτιυί
3037 606 3216 652 autem
3250 598 3464 654 Domini

1888 698 2016 745 sunt
2059 687 2096 742 ii
2130 688 2222 758 qui
2262 695 2489 760 propter
2547 702 2671 743 eum
2704 702 2921 743 omnem
2972 686 3341 744 calamitatem
3392 690 3463 744 ad

1890 788 2122 835 mortem
2153 794 2324 848 usque
2352 788 2484 835 sunt
2527 778 2794 850 perpessi.
2826 777 2937 835 Pro
2963 777 3055 832 illo
3086 787 3292 845 autem,
3324 798 3343 832 ι
3374 794 3467 835 ex-

1887 872 2221 936 citabuntur,
2252 890 2270 923 1
2293 870 2485 943 reliqui
2517 871 2967 941 interpretantur,
2995 886 3061 927 ac
3083 873 3131 927 si
3163 871 3464 939 dormiant,

1846 1008 1849 1011 .
1890 978 1955 1018 ac
1977 979 2084 1017 non
2122 962 2321 1018 mortui
2368 962 2500 1017 sint.
2536 960 2899 1029 Quamobrem
2933 970 3246 1019 sanctorum
3277 977 3464 1029 mors,

1890 1068 2114 1109 somnus
2146 1052 2470 1125 appellatur.
2505 1054 2917 1124 Consequenter
2970 1064 3156 1110 autem
3202 1054 3273 1109 ad
3321 1068 3468 1109 som-

1892 1161 2042 1211 num,
2072 1144 2425 1213 resurrectio,
2460 1145 2803 1213 experrectio
2834 1159 2956 1201 esse
2977 1145 3209 1200 dicatur.
3266 1143 3467 1211 Quam-

1889 1237 2077 1293 obrem
2116 1237 2414 1292 secundum
2445 1236 2683 1306 reliquos
2712 1237 3038 1307 interpretes
3065 1276 3081 1303 ,
3114 1244 3468 1306 experrectu-

1892 1344 1985 1384 ros
2018 1343 2141 1383 esse
2192 1331 2284 1397 qui
2342 1329 2393 1383 in
2446 1328 2811 1384 monumentis
2845 1336 2973 1383 sunt
3014 1328 3194 1396 primo
3226 1326 3465 1393 dicitur;

1890 1420 2129 1475 secundo
2157 1427 2335 1474 autem
2372 1437 2390 1471 1
2427 1418 2788 1487 laetabuntur;
2828 1437 2846 1471 1
2886 1419 3023 1485 sive,
3048 1436 3069 1470 1
3094 1416 3408 1482 laudabunt,
3442 1434 3463 1469 1

1892 1522 1950 1565 ut
1980 1510 2209 1578 Aquila;
2258 1510 2396 1577 sive,
2432 1528 2450 1562 1
2485 1510 2819 1579 jubilabunt,
2860 1529 2878 1563 1
2921 1519 2979 1564 ut
3013 1508 3310 1565 Tbeodotio
3341 1525 3468 1563 ver-

1892 1600 1977 1655 tit.
2015 1599 2125 1655 Ros
2158 1608 2339 1655 autem
2370 1600 2424 1654 in
2450 1610 2649 1655 terram
2687 1600 2967 1670 delapsus,
3004 1600 3204 1654 sensim
3234 1598 3469 1669 placide-

1890 1708 1997 1763 que
2026 1694 2222 1762 injecta
2254 1693 2327 1747 ibi
2352 1693 2558 1748 semina
2587 1693 2793 1747 enutrit
2838 1701 2892 1747 et
2937 1706 3251 1748 accrescere
3288 1690 3463 1745 iacit:

1891 1784 2192 1852 eodemque
2223 1784 2382 1839 modo
2412 1797 2502 1839 ros
2544 1785 2641 1839 abs
2678 1793 2728 1838 te
2760 1783 3035 1853 prodiens,
3070 1783 3354 1850 medelam,
3382 1783 3465 1837 vi-

1895 1883 2001 1928 tam
2029 1885 2085 1929 et
2116 1875 2344 1930 salutem
2378 1875 2609 1929 mortuis
2656 1873 2845 1930 aﬂ‘eret
2883 1876 2987 1929 tuis
3012 1916 3026 1941 ,
3078 1889 3307 1945 quorum
3340 1889 3463 1929 cor-

1890 1980 2020 2035 pora
2054 1967 2219 2022 variis
2247 1968 2581 2036 temporibus
2628 1967 2681 2020 in
2713 1976 2914 2021 terram
2951 1967 3093 2021 velut
3122 1967 3329 2022 semina
3378 1966 3469 2035 ja-

1892 2064 1979 2109 cta
2016 2055 2234 2109 fuerint.
2274 2054 2459 2125 Neque
2493 2071 2657 2125 porro
2696 2056 3037 2113 aberraveris
3062 2096 3078 2121 ,
3112 2056 3161 2111 si
3206 2058 3357 2112 dicas
3386 2057 3469 2127 ip-

1891 2162 2010 2200 sum
2046 2147 2383 2216 unigenitum
2415 2147 2511 2203 Dei
2548 2146 2782 2202 Verbum
2813 2163 2987 2203 rorem
3010 2163 3151 2214 esse,
3184 2148 3327 2219 quod
3348 2158 3467 2219 gut-

1893 2236 2034 2290 tulas
2059 2250 2187 2291 suas
2218 2236 2449 2292 martuis
2478 2235 2591 2291 suis
2629 2234 2897 2291 instillare
2926 2235 3136 2291 faciens
3160 2279 3176 2303 ,
3222 2251 3329 2289 una
3383 2249 3469 2290 re-

1891 2327 2128 2381 medium
2159 2327 2421 2397 peccatis,
2447 2327 2491 2381 si
2530 2326 2662 2396 quid
2690 2327 2761 2382 ab
2788 2327 2897 2382 illis
2925 2328 3239 2383 humanitus
3275 2341 3468 2397 pecca-

1894 2428 2004 2471 tum
2032 2458 2048 2482 ,
2093 2434 2157 2473 ac
2186 2418 2646 2473 resurrectionem
2670 2457 2685 2483 ,
2720 2418 2950 2474 salutem
2980 2428 3035 2473 et
3069 2421 3236 2473 vitam
3266 2418 3467 2489 sempi-

1892 2521 2103 2565 ternam
2138 2511 2268 2579 ipsis
2300 2507 2561 2566 conferet.
2591 2509 2664 2564 At
2696 2524 2785 2565 res
2819 2509 3106 2581 impiorum
3134 2524 3243 2565 non
3276 2511 3467 2567 eodem

1890 2603 2050 2659 modo
2073 2619 2134 2658 se
2166 2604 2387 2660 habent.
2998 2650 3001 2653 -

1964 2696 2130 2752 Vsus.
2158 2696 2247 2751 20.
2285 2714 2307 2748 1
2348 2696 2515 2763 Vade,
2545 2696 2778 2766 populus
2824 2710 2979 2751 meus
3011 2716 3025 2751 ι
3059 2694 3202 2751 intra
3236 2694 3470 2769 incubi-

1891 2788 2013 2844 cula
2046 2798 2177 2855 tua;
2214 2807 2234 2842 1
2274 2804 2341 2844 ne
2374 2790 2645 2846 curiosius
2690 2790 2936 2858 inquiras
2979 2803 3043 2843 ea
3072 2829 3088 2853 ,
3117 2804 3238 2857 quae
3282 2788 3469 2857 procul

1892 2879 2156 2934 cubiculis
2208 2881 2315 2934 tuis
2359 2889 2667 2936 versantur.
2720 2896 2741 2932 1
2793 2876 3000 2935 Claude
3035 2878 3233 2932 ostium
3270 2887 3417 2931 tuum
3450 2897 3466 2930 :

1892 2970 2231 3027 abscondere
2306 2971 2582 3042 paululum
2653 2969 3186 3041 quantulumcunque
3221 3007 3239 3035 ,
3296 2970 3471 3025 donec

1815 3108 1857 3165 ο
1894 3070 2242 3131 pertranseat
2265 3066 2347 3121 ira
2376 3061 2615 3119 Domini.
2657 3080 2677 3115 1
2713 3061 2841 3118 Post
2877 3059 3095 3116 allatam
3123 3060 3190 3115 de
3226 3075 3469 3116 resurre-

1893 3155 2077 3209 ctione
2138 3167 2481 3212 mortuorum
2530 3155 2861 3219 doctrinam,
2907 3164 3126 3209 sanctos
3178 3152 3321 3219 Dei,
3373 3153 3470 3223 qui

1894 3256 2050 3300 antea
2099 3248 2606 3311 circumsteterant,
2636 3246 2826 3301 eodem
2859 3245 2915 3299 in
2951 3245 3071 3300 loco
3104 3254 3320 3301 coactos
3348 3255 3470 3315 post

1893 3335 2347 3390 resurrectionem
2375 3335 2568 3390 videns
2594 3334 2943 3405 propheticus
2998 3336 3242 3405 spiritus,
3273 3336 3469 3391 deinde

1890 3440 2019 3480 vero
2047 3426 2149 3480 alia
2182 3442 2246 3481 ex
2275 3436 2426 3496 parte
2460 3425 2833 3480 imminentem
2874 3416 3217 3495 impiis'iram
3250 3427 3469 3497 conspi-

1891 3527 2063 3581 catus,
2105 3529 2419 3573 sanctorum
2461 3525 2663 3572 coetum
2704 3516 2774 3571 ad
2799 3518 3069 3572 modicum
3118 3528 3330 3589 tempus
3376 3532 3465 3572 se—

1892 3609 2085 3663 cedere
2116 3622 2181 3663 ac
2211 3607 2404 3679 procul
2433 3620 2556 3663 sese
2583 3607 2860 3663 occultare
2891 3618 3095 3673 monet,
3125 3625 3191 3664 ne
3224 3610 3334 3663 sint
3368 3611 3468 3663 im-

1894 3700 2104 3767 piorum
2139 3698 2404 3768 perniciei
2432 3707 2792 3769 spectatores.
2840 3697 3099 3754 Cubicula
3129 3714 3253 3754 vero
3286 3700 3468 3769 populi

1893 3789 2010 3857 Dei,
2042 3791 2310 3863 intelligas
2340 3804 2459 3845 esse
2491 3788 2687 3844 multas
2709 3790 2852 3859 apud
2881 3789 3101 3845 Patrem
3126 3791 3465 3859 mansiones,

1883 3883 2033 3952 justo
2071 3885 2160 3939 Dei
2188 3883 2390 3953 judicio
2430 3880 2658 3951 singulis
2710 3882 2989 3937 ordinibus
3036 3882 3355 3936 destinatas.
3406 3866 3465 3936 Ιή

1893 3976 2006 4029 haec
2051 3975 2237 4043 igitur,
2270 3973 2466 4043 pepule
2498 3973 2611 4038 mi,
2657 3983 2846 4043 parata
2879 3972 2971 4027 tibi
3003 3970 3252 4028 cubicula
3290 3972 3468 4042 ingre-

1892 4067 2043 4133 dere,
2074 4076 2129 4122 et
2158 4067 2349 4121 claude
2373 4066 2568 4121 ostium
2600 4075 2772 4119 tuumt

1964 4222 2131 4278 Vsus.
2161 4223 2255 4280 ‘31.
2292 4241 2309 4274 1
2362 4223 2496 4279 Ecce
2532 4222 2677 4278 enim
2708 4221 2967 4277 Dominus
3004 4222 3067 4275 de
3097 4231 3287 4276 sancto
3318 4220 3468 4276 indu-

1894 4316 1971 4372 cit
2000 4317 2135 4370 iram
2170 4330 2332 4385 super
2367 4317 2705 4372 habitatores
2738 4325 2919 4371 terrae.
2970 4334 2989 4366 1
3025 4314 3321 4383 Postquam
3373 4328 3467 4367 au-

202 4428 307 4481 σης
356 4410 415 4463 δέ
463 4411 657 4481 αὐτῆς,
700 4412 1046 4476 ἀναπετάσας
1094 4413 1280 4466 λοιπὸν
1306 4411 1407 4476 τὰς
1437 4412 1545 4465 τῶν
1586 4399 1783 4466 σαυτοῦ

1895 4420 1999 4462 tem
2028 4408 2115 4461 illa
2142 4408 2521 4477 pertransierit
2545 4450 2559 4474 ,
2599 4408 2855 4464 reseratis
2883 4407 3098 4460 demum
3126 4404 3358 4460 cubiculi
3394 4404 3467 4458 tui

200 4503 473 4573 ταμιείων
506 4503 701 4567 πύλας,
747 4501 887 4573 μετά
914 4502 1116 4573 πολλῆς
1155 4502 1401 4567 ἐξουσίας
1435 4502 1530 4555 καὶ
1568 4505 1785 4574 παρρη-

200 4597 327 4657 σίας
349 4595 537 4666 πρόῖθι
556 4596 647 4648 τὸν
668 4595 786 4648 νέον
809 4595 1124 4649 ἐποπτεύων
1156 4595 1348 4657 αἰῶνα,
1374 4596 1467 4650 καὶ
1488 4594 1586 4666 τὴν
1611 4596 1782 4666 ἐπηγ-

200 4687 473 4757 γελμένην
510 4704 590 4740 σοι
622 4686 895 4756 βασιλείαν
919 4685 1011 4738 τοῦ
1045 4684 1202 4739 Θεοῦ.
1246 4704 1264 4735 1
1307 4687 1418 4739 K01
1447 4685 1781 4755 ἀνακαλύψει

200 4780 237 4849 ἦ
264 4777 340 4846 Υῆ
370 4776 431 4831 τδ
462 4771 601 4848 αἷμα
632 4778 820 4849 αὐτῆς.
858 4778 953 4830 καὶ
983 4777 1043 4831 06
1078 4776 1446 4846 κατακαλύψει
1489 4779 1615 4840 106;
1648 4779 1782 4847 ἀνῃ-

203 4868 509 4941 ρημένους·
548 4888 567 4922 1
618 4870 693 4933 ὡς
737 4869 942 4940 μηδένα
984 4869 1169 4923 λαθεῖν
1213 4869 1321 4922 τῶν
1351 4869 1516 4923 πάλαι
1548 4871 1606 4922 ἐν
1641 4871 1781 4940 αὐτῇ

198 4961 306 5022 τὰς
335 4958 516 5030 ψυχάς
547 4960 903 5032 ἀνῃρημένων
925 4959 1011 5013 διὰ
1041 4961 1149 5013 τῶν
1178 4960 1315 5032 πρὸς
1338 4960 1565 5014 θάνατον
1604 4962 1783 5032 ἀμαρ-

199 5052 465 5123 τημάτων
484 5068 497 5080 ·
526 5052 618 5105 ἐπὶ
647 5052 822 5121 τούτῳ
859 5051 967 5123 γὰρ
989 5054 1088 5123 τὴν
1114 5054 1286 5125 ὀργὴν
1317 5050 1538 5117 ἐπάξειν
1572 5052 1785 5123 εἴρηται

198 5144 230 5195 0
260 5141 413 5204 Θεός·
440 5141 609 5213 ὀργῆς
645 5141 877 5195 ἐνταῦθα
901 5142 1306 5214 ὀνομαζομένης
1334 5141 1441 5195 τῶν
1474 5143 1591 5204 ταῖς
1624 5140 1781 5197 κολά-

201 5249 324 5287 σεσι
354 5231 781 5303 διακονουμένων
805 5232 1069 5300 ἀγγέλων.
1093 5232 1205 5304 (50)
1226 5234 1387 5304 Δηλοϊ
1406 5232 1559 5287 δὲδιά
1580 5232 1781 5284 τούτων

199 5324 306 5393 τὴν
334 5321 442 5375 τῶν
489 5323 660 5389 ἀγίων
690 5321 784 5375 τοῦ
809 5321 945 5377 Θεοῦ
976 5323 1253 5394 ἀναίρεσιν
1283 5324 1373 5377 x01
1398 5322 1466 5376 τὰ
1497 5321 1604 5374 τῶν
1642 5340 1780 5394 p.09-

198 5412 385 5483 τύρων
418 5411 645 5482 αἵματα,
678 5413 805 5483 περὶ
836 5405 911 5467 ὧν
941 5414 1036 5468 1101
1058 5414 1299 5484 Μωῦσῆς
1331 5414 1387 5467 ἐν
1424 5414 1630 5484 μεγάλῃ
1670 5414 1778 5485 ᾠδῇ

199 5502 431 5575 γρά-ρων
461 5502 638 5571 ἔλεγε·
673 5521 692 5554 1
734 5504 854 5560 Ὀτι
882 5505 945 5559 τὸ
973 5499 1110 5577 αἷμα
1142 5505 1249 5561 τῶν
1286 5506 1414 5562 υἱῶν
1456 5504 1618 5560 06106
1644 5504 1784 5560 ἐκδιο

278 5675 393 5737 (30)
428 5676 557 5732 llaec
588 5675 967 5739 llieronvmus.

1888 4498 2090 4569 ianuis,
2126 4509 2393 4568 potestate
2414 4509 2470 4554 et
2499 4499 2693 4555 ﬁducia
2733 4498 2901 4551 multa
2936 4497 3233 4552 instructus
3274 4497 3465 4565 prodi,

1894 4606 2089 4645 novum
2138 4590 2393 4645 saeculum
2423 4600 2818 4661 conspecturus
2840 4632 2854 4655 ,
2887 4602 3096 4644 necnon
3139 4589 3467 4658 promissum

1893 4682 1987 4736 tibi
2014 4697 2235 4751 regnum
2291 4681 2405 4737 Dei.
2452 4700 2471 4734 1
2524 4682 2590 4736 Et
2643 4682 2906 4737 revelabit
2960 4692 3102 4735 terra
3146 4681 3463 4751 sanguinem

1890 4788 2071 4837 suum,
2103 4783 2156 4829 et
2187 4788 2291 4829 non
2323 4774 2619 4830 abscondet
2653 4774 3005 4837 interfectos;
3044 4792 3063 4828 1
3100 4774 3170 4827 ita
3208 4784 3268 4827 ut
3308 4788 3468 4827 nemo

1892 4864 2058 4921 lateat
2091 4882 2277 4920 eorum
2310 4906 2322 4931 ,
2358 4866 2443 4935 qui
2467 4867 2593 4920 olim
2622 4866 2674 4920 in
2706 4882 2765 4921 ea
2796 4867 3094 4921 secundum
3124 4865 3361 4919 animam
3397 4868 3466 4921 ob

1892 4968 2114 5027 peccata
2157 4958 2223 5011 ad
2276 4966 2505 5013 mortem
2557 4958 2828 5012 interfecti
2876 4959 3026 5012 fuere
3056 4977 3068 5012 :
3100 4958 3203 5012 bac
3224 4958 3370 5012 enim
3400 4960 3469 5014 de

1892 5065 2052 5105 causa
2087 5050 2219 5103 iram
2256 5049 2571 5103 inducturus
2600 5064 2752 5103 suam
2805 5049 2945 5103 Deus
2978 5050 3198 5101 dicitur.
3236 5048 3333 5103 llic
3364 5052 3468 5104 sci-

1892 5140 2019 5195 licet
2053 5142 2130 5194 ira
2178 5150 2437 5194 vocantur
2486 5140 2663 5208 angeli
2715 5138 3010 5194 inferendae
3064 5136 3256 5193 ultioni
3306 5140 3467 5194 mini-

1889 5241 2151 5287 strantes.
2204 5229 2298 5285 His
2330 5244 2493 5300 porro
2555 5228 2823 5300 signiﬁcat
2880 5238 3192 5288 sanctonum
3229 5230 3322 5285 Dei
3372 5246 3469 5287 ne-

1888 5339 2047 5388 cem,
2106 5333 2160 5376 et
2221 5333 2520 5394 martyrum
2577 5324 2891 5393 sanguinem
2933 5366 2947 5389 ,
3005 5323 3071 5379 de
3107 5325 3304 5393 quibus
3354 5322 3469 5381 lucc

1890 5416 1942 5471 in
1984 5432 2179 5487 magno
2228 5419 2437 5471 cantico
2495 5415 2685 5471 scribit
2755 5416 3011 5487 Moyses,
3069 5435 3090 5468 1
3153 5416 3289 5483 Quia
3346 5433 3468 5473 sano

1892 5511 2109 5583 guinem
2158 5512 2389 5568 ﬁliorum
2421 5525 2634 5568 suorum
2697 5509 2988 5568 ulciscetur
3021 5522 3077 5567 et
3130 5511 3467 5579 vindicabit,
