4042 6460
659 436 765 492 279

1316 430 1582 490 ευεεθιι
1616 425 2079 487 οιεωιειιειδ
2110 426 2184 485 οε

2299 427 2477 485 PARS
2514 428 2602 484 lii.
2640 456 2710 469 -—
2746 425 3159 486 EXEGETICA.

3751 427 3856 483 280

659 566 715 609 et
737 552 988 608 ultionem
1016 549 1274 606 retribuet
1298 548 1529 605 inimicis
1552 587 1570 613 ,
1604 558 1659 606 et
1679 546 1981 603 odicntibus
2019 562 2079 602 se
2116 562 2184 601 re-

2304 550 2498 609 κεῖται,
2537 546 2632 601 καὶ
2677 546 2965 617 ἐκδικήσει,
3009 547 3098 602 καὶ
3143 545 3504 600 ἀνταποδὼσει
3546 547 3703 619 δίκην
3748 550 3859 613 τοῖς

664 642 859 698 tribuet
888 643 952 695 ".

1196 730 1421 787 CAPUT
1452 727 1663 785 XXV“.

731 823 891 879 Vens.
930 825 983 879 l.
1014 842 1034 876 ι
1054 800 1127 878 ἰιι
1160 823 1245 877 die
1273 822 1358 876 illa
1409 822 1625 875 inducet
1654 822 1791 876 Deus
1818 820 2051 891 gladium
2081 838 2206 878 san-

660 926 831 981 ctum,
862 930 1108 984 maguum
1135 922 1187 970 et
1211 914 1441 967 validum
1471 928 1633 983 super
1656 914 1961 979 draconem,
1994 929 2209 983 serpen-

656 1024 764 1067 tem
809 1012 1098 1081 fugientem
1125 1048 1140 1071 ,
1178 1023 1341 1075 super
1366 1008 1656 1062 draconem
1683 1014 1981 1075 serpentem
2009 1016 2207 1059 tortuo-

653 1118 795 1167 sum,
824 1113 877 1156 et
902 1102 1112 1156 occidet
1144 1102 1455 1155 draconem.
1490 1099 1649 1170 Virga
1680 1100 1858 1169 itaque
1908 1096 2027 1161 Dei,
2059 1104 2201 1149 recta

652 1209 776 1249 cum
802 1194 892 1258 sit,
918 1206 968 1247 et
997 1193 1335 1263 castigatioui
1366 1201 1514 1260 apta,
1549 1192 1837 1245 secundum
1873 1188 2021 1253 illud,
2045 1206 2064 1239 ι
2088 1185 2205 1240 Vir-

652 1298 716 1351 gs
746 1282 1097 1346 rectitudinis,
1129 1284 1273 1351 virga
1301 1282 1446 1350 regni
1476 1282 1550 1334 ttti
1583 1281 1657 1346 ⁸⁸,
1692 1299 1711 1333 ι
1750 1281 1815 1335 iis
1839 1282 1926 1349 qui
1958 1281 2010 1333 itt
2046 1278 2204 1333 rebus

653 1372 915 1427 tnedelam
952 1373 1357 1427 admittentibus
1386 1380 1677 1441 peccarunt
1700 1414 1714 1439 ,
1743 1380 1990 1426 servatur
2016 1373 2081 1424 ad
2120 1370 2202 1436 ip-

653 1478 832 1518 sorum
872 1463 1297 1532 castigationem,
1323 1464 1753 1518 emendationem
1783 1473 1839 1518 et
1882 1464 1947 1517 ad
1994 1462 2199 1515 utilita-

650 1563 756 1607 tem
787 1554 1015 1622 prolata.
1052 1553 1152 1619 Qui
1197 1565 1372 1607 autem
1425 1554 1556 1609 nihil
1593 1549 1795 1609 rce‘tltm
1820 1596 1835 1619 ,
1880 1568 2201 1622 aequumque

648 1644 783 1698 nihil
816 1643 997 1708 habet,
1037 1644 1129 1698 sed
1174 1645 1391 1698 omnino
1426 1645 1660 1700 deﬂexus
1683 1657 1738 1700 ct
1773 1654 2044 1700 tdrtnosus
2074 1655 2193 1711 est,

650 1750 717 1789 ac
747 1747 961 1804 pectore
993 1745 1278 1799 ventreque
1307 1736 1453 1789 humi
1489 1748 1699 1803 reptat,
1727 1738 2071 1804 omniumque
2107 1751 2197 1803 pe-

650 1827 807 1881 dibus
857 1827 923 1879 ad
948 1826 1452 1894 'supplantationem
1499 1838 1555 1883 ct
1585 1829 1939 1896 dejectionem
1974 1828 2195 1881 insidias

2304 636 2535 707 ἐχθροῖς
2569 638 2662 691 καὶ⁵
2695 639 2807 699 τοῖς
2833 635 3078 707 μισοῦσιν
3106 636 3488 690 ἀνταποδώσει.
3521 656 3541 688 ι

2790 738 3177 793 ΚΕΦΑΛΑΙΟΝ
3210 739 3334 791 KZ'.

2377 850 2396 883 ι
2443 833 2531 886 Ἐν
2555 834 2621 902 τῇ
2644 832 2829 901 ἡμέρᾳ
2853 830 3032 899 ἐκείνη
3057 830 3243 895 ἐπάξει
3268 832 3296 883 6
3319 828 3447 893 Θεδς
3470 827 3565 899 τὴν
3588 826 3858 899 μάχαιραν

2299 923 2398 993 τὴν
2422 921 2600 989 ἁγίαν,
2633 922 2731 990 τὴν
2759 922 2997 992 μεγάλην
3021 921 3114 973 καὶ
3128 919 3223 986 τὴν
3247 920 3468 990 ἰσχυρὰν
3501 920 3594 971 ἐπὶ
3620 919 3709 970 τὸν
3733 918 3858 989 δρά-

2301 1027 2482 1075 κοντα,
2507 1011 2597 1065 τδν
2619 1010 2739 1080 ὅφιν
2762 1011 3046 1080 φεύγοντα,
3077 1012 3167 1063 ἐπὶ
3188 1010 3278 1063 τὸν
3298 1012 3565 1081 δράκοντα
3582 1010 3611 1062 6
3626 1028 3702 1078 ;:v
3731 1026 3857 1062 σκο-

2302 1100 2433 1165 λιὸν,
2467 1102 2561 1155 καὶ
2587 1101 2765 1154 ἀνελεῖ
2784 1103 2872 1154 τὸν
2898 1102 3181 1172 δράκοντα.
3215 1120 3233 1151 ο
3263 1100 3325 1153 Ἥ
3352 1101 3450 1171 μὲν
3480 1096 3571 1153 οὖν
3604 1099 3699 1152 τοῦ
3720 1098 3856 1154 Θεοῦ

2301 1190 2515 1262 ῥάϐδος,
2568 1190 2749 1245 εὐθεῖά
2787 1210 2870 1255 τις
2908 1202 3041 1245 οῡσα
3079 1191 3173 1244 καὶ
3214 1190 3547 1261 παιδευτικὴ,
3592 1189 3733 1244 κατὰ
3770 1190 3854 1253 τὺ,

2305 1297 2324 1330 ι
2348 1280 2565 1343 Ῥάόδος
2589 1280 2877 1350 εὐθύτητος
2897 1285 2931 1352 ή
2957 1281 3145 1352 ῥάϐδος
3156 1281 3252 1351 τῆς
3270 1280 3542 1350 βασιλείας
3564 1279 3677 1333 σοῦ·
3706 1299 3724 1329 ι
3745 1282 3859 1342 τοῖς

2302 1370 2493 1437 ίάσιμα
2508 1370 2845 1440 ἡμαρτηκόσι
2859 1378 3149 1440 τετήρηται
3166 1370 3244 1433 είς
3271 1369 3545 1421 παίδευσιν
3569 1367 3746 1421 αὐτῶν
3765 1368 3860 1422 καὶ

2299 1456 2576 1525 βελτίωσιν
2598 1459 2690 1510 καὶ
2707 1458 2882 1528 ψυχῆς
2901 1459 3158 1527 ὠφέλειαν
3176 1461 3574 1529 προσαγομένη·
3595 1461 3623 1512 6
3640 1457 3697 1510 δὲ
3722 1455 3861 1528 μηδὲ

2296 1550 2451 1620 ὀρθὸν
2478 1551 2610 1620 μηδὲ
2638 1551 2764 1603 εὐθὺ
2792 1549 3269 1619 κεκτημένος,δλος
3293 1548 3349 1601 δὲ
3376 1549 3548 1601 διόλου
3570 1546 3855 1617 καμπύλος

2296 1644 2389 1695 καὶ
2413 1642 2639 1705 σκολιὸς,
2660 1644 2829 1712 χαμαί
2846 1659 2903 1694 τε
2920 1644 3011 1695 ἐπὶ
3028 1642 3089 1695 τὸ
3114 1641 3303 1711 στῆθος
3322 1643 3414 1695 καὶ
3429 1641 3631 1694 κοιλίαν
3646 1642 3854 1713 ἕρπων,

2294 1733 2592 1803 ἐφεδρεύων
2623 1751 2679 1786 τε
2710 1738 2818 1797 τοῖς
2859 1734 3072 1786 πάντων
3101 1734 3255 1787 ποσὶν
3285 1734 3374 1785 ἐπὶ
3401 1734 3463 1784 τὸ
3480 1729 3741 1797 σκελίζειν
3764 1731 3859 1785 καὶ

2294 1823 2644 1877 καταϐάλλειν
2676 1825 2889 1887 αὐτοὺς,
2928 1823 3063 1893 μετά
3115 1824 3318 1886 πάντας
3370 1825 3493 1884 τοὺς
3536 1821 3751 1886 ἀσεϐεῖς
3790 1826 3860 1893 τῇ

648 1914 886 1979 molitur,
935 1925 1056 1983 post
1088 1916 1279 1984 impios
1309 1931 1495 1971 omnes
1517 1957 1534 1982 ,
1564 1920 1736 1987 gravi,
1763 1934 1955 1987 magno
1983 1919 2184 1971 valido‘

2297 1915 2508 1985 σκληρᾷ
2539 1916 2631 1967 καὶ
2667 1914 2874 1984 μεγάλῃ
2908 1915 2995 1967 καῖ
3054 1915 3246 1985 ίσχυρᾷ
3270 1913 3511 1984 μαχαίρᾳ
3550 1912 3860 1985 παραδοθήο

645 2018 752 2073 que
788 2004 963 2073 gladio
990 2006 1251 2069 tradetur,
1286 2022 1443 2077 quem
1478 2009 1575 2077 ipsi
1604 2010 1704 2063 soli
1737 2025 1959 2079 magnus
1995 2011 2082 2064 ille
2111 2008 2196 2065 Ju-

646 2097 747 2150 dex
776 2096 1105 2151 reconditum
1129 2109 1178 2152 ct
1212 2110 1449 2168 paratum
1483 2102 1694 2156 habuit.
1727 2102 1973 2158 Gladium
2002 2105 2087 2158 hic
2111 2119 2197 2159 vo-

647 2197 733 2241 cat
764 2188 981 2241 ultionis
1017 2189 1263 2243 ell'ectttm
1299 2209 1313 2245 :
1345 2207 1500 2259 quem
1554 2194 1679 2247 item
1725 2205 1971 2249 sanctum
2023 2196 2191 2259 dicit,

647 2294 764 2333 cum
794 2288 853 2333 ut
884 2281 1147 2334 minarum
1176 2288 1433 2337 terrorem
1480 2283 1681 2349 leniat,
1708 2297 1818 2339 tum
1852 2295 1910 2339 ιιι
1949 2288 2197 2341 ostendat

645 2383 736 2425 eos
780 2372 869 2440 qui
912 2372 1171 2441 supplicio
1205 2372 1530 2441 afﬁcientur,
1575 2393 1681 2431 non
1731 2378 1794 2431 ad
1829 2379 2050 2432 exitium
2081 2393 2195 2431 ver-

644 2467 831 2519 tendos
856 2502 876 2531 ,
908 2466 999 2518 sed
1033 2466 1439 2534 castigationem
1470 2469 1597 2535 ipsis
1628 2470 1929 2524 sanctitatis
1964 2484 2190 2523 causam

644 2555 878 2609 futuram
904 2572 1041 2611 esse.
1067 2558 1133 2609 At
1160 2558 1301 2611 enim
1337 2558 1475 2612 Deus
1500 2561 1628 2613 dum
1658 2563 1908 2631 castigat,
1939 2576 2042 2614 non
2068 2575 2190 2630 per-

646 2646 798 2707 dere,
833 2646 927 2699 scd
950 2661 1042 2699 eos
1070 2647 1157 2714 qui
1186 2658 1567 2704 convertuntur
1591 2652 1877 2707 emendare
1902 2662 1958 2707 et
1991 2651 2189 2707 sancti-

643 2734 806 2789 llcare
822 2746 1085 2804 peruptat.

712 2822 872 2880 Vens.
912 2826 1032 2881 2-4.
1078 2846 1096 2878 ι
1124 2827 1179 2881 ln
1223 2827 1311 2882 illa
1346 2828 1431 2885 die
1466 2829 1618 2884 vinea
1672 2829 1894 2899 pulchra
1931 2829 2185 2887 :deside-

640 2915 776 2968 rium
830 2917 1052 2970 canendi
1086 2926 1271 2973 contra
1323 2919 1488 2975 illam.
1545 2920 1657 2989 Ego
1705 2921 1897 2976 civitas
1954 2922 2181 2987 munita,

639 3005 828 3060 civitas
872 3008 1112 3071 obsessa,
1170 3008 1366 3069 frustra
1416 3019 1596 3078 potum
1639 3012 1778 3065 dabo
1806 3011 1879 3065 illi
1907 3030 1920 3065 :
1946 3012 2184 3078 capietur

636 3096 780 3148 enim
808 3108 987 3159 noctu,
1016 3099 1101 3151 die
1136 3108 1315 3153 autem
1347 3100 1503 3153 cadet
1549 3116 1735 3155 tttttrus
1767 3102 1903 3170 ejus.
1946 3100 2060 3154 Non
2101 3107 2183 3155 est

638 3199 757 3253 qua:
783 3200 883 3238 non
919 3189 1333 3256 apprcheudcrit
1366 3204 1503 3243 eam.
1537 3190 1666 3255 Quis
1696 3203 1854 3260 ponet
1884 3209 1968 3248 me
1996 3202 2181 3247 custo-

637 3279 756 3329 dem
788 3276 948 3328 culmi
985 3279 1033 3329 in
1061 3279 1233 3347 agro?
1272 3288 1493 3347 propter
1524 3282 1795 3335 inimicam
1828 3283 1967 3337 hanc
2012 3284 2181 3352 repuli

636 3380 773 3422 cam.
803 3365 923 3418 Ideo
953 3366 1077 3420 fecit
1109 3369 1362 3423 Dominus
1384 3372 1562 3425 omnia
1585 3387 1704 3440 qua:
1722 3374 1999 3442 disposuit.
2026 3374 2184 3429 Cont-

531 3519 539 3526 _
635 3456 789 3507 busta
813 3471 950 3509 Sinti.
989 3475 1006 3508 ι
1064 3457 1187 3512 lla-c
1231 3475 1390 3528 porro
1422 3472 1505 3515 est
1553 3464 1679 3517 dicti
1708 3467 1970 3520 sententia
1999 3483 2012 3519 :
2041 3467 2178 3523 Num

636 3546 830 3598 malum
858 3562 952 3613 pro
992 3549 1136 3603 malo
1158 3551 1402 3616 gentibus
1444 3553 1825 3622 reddiderunt,
1864 3560 1953 3625 qui
1989 3572 2177 3626 pacem

638 3636 743 3690 illis
803 3639 1197 3704 pt’mtlicabattl?
1274 3640 1336 3694 lli
1386 3644 1528 3697 enim
1587 3646 2006 3713 insequebantur
2063 3666 2176 3715 cus,

636 3726 813 3794 plagis
842 3729 1002 3781 etiam
1035 3730 1264 3795 additis;
1312 3731 1385 3784 illi
1431 3748 1557 3787 vero
1606 3735 1968 3803 pulcherrima
2027 3740 2177 3807 ipsis.

632 3830 824 3885 pacem
887 3818 1094 3873 Scilicet
1150 3823 1555 3877 annuntiabant.
1621 3822 1757 3879 Num
1818 3827 1979 3896 igitur
2027 3831 2175 3899 paria

630 3909 967 3974 patiebantur
995 3910 1219 3977 gentiles
1250 3911 1345 3974 illi,
1387 3914 1509 3967 dum
1538 3916 1685 3984 pacis
1712 3932 1987 3985 prun-ones
2036 3922 2177 3990 inju-

633 3997 730 4049 riis
784 3996 1093 4051 alliccrent?
1140 3998 1505 4055 Vctberahant
1562 4006 1727 4067 enim,
1787 4022 1885 4061 nec
1940 4009 2174 4063 vicissim

630 4087 952 4155 wpulabaut
977 4105 990 4151 ;
1011 4091 1325 4145 occidebant
1352 4107 1453 4147 nec
1476 4097 1862 4151 occidebantur
1889 4114 1904 4153 :
1938 4114 2179 4167 pugnan-

632 4188 714 4230 tcs
742 4187 919 4231 autem
953 4189 1004 4232 et
1025 4183 1311 4248 opprobria
1338 4183 1646 4249 inferentes,
1678 4188 1822 4252 ipsos
1853 4190 2177 4246 divexabant

629 4275 789 4331 atque
818 4267 1122 4333 pellebant:
1175 4269 1247 4321 illi
1298 4286 1424 4323 vero
1479 4288 1582 4327 non
1640 4288 1931 4342 cessantes,
1990 4296 2173 4349 pacem

630 4354 761 4421 ipsis
792 4366 841 4409 et
877 4358 1012 4409 bona
1037 4359 1375 4413 nuntiabant.
1407 4360 1580 4427 Quare
1607 4366 1783 4419 subdit
1814 4383 1828 4418 :

697 4536 857 4589 Vens.
897 4536 1011 4591 5-8.
1059 4558 1076 4589 ι
1096 4537 1415 4594 Clamabunt
1444 4540 1775 4597 habitatores
1803 4546 1918 4613 ejus
1944 4565 1957 4599 :
1988 4546 2173 4601 Facia-
2205 4570 2248 4625 υ

626 4640 743 4679 mus
774 4642 958 4693 pacem
992 4644 1110 4681 cum
1143 4644 1227 4693 eo,
1262 4631 1522 4685 faciamus
1566 4647 1747 4699 pacem
1784 4652 1797 4687 :
1828 4638 1917 4703 qui
1952 4640 2170 4692 veniunt

623 4717 717 4769 lilii
746 4717 911 4771 Jacob
954 4720 1346 4785 gertuiuabuut,
1396 4733 1451 4777 et
1485 4721 1693 4779 ﬂorebit
1726 4727 1885 4783 Israel
1919 4746 1932 4782 :
1962 4739 2016 4783 et
2068 4732 2168 4784 imo

624 4806 857 4871 plebitur
888 4818 1029 4861 terra
1063 4809 1236 4864 fructu
1268 4814 1401 4879 ejus.
1445 4814 1580 4867 Nunt
1623 4817 1762 4870 sicut
1804 4820 1918 4888 ipse
1945 4836 2170 4887 percus-

624 4898 714 4961 sit,
771 4907 821 4950 ct
878 4899 988 4964 ipse
1041 4902 1288 4955 similiter
1345 4908 1707 4971 percutietur?
1762 4919 1815 4962 ct
1858 4911 1998 4963 sicut
2056 4912 2170 4979 ipse

623 4989 841 5049 occidit.
869 4990 937 5041 ita
964 4992 1269 5045 occidetur?
1293 4993 1541 5065 Pnguans
1564 5010 1619 5051 ct
1654 4999 1983 5065 exprobrans
2009 5003 2172 5055 emit-

624 5084 697 5130 tet
726 5092 839 5129 ους.
872 5078 1054 5132 Nonne
1079 5092 1129 5131 tu
1159 5097 1301 5146 eras,
1332 5084 1421 5151 qui
1455 5087 1801 5142 meditabaris
1819 5090 2012 5159 spiritu
2034 5092 2167 5145 duro

622 5165 925 5219 interﬁcere
953 5182 1043 5220 eos
1074 5171 1259 5237 spiritu
1299 5172 1582 5227 furoris?»
1624 5176 1745 5231 llzec
1792 5182 1936 5233 enim
1989 5181 2163 5235 medi-

620 5256 865 5309 tabantur
905 5258 975 5325 illi
1026 5274 1089 5314 es
1131 5264 1375 5330 gentibus
1420 5264 1678 5330 infideles,
1717 5269 1942 5336 «Spiritu
1981 5273 2114 5324 duro
2140 5291 2160 5325 ι

618 5356 801 5399 contra
862 5352 1127 5417 apostolos
1167 5354 1363 5407 Christi
1420 5360 1700 5426 occupati,
1734 5360 1968 5432 nihilque
2017 5363 2162 5418 aliud

620 5441 935 5505 cogitantes,
967 5459 1122 5508 quam
1159 5448 1420 5514 quomodo
1456 5450 1644 5504 eodem
1671 5453 1857 5520 spiritu
1887 5455 2162 5511 interﬁce-

621 5539 734 5582 rettt
759 5544 870 5583 eos.
901 5531 1005 5585 Sed
1033 5536 1284 5601 quoniam
1335 5542 1585 5595 :erutnnis
1626 5542 1925 5611 bujusntodi
1976 5548 2159 5603 allecti

620 5616 716 5683 illi,
763 5634 867 5673 te:
896 5620 1061 5679 Jaeob
1103 5630 1487 5698 germinantes,
1540 5640 1591 5685 et
1630 5647 1695 5688 ex
1735 5633 1897 5693 Israel
1941 5636 2158 5694 eﬂlore-

679 5796 719 5824 "
753 5796 1078 5856 Deuurxn.
1118 5802 1203 5854 15.
1282 5806 1323 5835 '°
1354 5805 1487 5860 Psal.
1518 5823 1657 5871 xuv,
1686 5809 1733 5861 7.

2299 2022 2466 2067 σεται,
2504 2005 2570 2075 ῆν
2598 2004 2744 2075 αὐτῷ
2769 2006 2912 2075 μόνῳ
2954 2009 2982 2058 6
3026 2006 3196 2075 μέγας
3240 2006 3430 2076 κριτὴς
3480 2004 3858 2076 ἐταμιεύσατο.

2295 2097 2583 2165 Μάχαιραν
2624 2097 2856 2151 ἐνταῦθα
2895 2098 3040 2165 λέγει
3072 2098 3170 2167 τὴν
3210 2097 3485 2167 ἐνέργειαν
3533 2098 3635 2166 τῆς
3677 2096 3858 2165 δίκης·

2295 2189 2429 2241 ἀλλὰ
2457 2191 2548 2241 καὶ
2580 2190 2739 2257 ἁγίαν
2772 2189 2941 2251 καλεῖ,
2976 2188 3109 2259 όμοῦ
3152 2189 3249 2258 μὲν
3282 2187 3767 2257 παραμυθούμενος
3796 2186 3860 2241 τὸ

2294 2280 2518 2350 φοϐερὸν
2556 2281 2652 2349 τῆς
2684 2280 2932 2348 ἀπειλῆς,
2966 2278 3100 2349 ὁμοῦ
3133 2279 3189 2331 δέ
3222 2280 3314 2331 καὶ
3348 2278 3581 2341 δεικνὺς,
3631 2278 3707 2341 ὡς
3753 2278 3859 2331 οὐκ

2293 2373 2371 2433 είς
2401 2370 2672 2424 ἀπώλειαν
2704 2372 3161 2441 καταστρέψωσιν
3182 2373 3230 2422 οἱ
3256 2370 3669 2441 τιμωρούμενοι·
3692 2370 3838 2437 ἀγιω

2293 2462 2455 2531 σύνης
2476 2478 2534 2514 τε
2563 2464 2743 2526 αὐτοῖς
2764 2464 2933 2516 αἴτιον
2963 2463 3110 2515 ἕσται
3139 2461 3473 2532 μετανοοῦσι.
3497 2462 3607 2515 Καὶ
3625 2461 3733 2531 γὰρ
3751 2460 3858 2514 οὐκ

2290 2554 2545 2606 ἀπολέσαι
2587 2552 2833 2622 βούλεται
2876 2555 2904 2604 6
2953 2554 3084 2616 Θεὸς
3123 2552 3408 2617 παιδεύων,
3455 2552 3591 2606 ἀλλά
3616 2551 3855 2624 καθάραι

2290 2646 2382 2699 καὶ
2411 2645 2629 2714 ἁγιάσαι
2659 2645 3105 2717 ἐπιστρέψαντας.

2358 2843 2377 2875 ι
2421 2822 2499 2895 Τῇ
2546 2825 2723 2894 ἡμέρα
2773 2826 2953 2895 ἐκείνη
3000 2824 3256 2893 ἀμπελὼν
3296 2824 3477 2886 καλὸς,
3528 2824 3854 2896 ἐπιθύμημα

2286 2914 2533 2984 ἐξάρχειν
2568 2917 2685 2967 κατ’
2720 2916 2907 2985 αὐτῆς.
2958 2915 3097 2983 Ἐγὼ
3146 2914 3295 2977 πόλις
3336 2915 3528 2985 ὀχυρὰ,
3574 2918 3726 2981 πόλις
3758 2933 3853 2970 πο-

2283 3006 2658 3078 λιορκουμένη,
2722 3009 2895 3077 μάτην
2943 3007 3109 3060 ποτιῶ
3163 3007 3368 3077 αὑτήν*
3433 3006 3693 3060 ἁλώσεται
3737 3009 3853 3082 γὰρ

2283 3098 2492 3160 νυκτὸς,
2544 3099 2753 3168 ἡμέρας
2792 3097 2847 3150 δὲ
2888 3100 3127 3150 τησεῖται
3166 3098 3228 3150 τὴ
3273 3101 3448 3167 τεῖχος
3497 3099 3682 3168 αὐτῆς.
3732 3100 3853 3154 Οὐκ

2286 3186 2429 3240 ἐστιν
2471 3188 2504 3259 ἢ
2538 3189 2637 3240 οὐκ
2666 3186 2954 3242 ἐπελάΰετο
2986 3188 3176 3256 αὐτῆς.
3212 3186 3305 3250 Τίς
3348 3204 3415 3257 με
3455 3187 3608 3257 θήσει
3641 3187 3853 3257 φυλάσ-

2285 3295 2397 3331 σειν
2435 3279 2681 3348 καλάμην
2726 3280 2782 3330 ἐν
2824 3278 3009 3349 ἀγρῴ;
3058 3277 3144 3331 διά
3190 3278 3287 3349 τὴν
3335 3278 3595 3349 πολεμίαν
3639 3280 3851 3352 ταύτην

2277 3370 2517 3441 ἡθέτηκα
2578 3372 2761 3440 αὑτήν.
2810 3371 2997 3423 Τοίνυν
3037 3370 3125 3424 διὰ
3170 3370 3328 3424 τοῦτο
3369 3373 3591 3442 ἐποίησε
3640 3370 3850 3445 Κύριος

2278 3462 2452 3514 πάντα
2472 3463 2569 3515 ὅσα
2601 3462 2873 3528 συνέταξε.
2902 3462 3350 3531 Κατικέκαυμαι.
3386 3482 3402 3513 ι
3441 3464 3499 3516 ’0
3519 3462 3573 3517 δὲ
3596 3461 3722 3527 νοῦς
3747 3464 3849 3519 τοῦ

2276 3550 2431 3619 λόγου
2468 3552 2703 3615 τοιοῦτός
2735 3555 2883 3605 ἐστι·
2919 3555 3009 3624 Μή
3044 3570 3094 3606 τι
3138 3554 3305 3606 κακον
3363 3554 3485 3607 ἀντὶ⁵
3524 3554 3696 3611 κακοῦ
3728 3558 3849 3620 τοῖς

2278 3640 2482 3693 εθνεσιν
2520 3641 2834 3694 ἀπεδίδοσαν
2880 3645 2927 3695 οἱ
2973 3643 3331 3713 κηρύττοντες
3372 3644 3554 3709 αὐτοῖς
3585 3645 3847 3717 ιίφήνηη

2278 3732 2342 3784 Οί
2378 3731 2473 3800 μὲν
2504 3731 2609 3801 γάρ
2639 3731 2857 3785 ἐδίωκον
2898 3733 3093 3795 αὐτοὺς
3140 3734 3235 3786 καὶ
3272 3734 3484 3805 πληγάς
3521 3732 3803 3799 ἐπιθέντες
3829 3750 3847 3767 ’
3918 3724 3929 3729 ’

2276 3820 2326 3873 εί
2356 3821 2413 3873 δέ
2438 3821 2506 3873 τά
2533 3821 2789 3874 κάλλιστα
2822 3824 3004 3887 αὐτοῖς
3026 3825 3122 3893 τὴν
3150 3826 3371 3895 εἰρήνην
3403 3826 3841 3898 εὐηγγελίζοντο.

2276 3913 2417 3983 Μήτι
2464 3910 2555 3965 οὖν
2601 3915 2669 3965 τά
2709 3913 2798 3966 ἶσα
2845 3915 3078 3985 ἔπασχον
3109 3918 3158 3968 οἱ
3205 3916 3263 3980 ἐξ
3312 3915 3499 3980 ἐθνῶν,
3534 3918 3847 3985 ἀδικοῦντες

2275 4004 2401 4065 τοὺς
2439 4004 2537 4073 τῆς
2569 4006 2791 4075 εἰρήνης
2832 4007 3109 4075 κήρυκας;
3145 4008 3411 4060 Ἕτυπτον
3444 4008 3573 4079 γάρ,
3615 4011 3713 4063 καὶ
3744 4014 3847 4065 οὐκ

2276 4094 2677 4157 ἀντετύπτοντο,
2701 4098 2793 4148 καὶ
2829 4094 3080 4167 ἀνῄρουν,
3125 4096 3237 4150 ἀλλ’
3271 4099 3371 4151 οὐκ
3415 4099 3845 4173 ἁντανῃροῦντοο

2276 4184 2369 4235 καὶ
2416 4186 2705 4255 μαχόμενοι
2750 4186 2805 4239 δὲ
2850 4179 2941 4240 καὶ
2977 4187 3340 4254 ὀνειδίζοντες,
3379 4190 3598 4244 ἐδίωκον
3642 4194 3845 4257 αὐτοὺς

2277 4276 2369 4327 καί
2411 4277 2821 4342 ἐξαπέστελλον·
2849 4280 2897 4331 οἱ
2935 4278 2989 4331 δὲ
3027 4281 3127 4332 οὐκ
3157 4282 3462 4353 ἀνεχώρουν
3500 4283 3593 4337 τοῦ
3632 4286 3730 4356 τὴν
3761 4288 3844 4339 εἰει

2277 4368 2443 4437 ρήνην
2483 4370 2574 4419 καὶ
2603 4368 2696 4421 τοῦ
2729 4369 2796 4421 τὰ
2827 4371 3007 4437 ἀγαθὰ
3034 4374 3213 4435 αὐτοῖς
3246 4372 3713 4441 εὐαγγελίζεσθαι.
3751 4378 3843 4433 Διὸ

2276 4457 2535 4525 ἐπιλέγει·

2351 4565 2368 4597 ι
2406 4548 2692 4618 Βοήσονται
2736 4553 2779 4605 οἱ
2829 4553 3159 4617 ἐνοικοῦντες
3204 4556 3260 4608 ἐν
3311 4557 3471 4626 αὐτῇ·
3522 4556 3841 4631 ποιήσωμεν

2276 4639 2494 4709 εἰρήνην
2530 4641 2697 4711 αὐτῷ,
2732 4644 3042 4713 ποιήσωμεν
3072 4646 3318 4715 εἰρήνην·
3354 4649 3402 4699 ci
3433 4649 3716 4718 ἐρχόμενοι
3752 4653 3839 4706 τέ-

2276 4745 2378 4782 κνα
2425 4731 2616 4784 Ἰακὼϐ
2652 4732 2964 4803 βλαστήσει,
3011 4738 3104 4787 καὶ
3133 4736 3411 4808 ἐξανθήσει
3466 4742 3701 4811 Ἰσραὴλ,
3742 4746 3839 4799 καὶ

2273 4820 2708 4892 ἐμπλησθήσεται
2752 4826 2784 4895 ἡ
2818 4827 3103 4897 οίκουμένη
3137 4825 3227 4880 τοῦ
3270 4831 3481 4899 καρποῦ
3523 4832 3707 4885 αὑτοῦ.
3744 4838 3842 4912 Μη

2276 4910 2349 4972 ὡς
2380 4912 2537 4975 αὐτὸς
2561 4914 2815 4979 ἐπάταξε,
2842 4918 2933 4968 καὶ
2955 4918 3113 4982 αὐτὸς
3138 4919 3306 4983 οὕτως
3330 4921 3661 4993 πληγήσεται
3681 4943 3694 4956 ·
3738 4910 3841 4983 καῖ

2275 5000 2348 5063 ὡς
2380 5004 2540 5066 αὐτὸς
2568 5005 2793 5069 ἀνεῖλεν,
2834 5004 3004 5071 οὕτως
3034 5010 3475 5085 ἀναιρεθήσεται;
3508 5017 3839 5088 Μαχόμενος

2276 5094 2367 5144 καὶ
2392 5093 2661 5158 ὀνειδίζων
2688 5096 3031 5160 ἐξαποστελεῖ
3053 5102 3265 5167 αὐτούς.
3296 5107 3370 5158 Οὐ
3402 5106 3465 5157 σὺ
3501 5102 3640 5178 ἦσθα
3673 5109 3840 5177 μελε-

2273 5180 2380 5233 τῶν
2421 5184 2496 5253 τῷ
2525 5184 2791 5256 πνεύματι
2814 5189 2890 5259 τῷ
2933 5189 3168 5263 σκληρῷ,
3194 5195 3400 5247 ἀνελεῖν
3436 5199 3841 5264 αύτοὺςπνεύυ

2276 5287 2400 5340 ματι
2448 5274 2650 5343 θυμοῦ;
2697 5295 2715 5327 ι
2767 5278 2947 5332 Ταῦτα
2998 5280 3106 5352 γάρ
3146 5282 3409 5351 ἐμελέτων
3453 5286 3502 5338 οἱ
3549 5284 3607 5349 ἐξ
3658 5284 3840 5340 ἐθνῶν

2270 5364 2480 5418 ἄπιστοι
2521 5368 2661 5421 κατὰ
2696 5368 2803 5421 τῶν
2848 5372 3152 5425 ἀποστόλων
3193 5374 3288 5427 τοῦ
3324 5376 3561 5446 Χριστοῦ
3608 5396 3627 5426 ι
3669 5381 3843 5433 πνεύσ⁸

2272 5470 2398 5524 ματι
2432 5458 2649 5531 σκληρῴ
2680 5478 2699 5511 ι
2749 5462 3116 5533 κατεχόμενοι,
3159 5466 3251 5518 καὶ
3293 5467 3441 5520 οὐδὲν
3483 5468 3665 5539 ἕτερον
3713 5472 3839 5527 δια-

2268 5548 2561 5621 νοούμενοι,
2614 5552 2646 5623 ἦ
2686 5554 2829 5620 ὅπως
2876 5557 3134 5611 ἀνέλωσιν
3188 5560 3383 5624 αὐτοὺς
3424 5562 3501 5633 τῷ
3545 5566 3601 5615 ἐν
3644 5566 3837 5631 adtul;

2268 5642 2552 5713 πνεύματι.
2598 5645 2733 5699 Ἀλλ’
2780 5649 2960 5719 ἐπειδὴ
3001 5651 3221 5705 τοιαῦτα
3248 5654 3544 5724 πάσχοντες
3566 5659 3613 5709 οί
3643 5660 3708 5711 ἐκ
3730 5659 3832 5714 τοῦ
