4042 6388
589 294 694 350 285

1288 284 1550 340 EUSEBII
1590 282 2062 339 (ΖίΕΞΑΡιΙΕΝΞΙΞ
2099 282 2249 337 ΟΡΡ.
2290 279 2467 334 PARS
2505 278 2593 333 III.
2630 308 2701 321 —-
2738 274 3155 332 EXEGETICA.

3713 271 3822 324 284

590 406 951 468 miserebitur,
978 406 1065 475 qui
1096 405 1220 459 fecit
1256 418 1370 468 eos,
1399 412 1456 456 et
1488 404 1578 471 qui
1614 401 1868 457 formavit
1902 418 1997 459 eos
2039 418 2139 457 non

2246 401 2561 471 οἰκτειρησῃ
2604 402 2631 452 ὁ
2664 399 2892 467 ποιήσας
2920 397 3137 457 αὐτοὺς,
3162 394 3282 447 of)“
3313 395 3342 446 ό
3375 392 3582 454 πλάσας
3622 391 3821 453 αὐτοὺς

590 498 949 552 miserebitur.
978 494 995 549 ὁ
1030 495 1432 565 Ilissignillcari
1463 494 1697 548 arbitror
1718 494 1915 547 bellum
1942 494 2143 549 Iudaeis

587 590 641 644 In
664 588 1070 642 Paliestinorum
1098 598 1277 658 gente,
1293 595 1415 657 post
1430 587 1632 643 editum
1658 596 1851 641 contra
1873 586 2143 643 Christum

584 678 817 743 facinus,
846 680 1071 732 illatum.

657 766 822 820 Vens.
868 768 950 822 ιε.
997 786 1015 817 ι
1046 767 1111 820 Et
1143 767 1250 821 erit
1276 767 1333 821 in
1370 766 1455 821 die
1481 768 1603 832 illa,
1630 767 1913 823 concludet
1940 769 2080 823 Deus
2112 784 2142 823 a

588 856 729 910 fossa
760 856 1015 921 ﬂuminis,
1037 871 1209 925 usque
1234 857 1300 909 ad
1325 856 1776 911 Rbinocoruram.
1812 856 1920 912 Vos
1963 868 2141 913 autem

586 956 909 1016 rongrugate
935 947 1211 1016 sigillatim
1256 946 1395 1001 (Ilios
1441 946 1622 1001 Israel.
1652 967 1671 1000 ι
1706 947 1802 1002 Est
1846 949 1946 1003 hoc
1991 950 2143 1019 oppi-

584 1036 709 1090 dum
744 1038 808 1089 ad
852 1047 1091 1093 montem
1150 1038 1293 1093 inter
1341 1036 1633 1107 Egyptum
1682 1049 1738 1092 et
1797 1038 2141 1093 Palaestinam

583 1131 763 1182 situm.
790 1127 1131 1198 Quapropter
1167 1130 1459 1183 secundum
1508 1130 1745 1201 reliquos
1788 1130 2139 1200 interpretes,

588 1234 609 1267 ε
646 1217 784 1270 intra
852 1226 1149 1271 torrentem
1208 1214 1505 1287 Egypti,»
1560 1219 1766 1273 dictum
1816 1229 1921 1273 est.
1976 1219 2139 1286 Queis

581 1307 985 1372 subinilicatur,
1016 1315 1076 1360 ut
1114 1306 1235 1375 .jam
1264 1307 1395 1371 dixi,
1434 1308 1651 1364 bellum
1689 1307 1891 1365 Judeis
1936 1310 1990 1366 in
2035 1309 2139 1364 Pa-

589 1396 920 1451 lestinorum
951 1407 1109 1468 gente
1136 1397 1347 1468 positis,
1381 1398 1741 1454 inferendum.

653 1484 815 1543 Vens.
858 1488 945 1541 I3.
988 1506 1009 1540 ι
1038 1488 1104 1543 Ει
1146 1487 1253 1543 erit
1312 1489 1367 1542 in
1416 1489 1505 1543 die
1534 1489 1659 1553 illa,
1708 1490 1960 1558 clangent
2010 1490 2138 1545 tuba

583 1591 796 1646 magna,
821 1588 877 1632 et
910 1578 1127 1632 venient
1151 1579 1241 1648 qui
1269 1580 1542 1649 perierant
1567 1581 1620 1635 in
1650 1581 1869 1651 regione
1895 1582 2139 1653 Assyrio-

579 1683 726 1730 rum,
773 1679 827 1722 et
868 1670 960 1737 qui
992 1669 1270 1737 perierant
1316 1671 1369 1723 in
1418 1670 1649 1741 Egypto
1684 1685 1699 1724 :
1731 1681 1787 1727 et
1833 1674 2139 1728 adorabunt

2246 493 2307 545 ού
2347 493 2420 561 μὴ
2456 492 2668 562 ἐλεήσῃ.
2712 510 2729 540 ι
2781 484 2948 558 Οἶμαι
2978 486 3034 539 δὲ
3075 486 3160 539 διὰ
3196 484 3400 538 τούτων
3455 488 3819 551 σημαινεσθαι

2244 584 2337 635 τὸν
2364 583 2657 636 ἐπελθόντα
2696 584 2805 643 τοῖς
2855 578 3120 640 Ἰουδαίοις
3164 576 3396 647 πόλεμον
3434 585 3576 628 κατά
3604 575 3667 627 τὸ
3706 573 3821 628 Πα-

2244 674 2529 727 λαιστίνων
2559 671 2729 734 ἔθνος,
2764 671 2900 741 μετά
2923 670 3021 739 τὴν
3056 669 3198 722 κατά
3221 667 3454 739 Χριστοῦ
3481 665 3707 736 τόλμαν.

2321 786 2337 816 ι
2375 768 2485 818 Καὶ
2510 764 2661 817 ἔσται
2690 765 2745 815 ἐν
2771 765 2836 833 τῇ
2859 762 3039 832 ἡμέρᾳ
3067 759 3270 830 ἐκείνῃ,
3302 756 3607 829 συμφράξει
3634 758 3665 809 ό
3683 755 3822 821 Θεὸς

2244 857 2353 909 ἀπὸ
2382 855 2483 925 τῆς
2513 854 2777 925 διώρυγος
2807 852 2900 905 τοῦ
2948 850 3191 921 ποταμοῦ
3226 851 3330 914 ἓως
3370 848 3817 920 Ῥινοκορούρων.

2255 945 2442 1015 Ὑμεῖς
2464 944 2521 997 δὲ
2544 944 2875 1009 συναγάγετε
2905 942 3043 995 κατά
3074 942 3167 993 ἕνα
3198 940 3325 1003 τοὺς
3345 940 3495 1003 υἱοὺς
3528 937 3761 1010 Ἰσραήλ.
3793 954 3815 989 s

2242 1036 2403 1098 Πόλις
2430 1035 2484 1087 δὲ
2516 1035 2651 1103 αὕτη
2701 1036 2845 1087 ἐστὶν
2876 1034 3018 1102 ἀμφὶ
3048 1030 3143 1084 τοῦ
3169 1031 3328 1103 ὅρους
3352 1029 3447 1083 τοῦ
3478 1029 3678 1101 μεταξὺ
3715 1028 3820 1098 τῆς

2242 1125 2516 1193 Αἰγύπτου
2565 1126 2657 1177 καὶ
2704 1124 2803 1193 τῆς
2844 1120 3205 1190 Παλαιστίνης
3243 1120 3492 1191 κειμένη.
3534 1118 3625 1173 Διὸ
3673 1117 3821 1171 καςά

2242 1218 2366 1279 τοὺς
2410 1216 2625 1278 λοιποὺς
2666 1212 3023 1285 ἑρμηνευτάς,
3069 1231 3088 1263 ι
3126 1210 3234 1264 low
3260 1210 3354 1263 τοῦ
3390 1210 3690 1282 χειμάρρου
3723 1209 3822 1261 Δία

2241 1306 2469 1373 γύπτου,
2505 1325 2523 1357 ι
2554 1304 2797 1377 εἴρηται·
2833 1302 3225 1373 αἰνιττομένου,
3255 1301 3332 1365 ὼς
3356 1300 3513 1373 εφην,
3538 1299 3633 1354 τοῦ
3656 1299 3819 1368 λόγου

2239 1398 2331 1451 τὸν
2369 1396 2728 1466 γενησόμενον
2757 1393 2898 1447 κατά
2950 1391 3213 1447 Ἰουδαίων
3247 1391 3482 1462 πόλεμον
3513 1391 3571 1443 ὲν
3601 1387 3681 1459 τῷ
3706 1388 3822 1442 Πα-

2242 1484 2527 1538 λαιστίνων
2566 1484 2729 1538 εθνει.
2770 1502 2788 1534 ι
2835 1482 2947 1535 Καὶ
2990 1481 3139 1535 ισται
3182 1482 3237 1535 tv
3270 1483 3335 1552 τῇ
3379 1481 3564 1553 ἡμέρᾳ
3608 1480 3818 1552 εκείνη,

2244 1572 2531 1627 σαλπιοῦσι
2557 1575 2624 1644 τῇ
2678 1572 2937 1640 σάλπιγγι
2981 1576 3048 1643 τῇ
3098 1570 3330 1643 μεγάλῃ.
3374 1571 3469 1624 καὶ
3506 1570 3727 1641 ἥξουσιν
3763 1570 3819 1625 οι

2240 1666 2564 1736 ἀπολόμενοι
2609 1666 2666 1716 ὲν
2696 1665 2763 1733 τῇ
2800 1661 2953 1735 χώρᾳ
2980 1663 3089 1716 τῶν
3140 1662 3441 1735 Ἀσσυρίων
3475 1664 3569 1716 καὶ
3600 1663 3649 1715 oi
3681 1663 3821 1716 ἀπο-

582 1756 863 1813 Dominum
908 1773 1069 1829 super
1104 1770 1339 1815 montem
1394 1772 1639 1815 sanctum
1672 1763 1723 1815 in
1756 1762 2076 1817 Jerusalem.
2112 1782 2131 1814 ι

2241 1757 2452 1828 λόμενοι
2486 1760 2545 1809 ὲν
2588 1754 2867 1825 Αἰγύπτῳ·
2915 1755 3011 1807 καὶ
3044 1756 3478 1826 προσκυνήσουσι
3506 1753 3584 1825 τῷ
3625 1754 3821 1826 Κυρίῳ

583 1848 954 1916 Expetendum
978 1852 1125 1905 enim
1165 1860 1269 1915 est,
1301 1861 1357 1904 ut
1384 1851 1467 1906 vel
1494 1868 1631 1908 unus
1658 1868 1871 1916 eorum,
1902 1854 1982 1909 vel
2008 1854 2131 1918 duo,

579 1936 665 1988 vel
692 1936 895 2006 aliquot
927 1953 1096 2008 parvo
1128 1953 1353 1994 numero
1386 1956 1481 2010 per
1527 1941 1765 2013 singulas
1773 1945 2000 2009 ,nrbes,
2045 1954 2139 1998 aut

578 2041 680 2094 per
713 2027 952 2098 singulas
971 2041 1158 2100 gentes
1186 2030 1416 2087 salutem
1463 2032 1763 2088 obtineant.
1805 2032 1915 2090 IIos
1958 2036 2143 2104 itaque

580 2118 855 2187 sigillatiiu
891 2132 1215 2191 congregate
1250 2141 1265 2179 :
1299 2125 1519 2194 reliquis
1560 2141 1686 2181 vero
1726 2127 1976 2195 gentibus
2016 2130 2143 2183 tuba

582 2222 973 2279 istagnacanet,
1004 2228 1205 2269 aecum
1229 2215 1468 2272 clamore
1492 2218 1765 2287 loquetur,
1795 2219 2155 2275 audientibus.

577 2302 849 2357 universis
875 2303 1203 2360 hominibus.
1250 2304 1631 2377 Egyptiorum
1662 2310 1879 2364 nomine
1908 2309 2135 2365 idolola-

580 2403 693 2446 tras
730 2407 920 2449 omnes
966 2395 1199 2463 indicat;
1235 2410 1330 2464 per
1377 2400 1625 2469 Assyrios
1672 2412 1883 2465 autem,
1928 2401 2142 2459 lsraelis

579 2482 850 2547 inimicos,
873 2487 966 2556 qui
992 2485 1301 2542 Iudaeorum
1323 2490 1596 2560 regionem
1616 2491 1944 2547 obsederunt
1970 2510 1983 2544 :
2015 2509 2137 2549 nam

579 2574 903 2645 evangelicae
946 2577 1088 2633 illius
1136 2593 1263 2634 vere
1314 2593 1522 2651 magna:
1568 2584 1709 2638 tubae
1752 2584 2140 2653 praedicatione

578 2662 685 2717 illis
712 2666 1013 2733 enuntiata,
1043 2668 1133 2737 qui
1157 2671 1297 2739 apud
1327 2680 1518 2741 gentes
1553 2672 1881 2737 idololatrae,
1915 2684 1965 2729 et
2010 2674 2138 2728 olim

579 2750 787 2808 inimici
810 2765 865 2809 et
890 2755 1076 2813 hostes
1123 2758 1434 2815 Israelitica:
1471 2761 1747 2831 religionis
1779 2772 1967 2827 erant,
2008 2777 2139 2818 cono

579 2844 725 2897 versi
768 2844 833 2898 ad
868 2844 1035 2901 Deum
1075 2850 1373 2916 accedent;
1413 2851 1485 2905 ita
1533 2860 1592 2905 ut
1645 2852 1681 2906 ii
1734 2852 1828 2921 qui
1870 2852 2139 2921 quondam

582 2930 847 2987 idolorum
871 2935 1017 2990 cultu
1048 2945 1105 2991 et
1134 2952 1321 2995 errore
1360 2940 1555 3011 perditi
1586 2950 1778 3007 erant,
1821 2942 2141 3010 resipiscen-

582 3030 668 3075 tcs
689 3031 743 3075 et
764 3023 830 3076 ad
861 3024 955 3079 Dei
980 3030 1345 3097 cognitionem
1375 3038 1705 3086 maturantes
1724 3074 1738 3097 ,
1782 3032 2011 3086 salutem
2044 3046 2140 3101 per

584 3111 854 3169 Christum
882 3116 1115 3174 oblatam
1139 3122 1547 3177 nanciscantur.‘

2243 1848 2337 1901 ἐπὶ
2363 1848 2423 1901 τὸ
2464 1847 2589 1917 ὅρος
2614 1846 2675 1898 τὸ
2716 1846 2867 1914 ἅγιον
2904 1846 2961 1899 ὲν
3017 1845 3388 1917 Ἰερουσαλήμ.
3429 1865 3447 1897 ι
3512 1844 3824 1917 ’Δγαπητδν

2242 1937 2351 2007 γὰρ
2372 1936 2433 1988 τὸ
2464 1936 2569 1988 κᾶν
2604 1935 2720 1998 ἕνα,
2752 1934 2784 2004 ἢ
2818 1934 2911 1988 καὶ
2934 1934 3202 2004 δεύτερον,
3234 1935 3324 1987 καί
3348 1950 3498 1997 τινας
3526 1933 3824 2007 εὐαριθμή-

2238 2044 2366 2090 τους
2388 2024 2448 2093 ὲξ
2472 2025 2649 2079 αὐτῶν
2677 2026 2796 2078 καθ’
2828 2028 3062 2096 ἑκάστην
3085 2026 3236 2080 πόλιν
3260 2026 3291 2098 ἢ
3316 2026 3411 2079 καὶ
3437 2026 3559 2079 καθ’
3585 2025 3824 2081 ἕκαστον

2240 2119 2391 2182 ἔθνος
2422 2118 2709 2183 σώζεσθαι.
2741 2118 2976 2183 Τούτους
3009 2120 3105 2189 μὲν
3144 2115 3238 2172 οὖν
3285 2119 3425 2171 κατά
3456 2119 3553 2172 ενα
3585 2119 3823 2189 συναγά-

2240 2227 2394 2278 γετε·
2430 2215 2542 2273 τοίς
2572 2212 2630 2263 δὲ
2668 2208 2874 2273 λοιποῖς
2914 2211 3092 2265 ἔθνεσι
3133 2211 3394 2279 σάλπιγγι
3425 2212 3673 2265 σαλπίσει
3724 2227 3824 2282 με·-

2239 2303 2399 2372 γάλῃ,
2442 2302 2534 2355 τοῦ
2568 2301 2725 2371 λόγου
2765 2301 2996 2373 βοῶντος
3037 2305 3117 2367 είς
3156 2301 3481 2367 ἐξάκουστον
3512 2304 3679 2356 πᾶσιν
3722 2302 3823 2356 ἀν-

2240 2392 2498 2464 θρώποις.
2545 2396 2809 2467 Σημαίνει
2853 2395 2909 2447 δὲ
2937 2395 3024 2448 διά
3064 2395 3162 2465 μὲν
3191 2396 3299 2449 τῶν
3334 2396 3662 2463 Αἰγυπτίων,
3691 2396 3823 2460 τοὺς

2238 2484 2628 2557 είδωλολάτρας
2668 2486 2897 2551 πάντας,
2945 2486 3034 2540 διά
3074 2487 3133 2540 δὲ
3170 2487 3280 2540 τῶν
3343 2488 3642 2558 Ἀσσυρίων
3693 2488 3822 2552 τοὺς

2240 2576 2529 2646 πολεμίους
2564 2576 2658 2630 τοῦ
2704 2578 2940 2649 Ἰσραὴλ,
2982 2579 3109 2641 τοὺς
3149 2578 3515 2650 πολιορκητὰς
3542 2579 3639 2649 τῆς
3689 2578 3824 2631 Ἰουο

2236 2664 2401 2719 δαίων
2430 2664 2611 2737 χώρας
2636 2668 2977 2738 γενομένους,
3008 2664 3087 2731 οἷς
3115 2668 3209 2721 τοῦ
3231 2668 3388 2737 λόγου
3407 2669 3494 2721 διὰ
3535 2668 3636 2738 τῆς
3658 2668 3822 2737 εύαγυ

2240 2755 2463 2825 γελικῆς
2510 2755 2805 2824 σάλπιγγος
2840 2757 2938 2826 τῆς
2981 2756 3057 2819 ὼς
3106 2756 3321 2828 ἀληθῶς
3365 2756 3605 2827 μεγάλης
3645 2754 3823 2828 κηρύ-

2243 2842 2449 2909 ξαντος,
2482 2846 2877 2915 μεταϐαλόντες
2894 2850 2942 2901 οἱ
2969 2849 3026 2901 ὲν
3049 2850 3163 2912 τοῖς
3186 2848 3394 2903 ἔθνεσιν
3412 2847 3821 2920 είδωλολάτραι,

2243 2935 2338 2987 καὶ
2362 2936 2410 2987 οί
2442 2936 2607 2988 πάλαι
2638 2936 2842 3007 ἐχθροὶ,
2876 2938 2970 2990 καὶ
2996 2939 3044 2990 οί
3076 2938 3323 3009 πολέμιοι
3346 2937 3449 3008 τῆς
3468 2936 3562 2991 τοῦ
3604 2936 3821 3009 Ἰσραὴλ

2244 3023 2571 3088 θεοσεϐείας,
2599 3025 2785 3095 ἥξουσι
2810 3021 2947 3097 πρὸς
2973 3026 3064 3079 τὸν
3092 3025 3225 3079 Θεὸν
3266 3026 3713 3097 ἐπιστρέψαντες,
3744 3025 3823 3090 ὡς

2239 3120 2369 3183 τοὺς
2409 3119 2576 3173 πάλαι
2627 3120 2969 3183 ἀπολωλότας
3023 3121 3081 3172 ὲν
3120 3122 3187 3191 τῇ
3222 3119 3325 3189 τῆς
3376 3118 3820 3191 είδωλολατρείας

583 3204 775 3279 πλάνῃ,
805 3210 1231 3281 μεταϐληθέντας
1257 3215 1348 3267 καὶ
1374 3212 1710 3277 σπεύσαντας
1734 3214 1906 3268 ἐλθεῖν
1929 3214 2020 3267 ἐπὶ
2041 3214 2139 3285 τὴν
2170 3212 2263 3267 τοῦ
2293 3212 2427 3266 Θεοῦ
2445 3214 2664 3283 γνῶσιν,
2694 3215 2787 3267 καὶ
2814 3214 2915 3283 τῆς
2929 3212 3017 3267 διά
3046 3210 3280 3282 Χριστοῦ
3304 3210 3574 3281 σωτηρίας
3596 3212 3809 3280 τυχεῖν,

827 3332 833 3339 ·
1102 3302 1326 3360 CAPUT
1376 3302 1610 3359 XXVIII.

534 3407 549 3418 ο
649 3386 811 3444 Vsus.
852 3391 905 3445 I.
949 3390 1083 3447 «Vm
1124 3408 1335 3449 corona
1388 3397 1766 3461 contumeliae,
1816 3396 2138 3452 mercenarii

582 3478 905 3548 prraim.i
964 3482 1061 3539 Hic
1104 3483 1525 3552 Pharisaeorum,
1574 3503 1905 3543 summorum
1958 3504 2138 3545 sacer-

584 3573 789 3637 ilotum,
831 3583 884 3628 et
939 3576 1265 3645 reliquorum
1310 3578 1520 3635 Judaici
1583 3581 1766 3651 populi
1832 3582 2136 3652 principum

580 3674 893 3716 consessum
924 3665 1231 3722 subindicat
1261 3686 1276 3724 :
1309 3682 1445 3738 quos
1490 3683 1555 3723 ex
1593 3670 1821 3726 diversis
1860 3672 2141 3728 ordinibus

585 3757 637 3803 et
669 3750 1017 3821 dignitatibus
1041 3755 1093 3809 in
1119 3773 1281 3812 unum
1316 3769 1555 3827 coactos,
1591 3775 1804 3816 corona:
1836 3773 2138 3833 comparat,

586 3854 689 3893 non
714 3842 933 3896 honoris
969 3854 1061 3898 aut
1095 3848 1304 3916 gloriae,
1351 3852 1445 3905 sed
1493 3853 1836 3908 contumelia:
1876 3864 1930 3909 et
1978 3855 2138 3909 dede-

586 3932 750 3988 coris.
790 3934 966 4001 Quare
994 3939 1091 4004 ait,
1122 3959 1140 3990 ι
1176 3940 1265 3996 Vae
1291 3958 1505 3998 coronas
1535 3946 1911 4012 contumelias;
1945 3966 1962 3999 I
2025 3948 2139 4003 sive

580 4027 878 4079 secundum
923 4030 1156 4100 reliquos
1216 4032 1561 4105 interpretes.
1623 4036 1892 4092 «Coronae
1942 4053 2137 4107 super-

584 4116 704 4169 biae.
731 4135 749 4167 ι
793 4115 927 4172 Nam
962 4122 1179 4191 superbi
1212 4124 1432 4193 quidam
1482 4135 1667 4191 erant,
1720 4138 2034 4198 arrogantes
2085 4138 2139 4184 et

583 4206 775 4271 insani,
842 4208 896 4263 in
935 4226 1167 4279 quorum
1228 4231 1456 4271 numero
1507 4219 1826 4272 mercenarii
1886 4220 2137 4287 Ephraim

584 4297 1050 4363 computabantur.
1084 4300 1275 4357 .ludam
1326 4315 1474 4359 certe
1500 4307 1829 4373 proditorem
1877 4324 1944 4361 ex
1993 4309 2138 4363 tribu

588 4382 843 4451 prraim
894 4386 1062 4445 fuisse
1122 4390 1293 4446 fertur
1340 4411 1355 4445 :
1398 4410 1557 4462 quem
1588 4396 1706 4449 ideo
1747 4398 2137 4451 mercenarium

587 4482 757 4535 vocat,
815 4476 938 4542 quia
970 4481 1218 4545 pactione
1256 4484 1496 4550 pecunias
1546 4484 1612 4537 ad
1665 4487 1977 4554 magistrum
2014 4501 2139 4553 pro-

588 4560 819 4616 dendutn
866 4565 1119 4623 inductus
1160 4569 1339 4626 fuerit.
1408 4574 1575 4629 «Flos
1618 4575 1817 4630 cadens
1858 4578 1921 4629 ile
1968 4579 2136 4645 gloria

2739 3306 3133 3359 ΚΕΦΑΛΑΙΟΝ
3184 3304 3319 3357 ΚΗ⁹.

2320 3416 2337 3449 ι
2372 3398 2507 3452 Ούαὶ
2568 3398 2643 3470 τῷ
2708 3400 2953 3469 στεφάνῳ
3014 3398 3113 3468 τῆς
3171 3396 3402 3467 ὕϐρεως,
3453 3396 3503 3448 οἱ
3558 3395 3823 3465 μισθωτοὶ

2236 3484 2495 3561 Ἐφραῒμ.
2528 3510 2545 3539 ι
2584 3489 2959 3543 Αἰνίττεταιδὲ
2991 3488 3051 3541 τὸ
3082 3487 3352 3558 συνέδριον
3380 3487 3489 3539 τῶν
3513 3485 3825 3558 Φαρισαίων

2237 3580 2330 3630 καὶ
2350 3580 2652 3648 ἀρχιερέων
2674 3580 2768 3633 καὶ
2795 3578 2904 3633 τῶν
2927 3579 3130 3633 λοιπῶν
3146 3580 3422 3651 ἀρχόντων
3438 3579 3532 3632 τοῦ
3554 3579 3825 3633 Ἰουδαίων

2224 3668 2385 3721 λαοῖν
2422 3671 2535 3733 οὓς,
2564 3674 2626 3723 ὲκ
2658 3670 2927 3742 διαφόρων
2953 3670 3277 3741 ἀξιωμάτων
3312 3670 3662 3735 συνελθόντας
3684 3673 3826 3729 κατά

2238 3760 2298 3811 τὸ
2340 3761 2491 3823 αὐτὸ,
2536 3763 2780 3832 στεφάνῳ
2831 3760 3186 3832 παραϐάλλει,
3222 3761 3284 3813 ού
3316 3761 3483 3832 τιμῆς
3513 3777 3658 3825 τινος
3701 3761 3823 3813 οὐδὲ

2237 3849 2415 3921 δόξης,
2450 3852 2561 3905 ἀλλ’
2599 3852 2807 3923 ὕϐρεως
2834 3854 2926 3906 καὶ
2950 3853 3193 3923 ἀτιμίας.
3219 3852 3309 3905 Διό
3325 3869 3509 3923 φησιν,
3544 3870 3562 3902 ι
3599 3851 3824 3921 Οὐαὶτῴ

2241 3945 2488 4014 στεφάνῳ
2534 3928 2631 4015 τῆς
2662 3944 2893 4015 ὕϐρεως,
2932 3963 2949 3995 ι
3000 3944 3033 4015 ἦ
3070 3943 3209 3997 κατά
3259 3947 3383 4007 τοὺς
3413 3943 3630 4007 λοιποὺς
3656 3944 3825 4015 ἑρμη-

2236 4033 2448 4097 νευτάς,
2485 4052 2503 4085 ι
2534 4036 2612 4105 τῷ
2645 4035 2891 4106 στεφάνῳ
2918 4036 3017 4106 τῆς
3040 4036 3431 4108 ὑπερηφανίας.
3460 4054 3479 4086 ι
3509 4035 3823 4106 Ὑπερήφα-

2235 4140 2315 4177 νοι
2346 4125 2453 4195 γάρ
2494 4142 2638 4188 τινες
2673 4121 2836 4196 ἦσαν,
2868 4125 3125 4191 ἀλαζόνες
3159 4144 3219 4179 τε
3250 4127 3344 4180 καὶ
3374 4128 3821 4197 ἀπονενοημένοι,

2237 4216 2295 4268 ὲν
2315 4210 2393 4279 οἷς
2420 4218 2661 4289 ὑπῆρχον
2681 4219 2771 4271 καὶ
2796 4220 2845 4271 οί
2872 4218 3238 4290 μισθωτοίτοῦ
3255 4221 3495 4291 Ἐφραῖμ
3527 4219 3661 4289 (51).
3677 4220 3821 4273 Ἐλέ-

2240 4325 2363 4375 γετο
2395 4308 2449 4361 δὲ
2484 4309 2685 4367 Ἰούδας
2742 4312 2770 4363 ὁ
2808 4311 3071 4383 προδότης
3118 4313 3183 4364 ὲκ
3228 4311 3398 4382 φυλῆς
3440 4312 3678 4383 Ἐφρατμ
3723 4330 3821 4381 γε-

2238 4398 2468 4465 γονέναι·
2509 4399 2775 4469 μισθωτὸν
2821 4401 2878 4453 δὲ
2931 4401 3107 4465 καλεῖ,
3159 4402 3234 4463 ὡς
3285 4401 3350 4455 ἂν
3384 4400 3823 4473 ἐξηγορασμένον

2240 4490 2512 4560 χρήμασιν
2559 4492 2650 4543 ἐπὶ
2703 4492 2762 4545 τδ
2818 4492 3107 4563 προδοῦναι
3166 4494 3255 4545 τὸν
3312 4493 3647 4547 διδάσκαλον.
3693 4512 3711 4545 ι
3745 4494 3823 4547 Τὸ

2239 4578 2394 4642 ἄνθος
2423 4580 2484 4633 τὸ
2510 4582 2740 4633 ἐκπεσὸν
2773 4582 2870 4651 τῆς
2919 4580 3076 4652 δόξης
3141 4584 3233 4635 ἐπὶ
3281 4584 3379 4653 τῆς
3432 4585 3673 4654 κορυφῆς
3723 4584 3820 4637 τοῦ

583 4666 748 4723 super
806 4658 1061 4713 verticem
1125 4664 1320 4716 montis
1376 4667 1609 4733 pinguis,
1658 4666 1748 4735 qui
1806 4666 1940 4719 ebrii
2011 4668 2139 4721 estis

2242 4668 2397 4739 ὅρους
2422 4670 2515 4723 τοῦ
2564 4670 2765 4740 παχέος
2829 4673 2876 4723 οἱ
2932 4671 3219 4740 μεθύοντες
3279 4674 3404 4727 ἀνευ
3462 4675 3624 4726 οῑνου.
3663 4692 3680 4725 ι
3716 4676 3823 4729 Ms»

584 4744 788 4813 absque
827 4748 971 4805 vino.
999 4769 1018 4802 ι
1048 4749 1181 4805 Nam
1212 4752 1396 4821 gloria
1450 4756 1727 4823 apostolici
1780 4756 1931 4810 chori
1968 4758 2137 4825 parti-

586 4850 734 4905 ceps,
767 4838 1023 4895 inclinato
1055 4844 1121 4896 ad
1166 4860 1279 4898 rem
1310 4845 1597 4911 pessimam
1642 4849 1842 4913 animo,
1888 4846 1986 4902 ﬂos
2033 4848 2143 4916 glo-

588 4927 681 4980 riae
707 4928 900 4985 callens
920 4932 1141 4988 ell'ectus
1170 4944 1274 4989 est.
1300 4935 1423 4991 Flos
1443 4947 1619 4990 autem
1643 4950 1697 4992 et
1723 4953 1947 5007 germen
1983 4940 2142 5007 paulo

588 5026 713 5072 ante
743 5021 1069 5077 vocabantur
1089 5027 1318 5094 apostoli
1348 5026 1670 5095 Salvatoris,
1703 5031 1792 5083 ubi
1830 5029 2137 5090 dicebatur,

594 5129 615 5163 ι
645 5110 766 5167 Filii
811 5114 977 5172 Jacob
1029 5120 1427 5189 germinabunt,
1482 5130 1535 5174 et
1578 5119 1789 5175 ﬂorebit
1841 5121 2033 5187 Israel,
2086 5130 2143 5174 et

592 5204 898 5275 implebitur
925 5219 1067 5264 terra
1096 5211 1272 5266 fructu
1317 5212 1453 5279 ejus.
1492 5230 1510 5263 ι
1548 5209 1749 5267 Verum
1785 5213 1869 5267 his
1894 5213 2141 5282 delapsus

592 5298 866 5362 propheta,
894 5297 991 5355 llos
1023 5302 1205 5371 gloria:
1232 5304 1487 5359 decidens
1519 5305 1693 5361 dictus
1722 5313 1825 5359 est.
1860 5305 1954 5359 llis
1978 5318 2140 5373 porro

590 5385 960 5455 signiﬁcantur
984 5393 1019 5447 ii
1041 5395 1131 5464 qui
1161 5405 1444 5465 aggravata
1475 5397 1653 5451 auima
1680 5404 1826 5461 sunt,
1853 5395 1919 5449 de
1942 5393 2139 5465 quibus

652 5517 1443 5600 .(_3I)_‘Aitit_em_IIieronymns
1484 5528 1674 5584 ludam
1718 5530 2023 5585 Iscarintem
2079 5544 2140 5583 ex

597 5589 736 5639 tribu
769 5589 1017 5659 prraim
1047 5596 1230 5659 fuisse,
1272 5589 1328 5651 ex
1363 5599 1612 5660 Eusebio,
1666 5611 1721 5652 ut
1766 5600 1973 5653 videtur
2028 5615 2143 5652 mu-

600 5667 791 5715 tuatus.
856 5660 1212 5735 Similiterque
1260 5685 1378 5739 quae
1428 5670 1649 5725 inferius
1695 5672 1757 5727 de
1796 5669 2141 5724 Gelhseutaui

2244 4759 2455 4829 τασχὼν
2478 4762 2586 4833 γὰρ
2617 4763 2714 4832 τῆς
2736 4761 2891 4833 δόξης
2916 4763 3009 4816 τοῦ
3034 4764 3388 4817 ἀποστολικοῦ
3410 4764 3590 4836 χοροῦ,
3622 4764 3707 4818 διὰ
3722 4770 3823 4837 τῆς

2249 4852 2339 4903 ἐπὶ
2369 4852 2429 4904 τὸ
2450 4844 2627 4923 χεῖρον
2666 4854 2858 4925 ῥοπῆς,
2885 4856 3071 4923 γέγονε
3104 4856 3165 4909 τὸ
3191 4855 3349 4919 ἄνθος
3369 4857 3429 4909 τὸ
3456 4857 3685 4909 ἐκπεσὸν
3719 4858 3819 4929 τῆς

2247 4941 2421 5013 δόξης.
2458 4944 2652 5008 ’Ἄνθος
2689 4944 2746 4997 δὲ
2768 4946 2862 4998 καὶ
2888 4945 3111 5015 βλαστὸς
3136 4946 3315 5017 μικρῷ
3344 4945 3577 5017 πρόσθεν
3609 4947 3823 5017 ὠνομά-

2249 5032 2401 5097 ζοντο
2422 5037 2470 5088 oi
2505 5035 2787 5088 ἀπόστολοι
2802 5035 2893 5089 τοῦ
2921 5037 3185 5107 Σωτῆρος,
3220 5038 3279 5087 ὲν
3297 5031 3376 5099 οἷς
3409 5037 3642 5104 ἐλέγετο·
3674 5057 3692 5087 ι
3722 5039 3823 5093 Τέ-

2248 5140 2348 5176 κνα
2392 5126 2581 5178 Ἰαήυϐ
2623 5125 2931 5195 βλαστήσει,
2976 5128 3068 5179 καὶ
3107 5126 3392 5196 ὲξανθήσει
3428 5126 3662 5197 Ἰσραὴλ,
3724 5129 3823 5182 καὶ

2245 5216 2607 5287 πλησθήσεται
2642 5219 2675 5287 ὴ
2716 5219 3002 5289 οἰκουμένη
3030 5218 3122 5271 τοῦ
3148 5218 3363 5288 καρποῦ
3394 5217 3578 5270 αὐτοῦ.
3617 5237 3635 5269 ι
3679 5218 3820 5270 Ἀλλ’

2243 5306 2309 5356 ἐκ
2339 5304 2539 5360 τούτων
2564 5307 2592 5357 ὁ
2614 5308 2891 5377 προφήτης
2919 5308 3187 5369 ἐκπεσὼν,
3212 5307 3275 5359 τὸ
3296 5306 3454 5370 ἄνθος
3495 5308 3556 5360 τὸ
3589 5308 3822 5361 ἐκπεσὸν

2244 5398 2341 5468 τῆς
2360 5397 2516 5469 δόξης
2533 5399 2761 5470 εἴρηται.
2784 5400 2857 5470 Ση
2867 5399 3042 5470 μαίνει
3073 5399 3130 5453 δὲ
3148 5394 3300 5464 οὗτος
3331 5402 3361 5454 ὁ
3391 5399 3545 5468 λόγος
3569 5400 3629 5467 τὸ
3653 5401 3824 5472 σπέρ-

2250 5533 2518 5593 dicuntur,
2558 5533 2908 5607 Hieronymus
2933 5536 3109 5592 all'ert.
3160 5534 3273 5593 Vox
3322 5542 3501 5593 autem
3551 5534 3819 5591 Heln-«ica

2250 5616 2324 5661 est
2344 5612 2687 5663 Ε’ΣἯΨἫἸ.
