4042 6388
1110 254 1615 319 COMMENTARIA
1653 264 1723 320 IN
1762 265 2019 329 Isaiam.
2048 262 2122 302 σῖ-
2154 267 2311 317 LsP.
2356 270 2587 315 sunt.

3357 283 3473 341 286

206 391 280 444 μα
305 370 418 427 τῶν
465 373 566 444 τὴν
594 373 773 446 ψυχὴν
806 376 1274 447 πεπαχυμμένων,
1306 379 1434 450 περὶ
1470 371 1546 433 ὧν
1574 377 1764 448 ὶλέχθη

1868 378 2101 435 dictum
2150 387 2258 444 est,
2327 395 2347 431 ι
2380 377 2744 431 lnerassatum
2816 381 2901 428 est
2960 374 3105 427 enim
3154 388 3252 428 cor
3293 375 3471 443 populi

206 481 227 516 ι
271 464 581 535 Ἐπαχύνθη
612 466 721 536 γὰρ
746 466 779 536 ή
812 466 1008 537 καρδία
1032 466 1128 520 τοῦ
1161 466 1294 522 λαοῦ
1313 470 1526 525 τούτου.
1564 488 1583 522 ι
1605 468 1764 524 Ἦσαε

1889 468 2051 538 hujus
2081 470 2151 524 ".
2175 488 2197 523 ι
2241 468 2421 525 Erant
2450 470 2636 537 itaque
2671 482 2770 521 ceu
2806 466 3077 534 quoddam
3117 465 3319 519 montis
3346 466 3467 533 pin-

200 554 379 609 τοίνυν
410 556 599 627 ὥσπερ
632 572 716 619 τις
739 557 948 628 κορυφὴ
974 556 1133 629 δρους
1160 558 1255 611 τοῦ
1283 561 1486 631 παχέος
1514 562 1566 614 oi.
1593 561 1788 632 ἄρχον-

195 664 285 709 τες
306 646 405 700 τοῦ
436 648 870 719 πεπαχυμμένου
889 649 1041 714 λαοῦ,
1066 651 1276 723 κεφαλὴ
1301 653 1658 723 τυγχάνοντες
1681 652 1782 705 αὺ-

1887 562 2005 632 guis
2038 577 2324 626 cacumen,
2358 560 2634 631 principes
2662 557 2845 629 populi
2906 557 3257 626 impinguati,
3299 544 3470 623 caput

1887 654 2137 711 videlicet
2156 668 2371 717 eorum,
2397 652 2597 723 quibus
2638 650 2739 706 ﬂos
2780 650 2967 721 gloria:
3012 650 3273 703 decidens
3328 662 3465 701 cou-

194 739 323 804 τῶν,
356 734 441 802 οἷς
465 739 711 809 συνήφθη
734 739 798 793 τὸ
830 738 989 804 ἄνθος
1019 740 1080 794 τὸ
1110 741 1343 797 ἐκπεσὸν
1377 745 1477 813 τῆς
1494 743 1671 814 δόξηςο
1703 744 1764 797 διὲ

1879 746 2104 816 junctus
2144 756 2260 811 est;
2296 748 2420 802 ideo
2465 746 2702 800 miseros
2733 744 2855 799 illos
2881 742 3165 812 praedicat.
3220 740 3328 794 Pro
3374 738 3467 795 illo

192 832 559 895 ταλανίζεται.
602 832 748 884 ’Avr‘t
800 832 860 885 δὲ
906 831 1024 897 τοῦ,
1074 852 1094 885 ι
1136 835 1230 887 ἐπὶ
1261 835 1365 905 τῆς
1396 837 1637 908 κορυφῆς
1685 836 1781 889 τοῦ

190 920 353 991 δρους
372 918 473 1003 τοῦ,
497 921 718 992 παχέος,
754 942 773 975 ι
797 925 827 975 6
848 924 948 993 μὲν
979 923 1230 987 ’Δκύλας,
1259 944 1279 976 ι
1307 925 1586 998 φάραγγος
1611 929 1783 1006 ῥυπα-

194 1010 347 1084 ριῶν,
381 1030 401 1063 s
439 998 473 1064 6
498 1013 556 1065 δὲ
582 1013 900 1085 Σύμμαχος,
929 1033 949 1066 ι
991 1015 1269 1086 φάραγγος
1289 1018 1577 1089 πιστήτων,
1612 998 1634 1069 .'
1663 1019 1693 1069 6
1723 1018 1781 1071 δὲ

182 1102 507 1167 Θιοδοτίων,
548 1123 568 1155 ι
604 1106 887 1178 φάραγγος
918 1105 1141 1171 πιόνων,
1185 1126 1204 1159 ι
1234 1109 1611 1179 ήρμήνευσαψ
1662 1111 1696 1179 ή
1723 1108 1779 1162 δὲ

203 1194 467 1269 Ἐϐραῖκή
517 1200 692 1270 φωνὴ,
755 1217 776 1251 ι
816 1198 1152 1273 Γηθσημανὶ,
1211 1220 1230 1253 ι
1289 1200 1554 1273 περιέχει.
1602 1203 1778 1273 Ὅπερ

186 1286 404 1358 ῆκουσά
428 1306 575 1353 τινος
613 1290 721 1344 τῶν
747 1292 1031 1364 ἡμετέρων
1056 1293 1361 1367 ἀγαπητῶν
1389 1294 1779 1365 διασαφοῦντος

185 1378 276 1432 καὶ
330 1380 586 1449 λέγοντος
629 1381 723 1436 τὸν
754 1383 920 1437 τόπον
959 1380 1096 1439 εἶναι
1124 1386 1216 1439 τὸν
1250 1387 1308 1439 ἐν
1336 1384 1417 1457 τῷ
1458 1386 1777 1458 Εὐαγγελίῳ

190 1488 211 1520 s
256 1468 575 1543 Γεθσημανὶ
627 1492 645 1524 s
679 1473 1089 1545 ὠνομασμένον,
1124 1475 1309 1550 ἔνθαρ
1335 1476 1602 1548 προδότης
1637 1478 1774 1547 μετὰ

182 1559 277 1615 τοῦ
313 1563 582 1632 στεφάνου
593 1566 699 1636 ’τῆς
728 1565 940 1639 ὕϐρεως
962 1566 1203 1623 ἐπελθὼν
1229 1568 1307 1639 τῷ
1327 1569 1567 1642 Σωτῆρι,
1590 1567 1661 1624 τά
1677 1570 1775 1641 τῆς

182 1654 476 1726 προδοσίας
504 1658 821 1730 εἰργάσατο.

1883 847 2087 904 autem,
2119 857 2140 891 ι
2170 852 2333 909 super
2360 837 2625 893 verticem
2666 836 2869 890 montis
2899 834 3142 905 pinguis,
3166 851 3185 885 ι
3244 828 3463 899 Aquila,

1887 946 1908 981 ι
1936 928 2100 985 vallis
2150 929 2433 995 sordium;
2465 946 2486 983 ι
2542 928 2935 999 Symmachus,
2980 924 3179 979 «vallis
3231 923 3464 992 pingue—

1879 1018 2102 1087 dinum;
2134 1039 2154 1073 ι
2186 1019 2512 1087 Theodotio,
2552 1037 2573 1072 ι
2604 1018 2764 1074 vallis
2784 1017 3090 1088 pinguium,
3123 1036 3142 1068 ι
3194 1016 3465 1084 interpre-

1883 1111 1983 1164 tati
2017 1116 2178 1177 sunt;
2222 1110 2495 1167 Hebraica
2544 1118 2725 1166 autem
2772 1110 2952 1173 lectio,
2990 1127 3010 1161 ι
3038 1105 3457 1167 ϐοιὶιεοωοηί,ι

1878 1200 2215 1257 circumfert.
2238 1201 2417 1269 Quam
2447 1216 2632 1258 vocem
2658 1200 2843 1256 audivi
2866 1200 3181 1269 quempiam
3201 1213 3233 1251 e
3249 1195 3464 1252 dilectis

1878 1292 2101 1359 nostris,
2150 1292 2217 1349 de
2247 1292 2388 1361 loco,
2436 1291 2532 1362 qui
2565 1292 2620 1346 in
2657 1288 2954 1360 Evangelio
3005 1305 3026 1340 ι
3055 1284 3405 1343 Gethsemani
3433 1303 3459 1338 ι

1878 1384 2096 1451 dicitur,
2122 1383 2512 1454 explicantem,
2543 1372 2651 1437 Lubi
2693 1381 2945 1451 proditor
2975 1394 3098 1435 cum
3141 1377 3233 1432 illa
3266 1384 3462 1433 contu-

1878 1476 2053 1533 melia
2114 1491 2318 1534 corona
2378 1474 2732 1532 Servatorem
2797 1472 3029 1538 adiens,
3089 1467 3457 1541 proditionem

1875 1569 2027 1628 fecit.

258 1762 279 1795 ι
317 1720 467 1799 usos
492 1720 710 1818 ἰσχυρὸν
750 1748 845 1801 καὶ
877 1747 1134 1819 σκληρὸν,
1161 1750 1191 1802 6
1219 1748 1389 1820 θυμδς
1417 1749 1646 1820 Κυρίου,
1696 1750 1764 1816 ὡς

1943 1749 2112 1809 Vens.
2149 1750 2208 1807 2.
2255 1770 2275 1801 ι
2298 1749 2442 1805 Ecce
2471 1748 2615 1804 forte
2648 1754 2705 1802 et
2751 1745 2985 1810 durum,
3042 1741 3195 1797 furor
3245 1737 3460 1794 Domini

174 1833 395 1903 χάλαζα
420 1836 843 1908 καταφερομένη
875 1837 977 1891 οὐκ
1006 1837 1205 1909 ἔχουσα
1235 1836 1464 1911 σκέπην,
1494 1839 1587 1912 βίᾳ
1613 1858 1775 1895 κατα-

178 1924 483 1997 φερομένη·
518 1925 595 1989 ὡς
621 1925 815 1992 ὕδατος
844 1928 980 1983 πολὺ
1014 1928 1218 1999 πλῆθος
1251 1928 1414 2001 σύρον
1446 1930 1652 2003 χώραν.
1702 1936 1769 2004 τῇ

175 2018 251 2087 γῇ
281 2017 500 2088 ποιήσει
519 2018 821 2090 άνάπαυμα
850 2022 972 2084 ταῖς
986 2020 1193 2092 χερσίν.
1230 2039 1249 2073 ο
1293 2020 1451 2075 Οὕτω
1468 2022 1579 2101 γὰρ
1600 2022 1772 2095 θυμὸς

178 2108 413 2179 Κυρίου,
447 2110 604 2180 φησὶ,
638 2111 781 2165 κατὰ
797 2111 1003 2165 τούτων
1029 2110 1209 2166 αὐτῶν
1237 2112 1516 2167 ὶλεύσεται
1544 2113 1653 2168 τῶν
1674 2132 1771 2186 με-

172 2195 418 2253 θυόντων
441 2200 570 2255 άνευ
598 2200 765 2256 οἴνου·
795 2201 873 2265 ὡς
897 2200 1108 2274 χαλάζῃ
1134 2190 1601 2275 παραϐάλλεσθαι,
1627 2206 1769 2260 κατὰ

176 2288 427 2359 κεφαλῆς
457 2290 667 2363 ἀνδρῶν
693 2291 796 2345 οὐκ
836 2290 1067 2364 ἐχούσης
1083 2293 1293 2367 σκέπην
1324 2297 1764 2369 καταρασσούσῃ.

174 2377 341 2433 Οὕτω
356 2397 476 2443 πως
498 2380 589 2434 τὸν
610 2381 782 2452 θυμὸν
816 2381 910 2436 τοῦ
938 2380 1073 2437 Θεοῦ
1107 2384 1249 2437 κατὰ
1291 2384 1401 2439 τῶν
1423 2386 1768 2460 δηλουμένων

172 2471 639 2543 ἐπενεχθήσεσθαί
654 2490 810 2545 φησι.

252 2581 273 2614 s
311 2563 425 2617 Καὶ
488 2565 601 2628 τοῖς
648 2565 777 2619 ποσὶ
840 2566 1358 2640 καταπατηθήσεται
1415 2571 1445 2625 6
1503 2572 1767 2643 στέφανος

172 2651 414 2740 ςιδρεως,
440 2656 490 2709 oi
531 2654 790 2726 μισθωτοὶ
814 2656 910 2711 τοῦ
939 2659 1203 2732 Ἑφραΐμ.
1237 2680 1258 2714 ι
1293 2660 1469 2717 Πάλαι
1505 2664 1605 2735 μὲν
1654 2667 1765 2740 γὰρ

170 2737 320 2815 ἦσαν
347 2744 611 2815 στέφανος
640 2746 852 2820 ὕϐρεως
879 2751 960 2816 είς
984 2749 1048 2804 τὸ
1074 2750 1316 2826 ὑϐρίζειν
1342 2737 1763 2829 παρατιταγμέζ

172 2854 278 2890 νοι·
309 2836 393 2890 διὸ
431 2839 526 2892 καὶ
563 2839 824 2909 στέφανος
848 2841 1225 2915 ὑπερηφανίας
1244 2844 1507 2914 ἐλέγοντο*
1531 2846 1685 2911 τέλος
1708 2848 1765 2902 δὲ

158 2928 379 2993 ,αὐτοὺς
414 2928 733 3001 διαλήψεται
764 2933 1026 2999 τοιοῦτον,
1053 2934 1131 2999 ὡς
1178 2936 1627 3010 καταπατηθῆναι
1667 2940 1765 2993 αὐ·-

168 3020 320 3085 τούςο
353 3022 435 3075 διὸ
463 3022 559 3076 καὶ
587 3024 1046 3099 κατεπατήθησαν
1078 3026 1184 3080 ὑπό
1208 3044 1269 3080 τε
1296 3027 1407 3081 τῶν
1436 3030 1763 3086 καταδουλω-

172 3114 430 3184 σαμένων
463 3115 662 3180 αὐτοὺς
694 3115 988 3189 πολεμίωνο
1042 3119 1093 3172 οἳ
1141 3120 1236 3173 καὶ
1266 3118 1365 3191 τὴν
1398 3119 1553 3176 πόλιν
1584 3122 1763 3179 αὐτῶν

167 3204 389 3270 ἑαυτοῖς
418 3207 859 3280 καταπατήματα
883 3211 1238 3282 πεποιήκασι.

249 3404 269 3436 ι
300 3386 413 3439 Καὶ
445 3385 599 3441 ἔσται
640 3389 700 3443 τὸ
732 3390 891 3455 άνθος
920 3393 981 3446 τὸ
1008 3394 1241 3449 ἐκπεσὸν
1273 3398 1372 3469 τῆς
1399 3397 1613 3463 ἐλπίδος
1664 3401 1763 3471 τῆς

168 3473 333 3545 δόξης
378 3476 468 3528 ἐπ’
496 3477 665 3548 άκρου
695 3479 792 3533 τοῦ
811 3480 972 3553 ὄρους
994 3484 1088 3538 τοῦ
1120 3486 1441 3557 ὑψηλοῦ·λώς
1456 3491 1763 3563 πρόδρομος

171 3566 364 3619 σύκου·
402 3566 527 3621 ίδὼν
574 3568 725 3636 αὐτὸ,
775 3572 905 3643 πρὶν
955 3576 1035 3638 είς
1063 3577 1163 3649 τὴν
1194 3582 1351 3651 χεῖρα
1383 3581 1547 3636 αὐτοῦ
1578 3582 1761 3638 λαϐεῖν

168 3657 329 3722 αὐτὸ,
367 3657 583 3731 θελήσει
626 3660 754 3716 αὐτὸ
792 3669 1099 3722 καταπιεῖν.
1146 3688 1164 3720 ι
1215 3670 1468 3736 Τοιοῦτος
1494 3672 1551 3726 δέ
1576 3691 1660 3739 τις
1690 3671 1760 3747 ἦν

166 3750 197 3800 6
236 3747 463 3813 Ἰούδας,
498 3748 656 3813 ἄνθος
690 3751 790 3821 μὲν
822 3754 1079 3822 γεγονὼς,
1108 3756 1245 3810 ἀλλὰ
1274 3760 1518 3816 ἐκπεσὼν
1550 3764 1649 3834 τῆς
1675 3763 1761 3817 ἐλ-

169 3838 328 3903 πίδος
354 3838 491 3908 ὁμοῦ
522 3842 617 3895 καὶ
648 3843 746 3911 τῆς
776 3844 951 3916 δόξης.
990 3848 1102 3901 Kal.
1142 3848 1311 3903 πάλαι
1347 3852 1445 3921 μὲν
1474 3854 1759 3923 τυγχάνων

167 3932 363 3985 ἐπάνω
392 3932 550 4003 ὅρους
574 3933 667 3987 τοῦ
697 3936 927 4008 ὑψηλοῦ,
956 3940 1083 4009 περὶ
1113 3936 1173 3994 οὗ
1201 3942 1404 4012 προῖὼν
1432 3946 1460 3997 6
1478 3950 1762 4019 προφήτης

170 4022 364 4091 φησίν·
394 4043 411 4075 ι
437 4025 692 4099 Ἐπ’δρος
716 4028 916 4099 ὑψηλὸν
944 4030 1195 4102 ἀνάὸηθι,
1220 4035 1248 4087 6
1272 4035 1757 4108 εὐαγγελιζόμενος

167 4112 336 4173 Σιών.
371 4135 389 4166 r
444 4116 603 4171 Ἀλλὰ.
632 4120 824 4187 γέγονε
868 4122 1106 4187 τοιοῦτός
1161 4142 1265 4189 τις,
1298 4127 1375 4191 ὼς
1424 4130 1756 4201 ὁμοιωθῆναι

168 4208 467 4282 προδρόμιῳ
497 4210 683 4275 σύκου,
734 4214 931 4287 καρπῷ
962 4216 1397 4291 ἁτελεσφορήτῳ,
1436 4222 1624 4295 ὡραίῳ
1657 4224 1757 4295 μὲν

166 4301 268 4354 καὶ
296 4302 449 4372 καλῷ
478 4305 545 4374 τῇ
590 4303 709 4373 θέᾳ,
750 4306 1008 4379 ἀχρήστῳ
1040 4309 1096 4361 δὲ
1126 4309 1300 4375 άλλως
1339 4311 1426 4365 διά
1478 4315 1540 4367 τὸ
1568 4314 1756 4381 ἀτελὲς

1873 1842 2015 1896 sicut
2064 1841 2272 1911 grando
2336 1838 2559 1910 delapsa
2616 1852 2724 1893 non
2786 1834 2997 1891 habens
3055 1827 3457 1893 umbraculum,

1872 1948 1993 2002 qua:
2015 1932 2285 1987 violenter
2323 1932 2529 1988 decidit
2565 1946 2582 1990 ;
2612 1928 2755 1984 sicut
2781 1940 2937 1998 aquae
2978 1925 3061 1980 vis
3107 1936 3302 1994 magna
3340 1929 3460 1975 tra-

1872 2023 2010 2079 hens
2042 2022 2318 2093 regionem
2353 2035 2368 2075 :
2406 2022 2460 2076 in
2495 2030 2642 2076 terra
2668 2018 2831 2074 faciet
2860 2016 3099 2087 quietem
3127 2012 3399 2067 manibus.
3432 2026 3456 2063 ι

1870 2111 1971 2178 lla,
2012 2112 2209 2181 inquit,
2238 2110 2392 2167 furor
2420 2110 2634 2167 Domini
2667 2123 2764 2165 eos
2799 2108 2894 2179 qui
2923 2106 3059 2163 ebrii
3096 2114 3223 2161 sunt
3253 2103 3459 2173 absque

1869 2205 2019 2269 vino,
2070 2205 2360 2259 invasurus
2418 2212 2539 2267 est,
2593 2210 2654 2258 ut
2701 2199 2953 2272 grandini
3006 2205 3356 2268 comparetur
3401 2196 3456 2251 ln

1868 2298 2043 2367 capita
2068 2298 2309 2352 virorum
2339 2304 2649 2366 legumento
2681 2293 2928 2349 carentia
2954 2289 3188 2361 delapsa:
3223 2310 3235 2345 :
3262 2288 3452 2342 eodem

1868 2390 2029 2446 modo
2072 2390 2313 2446 furorem
2348 2388 2443 2445 Dei
2494 2387 2812 2446 memoratis
2854 2382 3170 2440 horninibus
3210 2379 3456 2436 inferen-

1866 2484 1994 2537 dum
2021 2484 2284 2554 praedicit.

1940 2573 2103 2631 Vsus.
2143 2575 2197 2630 3.
2245 2593 2264 2628 ι
2296 2574 2362 2630 Et
2387 2573 2619 2645 pedibus
2645 2571 3058 2629 conculcabitur
3082 2581 3287 2624 corona
3320 2580 3456 2621 con-

1867 2667 2141 2735 tumeliae,
2196 2666 2521 2724 mercenarii
2572 2666 2902 2737 Ephraim.»
2977 2662 3120 2719 Olim
3181 2657 3453 2729 siquidem

1865 2760 2063 2814 corona
2094 2758 2439 2815 contumeliae
2458 2765 2655 2824 erant,
2687 2758 2755 2813 ad
2798 2756 3139 2813 inferendam
3167 2760 3453 2809 contume-

1864 2849 1993 2906 liam
2040 2851 2332 2917 instructi;
2382 2860 2718 2923 quapropter
2752 2863 2952 2906 corona
3008 2848 3139 2903 item
3185 2843 3455 2915 superbia

1863 2940 2233 3009 vocabantur;
2272 2940 2396 2997 talis
2426 2951 2610 2997 autem
2642 2941 2767 2998 linis
2797 2950 3167 3010 occupaturus
3204 2952 3298 2993 eos
3330 2947 3451 2999 est,

1864 3040 1924 3085 ut
1951 3030 2342 3088 conculcentur
2368 3050 2384 3087 :
2416 3039 2473 3088 et
2506 3046 2641 3088 sane
2668 3031 2979 3087 conculcati
3007 3038 3136 3086 sunt
3167 3029 3237 3083 ab
3262 3027 3449 3083 inimi-

1866 3126 1966 3188 cis,
1999 3124 2092 3194 qui
2133 3124 2279 3195 ipsos
2307 3124 2361 3179 in
2394 3124 2717 3179 servitutem
2748 3124 3080 3194 redegerunt
3110 3139 3125 3177 :
3155 3121 3248 3190 qui
3279 3120 3447 3174 etiam

1862 3218 2141 3273 civitatem
2184 3232 2371 3273 eorum
2409 3216 2680 3272 calcaneis
2722 3214 2840 3271 suis
2884 3214 3239 3270 obterendam
3284 3225 3449 3266 cura-

1864 3319 2009 3365 runt.

1936 3399 2096 3455 Vsus.
2149 3399 2203 3454 ι.
2263 3417 2282 3452 ι
2308 3398 2375 3455 Ει
2422 3399 2530 3455 erit
2577 3396 2680 3455 ﬂos
2713 3398 2804 3468 qui
2840 3395 3041 3452 decidit
3091 3395 3158 3451 de
3191 3406 3289 3463 spe
3327 3390 3449 3464 glo-

1864 3494 1980 3556 riae,
2028 3493 2082 3548 in
2132 3493 2338 3549 vertice
2385 3491 2587 3547 montis
2640 3489 2879 3557 excelsi;
2932 3489 3083 3543 sicut
3124 3492 3450 3556 praematura

1862 3587 2043 3651 licus;
2088 3586 2181 3656 qui
2219 3585 2420 3639 viderit
2470 3600 2627 3649 eam,
2669 3583 2985 3653 priusquam
3034 3588 3214 3636 sumat
3258 3591 3450 3642 manu,

1862 3678 2040 3745 cupiet
2074 3691 2192 3732 eam
2228 3677 2511 3732 devorare.
2545 3695 2565 3729 ι
2622 3673 2770 3729 Talis
2799 3683 2920 3729 erat
2964 3671 3159 3737 ludas,
3219 3671 3311 3740 qui
3346 3668 3449 3745 llos

1862 3782 1995 3823 sane
2017 3766 2225 3834 fuerat;
2270 3782 2460 3823 verum
2486 3769 2551 3822 de
2581 3782 2679 3837 spe
2709 3765 2873 3822 simul
2903 3774 2955 3821 et
3001 3768 3066 3819 de
3091 3762 3273 3833 gloria
3296 3761 3448 3818 deci-

1859 3861 1959 3915 dit.
1994 3860 2062 3915 Et
2084 3860 2211 3915 olim
2242 3861 2461 3931 quidem
2497 3874 2662 3929 supra
2710 3867 2948 3913 montem
2987 3856 3265 3913 excelsum
3302 3863 3445 3920 erat,

1860 3953 1925 4008 de
1974 3967 2082 4021 quo
2133 3954 2189 4008 in
2219 3953 2603 4023 {sequentibus
2654 3952 2921 4023 propheta
2984 3950 3158 4015 dicit,
3218 3946 3446 4017 «Supra

1860 4054 2096 4099 montem
2122 4045 2400 4101 excelsum
2441 4043 2710 4111 ascende,
2748 4045 2839 4115 qui
2863 4042 3389 4112 evangelizasSion.
3415 4059 3439 4095 ο

1863 4136 2059 4189 Verum
2088 4134 2177 4190 ille
2206 4137 2327 4192 talis
2364 4137 2562 4201 evasit,
2598 4124 2657 4191 ut
2690 4146 3034 4208 praematuras
3058 4136 3191 4189 1icui
3219 4149 3446 4205 compa-

1861 4236 2097 4293 raretur,
2130 4227 2451 4293 imperfecto
2496 4228 2707 4284 scilicet
2752 4228 2993 4293 fructui;
3039 4226 3287 4294 specioso
3316 4226 3444 4296 qui—

1861 4322 1981 4377 dem
2017 4334 2083 4377 ac
2122 4321 2296 4376 forma
2347 4321 2596 4393 pulchro,
2652 4319 2748 4376 sed
2785 4318 2920 4374 alias
2965 4318 3185 4383 inutili,
3216 4319 3342 4388 quia
3371 4316 3444 4372 ob

164 4392 266 4445 τοῦ
304 4394 441 4464 πρὸς
468 4396 672 4467 τροφήν
700 4397 1008 4473 ἐπιτηδείου
1042 4402 1275 4473 καρποῦ.
1329 4405 1420 4457 Διὸ
1452 4406 1756 4479 πρόδρομον

1868 4392 2612 4483 imperfectionemnondum
2659 4413 2776 4468 esui
2831 4422 2989 4481 aptus
3040 4409 3251 4470 fructus
3297 4418 3439 4464 erat.

166 4485 337 4539 αὑτὸν
376 4486 666 4557 γενόμενον
708 4488 1034 4561 τεθεαμένος
1056 4495 1086 4546 6
1116 4494 1225 4547 τῶν
1256 4496 1435 4550 καλῶν
1463 4497 1751 4568 βάσκανος,

168 4578 499 4650 προήρπασε
532 4579 786 4644 σπεύσας·
845 4582 922 4646 ὠς
974 4582 1195 4655 θελῆσαι
1254 4588 1416 4643 αὑτὸν
1468 4594 1755 4645 καταπιεῖν

169 4669 301 4739 πρὶν
332 4668 368 4739 ἢ
399 4670 497 4740 τῆς
528 4672 709 4742 χειρὸς
733 4673 1103 4730 ὲπιλαῦέσθαι·
1130 4676 1272 4731 οὕτω
1309 4679 1438 4747 γοῦν
1476 4682 1635 4735 αὑτὸν
1660 4684 1752 4736 καὶ

167 4759 433 4813 κατέπιεν
466 4762 709 4833 ἰσχύσας.

248 4870 267 4903 s
308 4852 390 4923 Τῇ
423 4855 609 4927 ἡμέρα
635 4857 820 4930 ἐκείνῃ
874 4858 1028 4913 ἔσται
1062 4860 1267 4932 Κύριος
1296 4863 1521 4919 Σαϐαὼθ
1568 4869 1597 4920 6
1636 4869 1754 4920 στέ·

166 4960 338 5011 ᾳανος
377 4945 477 5015 τῆς
503 4947 735 5012 ἐλπίδος,
770 4952 799 5004 6
845 4950 1073 5017 πλακεὶς
1103 4953 1201 5024 τῆς
1253 4954 1429 5023 δόξης,
1465 4958 1543 5025 τῷ
1590 4976 1755 5013 κατα-

164 5035 442 5105 λειφθέντι
493 5038 587 5097 τοῦ
616 5040 767 5094 λαοῦ.
803 5044 1337 5117 Καταλειφθήσονται
1368 5050 1426 5102 δὲ
1452 5051 1544 5103 ἐπὶ
1589 5053 1751 5105 πνεύ-

165 5141 303 5195 ματι
331 5127 568 5198 κρίσεως
600 5130 694 5182 ἐπὶ
722 5132 922 5202 κρίσιν,
965 5136 1061 5188 καὶ¹
1115 5137 1267 5206 ίσχὺν
1310 5138 1624 5195 κωλυόντων
1659 5144 1753 5198 άν-

166 5216 328 5270 ελεῖν.
368 5237 387 5269 ι
418 5219 588 5290 Δῆλον
615 5221 672 5274 δὲ
697 5222 779 5276 ὃτι
802 5226 913 5287 τοίς
947 5226 1366 5297 περιλειφθεῖσιν
1398 5233 1463 5285 ὲκ
1508 5233 1609 5303 τῆς
1650 5234 1745 5287 τοῦ

164 5309 370 5373 παντὸς
402 5309 535 5364 λαοῦ
562 5314 856 5379 ἀπωλείας·
886 5310 1028 5371 οὗτοι
1045 5319 1104 5372 δὲ
1132 5316 1271 5391 ἦσαν
1297 5323 1345 5375 oi
1368 5323 1463 5377 τοῦ
1499 5325 1746 5397 Σωτῆρος

163 5399 529 5456 ἀπύστολοίτε
561 5408 654 5458 καὶ
681 5406 937 5479 μαθηταίο
966 5410 1127 5464 αὐτὸν
1159 5412 1266 5484 γὰρ
1291 5414 1505 5471 ἔσεσθαι
1524 5416 1613 5471 τὸν
1632 5418 1741 5472 Κύ-

168 5509 284 5566 ριον
318 5494 580 5563 στέφανον
609 5497 820 5564 ἐλπίδος
841 5501 1251 5573 ἐπαγγέλλεται.

166 5671 212 5703 ’⁸
241 5671 429 5730 Matth.
470 5690 590 5731 sm.
626 5675 710 5731 i3.

1862 4505 2221 4573 Quamobrem
2266 4513 2652 4575 praematurum
2695 4519 2819 4560 eum
2873 4502 3229 4571 conspicatus
3268 4504 3441 4556 bono-

1861 4612 1979 4651 rum
2009 4597 2226 4653 invidus
2270 4597 2393 4661 ille,
2439 4598 2763 4652 festinanter
2803 4596 3103 4667 praeripuit,
3148 4596 3221 4649 ita
3265 4603 3324 4649 ut
3354 4593 3440 4649 vel

1859 4703 2149 4760 antequam
2179 4690 2331 4745 illum
2364 4703 2526 4744 manu
2561 4699 2803 4759 caperet,
2850 4690 3113 4744 devorare
3138 4685 3302 4743 vellet
3336 4705 3350 4745 :
3385 4696 3442 4743 et

1856 4784 1935 4839 sic
1968 4798 2093 4839 vere
2112 4784 2417 4847 devoravit,
2452 4786 2578 4855 quia
2609 4783 2897 4854 pratvaluit
2927 4782 3054 4853 ipsi.

1928 4872 2070 4931 Vens
2126 4875 2181 4941 5,
2229 4874 2285 4934 6.
2348 4894 2367 4928 ι
2398 4876 2453 4931 In
2494 4876 2581 4931 die
2622 4875 2712 4930 illa
2750 4876 2855 4932 erit
2905 4874 3165 4929 Dominus
3194 4873 3435 4931 Sabaoth

1849 4982 2052 5023 corona
2107 4971 2244 5037 spei,
2291 4983 2413 5038 quae
2467 4968 2795 5038 complicata
2843 4976 2929 5023 est
2979 4968 3164 5038 glorire
3218 4967 3438 5022 residuo

1852 5058 2047 5127 populi.
2109 5058 2505 5130 Relinquentur
2555 5070 2737 5115 autem
2773 5061 2829 5115 in
2885 5061 3082 5130 spiritu
3138 5059 3331 5127 iudicii
3378 5060 3434 5116 in

1847 5147 2107 5216 judicium
2151 5158 2205 5205 et
2255 5149 2629 5207 fortitudinem
2681 5154 2982 5208 vetantium
3039 5152 3371 5209 interficere.
3410 5170 3430 5207 ι

1855 5238 2113 5294 Videlicet
2139 5240 2205 5295 iis
2242 5241 2334 5311 qui
2363 5257 2393 5296 a
2430 5243 2594 5298 totius
2617 5243 2800 5312 populi
2829 5245 2999 5299 exilio
3027 5244 3389 5301 remanserint
3419 5263 3433 5299 :

1854 5330 1907 5384 lii
1946 5340 2129 5386 autem
2173 5344 2330 5389 erant
2385 5335 2613 5404 apostoli
2670 5345 2727 5390 et
2765 5336 3017 5407 discipuli
3080 5336 3380 5393 Salvatoris
3416 5357 3429 5393 :

1853 5420 2029 5567 ipsllllm
2050 5423 2253 5496 quippe
2289 5426 2571 5484 Dominum
2602 5442 2863 5486 coronam
2895 5429 3010 5500 spei
3039 5427 3283 5485 futurum
3315 5442 3436 5486 esse

1858 5527 1925 5567 oo
1972 5513 2161 5567 icetur.

1858 5513 2161 5582 pollicetur.
