4042 6454
646 401 749 452 28⁸1

712 512 878 567 Vsus.
927 508 983 563 7.

643 610 956 659 erraverunt
990 606 1210 668 propter
1255 599 1504 663 siceram,
1531 616 1564 679 ι,
1607 612 1768 666 quam
1815 598 2006 665 reliqui
2041 599 2209 652 inter-

1337 390 1606 449 ευδεειιι
1641 389 2120 447 ΩᾹΖΒΔΠΙΕΝΒΒ
2155 388 2303 445 OFP.
2347 388 2526 444 PARS
2565 389 2649 445 ill.
2690 419 2761 433 -—
2795 386 3205 445 EXEGETICA.

1044 505 1154 561 cili
1220 510 1364 562 enim
1429 508 1553 563 vino
1611 507 1873 562 scelerate
1927 515 2187 577 egerunt:

2377 524 2398 557 ι
2432 498 2589 559 Οὗτοι
2616 504 2721 576 γὰρ
2748 504 2877 575 οϊνῳ
2906 500 3425 573 πεπλημμελημένοι
3452 501 3871 573 εἰσίν-,ἐπλανήο

3766 387 3867 443 283

2309 593 2480 667 θησαν
2523 594 2612 649 διὰ
2664 596 2725 649 τὸ
2756 595 2967 667 σίκεραο
3008 613 3027 647 ι
3063 599 3199 664 ὅπερ
3240 596 3289 647 oi
3334 593 3508 647 λοιποὶ
3544 594 3869 664 ἐρμηνευταὶ

642 702 842 763 pretes,
885 705 909 741 ι
936 689 1289 750 ebrietatem,
1323 704 1343 737 ι
1400 676 1748 741 vocaverunt.
1800 684 1879 740 Ne
1917 688 2040 749 quis
2082 701 2187 740 ven

2313 704 2332 737 ι
2367 685 2618 756 μέθυσμα
2646 704 2665 737 ι
2684 685 2993 756 ὠνόμασαν.
3012 684 3129 737 Ἰνα
3158 683 3217 737 δέ
3252 684 3324 755 μή
3347 699 3429 747 τις
3456 676 3596 736 οἶνον
3616 681 3871 735 ὑπολάϐοι

640 794 789 851 putet
846 780 1031 833 viuum
1083 788 1137 832 et
1169 777 1488 831 ebrietatem
1545 776 1600 831 in
1649 778 1853 848 vulgari
1910 794 2070 834 sensu
2121 780 2207 834 hic

639 870 886 939 intelligi,
926 870 1174 923 cautione
1200 866 1447 934 superius
1494 876 1577 922 est
1622 882 1751 921 usus
1790 869 2006 933 dicens,
2063 888 2084 922 ι
2113 873 2203 938 qui

640 962 773 1016 ebrii
801 962 931 1015 estis
971 960 1173 1029 absque
1203 958 1347 1014 vino.
1377 976 1395 1010 ι
1440 958 1599 1013 Aliud
1640 959 1822 1027 itaque
1852 960 2037 1014 vinum
2064 970 2202 1026 erat,

641 1054 749 1107 alia
808 1052 980 1106 sicera
1032 1052 1145 1105 sive
1186 1048 1446 1115 ebrietas,
1507 1064 1625 1118 qme
1657 1051 1803 1118 ipsos
1852 1050 1905 1103 in
1962 1065 2202 1106 errorem

641 1143 872 1198 induxit.
902 1160 922 1194 ι
947 1141 1216 1196 Sacerdos
1249 1150 1305 1195 et
1345 1142 1602 1211 propheta
1641 1149 1823 1196 mente
1855 1154 2204 1197 excesserunt

640 1230 862 1305 propter
911 1233 1143 1288 siceram
1182 1246 1198 1284 :
1230 1232 1473 1300 absorpti
1531 1243 1660 1288 sunt
1696 1241 1918 1301 propter
1968 1234 2152 1288 vinum
2184 1253 2198 1289 :

639 1326 1005 1379 titubavcrunt
1066 1325 1134 1379 ab
1202 1323 1463 1380 ebrietate
1496 1362 1513 1389 ,
1556 1336 1881 1379 erraverunt
1916 1343 1929 1379 :
1965 1325 2069 1382 hoc
2121 1337 2201 1381 est

676 1415 882 1469 hasma.
918 1434 939 1467 ι

676 1427 882 1469 nasma.
918 1434 939 1467 ι

637 1427 673 1487 Ρ
706 1502 870 1559 Vns.
924 1504 979 1559 8.
1043 1520 1065 1556 ι
1095 1502 1399 1558 Haledictio
1431 1503 1708 1559 devorabit
1745 1506 1848 1560 hoc
1878 1506 2197 1561 consilium:

634 1594 737 1651 hoc
790 1597 935 1651 enim
972 1595 1257 1651 consilium
1323 1606 1548 1664 propter
1600 1598 1901 1652 avaritiam.
1932 1615 1975 1650 ν
2011 1598 2197 1653 Visum

635 1686 775 1740 enim
830 1700 953 1739 vere
976 1695 1093 1739 erat
1128 1699 1189 1740 ac
1240 1690 1578 1755 phantasma,
1624 1688 1767 1757 quod
1818 1690 1889 1743 iiii
1930 1705 2120 1745 omnes
2145 1702 2198 1744 et

2306 778 2401 830 καὶ
2435 776 2762 847 μέθυσματδ
2778 776 3077 847 προχείρως
3109 774 3413 843 νοούμενον,
3436 772 3869 845 προησφαλίσατο

2303 866 2560 938 ἀνωτέρω
2584 865 2776 933 είπὼν,
2802 886 2821 919 ι
2860 869 2909 921 oi
2946 864 3232 936 μεθύοντες
3256 866 3383 918 ἄνευ
3409 864 3570 918 οἴνου.
3611 883 3630 914 ι
3663 862 3869 917 Οὐκοῦν

2303 954 2489 1027 ἔτερος
2536 952 2604 1027 ἦν
2632 952 2785 1021 οὗτος
2815 958 2845 1011 δ
2868 953 3030 1021 οἶνος,
3058 956 3151 1009 καὶ
3176 954 3302 1010 ἄλλο
3333 956 3395 1009 τὸ
3424 954 3754 1025 καλούμενον
3787 954 3868 1007 σί-

2304 1063 2461 1119 κερα,
2491 1048 2524 1119 ἢ
2560 1049 2621 1101 τὸ
2663 1049 2936 1120 μέθυσμα,
2988 1048 3056 1102 δι’
3090 1042 3151 1101 οὗ
3183 1047 3251 1101 τὰ
3294 1047 3395 1117 τῆς
3450 1046 3657 1118 πλάνης
3688 1045 3869 1108 αὐτοῖς

2301 1139 2512 1207 γέγονε.
2546 1158 2566 1191 ι
2618 1140 2817 1210 ’ἱερεὺς
2847 1142 2940 1195 καὶ
2972 1140 3253 1211 προφήτης
3274 1137 3569 1210 ἐξέστησαν
3593 1138 3682 1192 διὰ
3706 1137 3769 1192 τὸ
3792 1138 3870 1191 σί-

2301 1246 2457 1301 κιραο
2492 1231 2867 1301 κατεπόθησαν
2886 1232 2975 1285 διὰ
2998 1231 3087 1285 τὸν
3116 1227 3276 1293 οἶνον,
3301 1230 3621 1302 ἐσείσθησαν
3636 1230 3744 1285 ἀπὸ
3771 1228 3869 1301 τῆς

2303 1319 2493 1391 μέθης,
2528 1322 2929 1392 ἐπλανήθησαν·
2966 1322 3212 1376 τουτέστι
3245 1320 3456 1392 φάσμα.
3491 1340 3512 1374 ι

2372 1517 2393 1549 ι
2414 1466 2567 1569 *Ἆρά
2594 1499 2769 1553 ἔδεται
2802 1500 3003 1573 ταύτην
3022 1501 3120 1573 τὴν
3144 1500 3356 1571 βουλήν·
3390 1499 3529 1572 αὕτη
3563 1501 3721 1573 γάρὴ
3749 1502 3872 1572 βου-

2296 1588 2362 1660 λὴ
2406 1591 2567 1645 ἓνεκα
2619 1591 2943 1660 πλεονεξίας.
2985 1613 3004 1645 ι
3034 1594 3230 1664 Φάσμα
3262 1594 3369 1665 γὰρ
3409 1589 3477 1665 ἦν
3506 1592 3723 1664 άληθῶς
3773 1594 3870 1648 καὶ

2297 1681 2587 1750 φάντασμα
2622 1682 2681 1735 τδ
2718 1683 2925 1759 πάντας
2948 1685 3142 1747 αὐτοὺς
3174 1683 3385 1756 ἀθρόως
3414 1682 3485 1736 τὰ
3513 1682 3745 1737 τοσαῦτα
3766 1698 3871 1736 πα-

634 1772 915 1829 confcrtim
951 1773 1042 1827 tali
1090 1784 1274 1829 essent
1310 1772 1505 1830 all‘ectu
1530 1814 1544 1836 .
1591 1790 1655 1829 ac
1695 1777 1976 1830 consilium
2033 1791 2187 1847 grave

2296 1769 2409 1825 θεῖν
2445 1772 2614 1826 καὶτὸ
2637 1772 2831 1845 βουλὴν
2858 1774 3242 1844 βουλεύσασθαι
3271 1774 3448 1844 δεινὴν
3477 1773 3572 1827 καὶ
3594 1772 3770 1834 ἄθεον.
3802 1772 3870 1844 ἢν

632 1864 965 1933 impiumque
995 1864 1279 1932 iniissent,
1314 1864 1454 1934 quod
1488 1865 1579 1919 Dei
1604 1864 1906 1920 maledictio
1939 1843 2187 1921 invasura

2295 1864 2710 1936 καταλήψεταιή
2738 1843 2802 1920 ἐκ
2823 1843 2916 1919 τοῦ
2940 1865 3074 1919 Θεοῦ
3101 1867 3226 1938 ἀρά.
3267 1843 3467 1930 Ἰούδας
3501 1865 3601 1936 μὲν
3616 1860 3709 1920 οῦν
3734 1843 3870 1935 χρη-

632 1966 735 2010 est.
767 1952 934 2010 Judas
981 1955 1143 2022 igitur
1171 1957 1413 2027 pecuina.
1446 1966 1501 2012 et
1524 1956 1764 2011 avaritia:
1807 1972 1968 2011 causa
2000 1958 2187 2014 Salva-

2298 1955 2484 2025 μάτων
2499 1955 2682 2009 ἐνεκεν
2714 1956 2925 2026 καὶτῆς
2947 1957 3147 2011 τούτων
3180 1954 3490 2021 πλεονεξίας
3518 1953 3611 2009 τὸν
3638 1952 3870 2025 Σωτῆρα

632 2053 803 2099 torem
835 2045 1072 2115 prodidit
1104 2063 1119 2101 :
1146 2047 1339 2115 reliqui
1376 2061 1505 2099 vero
1547 2060 1669 2116 qua
1712 2060 1777 2101 es
1820 2048 2015 2117 popqu
2056 2050 2187 2105 reie-

2295 2047 2600 2118 παρεδίδου·
2628 2050 2678 2101 οί
2710 2047 2767 2101 δέ
2799 2047 2996 2110 λοιποὶ,
3053 2045 3501 2126 μεταποιούμενοι
3532 2045 3629 2114 τῆς
3658 2038 3723 2097 ἐκ
3770 2042 3869 2097 τοῦ

631 2135 819 2191 rebant
884 2136 1241 2192 emolumenta
1309 2139 1689 2202 vindicantes,
1768 2155 1834 2195 ac
1888 2143 2187 2211 suspicione

2292 2134 2420 2189 λαοῦ
2446 2134 2773 2202 πλεονεξίας,
2799 2136 2893 2188 καὶ
2930 2136 3001 2207 μή
3033 2151 3107 2205 πη
3136 2137 3165 2188 ὁ
3199 2132 3435 2206 Χριστοῦ
3458 2133 3614 2200 λόγος
3647 2129 3869 2187 καθέλοι

630 2221 890 2293 permoti,
925 2238 993 2279 ne
1027 2223 1225 2279 Christi
1255 2227 1476 2279 verbum
1526 2227 1672 2295 ipsos
1704 2230 2009 2297 principatu
2039 2245 2193 2286 ever-

629 2324 789 2379 teret,
819 2316 1276 2386 conspirationem
1320 2318 1371 2371 in
1406 2318 1553 2371 illum
1599 2317 1939 2386 conﬂuunt;
1976 2336 2080 2392 qua
2126 2316 2192 2378 de

627 2419 789 2459 causa
817 2405 1044 2473 dicitur,
1087 2426 1106 2460 ι
1130 2406 1243 2463 iioc
1281 2409 1425 2462 enim
1454 2409 1736 2464 cousiiium
1768 2422 1988 2481 propter
2016 2414 2192 2467 avari-

627 2498 780 2552 tiam.
808 2513 828 2547 ι

700 2585 865 2640 Vsus.
890 2584 943 2641 θ.
978 2605 996 2639 ι
1026 2586 1125 2643 Cui
1168 2588 1603 2644 annuntiavimus
1633 2590 1817 2644 maia?
1862 2591 1927 2646 Et
1967 2594 2055 2647 cui
2093 2610 2193 2649 an-

628 2676 996 2732 nuntiavimus
1030 2676 1317 2731 nuntium?
1339 2679 1430 2748 qui
1461 2681 1632 2735 avulsi
1664 2692 1785 2737 sunt
1831 2699 1859 2737 a
1896 2683 2055 2750 lacte,
2092 2687 2185 2756 qui

626 2765 886 2821 abstracti
923 2776 1048 2823 sunt
1081 2767 1150 2822 ab
1190 2770 1375 2825 ubere.
1424 2789 1443 2824 ι
1497 2770 1788 2841 Postquam
1842 2777 2183 2844 prephetiam

623 2856 691 2911 de
731 2870 931 2911 corona
964 2860 1249 2928 superbiae,
1281 2876 1344 2929 ac
1372 2862 1441 2917 de
1474 2865 1700 2933 reliquis
1729 2867 2033 2934 subjunclis
2088 2869 2185 2925 de-

623 2946 937 3017 scripserat,
987 2964 1199 3004 rursum
1231 2954 1296 3005 ad
1328 2954 1681 3020 apostolicum
1716 2959 1960 3012 ordinem
1983 2963 2183 3015 transi-

624 3048 735 3091 tmn
792 3037 936 3105 facit,
986 3040 1143 3110 cujus
1211 3042 1323 3111 ipse
1376 3044 1637 3101 Dominus
1678 3046 1923 3104 Sabaoth
1984 3066 2186 3107 corona

2292 2228 2488 2291 αὐτοὺς
2503 2227 2603 2297 τῆς
2627 2226 2799 2297 ἀρχῆς
2826 2223 3186 2297 ὑφορώμενοι,
3203 2225 3301 2297 τὴν
3332 2226 3451 2279 κατ’
3482 2223 3647 2291 αὑτοῦ
3664 2223 3869 2294 σκευὴν

2291 2316 2601 2387 ἐτύρευσαν·
2637 2315 2717 2369 διὸ
2761 2315 2993 2386 εἴρηται·
3034 2334 3054 2367 ι
3100 2314 3245 2386 Δῦτη
3272 2315 3379 2387 γάρ
3408 2316 3436 2387 ἡ
3469 2314 3632 2387 βουλὴ
3673 2315 3863 2369 ἐνεκεν

2291 2406 2614 2475 πλεονεξίας.
2646 2425 2666 2460 ι

2361 2628 2387 2666 s
2416 2612 2530 2667 Τίνι
2564 2610 2964 2681 ἁνηγγείλαμεν
2989 2610 3163 2672 κακὰ,
3188 2608 3283 2662 καὶ
3318 2608 3425 2662 τίνι
3462 2606 3865 2679 άνηγγείλαμεν

2287 2701 2574 2771 άγγελίαν;
2605 2703 2654 2753 oi
2694 2700 3290 2771 άπογεγαλακτισμένοι
3337 2697 3445 2752 ἀπὸ
3473 2697 3764 2766 γάλακτος,
3810 2698 3863 2751 οι

2287 2794 2695 2864 ἀπεσπασμένοι
2734 2793 2840 2845 ἀπ’)
2865 2791 3088 2861 μαστοῦ.
3121 2810 3139 2842 ι
3176 2790 3490 2861 Διαγράψας
3518 2791 3546 2843 ό
3575 2789 3731 2857 λόγος
3758 2788 3862 2861 τὴν

2288 2886 2413 2954 περὶ
2441 2883 2535 2937 τοῦ
2572 2882 2835 2952 στεφάνου
2883 2882 2981 2953 τῆς
3014 2880 3221 2953 ὕϐρεως
3246 2880 3339 2935 καὶ
3365 2879 3473 2933 τῶν
3504 2878 3630 2950 ἐξῆς
3659 2880 3861 2950 ἐπενη-

2288 2976 2561 3045 νεγμένων
2586 2972 2937 3045 προφητείαν,
2958 2972 3267 3043 μεταϐαίνει
3301 2972 3460 3025 πάλιν
3482 2974 3571 3025 ἐπὶ
3587 2971 3647 3025 τὺ
3670 2971 3861 3042 τάγμα

2286 3068 2346 3121 τὸ
2383 3065 2756 3128 ἀποστολιχδν,
2790 3060 2848 3120 οῦ
2878 3063 3094 3133 ἐλέγετο
3121 3060 3255 3117 εἶναι
3290 3064 3449 3128 αὐτὸς
3470 3066 3498 3118 ό
3518 3062 3721 3135 Κύριος
3756 3064 3863 3120 Σα-

606 3130 759 3197 spei.
798 3140 850 3184 et
883 3133 1019 3187 tiara
1052 3134 1236 3203 gloria:
1283 3152 1403 3191 esse
1444 3139 1745 3194 dicebatur.
1790 3141 1945 3196 litmc
1992 3158 2175 3211 porro,

2288 3156 2431 3210 ϐαὼο
2466 3155 2724 3225 στέφανος
2755 3153 2964 3218 ἐλπίδος
2983 3130 3088 3207 *καὶ
3135 3153 3345 3226 κίδαρις
3370 3152 3543 3225 δόξης.
3576 3130 3687 3207 Καὶ
3717 3153 3859 3208 διδά-

623 3220 878 3276 videlicet
906 3225 1259 3291 apostolicum
1302 3228 1551 3289 chorum.
1591 3230 1748 3285 docet
1793 3234 2047 3290 Dominus
2083 3238 2181 3291 Sa-

624 3309 820 3380 baoth,
845 3321 903 3368 ut
932 3316 999 3368 ad
1038 3331 1307 3372 mrunmas
1337 3319 1437 3372 sibi
1465 3329 1685 3390 prepter
1709 3320 1912 3380 Christi
1956 3330 2179 3382 verbum

622 3401 934 3460 lni’erendas
994 3422 1053 3461 se
1100 3420 1425 3477 pra‘pareut.
1488 3411 1830 3482 Quapropter
1884 3431 1980 3469 ceu
2038 3418 2182 3486 ipsos

618 3494 943 3563 compellans
972 3498 1066 3561 ait,
1097 3517 1117 3550 ι
1147 3500 1242 3554 Cui
1271 3503 1717 3559 annuntiavimus
1761 3508 1944 3561 maia?
1998 3509 2061 3564 Et
2088 3511 2177 3566 cui

617 3586 1056 3643 anmmtiavimus
1106 3592 1395 3645 nuntium?
1449 3608 1513 3648 ac
1562 3595 1607 3649 si
1656 3599 1900 3664 apertius
1947 3602 2176 3667 diceret,

616 3673 750 3741 Quis
782 3676 977 3732 alacris
1009 3689 1064 3734 et
1103 3692 1380 3750 promptus
1415 3692 1499 3738 est
1534 3684 1599 3738 ad
1647 3691 2005 3755 pneuuntiata
2037 3692 2174 3746 maia

615 3764 935 3821 subeunda?
961 3768 1089 3823 Mala
1120 3786 1280 3839 porro
1300 3773 1351 3827 in
1382 3779 1653 3831 communi
1684 3790 1860 3845 vocat,
1881 3797 2173 3851 aerumnas,

615 3864 674 3907 et
705 3866 923 3925 cmtcra,
956 3875 1074 3928 qua:
1105 3864 1277 3919 tristia
1305 3876 1643 3935 reputautur.
1680 3868 1893 3929 labores
1942 3876 2173 3940 scilicet,

616 3945 947 4005 aﬂlictiones
994 3954 1211 4022 pietatis
1258 3972 1419 4013 causa
1465 3972 1763 4031 susceptas.
1808 3966 1913 4021 Vos
1972 3972 2171 4024 etenim

2285 3265 2403 3301 σκει
2454 3247 2639 3301 τοῦτον
2671 3246 2832 3310 αὐτὸς
2878 3247 2906 3297 ὀ
2956 3246 3158 3319 Κύριος
3196 3244 3446 3309 Σαϐαὼθ,
3478 3246 3619 3313 λέγω
3652 3245 3719 3318 δὴ
3764 3246 3858 3301 τὸν

2280 3329 2631 3393 άποστολικδν
2688 3340 2845 3409 χορὸν
2874 3338 3401 3411 παρασκευάζεσθαι
3461 3338 3598 3411 πρὸς
3648 3338 3857 3409 θλίψεις

2282 3431 2577 3503 μελλούσας
2609 3434 2792 3495 αὐτοῖς
2829 3432 3128 3500 ἐπάγεσθαι
3168 3430 3255 3484 διὰ
3289 3430 3377 3484 τὸν
3404 3430 3639 3502 Χριστοῦ
3676 3432 3855 3500 λόγον.

2278 3521 2369 3575 Διὸ
2402 3521 2588 3593 ὥσπερ
2633 3522 2919 3591 ἐπιφωνῶν
2958 3523 3138 3585 αὐτοῖς
3162 3521 3328 3590 λέγει·
3370 3541 3387 3572 ι
3427 3523 3543 3576 Τίνι
3596 3523 3855 3593 άνηγγεί-

2278 3610 2445 3682 λαμεν
2479 3610 2655 3675 κακά;
2690 3612 2783 3665 καὶ
2813 3611 2919 3663 τίνι
2956 3610 3358 3679 ἀνηγγείλαμεν
3384 3609 3679 3679 ἀγγελίαν;
3722 3629 3741 3659 ι
3779 3609 3854 3675 ὡς

2277 3703 2325 3753 εί
2350 3701 2676 3774 σαῃέστερον
2708 3702 2879 3771 ἔλεγε·
2911 3701 3005 3766 Τίς
3024 3700 3130 3773 ἄρα
3145 3701 3423 3772 πρόθυμος
3451 3700 3853 3773 παραδέξασθαι

2277 3796 2344 3849 τὰ
2368 3795 2807 3867 ἐπαγγελλόμενα
2840 3795 3017 3859 κακὰς
3047 3794 3205 3849 Κακά
3237 3793 3292 3847 δὲ
3329 3794 3580 3865 ὀνομάζει
3617 3797 3848 3851 κοινοτέ-

2281 3903 2386 3956 ρως
2401 3887 2498 3949 τὰς
2531 3887 2879 3958 περιστάσεις
2908 3887 3002 3939 καὶ
3023 3886 3090 3941 τὰ
3110 3887 3437 3958 νομιζόμενα
3467 3887 3708 3958 λυπηρά·
3728 3888 3848 3949 τοὺς

2277 3976 2472 4039 πόνους
2515 3975 2713 4046 δηλαδὴ
2756 3976 2847 4030 καὶ
2887 3977 2985 4040 τὰς
3016 3976 3221 4046 θλίψεις
3248 3980 3346 4041 τὰς
3377 3978 3515 4048 ὑπὲρ
3546 3976 3847 4041 εὐσεϐείας.

617 4038 894 4105 apostolos
950 4057 1129 4098 sermo
1177 4050 1402 4117 respicit
1431 4067 1444 4105 :
1473 4054 1585 4108 iure
1617 4056 1771 4111 vobis
1806 4057 1986 4113 l'utura
2011 4062 2174 4131 polii-

2288 4065 2418 4137 Πρὸς
2454 4038 2595 4137 ὑμᾶς
2622 4038 2730 4137 γὰρ
2769 4069 2893 4131 τοὺς
2944 4038 3270 4131 άποστόλους
3301 4038 3496 4123 tam
3525 4069 3702 4138 λόγος,
3756 4038 3844 4123 καὶ

614 4140 821 4183 cemur.
850 4129 984 4184 Nam
1012 4149 1133 4188 cum
1163 4136 1394 4193 infantes
1414 4146 1626 4208 essetis,
1656 4129 2175 4210 mammarumviacte

2288 4129 2443 4209 ταῦτα
2631 4129 2784 4227 ύμῶν
2836 4129 3264 4229 ἐπαγγέλλομενί
3303 4159 3431 4212 Ὅτε
3466 4129 3701 4230 μὲνγὰρ
3747 4154 3845 4231 ἦτε

614 4221 823 4284 nutriti.
872 4224 1007 4277 nihil
1058 4227 1210 4283 vobis
1256 4231 1432 4287 simile
1480 4235 1827 4304 imminebat,
1876 4244 1945 4297 ob
1998 4248 2173 4301 mtatis

2288 4248 2471 4316 θήπιοι,
2503 4221 2701 4301 diuvet
2733 4247 2838 4302 ὑπὸ
2863 4221 3049 4319 μαξῶν
3080 4221 3400 4320 τρεφόμενοι
3423 4221 3849 4319 γάλακτιξοώέν

612 4313 973 4378 spirituaiiter
1000 4330 1238 4387 acceptze
1270 4322 1711 4384 immaturitatem
1740 4348 1837 4387 :ac
1866 4335 2169 4406 hujusumdi

2373 4338 2498 4407 ὑμῖν
2531 4313 2875 4409 ἐπικείμενον
2915 4313 3150 4394 τοιοῦτο-ν
3302 4341 3364 4395 τὸ
3391 4313 3579 4405 ἀτελὲς
3602 4342 3702 4413 τῆς
3722 4358 3846 4413 νοη-

614 4407 742 4456 tunc
770 4406 961 4503 eratis,
991 4408 1090 4463 sub
1118 4408 1237 4481 lege
1268 4412 1465 4484 Moysis
1496 4431 1595 4470 ceu
1627 4424 1913 4494 pmtiagogo
1942 4443 2167 4483 vet-sano

2288 4406 2371 4493 rip;
2386 4406 2617 4496 ἡλικίας·
2652 4406 2881 4481 τοιοῦτοι
2900 4428 2955 4481 δὲ
2975 4428 3331 4498 τυγχάνοντες
3354 4430 3405 4483 oi
3434 4430 3539 4483 ὑπὸ
3569 4406 3848 4500 παιδαγω-

614 4502 714 4554 tcs.
740 4498 852 4549 sive
876 4498 1047 4564 prima
1082 4501 1183 4569 pia:
1214 4504 1473 4561 doctrina:
1513 4512 1849 4569 institutione
1894 4522 2045 4585 quasi
2087 4523 2161 4574 ia-

2288 4517 2362 4585 {ov
2375 4516 2466 4570 τὸν
2493 4519 2768 4583 Μωῦσέως
2783 4520 2965 4591 νόμον,
2998 4522 3106 4573 εἴτε
3122 4520 3383 4591 γαλουχού
3392 4537 3540 4590 μενοι
3560 4523 3681 4584 ταῖς
3702 4498 3849 4594 πρώ-

611 4593 698 4636 cte
746 4585 929 4639 refecti
960 4604 975 4653 ;
1008 4605 1149 4645 nunc
1190 4606 1367 4651 autem
1415 4615 1535 4654 cum
1570 4604 1622 4655 in
1653 4605 1972 4672 perfectiore
2010 4620 2167 4667 :L-Iate

2288 4624 2385 4670 ταις
2408 4608 2733 4678 εἰσαγωγαῖς
2753 4609 2845 4663 τοῦ
2863 4607 3143 4672 θεοσεϐοῦς
3168 4609 3345 4678 λόγον’
3376 4609 3471 4663 νῦν
3494 4610 3550 4665 δὲ
3572 4611 3684 4673 ὅτε,
3715 4627 3848 4683 προ-

609 4691 638 4727 a
664 4678 932 4745 ltztlagogi
963 4696 1090 4734 cura
1116 4686 1313 4749 educti,
1335 4691 1399 4742 ad
1426 4692 1807 4758 perfectiorem
1848 4701 2162 4765 magistrum

2288 4698 2527 4767 ιόψαντες
2540 4702 2604 4770 τῇ
2628 4700 2832 4772 ἡλικίᾳ,
2856 4701 2948 4753 τοῦ
2971 4700 3067 4771 μὲν
3092 4700 3435 4769 παιδαγωγοῦ
3462 4678 3839 4776 ἀπηλλάγητε,

609 4769 965 4863 secesseritis,
1018 4788 1049 4824 a
1100 4772 1252 4846 legali
1314 4778 1451 4838 lacte
1495 4785 1737 4852 abducti,
1781 4797 1835 4842 et
1881 4804 1911 4842 a
1950 4795 2161 4857 matris.

2288 4785 2425 4857 ςῷ.δὲ
2448 4769 2633 4859 τελείῳ
2662 4769 3442 4862 διδιάκάλῳπροσεληλύθατε,
3470 4769 3843 4863 ἀπογαλακτι-

607 4859 721 4957 sive
768 4853 974 4913 Judaiei
1050 4870 1105 4915 et
1160 4870 1403 4934 corporei
1467 4874 1666 4941 cultus,
1714 4877 1839 4933 sinu
1903 4853 2160 4936 abstracti

2288 4853 2479 4946 τθέντες
2530 4853 2638 4935 sua
2684 4882 2908 4953 νομικοῦ
2933 4853 3225 4951 γάλακτος.
3252 4890 3343 4940 καὶ
3394 4853 3841 4953 ἀποσπασθέντες

607 4957 758 5000 estis.
2258 4973 2332 5037 ὡς
2378 4975 2486 5028 ἀπὸ
2518 4961 2722 5046 μητρὸς
2770 4977 2871 5047 τῆς
2917 4979 3207 5049 Ἰουδαῖκῆς
3258 4981 3348 5035 καὶ
3380 4983 3697 5055 σωματικῆς
3740 4984 3839 5039 λα-

2259 5081 2464 5135 τρειας.

2334 5175 2351 5208 ι
2391 5158 2577 5228 Θλίψιν
2599 5160 2687 5212 ἐπὶ
2719 5158 2894 5226 θλίψιν
2923 5164 3236 5234 προσδέχου,
3281 5163 3466 5217 ἐλπίδα
3492 5164 3581 5217 ἐπ’
3617 5164 3832 5221 ἐλπίδαο

2257 5250 2337 5303 ἐτι
2380 5252 2588 5324 μικρὸν,
2618 5252 2699 5305 ἐτι
2734 5255 2945 5326 μικρὸν*
2984 5255 3071 5309 διὰ
3115 5256 3415 5327 φαυλισμὸν
3447 5258 3692 5329 χειλέων,
3743 5257 3837 5315 διὰ

666 5343 825 5415 ιιιιιιι;
862 5343 1079 5419 propter
1101 5343 1410 5391 uespecunn
1443 5343 1726 5391 tantorum,
1778 5347 1873 5400 per
1921 5343 2156 5403 linguam
2259 5345 2503 5412 γλώσσης
2534 5343 2741 5414 ἐτέρας·
2764 5346 2842 5397 ὅτι
2867 5345 3156 5417 λαλήσουσι
3188 5347 3264 5417 τῷ
3293 5348 3405 5418 λαῷ
3437 5349 3608 5419 τούτῳ
3635 5350 3831 5418 λέγον-

606 5404 803 5509 aliam-
857 5410 977 5477 quia
1016 5410 1303 5481 loquentur
1353 5419 1551 5487 populo
1597 5420 1743 5484 huic.
1784 5424 2029 5480 dicentes
2086 5428 2157 5491 ei,

2290 5447 2346 5494 ες
2385 5432 2549 5504 αὐτῷ·
2611 5436 2929 5507 Ἀνάπαυμα
2961 5438 3037 5509 τῷ
3096 5439 3376 5505 πεινῶντι,
3435 5441 3528 5494 καὶ
3568 5440 3730 5494 τοῦτο
3766 5441 3833 5494 τὸ

608 5491 839 5561 Requies
881 5502 1159 5558 esurienti.
1195 5514 1247 5558 et
1286 5506 1399 5562 hac
1449 5519 1529 5564 est
1563 5514 1836 5576 contritio,
1873 5525 1926 5569 et
1972 5518 2160 5573 nolue-

2288 5491 2587 5594 ’ύντριμμα,
2622 5527 2715 5579 καὶ
2734 5527 2831 5579 οὐκ
2853 5491 3119 5599 Ῑῆθέλησαν
3157 5491 3376 5583 ἀκούειν

610 5595 732 5643 mut
783 5590 985 5644 audire.
1031 5612 1047 5644 ι
1098 5594 1222 5651 ilmc
1276 5601 1570 5661 apostolico
1605 5601 1771 5656 choro
1797 5606 2067 5673 dicuntur,
2102 5620 2156 5664 ct

2288 5613 2312 5663 ἐ
2352 5590 2525 5669 ταῦτα
2571 5616 2706 5687 πρὸς
2736 5617 2825 5670 τὸν
2855 5590 3016 5690 iopas;
3046 5620 3137 5673 τὸν
3167 5590 3516 5674 ἀποστολικδν
3544 5624 3637 5675 καὶ
3682 5590 3833 5693 ’προς

610 5682 789 5776 MU?)
822 5698 1196 5776 liicronymns,
1245 5725 1264 5757 ‹
1310 5706 1568 5776 Loquitur
1614 5721 1793 5766 autem
1854 5717 1918 5771 ad

610 5764 695 5817 iiie
723 5768 831 5831 pari
864 5764 1035 5837 moan
1074 5777 1163 5828 sed
1185 5764 1530 5845 paucioribus
1550 5764 1812 5838 enuntiat.

674 5129 838 5187 Vens.
862 5134 1043 5190 10-19..
1079 5156 1097 5186 ι
1128 5138 1549 5198 Tribulationem
1578 5149 2156 5215 supertribulatiouem

606 5235 878 5289 exspecta,
914 5241 1060 5295 spem
1092 5245 1255 5300 super
1284 5250 1431 5303 spem
1466 5256 1479 5291 :
1515 5237 1688 5292 adhuc
1725 5256 1938 5307 parum,
1982 5245 2157 5299 adhuc

606 5327 826 5380 parum:
862 5328 1079 5385 propter
1101 5321 1410 5391 despectum
1443 5326 1726 5391 labiorum,
1778 5347 1873 5400 per
1921 5334 2156 5403 linguam

1976 5716 2200 5773 chorum
2238 5721 2617 5793 apostolicum,
2657 5728 3003 5801 omniumque
3042 5731 3400 5799 credentium,
3433 5753 3452 5786 ι
3508 5743 3593 5789 etc
3623 5778 3637 5801 ,
3698 5754 3825 5807 qua:
