4042 6386
602 534 700 590 291

1263 524 1529 582 EUSEBII
1567 522 2043 580 CESARIENSlS
2082 522 2230 575 OPP.
2275 521 2453 574 PARS
2496 520 2582 575 Ill.
2623 552 2682 558 —
2728 519 3134 573 EXEGETICA.

3738 522 3853 577 29‘!

604 662 751 720 pere,
807 661 906 699 non
964 645 1015 697 in
1064 658 1123 697 se
1173 653 1452 697 venturam
1501 656 1620 697 esse
1661 642 1972 711 sperabant,
2023 642 2156 709 quod

2266 637 2405 692 εἶναι
2438 643 2501 710 τῇ
2555 642 2904 711 ἀντικειμένῃ
2942 638 3167 709 δυνάμει
3198 640 3290 691 καὶ
3328 638 3469 709 αὐτῷ
3499 637 3575 708 τῷ
3607 638 3848 711 θανάτῳ,

604 741 702 808 ipsi
740 738 1064 791 adversaria
1111 736 1365 805 potestati
1424 744 1473 787 et
1525 734 1683 787 morti
1732 732 2161 798 amicitiajuncti

601 839 818 883 essent:
852 824 1020 882 ideo'c
1051 829 1249 886 audite,
1278 846 1295 878 ι
1334 826 1529 894 inquit,
1571 843 1589 875 ι
1620 824 1841 878 verbum
1878 823 2103 876 Domini.
2140 844 2157 873 ι

670 920 832 971 Vens.
864 920 951 971 16.
994 937 1012 970 ι
1039 918 1326 983 Propterea
1381 916 1493 969 hazc
1533 914 1663 969 dicit
1695 914 1954 967 Dominus
1982 928 1996 966 :
2030 914 2164 969 Ecce

598 1020 697 1075 ego
721 1010 1003 1061 immittam
1050 1010 1100 1062 in
1148 1006 1493 1059 fundamenta
1540 1008 1667 1059 Sion
1695 1006 1926 1072 lapidem
1962 1007 2165 1074 pretio-

598 1114 740 1164 sum,
793 1100 1041 1163 electum,
1094 1098 1428 1167 angularem,
1486 1098 1861 1151 bonorabilem
1894 1098 1943 1149 in
1975 1098 2165 1150 funda-

600 1202 776 1246 menta
809 1192 961 1259 ejus:
998 1201 1050 1244 ct
1080 1192 1171 1260 qui
1202 1190 1496 1243 crediderit
1539 1190 1592 1242 in
1641 1204 1725 1253 eo,
1787 1204 1889 1241 non
1924 1188 2165 1241 confun-

598 1282 779 1339 detur.
824 1300 843 1333 ι
906 1282 1013 1335 Vos
1064 1282 1283 1349 quidem
1310 1283 1558 1347 mrimutn
1605 1282 1757 1334 vobis
1815 1283 2162 1347 prmdicatam

601 1376 827 1441 gratiam
868 1388 974 1427 non
1007 1372 1325 1439 suscepistis
1362 1390 1375 1425 :
1412 1386 1509 1439 ego
1541 1386 1668 1424 vero
1711 1370 1947 1439 lapidem
1985 1387 2161 1424 meum

598 1465 892 1531 pretiosum
936 1473 990 1519 et
1035 1463 1405 1519 liouorabilem
1458 1463 1509 1514 in
1566 1462 1775 1531 angulis
1803 1464 2160 1525 constituens,

595 1554 865 1607 excelsum
904 1569 1051 1617 eum,
1086 1554 1371 1614 illustrem,
1414 1554 1774 1622 omnibusque
1825 1554 1944 1607 aliis
1992 1558 2166 1607 mani—

594 1644 789 1697 festum
829 1644 1047 1708 faciam,
1090 1654 1146 1697 ut
1175 1644 1421 1713 quisquis
1456 1646 1506 1697 in
1535 1646 1704 1712 ipsum
1747 1645 2057 1709 crediderit,
2099 1662 2163 1699 ne

595 1747 687 1800 spe
726 1734 955 1787 labatur.
1010 1734 1161 1787 Hunc
1203 1749 1366 1801 porro
1418 1736 1647 1800 lapidem
1698 1735 1751 1789 in
1801 1736 2164 1790 fundamentis

597 1824 727 1877 Sion
774 1840 831 1878 se
862 1825 1159 1892 positurum
1211 1826 1519 1892 pollicetur,
1555 1827 1697 1895 quod
1753 1829 1915 1881 etiam
1960 1828 2157 1894 effecit,

596 1930 718 1967 cum
752 1917 854 1969 hoc
878 1917 1079 1969 dictum
1129 1918 1439 1985 complevit,
1491 1937 1507 1967 ι
1542 1917 1715 1987 Supra
1760 1928 1964 1986 petram
1991 1920 2158 1973 azdifi-

2268 736 2449 802 φησιν,
2488 752 2504 781 ι
2536 734 2802 785 ἀκούσατε
2838 732 2992 798 λόγον
3024 732 3249 801 Κυρίου.
3294 750 3313 783 ι

2342 933 2357 962 ι
2390 912 2487 964 Διὰ
2506 913 2662 964 τοῦτο
2686 913 2808 966 τάδε
2853 912 2999 979 λέγει
3033 912 3250 983 Κύριοςο
3292 914 3422 967 Ἰδοὺ
3460 912 3573 981 ἐγὼ
3620 912 3848 982 ἐμϐαλῶ

2265 1008 2343 1067 είς
2370 1006 2435 1057 τὰ
2467 1006 2688 1073 θεμέλια
2724 1006 2863 1077 ξιὼν
2887 1005 3030 1058 λίθον
3059 1006 3345 1076 πολυτελῆ,
3376 1006 3651 1068 ἐκλεκτὸν,
3676 1008 3848 1075 ἀκρο-

2266 1101 2534 1164 γωνιαῖον,
2590 1097 2805 1166 ἔντιμον
2856 1100 2933 1160 είς
2958 1098 3025 1149 τὰ
3074 1096 3299 1166 θεμέλια
3332 1098 3519 1166 αὐτῆς
3552 1098 3645 1150 καὶ
3678 1100 3708 1149 6
3756 1116 3848 1149 πι-

2268 1188 2469 1240 στεύων
2504 1190 2588 1239 ἐπ“
2621 1188 2792 1256 αὐτῷ,
2824 1189 2885 1240 ού
2921 1188 2993 1258 μὴ
3028 1189 3414 1258 καταισχυνθῇ.
3453 1208 3470 1238 ι
3532 1189 3720 1259 Ὑμεῖς
3746 1189 3848 1257 μὲν

2265 1281 2325 1329 οὑ
2357 1278 2722 1347 παρεδέξασθε
2768 1279 2867 1348 τὴν
2897 1278 3125 1347 πρώτως
3152 1280 3280 1347 ὑμῖν
3311 1276 3847 1345 κατεπαγγελθεὶσαν

2266 1368 2443 1436 χάριν
2494 1366 2601 1433 ἐγὼ
2650 1367 2705 1418 δέ
2738 1368 2827 1419 τὸν
2862 1369 3098 1437 ἐμαυτοῦ
3123 1367 3269 1419 λίθον
3310 1369 3401 1420 τὸν
3430 1367 3689 1437 πολυτελῆ
3748 1368 3846 1418 καὶ

2265 1460 2441 1527 τίμιον
2471 1462 2526 1511 ἐν
2562 1460 2924 1529 ἁκρογωνίαις
2962 1459 3201 1522 ἀναθεὶς,
3226 1459 3426 1529 ὑψηλὸν
3450 1462 3544 1513 καὶ
3577 1461 3840 1529 ἐπιφανῆ,

2266 1554 2482 1613 καὶτοῖς
2506 1552 2683 1614 ἄλλοις
2706 1556 2870 1605 πᾶσιν
2908 1552 3126 1620 ἔκδηλον
3155 1554 3387 1621 ποιήσω,
3421 1554 3567 1615 ὅπως
3595 1555 3701 1615 πᾶς
3751 1554 3849 1604 ἐπ’

2266 1642 2424 1692 αὑτὸν
2458 1641 2728 1692 πιστεύων
2781 1643 2853 1710 μὴ
2905 1641 3111 1712 ἐκπέσῃ
3143 1642 3240 1709 τῆς
3275 1640 3505 1703 ἐλπίδος.
3542 1640 3739 1693 Τοῦτον
3786 1641 3845 1693 δὲ

2265 1734 2353 1785 τὸν
2380 1734 2522 1785 λίθον
2541 1733 2931 1800 ἐπαγγέλλεται
2958 1732 3141 1801 θήσειν
3171 1734 3251 1794 είς
3277 1733 3345 1783 τὰ
3379 1732 3604 1801 θεμέλια
3636 1732 3797 1793 Σιὼν,
3815 1732 3848 1784 ὃ

2263 1825 2326 1895 δὴ
2382 1828 2471 1877 καὶ
2518 1826 2661 1893 ἔργῳ
2696 1826 3011 1891 πεποίηκεν,
3060 1821 3228 1874 εἰπὼν
3262 1824 3354 1875 καὶ
3402 1823 3714 1886 ἐπιτελέσας
3756 1823 3842 1885 τὸ,

2271 1935 2287 1963 ι
2326 1916 2445 1966 Ἐπὶ
2466 1915 2561 1984 τὴν
2591 1917 2795 1985 πέτραν
2819 1914 3149 1983 οἰκοδομήσω
3179 1931 3278 1983 μου
3307 1913 3403 1983 τὴν
3432 1915 3773 1984 Ἐκκλησίαν.
3818 1933 3839 1966 ι

595 2007 728 2060 cabo
769 2007 1065 2061 Ecclesiam
1098 2025 1270 2060 meam
1305 2010 1371 2061 ".
1406 2030 1423 2060 ι
1462 2009 1594 2062 Nam
1634 2021 1870 2064 montem
1898 2011 2027 2065 Sion
2066 2028 2156 2080 pro

2265 2003 2400 2055 Σιὼν
2446 2004 2554 2073 γὰρ
2598 2005 2721 2074 ὅρος
2768 2006 2827 2057 τὸ
2870 2004 3219 2071 εὐαγγελικὸν
3266 2007 3547 2074 κήρυγμα,
3601 2006 3694 2057 καὶ
3749 2007 3843 2058 ἐπὶ

593 2100 900 2167 evangelica
930 2098 1332 2167 prmdicatione,
1369 2110 1423 2153 et
1456 2116 1551 2168 pro
1584 2100 1821 2154 Ecclesia
1859 2114 2019 2167 supra
2042 2117 2160 2155 eam

593 2188 814 2243 fundata
866 2191 1185 2259 plerumque
1230 2192 1561 2262 accepimus.
1613 2190 1769 2244 Hunc
1821 2207 1983 2260 porro
2025 2192 2160 2260 lapi-

593 2283 714 2333 dem
745 2282 1061 2349 pretiosum,
1108 2280 1339 2335 electum
1379 2290 1433 2336 et
1481 2280 1853 2334 liouorabilem
1887 2284 1938 2335 in
1972 2282 2161 2334 funda-

592 2384 768 2426 menta
827 2372 1075 2426 Ecclesite
1114 2387 1175 2426 se
1228 2373 1528 2439 positurum
1582 2372 1884 2441 promittit;
1930 2371 2161 2440 indeque

590 2469 673 2515 est
708 2465 849 2531 quod
900 2464 1175 2532 angularis
1210 2472 1263 2515 et
1299 2479 1546 2518 summus
1592 2464 1874 2532 augularis
1913 2474 2155 2519 vocetur.

591 2552 890 2608 Humanum
922 2564 1102 2607 autem
1135 2554 1436 2611 Salvatoris
1494 2553 1662 2606 nostri
1712 2568 1907 2621 corpus
1940 2554 2021 2606 sic
2058 2569 2156 2607 vo-

594 2647 709 2700 cari
746 2646 939 2714 potuit,
968 2644 1249 2712 quoniam,
1304 2644 1600 2698 secundum
1638 2642 1937 2706 Dauielem,
1971 2660 1989 2691 ι
2022 2640 2159 2708 lapis

588 2736 800 2789 excisus
827 2738 944 2790 sine
976 2737 1246 2796 manibus,
1287 2754 1306 2785 ι
1345 2735 1495 2787 visus
1522 2734 1656 2799 fuit;
1690 2734 1761 2786 ita
1796 2743 1851 2785 ut
1882 2734 2015 2800 lapis
2040 2736 2158 2801 qui-

591 2828 708 2879 dem
732 2842 829 2895 pro
860 2828 1093 2879 humano
1122 2840 1368 2893 corpore,
1401 2838 1555 2877 mons
1585 2838 1683 2892 pro
1707 2822 2006 2877 Salvatoris
2038 2824 2152 2878 dei-

591 2928 717 2981 tate,
757 2918 1107 2987 intelligatur.

658 3008 820 3063 Vsus.
854 3010 938 3065 17.
976 3030 993 3060 ι
1023 3008 1088 3061 Ει
1116 3024 1309 3079 ponam
1339 3007 1601 3075 judicium
1634 3007 1685 3061 in
1722 3022 1901 3076 spem:
1946 3006 2158 3062 miseri-

587 3100 770 3153 cordia
799 3108 981 3153 autem
1030 3115 1145 3152 mea
1196 3100 1247 3151 in
1300 3100 1578 3166 pondera;
1614 3107 1670 3152 et
1702 3099 1796 3166 qui
1832 3099 1994 3153 fiditis
2042 3099 2157 3154 fru-

588 3202 694 3243 stra
727 3192 1030 3253 mendacio,
1083 3191 1210 3258 quia
1268 3205 1372 3243 non
1431 3190 1783 3257 pertrensibit
1826 3204 1920 3243 vos
1948 3201 2154 3259 tempe-

588 3290 719 3334 stas.
754 3299 773 3332 ι
818 3281 1126 3334 Secundum
1156 3280 1392 3348 reliquos
1432 3291 1610 3334 autem
1649 3284 1977 3348 interpretes
2012 3300 2031 3331 ι
2063 3286 2152 3351 qui
2182 3311 2225 3367 ε

587 3373 779 3434 credit,
818 3388 921 3425 non
964 3370 1259 3425 festinaliit.
1298 3391 1315 3422 ι
1353 3370 1490 3424 Nam
1536 3374 1626 3440 qui
1678 3372 1874 3434 credit,
1904 3389 2153 3439 perseve-

583 3473 768 3517 ranter
796 3472 936 3530 aget,
964 3478 1074 3515 rem
1108 3463 1272 3516 verbo
1304 3464 1624 3531 promissam
1675 3472 2016 3531 exspectans.
2054 3464 2151 3520 Hic

587 3569 712 3607 vero
744 3555 879 3622 lapis
911 3553 1091 3619 fuerit,
1129 3553 1350 3622 ipsaque
1378 3564 1529 3622 petra
1564 3554 1629 3606 de
1656 3567 1761 3621 qua
1804 3551 2053 3609 Salvator
2074 3555 2150 3607 di-

584 3645 762 3709 cebat,
806 3665 821 3697 ι
860 3646 1032 3713 Super
1082 3647 1218 3698 hanc
1264 3655 1472 3713 petram
1520 3646 1800 3699 aedificabo
1851 3646 2148 3700 Ecclesiam

585 3751 781 3789 meam.
818 3756 838 3788 ι
872 3736 969 3789 llic
1003 3735 1160 3804 lapis,
1189 3736 1273 3789 vel
1307 3752 1426 3790 cum
1450 3736 1739 3803 judicabit,
1773 3754 2022 3806 magnam
2060 3740 2148 3802 iis,

586 3828 653 3883 de
681 3827 877 3895 quibus
912 3827 1177 3893 judicium
1231 3828 1554 3893 instituitur,
1587 3843 1737 3898 spem
1774 3830 1987 3897 afferet,
2024 3834 2149 3900 quia

584 3922 709 3991 ipsi,
730 3922 1036 3991 justissimo
1071 3922 1307 3990 pondere
1350 3930 1406 3974 et
1448 3936 1725 3985 mensura,
1777 3921 2150 3976 misericordia

581 4014 930 4084 adiungitur;
962 4012 1313 4081 quamobrem
1350 4010 1551 4064 dicitur
1578 4027 1591 4063 :

657 4106 816 4160 Vens.
853 4105 937 4159 18.
981 4122 999 4156 ι
1034 4103 1401 4157 Misericordia
1439 4113 1619 4154 autem
1654 4116 1770 4155 mea
1802 4100 1855 4154 in
1887 4100 2149 4170 pondera,

584 4198 650 4253 Et
689 4214 794 4251 non
821 4196 1027 4249 auferet
1074 4196 1225 4249 vobis
1271 4204 1656 4249 testamentum
1688 4194 1907 4247 mortis:
1946 4205 1999 4246 et
2022 4207 2149 4259 spes

582 4296 763 4342 vestra
802 4288 856 4339 in
890 4286 1183 4350 infernum,
1214 4300 1321 4337 non
1353 4285 1730 4353 permanebit:
1785 4284 2020 4350 procella
2054 4300 2147 4339 ve-

582 4380 736 4433 niens
764 4378 806 4432 si
838 4377 1139 4441 transierit,
1182 4376 1337 4431 eritis
1372 4376 1445 4429 illi
1496 4377 1549 4428 in
1596 4378 2080 4430 conculcatiouem.
2115 4396 2133 4427 ι

580 4470 658 4527 Ne
682 4486 777 4524 vos
811 4470 911 4538 ipsi
950 4467 1254 4537 decipiatis,
1314 4467 1509 4536 inquit,
1552 4467 1841 4521 dicentes:
1882 4470 2145 4533 Quoniam

580 4562 771 4617 mortis
805 4560 964 4615 amici
996 4574 1224 4627 ,sumus,
1274 4573 1381 4612 non
1414 4559 1581 4611 irruet
1612 4557 1663 4611 in
1692 4573 1789 4611 nos
1835 4568 2144 4625 tempestas,

2262 2096 2433 2163 τούτῳ
2467 2095 2935 2165 τεθεμελιωμένην
2981 2096 3303 2165 Ἐκκλησίαν
3339 2096 3596 2159 πολλάκις
3635 2096 3841 2168 ἐξειλή-

2264 2201 2457 2253 φαμεν.
2491 2185 2763 2255 Πολυτελῆ
2792 2186 2847 2238 δέ
2874 2187 3001 2239 ὄντα
3023 2186 3113 2237 τὸν
3164 2186 3308 2239 λίθον
3335 2184 3522 2238 τοῦτον
3550 2188 3641 2239 καὶ
3684 2186 3846 2239 ἐκλε-

2262 2274 2384 2326 κτὸν
2423 2276 2514 2327 καὶ
2554 2275 2731 2343 τίμιον
2768 2275 2954 2345 θήσειν
2987 2278 3065 2337 είς
3109 2276 3175 2327 τὰ
3216 2275 3439 2344 θεμέλια
3472 2276 3567 2345 τῆς
3612 2276 3841 2345 Ἐκκλη-

2263 2366 2379 2427 σίας
2412 2367 2828 2433 ἐπαγγέλλεται·
2864 2367 3111 2419 ἐντεῦθεν
3164 2370 3412 2435 γωνιαῖος
3464 2368 3558 2419 καὶ
3591 2369 3839 2437 ἀκρογω-

2259 2459 2425 2519 νιαῖος
2453 2458 2728 2525 κέκληται.
2770 2459 2868 2527 Εἴη
2900 2459 2943 2509 δ’
2976 2458 3042 2510 ἂν
3066 2459 3125 2509 τὸ
3165 2458 3499 2529 ἀνθρώπινον
3530 2459 3622 2511 τοῦ
3657 2460 3845 2531 Σωτῆ-

2268 2564 2355 2617 ρος
2387 2551 2419 2617 ἡ
2430 2548 2544 2616 μῶν
2575 2548 2744 2610 οὕτως
2776 2548 3161 2617 ὠνομασμένον
3196 2549 3372 2619 σῶμα·
3402 2551 3525 2603 ἐπεὶ
3568 2551 3662 2603 καὶ
3696 2552 3842 2606 κατὰ

2259 2641 2349 2691 τὸν
2387 2640 2604 2711 Δανιὴλ,
2640 2660 2656 2691 ι
2703 2642 2844 2704 λίθος
2880 2641 3109 2711 τμηθεὶς
3146 2644 3273 2696 ἄνευ
3309 2642 3505 2715 χειρῶν
3546 2663 3563 2694 ι
3605 2646 3847 2715 inspira"

2257 2731 2403 2784 λίθου
2436 2734 2532 2803 μὲν
2556 2732 2650 2785 τοῦ
2686 2734 3025 2803 ἀνθρωπίνου
3051 2736 3343 2805 νοουμένου
3372 2734 3643 2805 σώματος·
3673 2737 3840 2808 ὅρους

2256 2824 2313 2876 δὲ
2345 2826 2443 2893 τῆς
2476 2826 2612 2877 κατὰ
2637 2826 2725 2877 τὸν
2759 2826 2987 2895 Σωτῆρα
3021 2826 3296 2898 θεότητος.

2332 3022 2349 3052 ι
2392 3004 2499 3055 Καὶ
2529 3002 2679 3074 θήσω
2729 3004 2906 3073 κρίσιν
2947 3004 3025 3065 εἰς
3076 3003 3295 3056 ἐλπίδα·
3330 3006 3365 3073 ὴ
3392 3003 3448 3057 δὲ
3486 3000 3841 3073 ἐλεημοσύνη

2261 3111 2361 3164 μου
2396 3097 2473 3156 εἰς
2507 3094 2805 3163 σταθμοὺς,
2838 3096 2930 3146 καὶ
2970 3096 3019 3147 οἱ
3050 3096 3369 3159 πεποιθότες
3406 3096 3581 3166 μάτην
3624 3094 3832 3163 ψεύδει,

2257 3186 2339 3237 ὃτι
2383 3187 2444 3238 ού
2491 3188 2564 3255 μὴ
2612 3187 2867 3258 παρέλθῃ
2893 3187 3036 3256 ὑμᾶς
3066 3189 3335 3256 καταιγίς.
3377 3207 3395 3239 ι
3424 3187 3583 3240 Κατὰ
3617 3187 3675 3239 δὲ
3708 3187 3840 3249 τοὺς

2257 3279 2476 3341 λοιποὺς
2506 3280 2867 3349 ἐρμηνευτὰς,
2890 3302 2906 3329 ι
2932 3284 2958 3333 6
2988 3280 3255 3332 πιστεύων
3293 3282 3353 3332 οὐ
3386 3279 3627 3333 σπεύσει.
3665 3300 3683 3329 ι
3709 3281 3834 3332 Μαο-

2260 3370 2594 3439 κροθυμήσει
2644 3372 2751 3442 γὰρ
2784 3374 2811 3423 6
2847 3372 3137 3434 πιστεύων,
3188 3372 3497 3444 περιμένων
3530 3371 3625 3424 τοῦ
3672 3371 3836 3438 λόγου

2260 3461 2359 3531 τὴν
2392 3462 2739 3529 ἐπαγγελιαν.
2776 3457 2943 3525 Οὗτος
2972 3464 3015 3516 δ’
3040 3463 3107 3517 ἂν
3140 3464 3224 3534 είη
3252 3466 3280 3516 6
3307 3464 3471 3527 λίθος,
3517 3466 3545 3515 6
3584 3462 3745 3525 αὐτός
3774 3480 3835 3514 τε

2260 3549 2430 3619 πέτρα
2451 3592 2463 3611 ,
2511 3552 2636 3620 περὶ
2662 3547 2728 3621 ἦς
2760 3555 2788 3604 6
2817 3551 3007 3624 Σωτὴρ
3044 3553 3195 3620 ἔλεγε
3219 3570 3235 3585 ’
3268 3573 3287 3605 ι
3338 3554 3460 3605 Ἐπὶ
3493 3554 3591 3624 τὴν
3626 3553 3843 3623 πέτραν

2256 3641 2458 3709 ταύτην
2492 3642 2827 3711 οἰκοδομήσω
2877 3661 2976 3712 μου
3011 3645 3109 3711 τὴν
3146 3644 3490 3715 Ἐκκλησίαν.
3529 3664 3550 3696 ›
3589 3640 3753 3706 Οὗτος
3808 3644 3839 3695 ὅ

2257 3733 2399 3795 λίθος
2430 3735 2521 3785 καὶ
2550 3735 2749 3803 κρίνων
2796 3735 3005 3801 ἀγαθὰς
3050 3736 3275 3804 παρέξει
3330 3738 3442 3799 τοῖς
3491 3738 3834 3808 κρινομένοις

2258 3824 2500 3886 ἐλπίδας,
2534 3825 2719 3893 ἐπειδὴ
2770 3823 3034 3893 συνῆπται
3094 3826 3246 3894 αὑτῷ
3299 3824 3636 3897 ἐλεημοσύνη
3694 3833 3843 3900 μετᾶτ

2256 3915 2592 3968 δικαιοτάτου
2628 3916 2869 3986 σταθμοῦ
2901 3918 2995 3970 καὶ
3024 3917 3221 3988 μέτρου
3248 3934 3259 3946 ’
3289 3916 3371 3969 διὸ
3400 3917 3669 3972 λέλεκται·

2333 4131 2351 4162 ε
2387 4113 2515 4165 Ἡδὲ
2540 4113 2873 4187 ἐλεημοσύνη
2898 4136 2998 4188 μου
3022 4134 3101 4181 εις
3123 4118 3415 4189 σταθμούς.
3437 4121 3527 4192 Μὴ
3544 4123 3638 4176 καὶ
3657 4123 3841 4197 ἀφὲλη

2258 4200 2409 4272 ὑμῶν
2442 4201 2540 4272 τὴν
2584 4203 2846 4273 διαθήκην
2877 4206 2969 4257 τοῦ
3001 4206 3231 4258 θανάτου
3256 4221 3270 4235 ⁸
3309 4209 3401 4260 καὶ
3424 4210 3466 4278 η
3486 4208 3640 4273 ἐλπὶς
3680 4210 3840 4281 ὑμῶν
3871 4206 3874 4210 ’

2255 4296 2288 4363 ὴ
2322 4294 2454 4362 πρὸς
2492 4296 2581 4347 τὸν
2620 4297 2749 4367 ᾅδην
2779 4300 2838 4350 οὐ
2874 4296 2945 4370 μὴ
2976 4301 3229 4371 ὲμμείνῃ.
3258 4302 3524 4371 Καταιγὶς
3558 4304 3843 4378 φερομένη

2256 4384 2349 4445 ἐὰν
2378 4387 2597 4458 ἐπέλθῃ,
2635 4389 2821 4441 ἔσεσθε
2847 4393 2983 4461 αύτῇ
3015 4397 3094 4453 εἰς
3130 4394 3527 4463 καταπάτημα.
3555 4413 3575 4444 ι
3606 4395 3700 4467 Μὴ
3723 4396 3835 4467 γὰρ

2256 4476 2495 4539 ἑαυτοὺς,
2526 4479 2705 4545 φησὶν,
2743 4478 2985 4531 ἀπατᾶτε
3020 4479 3317 4547 φάσκοντες
3338 4498 3350 4511 ⁸
3370 4480 3583 4553 Ἐπειδὴ
3618 4482 3697 4552 τῷ
3730 4483 3829 4538 θα-

2255 4565 2397 4635 νάτῳ
2427 4568 2809 4639 ἐφιλιὼθημεν,
2834 4572 2895 4623 οὐ
2935 4570 3008 4641 μὴ
3032 4570 3233 4643 ἐπέλθῃ
3265 4572 3347 4640 ἐφ’
3379 4573 3525 4642 ἡμᾶς
3550 4576 3824 4643 καταιγὶς,

581 4670 681 4709 nec
710 4654 981 4721 quidpiam
1016 4652 1215 4707 doloris
1245 4650 1608 4719 experiemur.
1639 4646 1857 4709 Verum,
1877 4651 2011 4703 heus
2031 4666 2147 4718 vos,

2259 4656 2371 4707 οὐδὲ
2422 4659 2867 4729 πειραθησόμεθά
2907 4678 3052 4723 τινος
3108 4660 3373 4731 λυπηροῦ.
3419 4662 3669 4715 Ἀκούετε
3720 4664 3839 4731 γὰρ

578 4746 687 4811 jam
720 4746 899 4798 audite
930 4754 983 4797 et
1015 4742 1261 4803 ediscite,
1288 4741 1381 4810 qui
1418 4739 1705 4793 mendacio
1736 4738 1919 4803 fiditis,
1946 4739 2149 4793 dicitis-

580 4852 709 4908 que,
774 4854 793 4885 ‹
850 4834 1131 4888 Posuimus
1186 4831 1525 4887 mendacium
1575 4846 1723 4899 spem
1776 4840 2041 4895 nostram,
2098 4841 2151 4885 et

582 4928 862 4984 mendacio
922 4935 1263 4995 protegemur
1295 4941 1309 4987 ;
1347 4942 1365 4975 ι
1415 4924 1646 4992 procella
1700 4923 2007 4991 irrumpens
2050 4939 2149 4977 ne-

582 5034 849 5087 quaquam
904 5032 995 5070 vos
1046 5016 1381 5086 prateribit;
1418 5016 1513 5069 sed
1546 5025 1781 5069 vestrum
1810 5030 1933 5068 cum
1975 5024 2151 5069 morte

582 5117 795 5181 pactum
827 5106 1054 5169 auferet,
1100 5120 1164 5159 ac
1212 5120 1336 5174 spes
1383 5114 1583 5169 vestra,
1617 5120 1778 5173 quam
1834 5106 1886 5157 in
1938 5105 2149 5161 inferno

584 5200 872 5267 repositam
906 5198 1205 5261 habebatis,
1256 5214 1363 5251 non
1416 5198 1672 5251 manebit.
1718 5196 1998 5265 Siquidem
2050 5198 2151 5251 im-

585 5290 787 5345 becilla:
816 5293 891 5345 rei
928 5306 1021 5344 vos
1050 5288 1484 5353 concredidistis,
1516 5304 1637 5342 cum
1673 5288 1727 5342 in
1772 5298 1945 5341 morte
1977 5300 2033 5343 et
2069 5288 2151 5341 in-

586 5383 735 5435 ferno
762 5397 911 5450 spem
940 5391 1175 5435 vestram
1212 5382 1563 5451 apposuistis.

659 5471 815 5526 Vens.
847 5472 1024 5535 19,20.
1062 5490 1081 5523 ι
1112 5471 1247 5527 Cum
1282 5474 1583 5537 transierit,
1620 5473 1769 5529 tollet
1799 5489 1891 5527 vos
1924 5492 1937 5525 :
1969 5486 2147 5534 mane,

588 5576 760 5625 mane,
795 5562 1044 5615 transibit
1081 5565 1133 5616 in
1178 5565 1283 5627 die,
1321 5576 1378 5617 et
1412 5566 1464 5617 iu
1502 5575 1657 5619 nocte
1686 5568 1789 5619 erit
1824 5581 1949 5633 spes
1982 5563 2144 5617 mala.
2194 5594 2199 5603 ί

586 5647 781 5704 Discite
814 5661 870 5705 ut
896 5653 1146 5706 audiatis.
1201 5652 1260 5709 In
1297 5655 1560 5723 angustiis
1598 5659 1754 5725 positi
1806 5674 1909 5712 non
1959 5670 2147 5725 possu-

587 5753 702 5791 mus
749 5755 1035 5809 pugnare:
1094 5744 1192 5813 ipsi
1238 5758 1418 5802 autem
1476 5747 1671 5801 infirmi
1713 5765 1923 5814 sumus,
1963 5759 2021 5802 ut
2050 5758 2145 5801 vos

584 5834 1000 5900 congregemini.
1048 5854 1065 5884 ι
1111 5834 1241 5889 Nam
1303 5839 1346 5892 si
1411 5838 1745 5907 voluissetis,
1794 5841 1845 5894 in
1901 5840 2146 5909 portione

660 5941 705 5972 “
734 5940 922 6000 Matth.
973 5960 1080 6006 ιγι,
1109 5945 1190 5999 l8.

2256 4750 2501 4803 ἐντεῦθεν
2530 4752 2627 4822 ἤδη
2673 4755 2765 4806 καὶ
2799 4754 3118 4822 μανθάνετε,
3160 4746 3205 4805 ὦ
3250 4747 3394 4806 οῦτοι
3428 4755 3477 4807 oi
3510 4755 3835 4817 πεποιθότες

2255 4836 2329 4905 τῷ
2365 4838 2544 4906 ψεύδει
2586 4842 2679 4892 καὶ
2724 4840 3024 4911 εἰρηκότες,
3069 4860 3085 4890 ι
3140 4842 3450 4912 Ἑθήκαμεν
3494 4842 3688 4913 ψεῦδος
3730 4844 3830 4914 τὴν

2256 4931 2440 4984 ἐλπίδα
2470 4934 2644 5011 ἡμῶν,
2678 4937 2771 4987 καὶ
2799 4935 2876 5003 τῷ
2908 4935 3090 5003 ψεύδει
3126 4936 3616 5007 σκεπασθησόμεθα
3636 4954 3650 4967 ·
3683 4956 3706 4987 ι
3746 4938 3829 4991 ὅτι

2256 5026 2503 5093 καταιγ“ις
2548 5026 2891 5096 παρελθοῦσα
2938 5026 2998 5078 οὑ
3041 5026 3436 5097 παρελεύσεται
3482 5029 3665 5098 ὑμᾶς’
3691 5028 3831 5079 ἀλλὰ

2254 5112 2439 5181 ἀφελεῖ
2465 5117 2617 5187 ὑμῶν
2644 5118 2743 5187 τὴν
2784 5119 2921 5189 πρὸς
2950 5118 3040 5170 τὸν
3074 5118 3304 5171 θάνατον
3336 5120 3630 5189 συνθήκην,
3661 5122 3758 5173 καὶ
3795 5124 3825 5188 ἠ

2256 5206 2405 5271 ἐλπὶς
2435 5210 2587 5279 ὑμῶν
2616 5213 2653 5283 ἡ
2684 5212 2819 5281 πρὸς
2846 5212 2937 5265 τὸν
2970 5212 3103 5282 ᾅδην
3132 5212 3193 5264 οὗ
3237 5212 3310 5283 μὴ
3335 5212 3591 5284 ἐμμείνῃ.
3636 5211 3829 5282 Σαθρῷ

2256 5300 2362 5371 γὰρ
2393 5305 2682 5375 πράγματι
2713 5307 2935 5371 ἑαυτοὺς
2964 5306 3342 5369 ἐπιστεύσατε,
3365 5304 3581 5375 θανάτῳ
3606 5306 3701 5358 καὶ
3726 5306 3829 5377 ᾄδῃ

2256 5390 2351 5453 τὰς
2382 5382 2651 5463 ὑμετέρας
2679 5394 2893 5457 ἐλπίδας
2914 5396 3336 5466 ἀναρτήσαντες.

2332 5502 2350 5532 ι
2385 5484 2551 5536 Ὅταν
2569 5485 2836 5559 παρέλθῃ,
2870 5486 3097 5556 λήψεται
3122 5488 3290 5556 ὑμᾶς’
3336 5486 3482 5557 πρωῒ
3508 5485 3651 5557 πρωῒ
3690 5503 3824 5556 παρ-

2256 5572 2532 5628 ελεύσεται
2567 5577 2803 5647 ἡμέρας,
2832 5578 2925 5631 καὶ
2960 5580 3017 5630 ἐν
3044 5579 3201 5630 νυκτὶ
3230 5579 3379 5631 ἔσται
3407 5578 3557 5641 ἐλπὶς
3586 5578 3816 5647 πονηρά.

2253 5660 2466 5715 Μάθετε
2494 5666 2732 5718 ἀκούειν.
2763 5656 3277 5741 Στςνοχωρούμενοι,
3310 5669 3370 5729 οὐ
3415 5666 3687 5737 δυνάμεθα
3716 5667 3818 5735 μά·

2254 5750 2441 5819 χεσθαι
2459 5772 2473 5785 ·
2502 5752 2655 5809 αὕτοὶ
2684 5758 2740 5810 δέ
2766 5754 3097 5829 ἀσθενοῦμεν
3126 5760 3219 5812 τοῦ
3254 5762 3396 5829 ὑμᾶς
3421 5756 3770 5826 συναχθῆναι.
3801 5778 3821 5806 1

2256 5846 2317 5898 El
2354 5849 2461 5921 γὰρ
2491 5850 2731 5920 ἐθέλητε,
2762 5854 2852 5905 καὶ
2881 5854 2937 5909 ἐν
2962 5855 3025 5921 τῇ
3063 5853 3234 5923 μερίδι
3271 5853 3359 5903 τοῦ
3387 5851 3518 5902 Θεοῦ
3554 5845 3822 5919 συναχθήο
