  <div class='ocr_page' id='page_1' title='image "/cluster/home/n/w/nwhite01/storage/ocr_20150623/24/ien.35556001660497/158.png"; bbox 0 0 4042 6388; ppageno 0'>
   <div class='ocr_carea' id='block_1_1' title="bbox 187 505 3463 570">
    <p class='ocr_par' dir='ltr' id='par_1_1' title="bbox 187 505 3463 570">
     <span class='ocr_line' id='line_1_1' title="bbox 187 505 3463 570; baseline -0.002 0"><span class='ocrx_word' id='word_1_1' title='bbox 187 517 300 570; x_wconf 64' lang='lat'><strong>293</strong></span> <span class='ocrx_word' id='word_1_2' title='bbox 1115 508 1624 566; x_wconf 70' lang='lat' dir='ltr'><strong>COMMENTARIA</strong></span> <span class='ocrx_word' id='word_1_3' title='bbox 1660 508 1729 563; x_wconf 83' lang='lat' dir='ltr'><strong>lN</strong></span> <span class='ocrx_word' id='word_1_4' title='bbox 1772 506 2029 563; x_wconf 76' lang='lat' dir='ltr'><strong>ISAIAM.</strong></span> <span class='ocrx_word' id='word_1_5' title='bbox 2070 537 2140 549; x_wconf 88' lang='lat'><strong>--</strong></span> <span class='ocrx_word' id='word_1_6' title='bbox 2175 506 2328 564; x_wconf 77' lang='lat' dir='ltr'><strong>CAP.</strong></span> <span class='ocrx_word' id='word_1_7' title='bbox 2373 505 2608 561; x_wconf 75' lang='lat' dir='ltr'><strong>XXVIII.</strong></span> <span class='ocrx_word' id='word_1_8' title='bbox 3356 508 3463 567; x_wconf 61' lang='lat'><strong>29.4</strong></span> 
     </span>
    </p>
   </div>
   <div class='ocr_carea' id='block_1_2' title="bbox 189 614 1760 690">
    <p class='ocr_par' dir='ltr' id='par_1_2' title="bbox 189 618 1760 690">
     <span class='ocr_line' id='line_1_2' title="bbox 189 618 1760 690; baseline -0.006 -12"><span class='ocrx_word' id='word_1_9' title='bbox 189 624 373 686; x_wconf 82' lang='grc' dir='ltr'>σεσθε,</span> <span class='ocrx_word' id='word_1_10' title='bbox 406 623 499 676; x_wconf 66' lang='grc' dir='ltr'>καὶ</span> <span class='ocrx_word' id='word_1_11' title='bbox 533 623 634 675; x_wconf 66' lang='grc' dir='ltr'>οὔκ</span> <span class='ocrx_word' id='word_1_12' title='bbox 666 621 993 690; x_wconf 66' lang='grc' dir='ltr'>ἀσθενήσετι</span> <span class='ocrx_word' id='word_1_13' title='bbox 1024 620 1165 689; x_wconf 82' lang='grc' dir='ltr'>ὑπερ</span> <span class='ocrx_word' id='word_1_14' title='bbox 1201 618 1483 683; x_wconf 72' lang='grc' dir='ltr'>εὐσεϐείας</span> <span class='ocrx_word' id='word_1_15' title='bbox 1512 618 1760 687; x_wconf 75' lang='grc' dir='ltr'>ἀγωνιζό-</span> 
     </span>
    </p>
   </div>
   <div class='ocr_carea' id='block_1_3' title="bbox 1865 614 3463 690">
    <p class='ocr_par' dir='ltr' id='par_1_3' title="bbox 1882 614 3463 686">
     <span class='ocr_line' id='line_1_3' title="bbox 1882 614 3463 686; baseline 0 -15"><span class='ocrx_word' id='word_1_16' title='bbox 1882 617 1974 671; x_wconf 82' lang='lat' dir='ltr'><strong>Dei</strong></span> <span class='ocrx_word' id='word_1_17' title='bbox 2007 616 2324 686; x_wconf 81' lang='lat' dir='ltr'><strong>congregati</strong></span> <span class='ocrx_word' id='word_1_18' title='bbox 2360 615 2626 679; x_wconf 81' lang='lat' dir='ltr'><strong>fuissetis,</strong></span> <span class='ocrx_word' id='word_1_19' title='bbox 2666 628 2766 669; x_wconf 85' lang='lat' dir='ltr'><strong>nec</strong></span> <span class='ocrx_word' id='word_1_20' title='bbox 2814 614 2867 668; x_wconf 90' lang='lat' dir='ltr'><strong>in</strong></span> <span class='ocrx_word' id='word_1_21' title='bbox 2915 628 3093 685; x_wconf 89' lang='lat' dir='ltr'><strong>pugna</strong></span> <span class='ocrx_word' id='word_1_22' title='bbox 3130 630 3228 683; x_wconf 91' lang='lat' dir='ltr'><strong>pro</strong></span> <span class='ocrx_word' id='word_1_23' title='bbox 3260 616 3463 685; x_wconf 86' lang='lat' dir='ltr'><strong>pietatc</strong></span> 
     </span>
    </p>
   </div>
   <div class='ocr_carea' id='block_1_4' title="bbox 188 706 1760 784">
    <p class='ocr_par' dir='ltr' id='par_1_4' title="bbox 188 710 1760 784">
     <span class='ocr_line' id='line_1_4' title="bbox 188 710 1760 784; baseline -0.002 -18"><span class='ocrx_word' id='word_1_24' title='bbox 188 732 343 784; x_wconf 86' lang='grc' dir='ltr'>μενοι</span> <span class='ocrx_word' id='word_1_25' title='bbox 366 731 378 742; x_wconf 91' lang='grc'><strong>·</strong></span> <span class='ocrx_word' id='word_1_26' title='bbox 408 714 595 783; x_wconf 76' lang='grc' dir='ltr'>ἐπειδὴ</span> <span class='ocrx_word' id='word_1_27' title='bbox 616 714 671 766; x_wconf 81' lang='grc' dir='ltr'><strong>δὲ</strong></span> <span class='ocrx_word' id='word_1_28' title='bbox 692 714 909 776; x_wconf 71' lang='grc' dir='ltr'>ἓκοντες</span> <span class='ocrx_word' id='word_1_29' title='bbox 933 710 1011 781; x_wconf 83' lang='grc' dir='ltr'>τῷ</span> <span class='ocrx_word' id='word_1_30' title='bbox 1035 711 1252 781; x_wconf 78' lang='grc' dir='ltr'><strong>θανάτῳ</strong></span> <span class='ocrx_word' id='word_1_31' title='bbox 1278 712 1373 765; x_wconf 73' lang='grc' dir='ltr'>καὶ</span> <span class='ocrx_word' id='word_1_32' title='bbox 1398 711 1477 781; x_wconf 87' lang='grc' dir='ltr'>τῷ</span> <span class='ocrx_word' id='word_1_33' title='bbox 1510 710 1611 781; x_wconf 67' lang='grc' dir='ltr'><strong>ᾅδῃ</strong></span> <span class='ocrx_word' id='word_1_34' title='bbox 1644 712 1760 764; x_wconf 63' lang='lat' dir='ltr'><strong>tau-</strong></span> 
     </span>
    </p>
   </div>
   <div class='ocr_carea' id='block_1_5' title="bbox 1865 706 3464 784">
    <p class='ocr_par' dir='ltr' id='par_1_5' title="bbox 1879 706 3464 775">
     <span class='ocr_line' id='line_1_5' title="bbox 1879 706 3464 775; baseline 0.001 -13"><span class='ocrx_word' id='word_1_35' title='bbox 1879 708 2198 763; x_wconf 86' lang='lat' dir='ltr'><strong>sustinenda</strong></span> <span class='ocrx_word' id='word_1_36' title='bbox 2252 707 2455 762; x_wconf 89' lang='lat' dir='ltr'><strong>inﬁrmi</strong></span> <span class='ocrx_word' id='word_1_37' title='bbox 2515 706 2750 773; x_wconf 89' lang='lat' dir='ltr'><strong>essetis;</strong></span> <span class='ocrx_word' id='word_1_38' title='bbox 2822 706 2947 775; x_wconf 82' lang='lat' dir='ltr'><strong>quia</strong></span> <span class='ocrx_word' id='word_1_39' title='bbox 3009 720 3141 759; x_wconf 83' lang='lat' dir='ltr'><strong>vero</strong></span> <span class='ocrx_word' id='word_1_40' title='bbox 3213 706 3464 763; x_wconf 77' lang='lat' dir='ltr'><strong>lubenter</strong></span> 
     </span>
    </p>
   </div>
   <div class='ocr_carea' id='block_1_6' title="bbox 182 795 1760 875">
    <p class='ocr_par' dir='ltr' id='par_1_6' title="bbox 182 801 1760 875">
     <span class='ocr_line' id='line_1_6' title="bbox 182 801 1760 875; baseline -0.003 -18"><span class='ocrx_word' id='word_1_41' title='bbox 182 806 314 869; x_wconf 76' lang='grc' dir='ltr'>τοὺς</span> <span class='ocrx_word' id='word_1_42' title='bbox 346 803 861 875; x_wconf 84' lang='grc' dir='ltr'>προσεκληρὼσατε,</span> <span class='ocrx_word' id='word_1_43' title='bbox 887 801 1205 871; x_wconf 75' lang='grc' dir='ltr'><strong>γινώσκετε,</strong></span> <span class='ocrx_word' id='word_1_44' title='bbox 1240 803 1321 854; x_wconf 83' lang='grc' dir='ltr'>ὅτι</span> <span class='ocrx_word' id='word_1_45' title='bbox 1349 801 1450 870; x_wconf 75' lang='grc' dir='ltr'><strong>ἢδη</strong></span> <span class='ocrx_word' id='word_1_46' title='bbox 1479 802 1608 871; x_wconf 81' lang='grc' dir='ltr'>ὑμῖν</span> <span class='ocrx_word' id='word_1_47' title='bbox 1641 803 1760 852; x_wconf 74' lang='grc' dir='ltr'>ἑπε-</span> 
     </span>
    </p>
   </div>
   <div class='ocr_carea' id='block_1_7' title="bbox 1865 795 3461 875">
    <p class='ocr_par' dir='ltr' id='par_1_7' title="bbox 1873 795 3461 864">
     <span class='ocr_line' id='line_1_7' title="bbox 1873 795 3461 864; baseline -0.001 -11"><span class='ocrx_word' id='word_1_48' title='bbox 1873 801 2035 853; x_wconf 89' lang='lat' dir='ltr'><strong>morti</strong></span> <span class='ocrx_word' id='word_1_49' title='bbox 2068 810 2122 853; x_wconf 90' lang='lat' dir='ltr'><strong>et</strong></span> <span class='ocrx_word' id='word_1_50' title='bbox 2157 799 2368 854; x_wconf 81' lang='lat' dir='ltr'><strong>inferno</strong></span> <span class='ocrx_word' id='word_1_51' title='bbox 2400 812 2494 851; x_wconf 87' lang='lat' dir='ltr'><strong>vos</strong></span> <span class='ocrx_word' id='word_1_52' title='bbox 2560 795 3095 863; x_wconf 73' lang='lat' dir='ltr'><strong>dedidistis,scitote</strong></span> <span class='ocrx_word' id='word_1_53' title='bbox 3130 795 3242 863; x_wconf 72' lang='lat' dir='ltr'><strong>jam</strong></span> <span class='ocrx_word' id='word_1_54' title='bbox 3284 797 3461 864; x_wconf 86' lang='lat' dir='ltr'><strong>ipsum</strong></span> 
     </span>
    </p>
   </div>
   <div class='ocr_carea' id='block_1_8' title="bbox 181 889 1760 962">
    <p class='ocr_par' dir='ltr' id='par_1_8' title="bbox 181 889 1760 962">
     <span class='ocr_line' id='line_1_8' title="bbox 181 889 1760 962; baseline -0.003 -16"><span class='ocrx_word' id='word_1_55' title='bbox 181 894 438 947; x_wconf 79' lang='grc' dir='ltr'>λεύσεται</span> <span class='ocrx_word' id='word_1_56' title='bbox 464 894 623 955; x_wconf 82' lang='grc' dir='ltr'>αὐτὸς</span> <span class='ocrx_word' id='word_1_57' title='bbox 646 895 674 943; x_wconf 82' lang='grc' dir='ltr'>ὁ</span> <span class='ocrx_word' id='word_1_58' title='bbox 694 892 915 962; x_wconf 84' lang='grc' dir='ltr'>Κύριος,</span> <span class='ocrx_word' id='word_1_59' title='bbox 935 893 1155 959; x_wconf 73' lang='grc' dir='ltr'>ἐπάγων</span> <span class='ocrx_word' id='word_1_60' title='bbox 1178 890 1298 945; x_wconf 79' lang='grc' dir='ltr'>καθ’</span> <span class='ocrx_word' id='word_1_61' title='bbox 1317 890 1470 959; x_wconf 83' lang='grc' dir='ltr'>ὑμῶν</span> <span class='ocrx_word' id='word_1_62' title='bbox 1494 889 1664 962; x_wconf 79' lang='grc' dir='ltr'>ὀργὴν</span> <span class='ocrx_word' id='word_1_63' title='bbox 1685 889 1760 942; x_wconf 79' lang='grc' dir='ltr'><strong>διό</strong></span> 
     </span>
    </p>
   </div>
   <div class='ocr_carea' id='block_1_9' title="bbox 1865 889 3460 962">
    <p class='ocr_par' dir='ltr' id='par_1_9' title="bbox 1876 889 3460 952">
     <span class='ocr_line' id='line_1_9' title="bbox 1876 889 3460 952; baseline 0.001 -9"><span class='ocrx_word' id='word_1_64' title='bbox 1876 890 2162 945; x_wconf 86' lang='lat' dir='ltr'><strong>Dominum</strong></span> <span class='ocrx_word' id='word_1_65' title='bbox 2216 906 2312 944; x_wconf 92' lang='lat' dir='ltr'><strong>vos</strong></span> <span class='ocrx_word' id='word_1_66' title='bbox 2377 890 2691 942; x_wconf 82' lang='lat' dir='ltr'><strong>invasurum</strong></span> <span class='ocrx_word' id='word_1_67' title='bbox 2747 903 2895 952; x_wconf 86' lang='lat' dir='ltr'><strong>esse,</strong></span> <span class='ocrx_word' id='word_1_68' title='bbox 2954 898 3015 941; x_wconf 89' lang='lat' dir='ltr'><strong>ut.</strong></span> <span class='ocrx_word' id='word_1_69' title='bbox 3054 889 3125 942; x_wconf 94' lang='lat' dir='ltr'><strong>ob</strong></span> <span class='ocrx_word' id='word_1_70' title='bbox 3159 901 3460 945; x_wconf 86' lang='lat' dir='ltr'><strong>memorata</strong></span> 
     </span>
    </p>
   </div>
   <div class='ocr_carea' id='block_1_10' title="bbox 180 984 887 1055">
    <p class='ocr_par' dir='ltr' id='par_1_10' title="bbox 180 984 887 1055">
     <span class='ocr_line' id='line_1_10' title="bbox 180 984 887 1055; baseline -0.001 -20"><span class='ocrx_word' id='word_1_71' title='bbox 180 984 253 1037; x_wconf 77' lang='grc' dir='ltr'>τὰ</span> <span class='ocrx_word' id='word_1_72' title='bbox 284 984 661 1055; x_wconf 82' lang='grc' dir='ltr'>προλεχθέντα</span> <span class='ocrx_word' id='word_1_73' title='bbox 690 984 887 1037; x_wconf 84' lang='grc' dir='ltr'>πάντα.</span> 
     </span>
    </p>
   </div>
   <div class='ocr_carea' id='block_1_11' title="bbox 261 1094 1767 1166">
    <p class='ocr_par' dir='ltr' id='par_1_11' title="bbox 261 1094 1767 1166">
     <span class='ocr_line' id='line_1_11' title="bbox 261 1094 1767 1166; baseline 0 -20"><span class='ocrx_word' id='word_1_74' title='bbox 261 1117 279 1146; x_wconf 76' lang='grc' dir='ltr'><strong>ι</strong></span> <span class='ocrx_word' id='word_1_75' title='bbox 324 1098 541 1166; x_wconf 81' lang='grc' dir='ltr'>’Ὥσπερ</span> <span class='ocrx_word' id='word_1_76' title='bbox 567 1096 691 1165; x_wconf 78' lang='grc' dir='ltr'>ὅρος</span> <span class='ocrx_word' id='word_1_77' title='bbox 724 1095 935 1148; x_wconf 75' lang='grc' dir='ltr'>ἀσεϐῶν</span> <span class='ocrx_word' id='word_1_78' title='bbox 971 1096 1337 1165; x_wconf 75' lang='grc' dir='ltr'><strong>ἀναστήσεται</strong></span> <span class='ocrx_word' id='word_1_79' title='bbox 1388 1094 1592 1166; x_wconf 79' lang='grc' dir='ltr'>Κύριος</span> <span class='ocrx_word' id='word_1_80' title='bbox 1616 1134 1628 1155; x_wconf 86' lang='lat'><strong>,</strong></span> <span class='ocrx_word' id='word_1_81' title='bbox 1679 1096 1767 1147; x_wconf 73' lang='lat' dir='ltr'><strong>ml</strong></span> 
     </span>
    </p>
   </div>
   <div class='ocr_carea' id='block_1_12' title="bbox 180 1186 1772 1258">
    <p class='ocr_par' dir='ltr' id='par_1_12' title="bbox 180 1186 1772 1258">
     <span class='ocr_line' id='line_1_12' title="bbox 180 1186 1772 1258; baseline -0.001 -18"><span class='ocrx_word' id='word_1_82' title='bbox 180 1189 337 1240; x_wconf 71' lang='grc' dir='ltr'>ἔσται</span> <span class='ocrx_word' id='word_1_83' title='bbox 372 1192 429 1240; x_wconf 79' lang='grc' dir='ltr'>ὲν</span> <span class='ocrx_word' id='word_1_84' title='bbox 457 1190 525 1258; x_wconf 79' lang='grc' dir='ltr'><strong>τῇ</strong></span> <span class='ocrx_word' id='word_1_85' title='bbox 561 1187 805 1257; x_wconf 87' lang='grc' dir='ltr'>φάραγγι</span> <span class='ocrx_word' id='word_1_86' title='bbox 836 1186 1093 1239; x_wconf 79' lang='grc' dir='ltr'>Γαὸαών·</span> <span class='ocrx_word' id='word_1_87' title='bbox 1147 1186 1286 1257; x_wconf 82' lang='grc' dir='ltr'><strong>μετά</strong></span> <span class='ocrx_word' id='word_1_88' title='bbox 1333 1186 1505 1255; x_wconf 78' lang='grc' dir='ltr'>θυμοῦ</span> <span class='ocrx_word' id='word_1_89' title='bbox 1556 1191 1772 1254; x_wconf 83' lang='grc' dir='ltr'>ποιήσει</span> 
     </span>
    </p>
   </div>
   <div class='ocr_carea' id='block_1_13' title="bbox 180 1276 1773 1348">
    <p class='ocr_par' dir='ltr' id='par_1_13' title="bbox 180 1276 1773 1348">
     <span class='ocr_line' id='line_1_13' title="bbox 180 1276 1773 1348; baseline -0.001 -19"><span class='ocrx_word' id='word_1_90' title='bbox 180 1276 251 1329; x_wconf 73' lang='grc' dir='ltr'>τὰ</span> <span class='ocrx_word' id='word_1_91' title='bbox 282 1276 422 1347; x_wconf 64' lang='grc' dir='ltr'>ἔργα</span> <span class='ocrx_word' id='word_1_92' title='bbox 458 1276 645 1339; x_wconf 83' lang='grc' dir='ltr'>αὑτοῦ,</span> <span class='ocrx_word' id='word_1_93' title='bbox 684 1277 911 1346; x_wconf 81' lang='grc' dir='ltr'><strong>πικρίας</strong></span> <span class='ocrx_word' id='word_1_94' title='bbox 940 1276 1121 1345; x_wconf 78' lang='grc' dir='ltr'>ἔργον.</span> <span class='ocrx_word' id='word_1_95' title='bbox 1164 1296 1182 1327; x_wconf 77' lang='grc' dir='ltr'><strong>ι</strong></span> <span class='ocrx_word' id='word_1_96' title='bbox 1216 1277 1447 1348; x_wconf 89' lang='grc' dir='ltr'>Πικρίας</span> <span class='ocrx_word' id='word_1_97' title='bbox 1474 1276 1611 1347; x_wconf 72' lang='grc' dir='ltr'>ἔργα</span> <span class='ocrx_word' id='word_1_98' title='bbox 1656 1280 1773 1339; x_wconf 83' lang='grc' dir='ltr'>τοῖς</span> 
     </span>
    </p>
   </div>
   <div class='ocr_carea' id='block_1_14' title="bbox 178 1368 1771 1441">
    <p class='ocr_par' dir='ltr' id='par_1_14' title="bbox 178 1368 1771 1441">
     <span class='ocr_line' id='line_1_14' title="bbox 178 1368 1771 1441; baseline -0.003 -18"><span class='ocrx_word' id='word_1_99' title='bbox 178 1372 457 1441; x_wconf 79' lang='grc' dir='ltr'>δεηθεῖσιν</span> <span class='ocrx_word' id='word_1_100' title='bbox 472 1369 661 1440; x_wconf 82' lang='grc' dir='ltr'>ὥσπερ</span> <span class='ocrx_word' id='word_1_101' title='bbox 684 1368 954 1421; x_wconf 84' lang='grc' dir='ltr'>ἀντιδότου</span> <span class='ocrx_word' id='word_1_102' title='bbox 974 1369 1175 1439; x_wconf 79' lang='grc' dir='ltr'>πικρᾶς</span> <span class='ocrx_word' id='word_1_103' title='bbox 1190 1368 1277 1419; x_wconf 82' lang='grc' dir='ltr'>διὰ</span> <span class='ocrx_word' id='word_1_104' title='bbox 1294 1368 1391 1438; x_wconf 83' lang='grc' dir='ltr'><strong>τὴν</strong></span> <span class='ocrx_word' id='word_1_105' title='bbox 1407 1368 1771 1437; x_wconf 78' lang='grc' dir='ltr'><strong>ὑποκειμένην</strong></span> 
     </span>
    </p>
   </div>
   <div class='ocr_carea' id='block_1_15' title="bbox 178 1460 1767 1533">
    <p class='ocr_par' dir='ltr' id='par_1_15' title="bbox 178 1460 1767 1533">
     <span class='ocr_line' id='line_1_15' title="bbox 178 1460 1767 1533; baseline -0.003 -18"><span class='ocrx_word' id='word_1_106' title='bbox 178 1464 364 1515; x_wconf 80' lang='grc' dir='ltr'>αὐτῶν</span> <span class='ocrx_word' id='word_1_107' title='bbox 394 1466 461 1533; x_wconf 81' lang='grc' dir='ltr'><strong>τῇ</strong></span> <span class='ocrx_word' id='word_1_108' title='bbox 490 1462 634 1532; x_wconf 76' lang='grc' dir='ltr'>ψυχῇ</span> <span class='ocrx_word' id='word_1_109' title='bbox 655 1462 871 1514; x_wconf 87' lang='grc' dir='ltr'>κακίαν.</span> <span class='ocrx_word' id='word_1_110' title='bbox 887 1461 1089 1530; x_wconf 85' lang='grc' dir='ltr'>Πικρία</span> <span class='ocrx_word' id='word_1_111' title='bbox 1109 1460 1164 1512; x_wconf 82' lang='grc' dir='ltr'><strong>δὲ</strong></span> <span class='ocrx_word' id='word_1_112' title='bbox 1185 1460 1280 1513; x_wconf 74' lang='grc' dir='ltr'>καὶ</span> <span class='ocrx_word' id='word_1_113' title='bbox 1298 1460 1434 1530; x_wconf 83' lang='grc' dir='ltr'>ὀργὴ</span> <span class='ocrx_word' id='word_1_114' title='bbox 1452 1461 1543 1512; x_wconf 74' lang='grc' dir='ltr'>καὶ</span> <span class='ocrx_word' id='word_1_115' title='bbox 1576 1460 1767 1530; x_wconf 79' lang='grc' dir='ltr'>θυμὸς,</span> 
     </span>
    </p>
   </div>
   <div class='ocr_carea' id='block_1_16' title="bbox 178 1551 1770 1623">
    <p class='ocr_par' dir='ltr' id='par_1_16' title="bbox 178 1551 1770 1623">
     <span class='ocr_line' id='line_1_16' title="bbox 178 1551 1770 1623; baseline -0.003 -15"><span class='ocrx_word' id='word_1_116' title='bbox 178 1556 273 1608; x_wconf 75' lang='grc' dir='ltr'><strong>καὶ</strong></span> <span class='ocrx_word' id='word_1_117' title='bbox 302 1556 373 1608; x_wconf 83' lang='grc' dir='ltr'>τὰ</span> <span class='ocrx_word' id='word_1_118' title='bbox 394 1554 615 1608; x_wconf 76' lang='grc' dir='ltr'>τοιαῦτα</span> <span class='ocrx_word' id='word_1_119' title='bbox 641 1553 907 1623; x_wconf 85' lang='grc' dir='ltr'>λεγόμενα</span> <span class='ocrx_word' id='word_1_120' title='bbox 935 1553 1027 1603; x_wconf 65' lang='grc' dir='ltr'><strong>ἐπὶ</strong></span> <span class='ocrx_word' id='word_1_121' title='bbox 1055 1552 1187 1606; x_wconf 78' lang='grc' dir='ltr'>Θεοῦ</span> <span class='ocrx_word' id='word_1_122' title='bbox 1209 1552 1359 1604; x_wconf 79' lang='grc' dir='ltr'>οὐδὲν</span> <span class='ocrx_word' id='word_1_123' title='bbox 1392 1552 1575 1621; x_wconf 71' lang='grc' dir='ltr'>ἕτερον</span> <span class='ocrx_word' id='word_1_124' title='bbox 1609 1551 1641 1621; x_wconf 80' lang='grc' dir='ltr'>ἢ</span> <span class='ocrx_word' id='word_1_125' title='bbox 1672 1552 1770 1615; x_wconf 84' lang='grc' dir='ltr'>τὰς</span> 
     </span>
    </p>
   </div>
   <div class='ocr_carea' id='block_1_17' title="bbox 180 1638 1772 1709">
    <p class='ocr_par' dir='ltr' id='par_1_17' title="bbox 180 1638 1772 1709">
     <span class='ocr_line' id='line_1_17' title="bbox 180 1638 1772 1709; baseline -0.003 -12"><span class='ocrx_word' id='word_1_126' title='bbox 180 1645 325 1698; x_wconf 86' lang='grc' dir='ltr'><strong>κατά</strong></span> <span class='ocrx_word' id='word_1_127' title='bbox 352 1644 464 1697; x_wconf 82' lang='grc' dir='ltr'><strong>τῶν</strong></span> <span class='ocrx_word' id='word_1_128' title='bbox 494 1642 707 1697; x_wconf 80' lang='grc' dir='ltr'>ἀσεὸὦν</span> <span class='ocrx_word' id='word_1_129' title='bbox 730 1642 978 1703; x_wconf 79' lang='grc' dir='ltr'><strong>κολάσεις</strong></span> <span class='ocrx_word' id='word_1_130' title='bbox 1002 1641 1100 1703; x_wconf 84' lang='grc' dir='ltr'>τὰς</span> <span class='ocrx_word' id='word_1_131' title='bbox 1126 1642 1191 1693; x_wconf 85' lang='grc' dir='ltr'><strong>ὲκ</strong></span> <span class='ocrx_word' id='word_1_132' title='bbox 1223 1638 1316 1691; x_wconf 80' lang='grc' dir='ltr'>τοῦ</span> <span class='ocrx_word' id='word_1_133' title='bbox 1346 1640 1491 1691; x_wconf 82' lang='grc' dir='ltr'>θείου</span> <span class='ocrx_word' id='word_1_134' title='bbox 1520 1640 1772 1709; x_wconf 86' lang='grc' dir='ltr'>δικαστη-</span> 
     </span>
    </p>
   </div>
   <div class='ocr_carea' id='block_1_18' title="bbox 182 1731 1769 1807">
    <p class='ocr_par' dir='ltr' id='par_1_18' title="bbox 182 1731 1769 1807">
     <span class='ocr_line' id='line_1_18' title="bbox 182 1731 1769 1807; baseline -0.004 -17"><span class='ocrx_word' id='word_1_135' title='bbox 182 1739 303 1807; x_wconf 90' lang='grc' dir='ltr'>ρίου</span> <span class='ocrx_word' id='word_1_136' title='bbox 328 1736 762 1806; x_wconf 71' lang='grc' dir='ltr'>ὲπελευσομένας</span> <span class='ocrx_word' id='word_1_137' title='bbox 780 1734 935 1787; x_wconf 79' lang='grc' dir='ltr'>εἴωθε</span> <span class='ocrx_word' id='word_1_138' title='bbox 958 1734 1265 1803; x_wconf 90' lang='grc' dir='ltr'>σημαίνειν.</span> <span class='ocrx_word' id='word_1_139' title='bbox 1288 1752 1305 1781; x_wconf 88' lang='grc' dir='ltr'><strong>ι</strong></span> <span class='ocrx_word' id='word_1_140' title='bbox 1331 1732 1388 1785; x_wconf 91' lang='lat'><strong>&#39;0</strong></span> <span class='ocrx_word' id='word_1_141' title='bbox 1414 1732 1469 1784; x_wconf 84' lang='grc' dir='ltr'><strong>δὲ</strong></span> <span class='ocrx_word' id='word_1_142' title='bbox 1487 1731 1655 1801; x_wconf 81' lang='grc' dir='ltr'>θυμὸς</span> <span class='ocrx_word' id='word_1_143' title='bbox 1672 1735 1769 1784; x_wconf 83' lang='grc' dir='ltr'><strong>αὐ-</strong></span> 
     </span>
    </p>
   </div>
   <div class='ocr_carea' id='block_1_19' title="bbox 177 1823 1767 1897">
    <p class='ocr_par' dir='ltr' id='par_1_19' title="bbox 177 1823 1767 1897">
     <span class='ocr_line' id='line_1_19' title="bbox 177 1823 1767 1897; baseline -0.002 -19"><span class='ocrx_word' id='word_1_144' title='bbox 177 1827 273 1879; x_wconf 80' lang='grc' dir='ltr'>τοῦ</span> <span class='ocrx_word' id='word_1_145' title='bbox 330 1827 629 1897; x_wconf 72' lang='grc' dir='ltr'>ἀλλοτρίοις</span> <span class='ocrx_word' id='word_1_146' title='bbox 686 1828 960 1897; x_wconf 81' lang='grc' dir='ltr'>χρήσεται,</span> <span class='ocrx_word' id='word_1_147' title='bbox 1014 1824 1175 1894; x_wconf 80' lang='grc' dir='ltr'><strong>καὶὴ</strong></span> <span class='ocrx_word' id='word_1_148' title='bbox 1220 1826 1422 1893; x_wconf 89' lang='grc' dir='ltr'>σαπρία</span> <span class='ocrx_word' id='word_1_149' title='bbox 1456 1823 1622 1876; x_wconf 75' lang='grc' dir='ltr'>αὐτοῦ</span> <span class='ocrx_word' id='word_1_150' title='bbox 1673 1824 1767 1875; x_wconf 87' lang='grc' dir='ltr'>ἀλ-</span> 
     </span>
    </p>
   </div>
   <div class='ocr_carea' id='block_1_20' title="bbox 174 1920 456 1990">
    <p class='ocr_par' dir='ltr' id='par_1_20' title="bbox 174 1920 456 1990">
     <span class='ocr_line' id='line_1_20' title="bbox 174 1920 456 1990; baseline -0.007 -19"><span class='ocrx_word' id='word_1_151' title='bbox 174 1920 369 1990; x_wconf 77' lang='grc' dir='ltr'>λοτρία</span> <span class='ocrx_word' id='word_1_152' title='bbox 388 1938 399 1948; x_wconf 88' lang='grc'><em>’</em></span> <span class='ocrx_word' id='word_1_153' title='bbox 439 1938 456 1969; x_wconf 76' lang='grc' dir='ltr'><strong>ι</strong></span> 
     </span>
    </p>
   </div>
   <div class='ocr_carea' id='block_1_21' title="bbox 252 1994 1838 2098">
    <p class='ocr_par' dir='ltr' id='par_1_21' title="bbox 252 1994 1838 2098">
     <span class='ocr_line' id='line_1_21' title="bbox 252 1994 1838 2098; baseline -0.001 -17"><span class='ocrx_word' id='word_1_154' title='bbox 252 2046 273 2080; x_wconf 75' lang='grc' dir='ltr'><strong>ι</strong></span> <span class='ocrx_word' id='word_1_155' title='bbox 313 2030 425 2081; x_wconf 71' lang='grc' dir='ltr'><strong>Καὶ</strong></span> <span class='ocrx_word' id='word_1_156' title='bbox 468 2030 627 2098; x_wconf 81' lang='grc' dir='ltr'>ὑμεῖς</span> <span class='ocrx_word' id='word_1_157' title='bbox 671 2028 744 2098; x_wconf 83' lang='grc' dir='ltr'>μὴ</span> <span class='ocrx_word' id='word_1_158' title='bbox 781 2025 1193 2098; x_wconf 79' lang='grc' dir='ltr'>εὐφρανθείητε,</span> <span class='ocrx_word' id='word_1_159' title='bbox 1225 2027 1357 2097; x_wconf 81' lang='grc' dir='ltr'>μηδὲ</span> <span class='ocrx_word' id='word_1_160' title='bbox 1388 2027 1763 2096; x_wconf 80' lang='grc' dir='ltr'>ίσχυσάτωσαν</span> <span class='ocrx_word' id='word_1_161' title='bbox 1798 1994 1838 2017; x_wconf 65' lang='grc' dir='ltr'>υ</span> 
     </span>
    </p>
   </div>
   <div class='ocr_carea' id='block_1_22' title="bbox 175 2117 1765 2188">
    <p class='ocr_par' dir='ltr' id='par_1_22' title="bbox 175 2117 1765 2188">
     <span class='ocr_line' id='line_1_22' title="bbox 175 2117 1765 2188; baseline -0.001 -18"><span class='ocrx_word' id='word_1_162' title='bbox 175 2120 207 2170; x_wconf 77' lang='grc' dir='ltr'><strong>ὁ</strong></span> <span class='ocrx_word' id='word_1_163' title='bbox 214 2119 332 2187; x_wconf 80' lang='grc' dir='ltr'>μῶν</span> <span class='ocrx_word' id='word_1_164' title='bbox 344 2120 394 2170; x_wconf 89' lang='grc' dir='ltr'>οἱ</span> <span class='ocrx_word' id='word_1_165' title='bbox 409 2119 614 2188; x_wconf 72' lang='grc' dir='ltr'>δεσμοίο</span> <span class='ocrx_word' id='word_1_166' title='bbox 632 2117 765 2171; x_wconf 77' lang='grc' dir='ltr'>διότι</span> <span class='ocrx_word' id='word_1_167' title='bbox 784 2117 1237 2187; x_wconf 86' lang='grc' dir='ltr'>συντετελεσμένα</span> <span class='ocrx_word' id='word_1_168' title='bbox 1249 2117 1342 2169; x_wconf 87' lang='grc' dir='ltr'><strong>καί</strong></span> <span class='ocrx_word' id='word_1_169' title='bbox 1354 2134 1538 2169; x_wconf 81' lang='grc' dir='ltr'>συντετ</span> <span class='ocrx_word' id='word_1_170' title='bbox 1547 2135 1619 2187; x_wconf 89' lang='grc' dir='ltr'><strong>μη</strong></span> <span class='ocrx_word' id='word_1_171' title='bbox 1628 2118 1765 2186; x_wconf 89' lang='grc' dir='ltr'>μένα</span> 
     </span>
    </p>
   </div>
   <div class='ocr_carea' id='block_1_23' title="bbox 176 2207 1764 2280">
    <p class='ocr_par' dir='ltr' id='par_1_23' title="bbox 176 2207 1764 2280">
     <span class='ocr_line' id='line_1_23' title="bbox 176 2207 1764 2280; baseline 0.001 -20"><span class='ocrx_word' id='word_1_172' title='bbox 176 2210 487 2279; x_wconf 80' lang='grc' dir='ltr'>πράγματα</span> <span class='ocrx_word' id='word_1_173' title='bbox 520 2209 729 2279; x_wconf 71' lang='grc' dir='ltr'>ἥκουσα</span> <span class='ocrx_word' id='word_1_174' title='bbox 739 2208 889 2279; x_wconf 87' lang='grc' dir='ltr'><strong>παρά</strong></span> <span class='ocrx_word' id='word_1_175' title='bbox 901 2207 1107 2280; x_wconf 80' lang='grc' dir='ltr'>Κυρίου</span> <span class='ocrx_word' id='word_1_176' title='bbox 1125 2207 1372 2269; x_wconf 76' lang='grc' dir='ltr'><strong>Σαϐαὼθ,</strong></span> <span class='ocrx_word' id='word_1_177' title='bbox 1390 2207 1425 2261; x_wconf 79' lang='grc' dir='ltr'><strong>ἀ</strong></span> <span class='ocrx_word' id='word_1_178' title='bbox 1443 2211 1657 2278; x_wconf 86' lang='grc' dir='ltr'>ποιήσει</span> <span class='ocrx_word' id='word_1_179' title='bbox 1673 2211 1764 2261; x_wconf 76' lang='grc' dir='ltr'><strong>ἐπὶ</strong></span> 
     </span>
    </p>
   </div>
   <div class='ocr_carea' id='block_1_24' title="bbox 174 2294 1765 2372">
    <p class='ocr_par' dir='ltr' id='par_1_24' title="bbox 174 2294 1765 2372">
     <span class='ocr_line' id='line_1_24' title="bbox 174 2294 1765 2372; baseline -0.001 -21"><span class='ocrx_word' id='word_1_180' title='bbox 174 2303 358 2353; x_wconf 67' lang='grc' dir='ltr'>πᾶσαν</span> <span class='ocrx_word' id='word_1_181' title='bbox 375 2302 475 2372; x_wconf 83' lang='grc' dir='ltr'>τὴν</span> <span class='ocrx_word' id='word_1_182' title='bbox 491 2300 616 2368; x_wconf 79' lang='grc' dir='ltr'>γῆν.</span> <span class='ocrx_word' id='word_1_183' title='bbox 638 2318 657 2350; x_wconf 72' lang='grc' dir='ltr'><strong>ι</strong></span> <span class='ocrx_word' id='word_1_184' title='bbox 677 2300 828 2369; x_wconf 73' lang='grc' dir='ltr'><strong>Μηδὲ</strong></span> <span class='ocrx_word' id='word_1_185' title='bbox 854 2298 1223 2369; x_wconf 82' lang='grc' dir='ltr'>ίσχυσάτωσαν</span> <span class='ocrx_word' id='word_1_186' title='bbox 1239 2300 1288 2350; x_wconf 92' lang='grc' dir='ltr'><strong>οί</strong></span> <span class='ocrx_word' id='word_1_187' title='bbox 1309 2298 1465 2361; x_wconf 82' lang='grc' dir='ltr'>πόδες</span> <span class='ocrx_word' id='word_1_188' title='bbox 1492 2300 1521 2350; x_wconf 87' lang='grc' dir='ltr'>ὑ</span> <span class='ocrx_word' id='word_1_189' title='bbox 1530 2298 1665 2369; x_wconf 85' lang='grc' dir='ltr'>μῶν,</span> <span class='ocrx_word' id='word_1_190' title='bbox 1683 2294 1765 2362; x_wconf 70' lang='grc' dir='ltr'><strong>οἷς</strong></span> 
     </span>
    </p>
   </div>
   <div class='ocr_carea' id='block_1_25' title="bbox 175 2390 1763 2461">
    <p class='ocr_par' dir='ltr' id='par_1_25' title="bbox 175 2390 1763 2461">
     <span class='ocr_line' id='line_1_25' title="bbox 175 2390 1763 2461; baseline 0 -20"><span class='ocrx_word' id='word_1_191' title='bbox 175 2391 511 2459; x_wconf 78' lang='grc' dir='ltr'>κατεδήσατε</span> <span class='ocrx_word' id='word_1_192' title='bbox 542 2392 766 2454; x_wconf 69' lang='grc' dir='ltr'>ἑαυτοὺς</span> <span class='ocrx_word' id='word_1_193' title='bbox 798 2390 1065 2461; x_wconf 83' lang='grc' dir='ltr'><strong>διαθήκην</strong></span> <span class='ocrx_word' id='word_1_194' title='bbox 1094 2390 1336 2460; x_wconf 66' lang='grc' dir='ltr'>μτάτοῦ</span> <span class='ocrx_word' id='word_1_195' title='bbox 1360 2390 1592 2444; x_wconf 89' lang='grc' dir='ltr'>θανάτου</span> <span class='ocrx_word' id='word_1_196' title='bbox 1608 2407 1763 2460; x_wconf 88' lang='grc' dir='ltr'>ποιη-</span> 
     </span>
    </p>
   </div>
   <div class='ocr_carea' id='block_1_26' title="bbox 174 2480 1763 2552">
    <p class='ocr_par' dir='ltr' id='par_1_26' title="bbox 174 2480 1763 2552">
     <span class='ocr_line' id='line_1_26' title="bbox 174 2480 1763 2552; baseline 0 -19"><span class='ocrx_word' id='word_1_197' title='bbox 174 2482 404 2549; x_wconf 80' lang='grc' dir='ltr'>σάμενοι</span> <span class='ocrx_word' id='word_1_198' title='bbox 431 2482 524 2534; x_wconf 76' lang='grc' dir='ltr'>καὶ</span> <span class='ocrx_word' id='word_1_199' title='bbox 548 2481 687 2550; x_wconf 87' lang='grc' dir='ltr'><strong>μετά</strong></span> <span class='ocrx_word' id='word_1_200' title='bbox 718 2480 811 2534; x_wconf 82' lang='grc' dir='ltr'>τοῦ</span> <span class='ocrx_word' id='word_1_201' title='bbox 829 2481 954 2551; x_wconf 69' lang='grc' dir='ltr'>ᾅδου</span> <span class='ocrx_word' id='word_1_202' title='bbox 987 2481 1257 2552; x_wconf 84' lang='grc' dir='ltr'>συνθήκας</span> <span class='ocrx_word' id='word_1_203' title='bbox 1274 2499 1287 2511; x_wconf 88' lang='grc'><strong>·</strong></span> <span class='ocrx_word' id='word_1_204' title='bbox 1310 2482 1423 2535; x_wconf 84' lang='grc' dir='ltr'>ἀλλ’</span> <span class='ocrx_word' id='word_1_205' title='bbox 1451 2484 1505 2535; x_wconf 83' lang='grc' dir='ltr'><strong>εί</strong></span> <span class='ocrx_word' id='word_1_206' title='bbox 1528 2500 1611 2544; x_wconf 88' lang='grc' dir='ltr'><strong>τις</strong></span> <span class='ocrx_word' id='word_1_207' title='bbox 1636 2483 1763 2552; x_wconf 80' lang='grc' dir='ltr'>ὑμῖν</span> 
     </span>
    </p>
   </div>
   <div class='ocr_carea' id='block_1_27' title="bbox 173 2570 1762 2643">
    <p class='ocr_par' dir='ltr' id='par_1_27' title="bbox 173 2570 1762 2643">
     <span class='ocr_line' id='line_1_27' title="bbox 173 2570 1762 2643; baseline 0.002 -22"><span class='ocrx_word' id='word_1_208' title='bbox 173 2574 291 2621; x_wconf 78' lang='grc' dir='ltr'>ἐστι</span> <span class='ocrx_word' id='word_1_209' title='bbox 324 2570 602 2639; x_wconf 78' lang='grc' dir='ltr'><strong>σωτηρίας</strong></span> <span class='ocrx_word' id='word_1_210' title='bbox 628 2570 806 2634; x_wconf 73' lang='grc' dir='ltr'>ἐλπὶς,</span> <span class='ocrx_word' id='word_1_211' title='bbox 838 2570 1171 2642; x_wconf 69' lang='grc' dir='ltr'>διαρρήξατε</span> <span class='ocrx_word' id='word_1_212' title='bbox 1204 2572 1331 2634; x_wconf 84' lang='grc' dir='ltr'>τοὺς</span> <span class='ocrx_word' id='word_1_213' title='bbox 1365 2572 1501 2643; x_wconf 79' lang='grc' dir='ltr'>πρὸς</span> <span class='ocrx_word' id='word_1_214' title='bbox 1534 2572 1625 2624; x_wconf 82' lang='grc' dir='ltr'>τὸν</span> <span class='ocrx_word' id='word_1_215' title='bbox 1668 2572 1762 2624; x_wconf 84' lang='grc' dir='ltr'>θά-</span> 
     </span>
    </p>
   </div>
   <div class='ocr_carea' id='block_1_28' title="bbox 175 2658 1761 2734">
    <p class='ocr_par' dir='ltr' id='par_1_28' title="bbox 175 2658 1761 2734">
     <span class='ocr_line' id='line_1_28' title="bbox 175 2658 1761 2734; baseline 0.002 -23"><span class='ocrx_word' id='word_1_216' title='bbox 175 2676 337 2711; x_wconf 70' lang='grc' dir='ltr'>νατον</span> <span class='ocrx_word' id='word_1_217' title='bbox 381 2658 642 2726; x_wconf 82' lang='grc' dir='ltr'>δεσμούς·</span> <span class='ocrx_word' id='word_1_218' title='bbox 674 2661 1001 2729; x_wconf 82' lang='grc' dir='ltr'>ἀναχωρεῖτε</span> <span class='ocrx_word' id='word_1_219' title='bbox 1035 2661 1091 2713; x_wconf 87' lang='grc' dir='ltr'><strong>δὲ</strong></span> <span class='ocrx_word' id='word_1_220' title='bbox 1129 2662 1223 2713; x_wconf 79' lang='grc' dir='ltr'>καὶ</span> <span class='ocrx_word' id='word_1_221' title='bbox 1257 2661 1358 2731; x_wconf 82' lang='grc' dir='ltr'><strong>τῆς</strong></span> <span class='ocrx_word' id='word_1_222' title='bbox 1399 2662 1761 2734; x_wconf 74' lang='grc' dir='ltr'><strong>νομιζομένης</strong></span> 
     </span>
    </p>
   </div>
   <div class='ocr_carea' id='block_1_29' title="bbox 173 2740 1761 2821">
    <p class='ocr_par' dir='ltr' id='par_1_29' title="bbox 173 2740 1761 2821">
     <span class='ocr_line' id='line_1_29' title="bbox 173 2740 1761 2821; baseline 0.004 -24"><span class='ocrx_word' id='word_1_223' title='bbox 173 2740 304 2815; x_wconf 69' lang='grc' dir='ltr'>ὗμῐν</span> <span class='ocrx_word' id='word_1_224' title='bbox 335 2746 698 2817; x_wconf 76' lang='grc' dir='ltr'>εὐφροσύνης,</span> <span class='ocrx_word' id='word_1_225' title='bbox 731 2748 831 2815; x_wconf 83' lang='grc' dir='ltr'><strong>τῆς</strong></span> <span class='ocrx_word' id='word_1_226' title='bbox 864 2764 924 2799; x_wconf 87' lang='grc' dir='ltr'><strong>τε</strong></span> <span class='ocrx_word' id='word_1_227' title='bbox 954 2749 1290 2819; x_wconf 81' lang='grc' dir='ltr'>προσκαίρου</span> <span class='ocrx_word' id='word_1_228' title='bbox 1336 2749 1617 2803; x_wconf 83' lang='grc' dir='ltr'>παύσασθε</span> <span class='ocrx_word' id='word_1_229' title='bbox 1644 2751 1761 2821; x_wconf 79' lang='grc' dir='ltr'><strong>ἡδο-</strong></span> 
     </span>
    </p>
   </div>
   <div class='ocr_carea' id='block_1_30' title="bbox 173 2837 1759 2909">
    <p class='ocr_par' dir='ltr' id='par_1_30' title="bbox 173 2837 1759 2909">
     <span class='ocr_line' id='line_1_30' title="bbox 173 2837 1759 2909; baseline 0.002 -21"><span class='ocrx_word' id='word_1_230' title='bbox 173 2839 296 2909; x_wconf 69' lang='grc' dir='ltr'><strong>τῆς·</strong></span> <span class='ocrx_word' id='word_1_231' title='bbox 340 2837 545 2889; x_wconf 77' lang='grc' dir='ltr'>τούτων</span> <span class='ocrx_word' id='word_1_232' title='bbox 568 2838 675 2906; x_wconf 86' lang='grc' dir='ltr'>γὰρ</span> <span class='ocrx_word' id='word_1_233' title='bbox 708 2839 890 2890; x_wconf 80' lang='grc' dir='ltr'>ὁποῖον</span> <span class='ocrx_word' id='word_1_234' title='bbox 910 2837 1059 2889; x_wconf 74' lang='grc' dir='ltr'>ἔσται</span> <span class='ocrx_word' id='word_1_235' title='bbox 1094 2839 1156 2890; x_wconf 88' lang='grc' dir='ltr'>τὸ</span> <span class='ocrx_word' id='word_1_236' title='bbox 1181 2838 1332 2901; x_wconf 81' lang='grc' dir='ltr'>τέλος</span> <span class='ocrx_word' id='word_1_237' title='bbox 1379 2840 1759 2909; x_wconf 79' lang='grc' dir='ltr'>μεμαθήκατε.</span> 
     </span>
    </p>
   </div>
   <div class='ocr_carea' id='block_1_31' title="bbox 172 2929 1762 3002">
    <p class='ocr_par' dir='ltr' id='par_1_31' title="bbox 172 2929 1762 3002">
     <span class='ocr_line' id='line_1_31' title="bbox 172 2929 1762 3002; baseline 0.001 -19"><span class='ocrx_word' id='word_1_238' title='bbox 172 2930 365 2983; x_wconf 77' lang='grc' dir='ltr'>ταῦτα</span> <span class='ocrx_word' id='word_1_239' title='bbox 397 2930 453 2981; x_wconf 70' lang='grc' dir='ltr'><strong>δὲ</strong></span> <span class='ocrx_word' id='word_1_240' title='bbox 487 2930 562 3000; x_wconf 77' lang='grc' dir='ltr'>μὴ</span> <span class='ocrx_word' id='word_1_241' title='bbox 591 2929 848 2999; x_wconf 83' lang='grc' dir='ltr'>νομίσητε</span> <span class='ocrx_word' id='word_1_242' title='bbox 888 2929 1067 2998; x_wconf 86' lang='grc' dir='ltr'>λέγειν</span> <span class='ocrx_word' id='word_1_243' title='bbox 1112 2931 1211 2999; x_wconf 76' lang='grc' dir='ltr'><strong>ἐμὲ</strong></span> <span class='ocrx_word' id='word_1_244' title='bbox 1243 2930 1335 2983; x_wconf 83' lang='grc' dir='ltr'>τὸν</span> <span class='ocrx_word' id='word_1_245' title='bbox 1366 2932 1688 3002; x_wconf 82' lang='grc' dir='ltr'>προφήτην·</span> <span class='ocrx_word' id='word_1_246' title='bbox 1725 2932 1762 2985; x_wconf 79' lang='grc' dir='ltr'>ἃ</span> 
     </span>
    </p>
   </div>
   <div class='ocr_carea' id='block_1_32' title="bbox 173 3019 1760 3092">
    <p class='ocr_par' dir='ltr' id='par_1_32' title="bbox 173 3019 1760 3092">
     <span class='ocr_line' id='line_1_32' title="bbox 173 3019 1760 3092; baseline 0.003 -21"><span class='ocrx_word' id='word_1_247' title='bbox 173 3020 285 3089; x_wconf 79' lang='grc' dir='ltr'>γὰρ</span> <span class='ocrx_word' id='word_1_248' title='bbox 313 3020 524 3089; x_wconf 74' lang='grc' dir='ltr'>ηκουσα</span> <span class='ocrx_word' id='word_1_249' title='bbox 550 3019 726 3089; x_wconf 82' lang='grc' dir='ltr'>ψυχῆς</span> <span class='ocrx_word' id='word_1_250' title='bbox 762 3022 900 3091; x_wconf 82' lang='grc' dir='ltr'>ἀκοῇ</span> <span class='ocrx_word' id='word_1_251' title='bbox 947 3021 1231 3091; x_wconf 72' lang='grc' dir='ltr'>εἰρηκότος</span> <span class='ocrx_word' id='word_1_252' title='bbox 1258 3022 1352 3073; x_wconf 79' lang='grc' dir='ltr'>τοῦ</span> <span class='ocrx_word' id='word_1_253' title='bbox 1398 3024 1609 3092; x_wconf 78' lang='grc' dir='ltr'>Κυρίου</span> <span class='ocrx_word' id='word_1_254' title='bbox 1654 3024 1760 3075; x_wconf 86' lang='grc' dir='ltr'><strong>Σα-</strong></span> 
     </span>
    </p>
   </div>
   <div class='ocr_carea' id='block_1_33' title="bbox 170 3110 1761 3185">
    <p class='ocr_par' dir='ltr' id='par_1_33' title="bbox 170 3110 1761 3185">
     <span class='ocr_line' id='line_1_33' title="bbox 170 3110 1761 3185; baseline 0.001 -20"><span class='ocrx_word' id='word_1_255' title='bbox 170 3111 347 3175; x_wconf 77' lang='grc' dir='ltr'>εαὼθ,</span> <span class='ocrx_word' id='word_1_256' title='bbox 397 3110 550 3163; x_wconf 76' lang='grc' dir='ltr'>ταῦθ’</span> <span class='ocrx_word' id='word_1_257' title='bbox 575 3112 702 3181; x_wconf 82' lang='grc' dir='ltr'>ὑμῖν</span> <span class='ocrx_word' id='word_1_258' title='bbox 758 3112 1103 3182; x_wconf 86' lang='grc' dir='ltr'>μεταδέδωκα</span> <span class='ocrx_word' id='word_1_259' title='bbox 1128 3128 1139 3141; x_wconf 73' lang='grc'>³</span> <span class='ocrx_word' id='word_1_260' title='bbox 1179 3111 1453 3183; x_wconf 73' lang='grc' dir='ltr'>ἠϐουλήθη</span> <span class='ocrx_word' id='word_1_261' title='bbox 1484 3112 1593 3185; x_wconf 81' lang='grc' dir='ltr'>γὰρ</span> <span class='ocrx_word' id='word_1_262' title='bbox 1618 3115 1761 3185; x_wconf 84' lang='grc' dir='ltr'>ὑμᾶς</span> 
     </span>
    </p>
   </div>
   <div class='ocr_carea' id='block_1_34' title="bbox 175 3204 1760 3277">
    <p class='ocr_par' dir='ltr' id='par_1_34' title="bbox 175 3204 1760 3277">
     <span class='ocr_line' id='line_1_34' title="bbox 175 3204 1760 3277; baseline 0.002 -21"><span class='ocrx_word' id='word_1_263' title='bbox 175 3206 252 3274; x_wconf 80' lang='grc' dir='ltr'>μὴ</span> <span class='ocrx_word' id='word_1_264' title='bbox 275 3206 493 3271; x_wconf 79' lang='grc' dir='ltr'>ἀγνοεῖν</span> <span class='ocrx_word' id='word_1_265' title='bbox 527 3205 593 3257; x_wconf 87' lang='grc' dir='ltr'><strong>τά</strong></span> <span class='ocrx_word' id='word_1_266' title='bbox 621 3204 750 3275; x_wconf 78' lang='grc' dir='ltr'>παρ’</span> <span class='ocrx_word' id='word_1_267' title='bbox 779 3204 927 3274; x_wconf 83' lang='grc' dir='ltr'><strong>αὑτῴ</strong></span> <span class='ocrx_word' id='word_1_268' title='bbox 957 3205 1316 3275; x_wconf 82' lang='grc' dir='ltr'>κεκρυμμένα</span> <span class='ocrx_word' id='word_1_269' title='bbox 1346 3208 1440 3257; x_wconf 82' lang='grc' dir='ltr'>καὶ</span> <span class='ocrx_word' id='word_1_270' title='bbox 1478 3206 1760 3277; x_wconf 73' lang='grc' dir='ltr'>ὡρισμένα</span> 
     </span>
    </p>
   </div>
   <div class='ocr_carea' id='block_1_35' title="bbox 173 3297 1050 3367">
    <p class='ocr_par' dir='ltr' id='par_1_35' title="bbox 173 3297 1050 3367">
     <span class='ocr_line' id='line_1_35' title="bbox 173 3297 1050 3367; baseline 0.003 -19"><span class='ocrx_word' id='word_1_271' title='bbox 173 3297 267 3348; x_wconf 80' lang='grc' dir='ltr'><strong>καὶ</strong></span> <span class='ocrx_word' id='word_1_272' title='bbox 292 3299 698 3366; x_wconf 80' lang='grc' dir='ltr'>συντεταγμένα</span> <span class='ocrx_word' id='word_1_273' title='bbox 727 3299 1050 3367; x_wconf 86' lang='grc' dir='ltr'>πράγματα.</span> 
     </span>
    </p>
   </div>
   <div class='ocr_carea' id='block_1_36' title="bbox 250 3388 1765 3461">
    <p class='ocr_par' dir='ltr' id='par_1_36' title="bbox 250 3388 1765 3461">
     <span class='ocr_line' id='line_1_36' title="bbox 250 3388 1765 3461; baseline 0.001 -22"><span class='ocrx_word' id='word_1_274' title='bbox 250 3408 269 3439; x_wconf 81' lang='grc' dir='ltr'><strong>ι</strong></span> <span class='ocrx_word' id='word_1_275' title='bbox 322 3388 674 3451; x_wconf 79' lang='grc' dir='ltr'>Ἑνωτίζεσθε</span> <span class='ocrx_word' id='word_1_276' title='bbox 717 3393 806 3443; x_wconf 76' lang='grc' dir='ltr'><strong>καί</strong></span> <span class='ocrx_word' id='word_1_277' title='bbox 836 3390 1056 3443; x_wconf 73' lang='grc' dir='ltr'>ἀκούετε</span> <span class='ocrx_word' id='word_1_278' title='bbox 1084 3390 1184 3458; x_wconf 81' lang='grc' dir='ltr'><strong>τῆς</strong></span> <span class='ocrx_word' id='word_1_279' title='bbox 1212 3389 1395 3461; x_wconf 80' lang='grc' dir='ltr'>φωνῆς</span> <span class='ocrx_word' id='word_1_280' title='bbox 1434 3407 1533 3459; x_wconf 90' lang='grc' dir='ltr'><strong>μου</strong></span> <span class='ocrx_word' id='word_1_281' title='bbox 1559 3406 1571 3417; x_wconf 92' lang='grc'>·</span> <span class='ocrx_word' id='word_1_282' title='bbox 1600 3406 1765 3460; x_wconf 58' lang='grc' dir='ltr'>προσ.</span> 
     </span>
    </p>
   </div>
   <div class='ocr_carea' id='block_1_37' title="bbox 172 3480 1761 3551">
    <p class='ocr_par' dir='ltr' id='par_1_37' title="bbox 172 3480 1761 3551">
     <span class='ocr_line' id='line_1_37' title="bbox 172 3480 1761 3551; baseline -0.003 -16"><span class='ocrx_word' id='word_1_283' title='bbox 172 3487 329 3551; x_wconf 84' lang='grc' dir='ltr'>έχετε</span> <span class='ocrx_word' id='word_1_284' title='bbox 364 3484 459 3535; x_wconf 77' lang='grc' dir='ltr'>καὶ</span> <span class='ocrx_word' id='word_1_285' title='bbox 488 3482 709 3535; x_wconf 72' lang='grc' dir='ltr'>ἀκούετε</span> <span class='ocrx_word' id='word_1_286' title='bbox 737 3484 861 3545; x_wconf 79' lang='grc' dir='ltr'>τοὺς</span> <span class='ocrx_word' id='word_1_287' title='bbox 880 3483 1069 3550; x_wconf 79' lang='grc' dir='ltr'>λόγους</span> <span class='ocrx_word' id='word_1_288' title='bbox 1094 3499 1215 3551; x_wconf 88' lang='grc' dir='ltr'>μου.</span> <span class='ocrx_word' id='word_1_289' title='bbox 1254 3501 1271 3532; x_wconf 75' lang='grc' dir='ltr'><strong>ι</strong></span> <span class='ocrx_word' id='word_1_290' title='bbox 1304 3482 1402 3534; x_wconf 85' lang='grc' dir='ltr'>Διά</span> <span class='ocrx_word' id='word_1_291' title='bbox 1436 3482 1535 3550; x_wconf 84' lang='grc' dir='ltr'>μὲν</span> <span class='ocrx_word' id='word_1_292' title='bbox 1575 3480 1671 3534; x_wconf 82' lang='grc' dir='ltr'>τοῦ</span> <span class='ocrx_word' id='word_1_293' title='bbox 1694 3484 1761 3551; x_wconf 76' lang='grc' dir='ltr'>τῇ</span> 
     </span>
    </p>
   </div>
   <div class='ocr_carea' id='block_1_38' title="bbox 171 3568 1762 3645">
    <p class='ocr_par' dir='ltr' id='par_1_38' title="bbox 171 3568 1762 3645">
     <span class='ocr_line' id='line_1_38' title="bbox 171 3568 1762 3645; baseline -0.004 -19"><span class='ocrx_word' id='word_1_294' title='bbox 171 3577 324 3644; x_wconf 77' lang='grc' dir='ltr'>φωνῇ</span> <span class='ocrx_word' id='word_1_295' title='bbox 350 3578 417 3643; x_wconf 82' lang='grc' dir='ltr'>τῇ</span> <span class='ocrx_word' id='word_1_296' title='bbox 440 3574 506 3625; x_wconf 76' lang='grc' dir='ltr'><strong>δι’</strong></span> <span class='ocrx_word' id='word_1_297' title='bbox 524 3575 683 3644; x_wconf 84' lang='grc' dir='ltr'>ἀέρος</span> <span class='ocrx_word' id='word_1_298' title='bbox 702 3573 976 3645; x_wconf 76' lang='grc' dir='ltr'>φερομένῃ</span> <span class='ocrx_word' id='word_1_299' title='bbox 994 3574 1062 3626; x_wconf 85' lang='grc' dir='ltr'>τὰ</span> <span class='ocrx_word' id='word_1_300' title='bbox 1083 3568 1198 3625; x_wconf 83' lang='grc' dir='ltr'>ὧτα</span> <span class='ocrx_word' id='word_1_301' title='bbox 1221 3573 1477 3642; x_wconf 72' lang='grc' dir='ltr'>παρέχειν</span> <span class='ocrx_word' id='word_1_302' title='bbox 1495 3573 1554 3623; x_wconf 88' lang='grc' dir='ltr'>τὸ</span> <span class='ocrx_word' id='word_1_303' title='bbox 1574 3573 1762 3624; x_wconf 85' lang='grc' dir='ltr'>ὲνωτί-</span> 
     </span>
    </p>
   </div>
   <div class='ocr_carea' id='block_1_39' title="bbox 172 3661 1762 3733">
    <p class='ocr_par' dir='ltr' id='par_1_39' title="bbox 172 3661 1762 3733">
     <span class='ocr_line' id='line_1_39' title="bbox 172 3661 1762 3733; baseline -0.002 -17"><span class='ocrx_word' id='word_1_304' title='bbox 172 3662 359 3728; x_wconf 79' lang='grc' dir='ltr'>ζεσθαι</span> <span class='ocrx_word' id='word_1_305' title='bbox 392 3662 567 3733; x_wconf 84' lang='grc' dir='ltr'>δηλῶν</span> <span class='ocrx_word' id='word_1_306' title='bbox 592 3679 604 3692; x_wconf 90' lang='grc'><strong>·</strong></span> <span class='ocrx_word' id='word_1_307' title='bbox 632 3662 719 3715; x_wconf 83' lang='grc' dir='ltr'><strong>διὰ</strong></span> <span class='ocrx_word' id='word_1_308' title='bbox 740 3664 795 3715; x_wconf 78' lang='grc' dir='ltr'><strong>δὲ</strong></span> <span class='ocrx_word' id='word_1_309' title='bbox 823 3662 916 3715; x_wconf 84' lang='grc' dir='ltr'>τοῦ</span> <span class='ocrx_word' id='word_1_310' title='bbox 953 3662 1170 3715; x_wconf 82' lang='grc' dir='ltr'>ἀκούειν</span> <span class='ocrx_word' id='word_1_311' title='bbox 1197 3665 1292 3714; x_wconf 73' lang='grc' dir='ltr'>καὶ</span> <span class='ocrx_word' id='word_1_312' title='bbox 1314 3661 1629 3731; x_wconf 79' lang='grc' dir='ltr'>πειθαρχεῖν</span> <span class='ocrx_word' id='word_1_313' title='bbox 1652 3664 1762 3724; x_wconf 82' lang='grc' dir='ltr'>τοῖς</span> 
     </span>
    </p>
   </div>
   <div class='ocr_carea' id='block_1_40' title="bbox 171 3752 1763 3824">
    <p class='ocr_par' dir='ltr' id='par_1_40' title="bbox 171 3752 1763 3824">
     <span class='ocr_line' id='line_1_40' title="bbox 171 3752 1763 3824; baseline -0.001 -17"><span class='ocrx_word' id='word_1_314' title='bbox 171 3754 483 3824; x_wconf 77' lang='grc' dir='ltr'>Αεγομένοις</span> <span class='ocrx_word' id='word_1_315' title='bbox 508 3753 569 3805; x_wconf 82' lang='grc' dir='ltr'>τὸ</span> <span class='ocrx_word' id='word_1_316' title='bbox 600 3754 836 3807; x_wconf 84' lang='grc' dir='ltr'>ἀκούειν·</span> <span class='ocrx_word' id='word_1_317' title='bbox 862 3753 949 3806; x_wconf 84' lang='grc' dir='ltr'><strong>διὰ</strong></span> <span class='ocrx_word' id='word_1_318' title='bbox 972 3754 1028 3807; x_wconf 79' lang='grc' dir='ltr'><strong>δὲ</strong></span> <span class='ocrx_word' id='word_1_319' title='bbox 1041 3752 1131 3806; x_wconf 82' lang='grc' dir='ltr'>τοῦ</span> <span class='ocrx_word' id='word_1_320' title='bbox 1146 3757 1284 3807; x_wconf 89' lang='grc' dir='ltr'>νοεῖν</span> <span class='ocrx_word' id='word_1_321' title='bbox 1302 3756 1413 3816; x_wconf 78' lang='grc' dir='ltr'>τοῖς</span> <span class='ocrx_word' id='word_1_322' title='bbox 1429 3753 1763 3823; x_wconf 85' lang='grc' dir='ltr'>σημαινομέ-</span> 
     </span>
    </p>
   </div>
   <div class='ocr_carea' id='block_1_41' title="bbox 171 3844 1754 3917">
    <p class='ocr_par' dir='ltr' id='par_1_41' title="bbox 171 3844 1754 3917">
     <span class='ocr_line' id='line_1_41' title="bbox 171 3844 1754 3917; baseline -0.001 -18"><span class='ocrx_word' id='word_1_323' title='bbox 171 3861 282 3909; x_wconf 66' lang='grc' dir='ltr'>νοις</span> <span class='ocrx_word' id='word_1_324' title='bbox 305 3846 668 3916; x_wconf 65' lang='grc' dir='ltr'>νοήμασι,τὴν</span> <span class='ocrx_word' id='word_1_325' title='bbox 688 3846 961 3917; x_wconf 83' lang='grc' dir='ltr'>προσοχὴν</span> <span class='ocrx_word' id='word_1_326' title='bbox 977 3846 1073 3897; x_wconf 72' lang='grc' dir='ltr'><strong>καὶ</strong></span> <span class='ocrx_word' id='word_1_327' title='bbox 1089 3845 1189 3915; x_wconf 82' lang='grc' dir='ltr'>τὴν</span> <span class='ocrx_word' id='word_1_328' title='bbox 1208 3844 1440 3913; x_wconf 86' lang='grc' dir='ltr'>θεωρίαν</span> <span class='ocrx_word' id='word_1_329' title='bbox 1458 3845 1754 3915; x_wconf 84' lang='grc' dir='ltr'>σημαίνων.</span> 
     </span>
    </p>
   </div>
   <div class='ocr_carea' id='block_1_42' title="bbox 249 3934 1759 4007">
    <p class='ocr_par' dir='ltr' id='par_1_42' title="bbox 249 3934 1759 4007">
     <span class='ocr_line' id='line_1_42' title="bbox 249 3934 1759 4007; baseline 0 -20"><span class='ocrx_word' id='word_1_330' title='bbox 249 3955 267 3987; x_wconf 82' lang='grc' dir='ltr'><strong>ι</strong></span> <span class='ocrx_word' id='word_1_331' title='bbox 312 3936 407 4007; x_wconf 80' lang='grc' dir='ltr'><strong>Μὴ</strong></span> <span class='ocrx_word' id='word_1_332' title='bbox 462 3936 589 4006; x_wconf 81' lang='grc' dir='ltr'>ὃλην</span> <span class='ocrx_word' id='word_1_333' title='bbox 648 3936 746 4006; x_wconf 82' lang='grc' dir='ltr'>τὴν</span> <span class='ocrx_word' id='word_1_334' title='bbox 806 3936 1020 4007; x_wconf 80' lang='grc' dir='ltr'>ἡμέραν</span> <span class='ocrx_word' id='word_1_335' title='bbox 1080 3934 1395 4007; x_wconf 81' lang='grc' dir='ltr'>ἀροτριάσει</span> <span class='ocrx_word' id='word_1_336' title='bbox 1455 3935 1759 4007; x_wconf 83' lang='grc' dir='ltr'>ἁροτριῶν;</span> 
     </span>
    </p>
   </div>
   <div class='ocr_carea' id='block_1_43' title="bbox 171 4026 1761 4099">
    <p class='ocr_par' dir='ltr' id='par_1_43' title="bbox 171 4026 1761 4099">
     <span class='ocr_line' id='line_1_43' title="bbox 171 4026 1761 4099; baseline -0.001 -19"><span class='ocrx_word' id='word_1_337' title='bbox 171 4027 205 4097; x_wconf 75' lang='grc' dir='ltr'><strong>ἢ</strong></span> <span class='ocrx_word' id='word_1_338' title='bbox 238 4028 443 4097; x_wconf 78' lang='grc' dir='ltr'>σπόρον</span> <span class='ocrx_word' id='word_1_339' title='bbox 492 4028 899 4099; x_wconf 88' lang='grc' dir='ltr'>προετοιμάσει,</span> <span class='ocrx_word' id='word_1_340' title='bbox 952 4027 1078 4097; x_wconf 80' lang='grc' dir='ltr'>πρὶν</span> <span class='ocrx_word' id='word_1_341' title='bbox 1130 4026 1466 4097; x_wconf 78' lang='grc' dir='ltr'>ἐργάσασθαι</span> <span class='ocrx_word' id='word_1_342' title='bbox 1495 4026 1593 4097; x_wconf 79' lang='grc' dir='ltr'>τὴν</span> <span class='ocrx_word' id='word_1_343' title='bbox 1620 4028 1761 4097; x_wconf 82' lang='grc' dir='ltr'><strong>γῆν;</strong></span> 
     </span>
    </p>
   </div>
   <div class='ocr_carea' id='block_1_44' title="bbox 170 4116 1760 4188">
    <p class='ocr_par' dir='ltr' id='par_1_44' title="bbox 170 4116 1760 4188">
     <span class='ocr_line' id='line_1_44' title="bbox 170 4116 1760 4188; baseline -0.001 -17"><span class='ocrx_word' id='word_1_344' title='bbox 170 4119 286 4187; x_wconf 76' lang='grc' dir='ltr'><strong>Οὐχ</strong></span> <span class='ocrx_word' id='word_1_345' title='bbox 336 4118 467 4170; x_wconf 83' lang='grc' dir='ltr'>ὅταν</span> <span class='ocrx_word' id='word_1_346' title='bbox 493 4116 725 4187; x_wconf 79' lang='grc' dir='ltr'>όμαλίσῃ</span> <span class='ocrx_word' id='word_1_347' title='bbox 760 4117 819 4170; x_wconf 84' lang='grc' dir='ltr'>τὸ</span> <span class='ocrx_word' id='word_1_348' title='bbox 850 4117 1142 4187; x_wconf 82' lang='grc' dir='ltr'>πρόσωπον</span> <span class='ocrx_word' id='word_1_349' title='bbox 1167 4117 1356 4188; x_wconf 78' lang='grc' dir='ltr'>αὐτῆς,</span> <span class='ocrx_word' id='word_1_350' title='bbox 1394 4117 1515 4169; x_wconf 88' lang='grc' dir='ltr'>τότε</span> <span class='ocrx_word' id='word_1_351' title='bbox 1546 4118 1760 4188; x_wconf 85' lang='grc' dir='ltr'>σπείρει</span> 
     </span>
    </p>
   </div>
   <div class='ocr_carea' id='block_1_45' title="bbox 175 4205 1758 4278">
    <p class='ocr_par' dir='ltr' id='par_1_45' title="bbox 175 4205 1758 4278">
     <span class='ocr_line' id='line_1_45' title="bbox 175 4205 1758 4278; baseline 0.001 -20"><span class='ocrx_word' id='word_1_352' title='bbox 175 4206 374 4278; x_wconf 81' lang='grc' dir='ltr'>μικρὸν</span> <span class='ocrx_word' id='word_1_353' title='bbox 400 4205 680 4276; x_wconf 79' lang='grc' dir='ltr'>μελάνθιΟν</span> <span class='ocrx_word' id='word_1_354' title='bbox 700 4207 731 4277; x_wconf 77' lang='grc' dir='ltr'>ἢ</span> <span class='ocrx_word' id='word_1_355' title='bbox 751 4205 817 4259; x_wconf 87' lang='grc' dir='ltr'><strong>κύ</strong></span> <span class='ocrx_word' id='word_1_356' title='bbox 826 4223 1006 4276; x_wconf 87' lang='grc' dir='ltr'>μινον;</span> <span class='ocrx_word' id='word_1_357' title='bbox 1030 4206 1125 4258; x_wconf 71' lang='grc' dir='ltr'><strong>καὶ</strong></span> <span class='ocrx_word' id='word_1_358' title='bbox 1147 4207 1306 4261; x_wconf 84' lang='grc' dir='ltr'>πάλιν</span> <span class='ocrx_word' id='word_1_359' title='bbox 1333 4206 1547 4276; x_wconf 88' lang='grc' dir='ltr'>σπείρει</span> <span class='ocrx_word' id='word_1_360' title='bbox 1565 4206 1758 4277; x_wconf 81' lang='grc' dir='ltr'>πυρὸν,</span> 
     </span>
    </p>
   </div>
   <div class='ocr_carea' id='block_1_46' title="bbox 172 4295 1757 4369">
    <p class='ocr_par' dir='ltr' id='par_1_46' title="bbox 172 4295 1757 4369">
     <span class='ocr_line' id='line_1_46' title="bbox 172 4295 1757 4369; baseline -0.001 -18"><span class='ocrx_word' id='word_1_361' title='bbox 172 4300 267 4351; x_wconf 75' lang='grc' dir='ltr'>καὶ</span> <span class='ocrx_word' id='word_1_362' title='bbox 294 4296 511 4369; x_wconf 79' lang='grc' dir='ltr'>κριθὴν,</span> <span class='ocrx_word' id='word_1_363' title='bbox 537 4298 634 4351; x_wconf 63' lang='grc' dir='ltr'><strong>καὶ⁵</strong></span> <span class='ocrx_word' id='word_1_364' title='bbox 665 4296 898 4367; x_wconf 80' lang='grc' dir='ltr'>κέγχρον</span> <span class='ocrx_word' id='word_1_365' title='bbox 925 4297 1019 4349; x_wconf 80' lang='grc' dir='ltr'>καὶ</span> <span class='ocrx_word' id='word_1_366' title='bbox 1048 4295 1177 4360; x_wconf 82' lang='grc' dir='ltr'>ζέαν</span> <span class='ocrx_word' id='word_1_367' title='bbox 1205 4300 1263 4350; x_wconf 81' lang='grc' dir='ltr'>ὲν</span> <span class='ocrx_word' id='word_1_368' title='bbox 1282 4299 1394 4359; x_wconf 82' lang='grc' dir='ltr'>τοῖς</span> <span class='ocrx_word' id='word_1_369' title='bbox 1416 4296 1589 4367; x_wconf 86' lang='grc' dir='ltr'>ὁρίοις</span> <span class='ocrx_word' id='word_1_370' title='bbox 1614 4314 1706 4349; x_wconf 94' lang='grc' dir='ltr'><strong>σου</strong></span> <span class='ocrx_word' id='word_1_371' title='bbox 1740 4314 1757 4361; x_wconf 87' lang='grc'>;</span> 
     </span>
    </p>
   </div>
   <div class='ocr_carea' id='block_1_47' title="bbox 173 4386 1755 4463">
    <p class='ocr_par' dir='ltr' id='par_1_47' title="bbox 173 4386 1755 4463">
     <span class='ocr_line' id='line_1_47' title="bbox 173 4386 1755 4463; baseline -0.001 -21"><span class='ocrx_word' id='word_1_372' title='bbox 173 4391 265 4443; x_wconf 72' lang='grc' dir='ltr'>καὶ</span> <span class='ocrx_word' id='word_1_373' title='bbox 299 4388 637 4460; x_wconf 80' lang='grc' dir='ltr'>παιδευθήσῃ</span> <span class='ocrx_word' id='word_1_374' title='bbox 667 4388 893 4459; x_wconf 86' lang='grc' dir='ltr'>κρίματι</span> <span class='ocrx_word' id='word_1_375' title='bbox 934 4388 1069 4441; x_wconf 79' lang='grc' dir='ltr'>Θεοῦ</span> <span class='ocrx_word' id='word_1_376' title='bbox 1097 4406 1211 4451; x_wconf 85' lang='grc' dir='ltr'>σου,</span> <span class='ocrx_word' id='word_1_377' title='bbox 1256 4388 1351 4441; x_wconf 73' lang='grc' dir='ltr'>καὶ</span> <span class='ocrx_word' id='word_1_378' title='bbox 1384 4386 1755 4463; x_wconf 27' lang='grc' dir='ltr'>εὑηφρανθήσῃ.</span> 
     </span>
    </p>
   </div>
   <div class='ocr_carea' id='block_1_48' title="bbox 174 4478 1754 4552">
    <p class='ocr_par' dir='ltr' id='par_1_48' title="bbox 174 4478 1754 4552">
     <span class='ocr_line' id='line_1_48' title="bbox 174 4478 1754 4552; baseline -0.003 -17"><span class='ocrx_word' id='word_1_379' title='bbox 174 4484 252 4535; x_wconf 80' lang='grc' dir='ltr'><strong>Οὐ</strong></span> <span class='ocrx_word' id='word_1_380' title='bbox 292 4482 403 4552; x_wconf 83' lang='grc' dir='ltr'><strong>γὰρ</strong></span> <span class='ocrx_word' id='word_1_381' title='bbox 436 4480 575 4550; x_wconf 87' lang='grc' dir='ltr'><strong>μετά</strong></span> <span class='ocrx_word' id='word_1_382' title='bbox 607 4480 973 4552; x_wconf 80' lang='grc' dir='ltr'>σκληρότητος</span> <span class='ocrx_word' id='word_1_383' title='bbox 1004 4479 1327 4549; x_wconf 87' lang='grc' dir='ltr'>καθαίρεται</span> <span class='ocrx_word' id='word_1_384' title='bbox 1359 4478 1420 4529; x_wconf 85' lang='grc' dir='ltr'>τὸ</span> <span class='ocrx_word' id='word_1_385' title='bbox 1449 4478 1754 4547; x_wconf 85' lang='grc' dir='ltr'>μελάνθιον,</span> 
     </span>
    </p>
   </div>
   <div class='ocr_carea' id='block_1_49' title="bbox 172 4566 1758 4644">
    <p class='ocr_par' dir='ltr' id='par_1_49' title="bbox 172 4566 1758 4644">
     <span class='ocr_line' id='line_1_49' title="bbox 172 4566 1758 4644; baseline -0.004 -17"><span class='ocrx_word' id='word_1_386' title='bbox 172 4574 293 4627; x_wconf 67' lang='grc' dir='ltr'>οὐδὲ</span> <span class='ocrx_word' id='word_1_387' title='bbox 320 4572 515 4644; x_wconf 83' lang='grc' dir='ltr'>τροχὸς</span> <span class='ocrx_word' id='word_1_388' title='bbox 557 4571 772 4643; x_wconf 82' lang='grc' dir='ltr'>ἀμάξης</span> <span class='ocrx_word' id='word_1_389' title='bbox 800 4570 1043 4643; x_wconf 82' lang='grc' dir='ltr'>περιάξει</span> <span class='ocrx_word' id='word_1_390' title='bbox 1076 4570 1171 4623; x_wconf 77' lang='grc' dir='ltr'><strong>ἐπὶ</strong></span> <span class='ocrx_word' id='word_1_391' title='bbox 1220 4568 1282 4621; x_wconf 82' lang='grc' dir='ltr'>τὸ</span> <span class='ocrx_word' id='word_1_392' title='bbox 1322 4566 1581 4638; x_wconf 72' lang='grc' dir='ltr'>κύμινονο</span> <span class='ocrx_word' id='word_1_393' title='bbox 1621 4569 1758 4621; x_wconf 84' lang='grc' dir='ltr'><strong>ἀλλά</strong></span> 
     </span>
    </p>
   </div>
   <div class='ocr_carea' id='block_1_50' title="bbox 176 4657 1715 4733">
    <p class='ocr_par' dir='ltr' id='par_1_50' title="bbox 176 4657 1715 4733">
     <span class='ocr_line' id='line_1_50' title="bbox 176 4657 1715 4733; baseline -0.005 -19"><span class='ocrx_word' id='word_1_394' title='bbox 176 4661 356 4733; x_wconf 75' lang='grc' dir='ltr'>ῥάϐδῳ</span> <span class='ocrx_word' id='word_1_395' title='bbox 392 4660 700 4713; x_wconf 74' lang='grc' dir='ltr'>τινάσσεται</span> <span class='ocrx_word' id='word_1_396' title='bbox 724 4661 784 4712; x_wconf 86' lang='grc' dir='ltr'>τὸ</span> <span class='ocrx_word' id='word_1_397' title='bbox 816 4658 1124 4729; x_wconf 86' lang='grc' dir='ltr'>μελάνθιον,</span> <span class='ocrx_word' id='word_1_398' title='bbox 1159 4657 1219 4709; x_wconf 83' lang='grc' dir='ltr'>τὸ</span> <span class='ocrx_word' id='word_1_399' title='bbox 1254 4657 1311 4709; x_wconf 83' lang='grc' dir='ltr'>δὲ</span> <span class='ocrx_word' id='word_1_400' title='bbox 1352 4657 1575 4725; x_wconf 79' lang='grc' dir='ltr'>κύμινον</span> <span class='ocrx_word' id='word_1_401' title='bbox 1618 4674 1715 4725; x_wconf 87' lang='grc' dir='ltr'><strong>μετ</strong></span> 
     </span>
    </p>
   </div>
   <div class='ocr_carea' id='block_1_51' title="bbox 174 4747 1760 4824">
    <p class='ocr_par' dir='ltr' id='par_1_51' title="bbox 174 4747 1760 4824">
     <span class='ocr_line' id='line_1_51' title="bbox 174 4747 1760 4824; baseline -0.004 -17"><span class='ocrx_word' id='word_1_402' title='bbox 174 4755 338 4824; x_wconf 81' lang='grc' dir='ltr'>ἄρτου</span> <span class='ocrx_word' id='word_1_403' title='bbox 370 4752 728 4824; x_wconf 76' lang='grc' dir='ltr'>βρωθήσεται.</span> <span class='ocrx_word' id='word_1_404' title='bbox 768 4770 787 4803; x_wconf 78' lang='grc' dir='ltr'><strong>ι</strong></span> <span class='ocrx_word' id='word_1_405' title='bbox 819 4747 929 4804; x_wconf 77' lang='grc' dir='ltr'><strong>Εἶθ’</strong></span> <span class='ocrx_word' id='word_1_406' title='bbox 960 4750 1317 4817; x_wconf 79' lang='grc' dir='ltr'>ὑποδείγματι</span> <span class='ocrx_word' id='word_1_407' title='bbox 1359 4747 1621 4817; x_wconf 82' lang='grc' dir='ltr'>κέχρηται</span> <span class='ocrx_word' id='word_1_408' title='bbox 1662 4767 1760 4816; x_wconf 75' lang='grc' dir='ltr'>φυ-</span> 
     </span>
    </p>
   </div>
   <div class='ocr_carea' id='block_1_52' title="bbox 177 4839 1758 4915">
    <p class='ocr_par' dir='ltr' id='par_1_52' title="bbox 177 4839 1758 4915">
     <span class='ocr_line' id='line_1_52' title="bbox 177 4839 1758 4915; baseline -0.003 -18"><span class='ocrx_word' id='word_1_409' title='bbox 177 4844 343 4915; x_wconf 78' lang='grc' dir='ltr'>σικῷ·</span> <span class='ocrx_word' id='word_1_410' title='bbox 371 4844 447 4905; x_wconf 82' lang='grc' dir='ltr'>ὡς</span> <span class='ocrx_word' id='word_1_411' title='bbox 484 4842 593 4913; x_wconf 81' lang='grc' dir='ltr'>γὰρ</span> <span class='ocrx_word' id='word_1_412' title='bbox 621 4843 720 4911; x_wconf 81' lang='grc' dir='ltr'><strong>τῆς</strong></span> <span class='ocrx_word' id='word_1_413' title='bbox 746 4842 887 4894; x_wconf 81' lang='grc' dir='ltr'>κατὰ</span> <span class='ocrx_word' id='word_1_414' title='bbox 915 4842 1012 4911; x_wconf 85' lang='grc' dir='ltr'>τὴν</span> <span class='ocrx_word' id='word_1_415' title='bbox 1058 4839 1240 4911; x_wconf 79' lang='grc' dir='ltr'>χώραν</span> <span class='ocrx_word' id='word_1_416' title='bbox 1268 4843 1541 4909; x_wconf 55' lang='grc' dir='ltr'>γεωργίας</span> <span class='ocrx_word' id='word_1_417' title='bbox 1572 4842 1758 4913; x_wconf 73' lang='grc' dir='ltr'>ἕτερός</span> 
     </span>
    </p>
   </div>
   <div class='ocr_carea' id='block_1_53' title="bbox 173 4930 1755 5005">
    <p class='ocr_par' dir='ltr' id='par_1_53' title="bbox 173 4930 1755 5005">
     <span class='ocr_line' id='line_1_53' title="bbox 173 4930 1755 5005; baseline -0.002 -16"><span class='ocrx_word' id='word_1_418' title='bbox 173 4940 316 4989; x_wconf 76' lang='grc' dir='ltr'>ἐστιν</span> <span class='ocrx_word' id='word_1_419' title='bbox 349 4936 587 5005; x_wconf 84' lang='grc' dir='ltr'>όκαιρὸς</span> <span class='ocrx_word' id='word_1_420' title='bbox 615 4933 708 4986; x_wconf 71' lang='grc' dir='ltr'>τοῦ</span> <span class='ocrx_word' id='word_1_421' title='bbox 740 4932 906 5004; x_wconf 77' lang='grc' dir='ltr'>ἀροῦν</span> <span class='ocrx_word' id='word_1_422' title='bbox 942 4931 1040 5002; x_wconf 82' lang='grc' dir='ltr'><strong>τὴν</strong></span> <span class='ocrx_word' id='word_1_423' title='bbox 1082 4930 1285 5001; x_wconf 86' lang='grc' dir='ltr'>χώραν,</span> <span class='ocrx_word' id='word_1_424' title='bbox 1318 4932 1411 4982; x_wconf 69' lang='grc' dir='ltr'><strong>καὶ</strong></span> <span class='ocrx_word' id='word_1_425' title='bbox 1449 4931 1632 5002; x_wconf 74' lang='grc' dir='ltr'>ἕτερος</span> <span class='ocrx_word' id='word_1_426' title='bbox 1662 4934 1755 4986; x_wconf 83' lang='grc' dir='ltr'>τοῦ</span> 
     </span>
    </p>
   </div>
   <div class='ocr_carea' id='block_1_54' title="bbox 174 5022 1754 5098">
    <p class='ocr_par' dir='ltr' id='par_1_54' title="bbox 174 5022 1754 5098">
     <span class='ocr_line' id='line_1_54' title="bbox 174 5022 1754 5098; baseline -0.003 -17"><span class='ocrx_word' id='word_1_427' title='bbox 174 5027 415 5098; x_wconf 71' lang='grc' dir='ltr'>σπείρειν</span> <span class='ocrx_word' id='word_1_428' title='bbox 448 5026 769 5095; x_wconf 78' lang='grc' dir='ltr'>σπέρματα,</span> <span class='ocrx_word' id='word_1_429' title='bbox 808 5026 873 5093; x_wconf 74' lang='grc' dir='ltr'>τῇ</span> <span class='ocrx_word' id='word_1_430' title='bbox 921 5022 1256 5092; x_wconf 82' lang='grc' dir='ltr'>ὑποκειμένῃ</span> <span class='ocrx_word' id='word_1_431' title='bbox 1300 5024 1368 5090; x_wconf 81' lang='grc' dir='ltr'><strong>γῇ</strong></span> <span class='ocrx_word' id='word_1_432' title='bbox 1406 5022 1718 5093; x_wconf 86' lang='grc' dir='ltr'>κατάλληλα</span> <span class='ocrx_word' id='word_1_433' title='bbox 1742 5040 1754 5052; x_wconf 72' lang='grc'><strong>⁸</strong></span> 
     </span>
    </p>
   </div>
   <div class='ocr_carea' id='block_1_55' title="bbox 174 5106 1755 5179">
    <p class='ocr_par' dir='ltr' id='par_1_55' title="bbox 174 5106 1755 5179">
     <span class='ocr_line' id='line_1_55' title="bbox 174 5106 1755 5179; baseline -0.007 -8"><span class='ocrx_word' id='word_1_434' title='bbox 174 5118 312 5172; x_wconf 77' lang='grc' dir='ltr'>κατὰ</span> <span class='ocrx_word' id='word_1_435' title='bbox 337 5114 407 5167; x_wconf 74' lang='grc' dir='ltr'><strong>τὰ</strong></span> <span class='ocrx_word' id='word_1_436' title='bbox 441 5114 578 5166; x_wconf 83' lang='grc' dir='ltr'>αὺτά</span> <span class='ocrx_word' id='word_1_437' title='bbox 612 5115 706 5166; x_wconf 77' lang='grc' dir='ltr'>καὶ</span> <span class='ocrx_word' id='word_1_438' title='bbox 750 5114 781 5164; x_wconf 89' lang='grc' dir='ltr'><strong>ό</strong></span> <span class='ocrx_word' id='word_1_439' title='bbox 823 5110 933 5163; x_wconf 84' lang='grc' dir='ltr'><strong>τῶν</strong></span> <span class='ocrx_word' id='word_1_440' title='bbox 977 5108 1165 5179; x_wconf 70' lang='grc' dir='ltr'>ψυχῶν</span> <span class='ocrx_word' id='word_1_441' title='bbox 1197 5106 1437 5178; x_wconf 79' lang='grc' dir='ltr'>γεωργὸς</span> <span class='ocrx_word' id='word_1_442' title='bbox 1480 5108 1573 5159; x_wconf 81' lang='grc' dir='ltr'>τοῦ</span> <span class='ocrx_word' id='word_1_443' title='bbox 1620 5108 1755 5160; x_wconf 77' lang='grc' dir='ltr'>Θεοῦ</span> 
     </span>
    </p>
   </div>
   <div class='ocr_carea' id='block_1_56' title="bbox 175 5198 1755 5278">
    <p class='ocr_par' dir='ltr' id='par_1_56' title="bbox 175 5198 1755 5278">
     <span class='ocr_line' id='line_1_56' title="bbox 175 5198 1755 5278; baseline -0.008 -14"><span class='ocrx_word' id='word_1_444' title='bbox 175 5211 364 5278; x_wconf 81' lang='grc' dir='ltr'>Λόγος,</span> <span class='ocrx_word' id='word_1_445' title='bbox 394 5206 535 5260; x_wconf 86' lang='grc' dir='ltr'><strong>κατά</strong></span> <span class='ocrx_word' id='word_1_446' title='bbox 568 5207 666 5276; x_wconf 83' lang='grc' dir='ltr'>μὲν</span> <span class='ocrx_word' id='word_1_447' title='bbox 700 5205 791 5257; x_wconf 80' lang='grc' dir='ltr'><strong>τὸν</strong></span> <span class='ocrx_word' id='word_1_448' title='bbox 840 5201 1141 5272; x_wconf 67' lang='grc' dir='ltr'>ἐπιτήδειον</span> <span class='ocrx_word' id='word_1_449' title='bbox 1174 5200 1364 5269; x_wconf 82' lang='grc' dir='ltr'>καιρὸν</span> <span class='ocrx_word' id='word_1_450' title='bbox 1392 5198 1489 5261; x_wconf 75' lang='grc' dir='ltr'><strong>τὰς</strong></span> <span class='ocrx_word' id='word_1_451' title='bbox 1530 5198 1636 5250; x_wconf 80' lang='grc' dir='ltr'>τῶν</span> <span class='ocrx_word' id='word_1_452' title='bbox 1662 5202 1755 5251; x_wconf 84' lang='grc' dir='ltr'><strong>ἁν-</strong></span> 
     </span>
    </p>
   </div>
   <div class='ocr_carea' id='block_1_57' title="bbox 172 5291 1755 5375">
    <p class='ocr_par' dir='ltr' id='par_1_57' title="bbox 172 5291 1755 5375">
     <span class='ocr_line' id='line_1_57' title="bbox 172 5291 1755 5375; baseline -0.014 -15"><span class='ocrx_word' id='word_1_453' title='bbox 172 5302 406 5375; x_wconf 77' lang='grc' dir='ltr'>Ορώπων</span> <span class='ocrx_word' id='word_1_454' title='bbox 442 5299 620 5369; x_wconf 77' lang='grc' dir='ltr'>ψυχὰς</span> <span class='ocrx_word' id='word_1_455' title='bbox 648 5296 901 5351; x_wconf 80' lang='grc' dir='ltr'>νεοῦσθαι</span> <span class='ocrx_word' id='word_1_456' title='bbox 947 5296 1230 5365; x_wconf 84' lang='grc' dir='ltr'>βούλεται,</span> <span class='ocrx_word' id='word_1_457' title='bbox 1271 5291 1361 5345; x_wconf 81' lang='grc' dir='ltr'><strong>διά</strong></span> <span class='ocrx_word' id='word_1_458' title='bbox 1390 5291 1490 5361; x_wconf 84' lang='grc' dir='ltr'>τῆς</span> <span class='ocrx_word' id='word_1_459' title='bbox 1534 5292 1755 5361; x_wconf 77' lang='grc' dir='ltr'>λογικῆς</span> 
     </span>
    </p>
   </div>
   <div class='ocr_carea' id='block_1_58' title="bbox 173 5385 1755 5459">
    <p class='ocr_par' dir='ltr' id='par_1_58' title="bbox 173 5385 1755 5459">
     <span class='ocr_line' id='line_1_58' title="bbox 173 5385 1755 5459; baseline -0.008 -12"><span class='ocrx_word' id='word_1_460' title='bbox 173 5390 517 5453; x_wconf 73' lang='grc' dir='ltr'>διδασκαλίας</span> <span class='ocrx_word' id='word_1_461' title='bbox 574 5390 865 5459; x_wconf 79' lang='grc' dir='ltr'>σχιζούσης</span> <span class='ocrx_word' id='word_1_462' title='bbox 914 5389 1004 5439; x_wconf 80' lang='grc' dir='ltr'>καὶ</span> <span class='ocrx_word' id='word_1_463' title='bbox 1052 5385 1461 5456; x_wconf 83' lang='grc' dir='ltr'>ἀνατεμνούσης</span> <span class='ocrx_word' id='word_1_464' title='bbox 1515 5387 1641 5445; x_wconf 71' lang='grc' dir='ltr'>τοὺς</span> <span class='ocrx_word' id='word_1_465' title='bbox 1694 5386 1755 5435; x_wconf 74' lang='grc' dir='ltr'>ὲν</span> 
     </span>
    </p>
   </div>
   <div class='ocr_carea' id='block_1_59' title="bbox 177 5474 1746 5553">
    <p class='ocr_par' dir='ltr' id='par_1_59' title="bbox 177 5474 1746 5553">
     <span class='ocr_line' id='line_1_59' title="bbox 177 5474 1746 5553; baseline -0.008 -15"><span class='ocrx_word' id='word_1_466' title='bbox 177 5483 325 5553; x_wconf 79' lang='grc' dir='ltr'>βάθει</span> <span class='ocrx_word' id='word_1_467' title='bbox 350 5481 761 5553; x_wconf 86' lang='grc' dir='ltr'>κρυπτομένους</span> <span class='ocrx_word' id='word_1_468' title='bbox 787 5478 1079 5546; x_wconf 75' lang='grc' dir='ltr'>λογισμοὺς</span> <span class='ocrx_word' id='word_1_469' title='bbox 1107 5475 1185 5545; x_wconf 81' lang='grc' dir='ltr'><strong>τῷ</strong></span> <span class='ocrx_word' id='word_1_470' title='bbox 1203 5475 1297 5527; x_wconf 86' lang='grc' dir='ltr'>τοῦ</span> <span class='ocrx_word' id='word_1_471' title='bbox 1323 5475 1479 5541; x_wconf 85' lang='grc' dir='ltr'>λόγου</span> <span class='ocrx_word' id='word_1_472' title='bbox 1508 5474 1746 5543; x_wconf 80' lang='grc' dir='ltr'>ἀρότρῳ.</span> 
     </span>
    </p>
   </div>
   <div class='ocr_carea' id='block_1_60' title="bbox 176 5564 1751 5646">
    <p class='ocr_par' dir='ltr' id='par_1_60' title="bbox 176 5564 1751 5646">
     <span class='ocr_line' id='line_1_60' title="bbox 176 5564 1751 5646; baseline -0.011 -18"><span class='ocrx_word' id='word_1_473' title='bbox 176 5577 262 5628; x_wconf 82' lang='grc' dir='ltr'><strong>Διὸ</strong></span> <span class='ocrx_word' id='word_1_474' title='bbox 282 5573 610 5646; x_wconf 87' lang='grc' dir='ltr'>προστάττει</span> <span class='ocrx_word' id='word_1_475' title='bbox 636 5571 834 5638; x_wconf 79' lang='grc' dir='ltr'>λέγων·</span> <span class='ocrx_word' id='word_1_476' title='bbox 876 5588 893 5619; x_wconf 84' lang='grc' dir='ltr'><strong>ι</strong></span> <span class='ocrx_word' id='word_1_477' title='bbox 929 5567 1183 5620; x_wconf 74' lang='grc' dir='ltr'>Νεώσατε</span> <span class='ocrx_word' id='word_1_478' title='bbox 1216 5568 1428 5628; x_wconf 72' lang='grc' dir='ltr'>ἑαυτοῖς</span> <span class='ocrx_word' id='word_1_479' title='bbox 1472 5564 1751 5633; x_wconf 59' lang='grc' dir='ltr'>νεὼματα,</span> 
     </span>
    </p>
   </div>
   <div class='ocr_carea' id='block_1_61' title="bbox 178 5657 1750 5738">
    <p class='ocr_par' dir='ltr' id='par_1_61' title="bbox 178 5657 1750 5738">
     <span class='ocr_line' id='line_1_61' title="bbox 178 5657 1750 5738; baseline -0.01 -16"><span class='ocrx_word' id='word_1_480' title='bbox 178 5670 262 5722; x_wconf 78' lang='grc' dir='ltr'>καὶ</span> <span class='ocrx_word' id='word_1_481' title='bbox 313 5669 388 5738; x_wconf 85' lang='grc' dir='ltr'>μὴ</span> <span class='ocrx_word' id='word_1_482' title='bbox 442 5665 705 5734; x_wconf 87' lang='grc' dir='ltr'>σπείρητε</span> <span class='ocrx_word' id='word_1_483' title='bbox 735 5664 820 5713; x_wconf 69' lang='grc' dir='ltr'><strong>ἐπ’</strong></span> <span class='ocrx_word' id='word_1_484' title='bbox 850 5660 1129 5722; x_wconf 86' lang='grc' dir='ltr'>ἀκάνθαις.</span> <span class='ocrx_word' id='word_1_485' title='bbox 1165 5678 1183 5709; x_wconf 76' lang='grc' dir='ltr'><strong>ι</strong></span> <span class='ocrx_word' id='word_1_486' title='bbox 1231 5657 1480 5710; x_wconf 76' lang='grc' dir='ltr'>Ἐπειδὰν</span> <span class='ocrx_word' id='word_1_487' title='bbox 1521 5657 1575 5707; x_wconf 82' lang='grc' dir='ltr'><strong>δὲ</strong></span> <span class='ocrx_word' id='word_1_488' title='bbox 1614 5659 1750 5724; x_wconf 84' lang='grc' dir='ltr'><strong>ὁμα-</strong></span> 
     </span>
    </p>
   </div>
   <div class='ocr_carea' id='block_1_62' title="bbox 165 5738 1754 5828">
    <p class='ocr_par' dir='ltr' id='par_1_62' title="bbox 165 5738 1754 5828">
     <span class='ocr_line' id='line_1_62' title="bbox 165 5738 1754 5828; baseline -0.008 -17"><span class='ocrx_word' id='word_1_489' title='bbox 165 5758 319 5828; x_wconf 61' lang='grc' dir='ltr'>,λισθῇ</span> <span class='ocrx_word' id='word_1_490' title='bbox 352 5758 414 5808; x_wconf 83' lang='grc' dir='ltr'>τὸ</span> <span class='ocrx_word' id='word_1_491' title='bbox 438 5754 679 5822; x_wconf 75' lang='grc' dir='ltr'>ὡσπερεὶ</span> <span class='ocrx_word' id='word_1_492' title='bbox 710 5738 996 5821; x_wconf 82' lang='grc' dir='ltr'>πρόσωπον</span> <span class='ocrx_word' id='word_1_493' title='bbox 1015 5753 1112 5819; x_wconf 84' lang='grc' dir='ltr'>τῆς</span> <span class='ocrx_word' id='word_1_494' title='bbox 1132 5748 1331 5817; x_wconf 73' lang='grc' dir='ltr'><strong>ψυχῆς,</strong></span> <span class='ocrx_word' id='word_1_495' title='bbox 1354 5749 1533 5813; x_wconf 80' lang='grc' dir='ltr'>πάσης</span> <span class='ocrx_word' id='word_1_496' title='bbox 1557 5747 1754 5808; x_wconf 60' lang='grc' dir='ltr'>κακίας</span> 
     </span>
    </p>
   </div>
   <div class='ocr_carea' id='block_1_63' title="bbox 174 5836 1746 5915">
    <p class='ocr_par' dir='ltr' id='par_1_63' title="bbox 174 5836 1746 5915">
     <span class='ocr_line' id='line_1_63' title="bbox 174 5836 1746 5915; baseline -0.01 -15"><span class='ocrx_word' id='word_1_497' title='bbox 174 5844 608 5915; x_wconf 83' lang='grc' dir='ltr'>περιαιρεθείσης</span> <span class='ocrx_word' id='word_1_498' title='bbox 664 5841 763 5907; x_wconf 75' lang='grc' dir='ltr'><strong>τῆς</strong></span> <span class='ocrx_word' id='word_1_499' title='bbox 800 5840 960 5892; x_wconf 84' lang='grc' dir='ltr'>πάλαι</span> <span class='ocrx_word' id='word_1_500' title='bbox 992 5842 1048 5890; x_wconf 65' lang='grc' dir='ltr'>ἐν</span> <span class='ocrx_word' id='word_1_501' title='bbox 1099 5841 1234 5907; x_wconf 72' lang='grc' dir='ltr'>αὐτῇ</span> <span class='ocrx_word' id='word_1_502' title='bbox 1286 5836 1537 5888; x_wconf 78' lang='grc' dir='ltr'>ἀκανθῶν</span> <span class='ocrx_word' id='word_1_503' title='bbox 1592 5836 1746 5903; x_wconf 81' lang='grc' dir='ltr'>δίκην</span> 
     </span>
    </p>
   </div>
   <div class='ocr_carea' id='block_1_64' title="bbox 173 5923 1739 6010">
    <p class='ocr_par' dir='ltr' id='par_1_64' title="bbox 173 5923 1739 6010">
     <span class='ocr_line' id='line_1_64' title="bbox 173 5923 1739 6010; baseline -0.006 -16"><span class='ocrx_word' id='word_1_504' title='bbox 173 5923 409 6010; x_wconf 40' lang='lat' dir='ltr'><strong>esti-sqq,</strong></span> <span class='ocrx_word' id='word_1_505' title='bbox 439 5932 742 6007; x_wconf 74' lang='grc' dir='ltr'>τηνικαῦτα</span> <span class='ocrx_word' id='word_1_506' title='bbox 783 5934 1129 5999; x_wconf 47' lang='lat' dir='ltr'><strong>nam)“;</strong></span> <span class='ocrx_word' id='word_1_507' title='bbox 1174 5936 1238 5998; x_wconf 78' lang='grc' dir='ltr'>τῇ</span> <span class='ocrx_word' id='word_1_508' title='bbox 1275 5932 1380 5985; x_wconf 81' lang='grc' dir='ltr'>τῶν</span> <span class='ocrx_word' id='word_1_509' title='bbox 1412 5932 1739 5999; x_wconf 78' lang='grc' dir='ltr'>ὑποδεχομέ-</span> 
     </span>
    </p>
   </div>
   <div class='ocr_carea' id='block_1_65' title="bbox 1872 980 3031 1037">
    <p class='ocr_par' dir='ltr' id='par_1_65' title="bbox 1872 980 3031 1037">
     <span class='ocr_line' id='line_1_65' title="bbox 1872 980 3031 1037; baseline -0.003 -1"><span class='ocrx_word' id='word_1_510' title='bbox 1872 983 2055 1036; x_wconf 86' lang='lat' dir='ltr'><strong>omnia</strong></span> <span class='ocrx_word' id='word_1_511' title='bbox 2091 984 2227 1037; x_wconf 86' lang='lat' dir='ltr'><strong>iram</strong></span> <span class='ocrx_word' id='word_1_512' title='bbox 2258 993 2313 1036; x_wconf 88' lang='lat' dir='ltr'><strong>et</strong></span> <span class='ocrx_word' id='word_1_513' title='bbox 2340 982 2598 1035; x_wconf 87' lang='lat' dir='ltr'><strong>ultionem</strong></span> <span class='ocrx_word' id='word_1_514' title='bbox 2634 980 2831 1035; x_wconf 79' lang='lat' dir='ltr'><strong>inferat</strong></span> <span class='ocrx_word' id='word_1_515' title='bbox 2858 980 3031 1034; x_wconf 85' lang='lat' dir='ltr'><strong>vobis.</strong></span> 
     </span>
    </p>
   </div>
   <div class='ocr_carea' id='block_1_66' title="bbox 1943 1115 3457 1186">
    <p class='ocr_par' dir='ltr' id='par_1_66' title="bbox 1943 1115 3457 1186">
     <span class='ocr_line' id='line_1_66' title="bbox 1943 1115 3457 1186; baseline 0.002 -17"><span class='ocrx_word' id='word_1_516' title='bbox 1943 1117 2109 1171; x_wconf 67' lang='lat' dir='ltr'><strong>Vsus.</strong></span> <span class='ocrx_word' id='word_1_517' title='bbox 2132 1117 2223 1172; x_wconf 72' lang='lat' dir='ltr'><strong>2i.</strong></span> <span class='ocrx_word' id='word_1_518' title='bbox 2256 1134 2274 1166; x_wconf 85' lang='grc' dir='ltr'><strong>ι</strong></span> <span class='ocrx_word' id='word_1_519' title='bbox 2308 1115 2463 1171; x_wconf 86' lang='lat' dir='ltr'><strong>Sicut</strong></span> <span class='ocrx_word' id='word_1_520' title='bbox 2505 1131 2663 1170; x_wconf 91' lang='lat' dir='ltr'><strong>mons</strong></span> <span class='ocrx_word' id='word_1_521' title='bbox 2712 1116 3003 1186; x_wconf 87' lang='lat' dir='ltr'><strong>impiorum</strong></span> <span class='ocrx_word' id='word_1_522' title='bbox 3032 1126 3324 1185; x_wconf 76' lang='lat' dir='ltr'><strong>consurget</strong></span> <span class='ocrx_word' id='word_1_523' title='bbox 3349 1116 3457 1172; x_wconf 88' lang='lat' dir='ltr'><strong>Do-</strong></span> 
     </span>
    </p>
   </div>
   <div class='ocr_carea' id='block_1_67' title="bbox 1874 1208 3461 1281">
    <p class='ocr_par' dir='ltr' id='par_1_67' title="bbox 1874 1208 3461 1281">
     <span class='ocr_line' id='line_1_67' title="bbox 1874 1208 3461 1281; baseline 0.001 -19"><span class='ocrx_word' id='word_1_524' title='bbox 1874 1208 2075 1272; x_wconf 87' lang='lat' dir='ltr'><strong>minus,</strong></span> <span class='ocrx_word' id='word_1_525' title='bbox 2107 1221 2162 1263; x_wconf 86' lang='lat' dir='ltr'><strong>et</strong></span> <span class='ocrx_word' id='word_1_526' title='bbox 2187 1209 2293 1263; x_wconf 87' lang='lat' dir='ltr'><strong>erit</strong></span> <span class='ocrx_word' id='word_1_527' title='bbox 2326 1210 2378 1262; x_wconf 91' lang='lat' dir='ltr'><strong>in</strong></span> <span class='ocrx_word' id='word_1_528' title='bbox 2411 1209 2550 1262; x_wconf 80' lang='lat' dir='ltr'><strong>valle</strong></span> <span class='ocrx_word' id='word_1_529' title='bbox 2580 1208 2847 1263; x_wconf 86' lang='lat' dir='ltr'><strong>Gabaon:</strong></span> <span class='ocrx_word' id='word_1_530' title='bbox 2893 1224 3017 1281; x_wconf 75' lang='lat' dir='ltr'><strong>cum</strong></span> <span class='ocrx_word' id='word_1_531' title='bbox 3068 1208 3257 1263; x_wconf 80' lang='lat' dir='ltr'><strong>furore</strong></span> <span class='ocrx_word' id='word_1_532' title='bbox 3296 1210 3461 1265; x_wconf 82' lang='lat' dir='ltr'><strong>faciet</strong></span> 
     </span>
    </p>
   </div>
   <div class='ocr_carea' id='block_1_68' title="bbox 1869 1300 3456 1371">
    <p class='ocr_par' dir='ltr' id='par_1_68' title="bbox 1869 1300 3456 1371">
     <span class='ocr_line' id='line_1_68' title="bbox 1869 1300 3456 1371; baseline 0.003 -19"><span class='ocrx_word' id='word_1_533' title='bbox 1869 1313 2035 1367; x_wconf 83' lang='lat' dir='ltr'><strong>opera</strong></span> <span class='ocrx_word' id='word_1_534' title='bbox 2064 1314 2180 1362; x_wconf 87' lang='lat' dir='ltr'><strong>sua,</strong></span> <span class='ocrx_word' id='word_1_535' title='bbox 2214 1300 2599 1353; x_wconf 85' lang='lat' dir='ltr'><strong>amaritudinis</strong></span> <span class='ocrx_word' id='word_1_536' title='bbox 2625 1315 2780 1369; x_wconf 89' lang='lat' dir='ltr'><strong>opus.</strong></span> <span class='ocrx_word' id='word_1_537' title='bbox 2812 1319 2831 1352; x_wconf 77' lang='grc' dir='ltr'><strong>ι</strong></span> <span class='ocrx_word' id='word_1_538' title='bbox 2868 1300 3268 1356; x_wconf 81' lang='lat' dir='ltr'><strong>Amaritudinis</strong></span> <span class='ocrx_word' id='word_1_539' title='bbox 3291 1317 3456 1371; x_wconf 82' lang='lat' dir='ltr'><strong>opera</strong></span> 
     </span>
    </p>
   </div>
   <div class='ocr_carea' id='block_1_69' title="bbox 1872 1390 3454 1464">
    <p class='ocr_par' dir='ltr' id='par_1_69' title="bbox 1872 1390 3454 1464">
     <span class='ocr_line' id='line_1_69' title="bbox 1872 1390 3454 1464; baseline 0.003 -21"><span class='ocrx_word' id='word_1_540' title='bbox 1872 1392 1939 1443; x_wconf 90' lang='lat' dir='ltr'><strong>iis</strong></span> <span class='ocrx_word' id='word_1_541' title='bbox 1964 1390 2189 1458; x_wconf 88' lang='lat' dir='ltr'><strong>inﬁiget,</strong></span> <span class='ocrx_word' id='word_1_542' title='bbox 2220 1392 2310 1459; x_wconf 91' lang='lat' dir='ltr'><strong>qui</strong></span> <span class='ocrx_word' id='word_1_543' title='bbox 2338 1392 2407 1445; x_wconf 94' lang='lat' dir='ltr'><strong>ob</strong></span> <span class='ocrx_word' id='word_1_544' title='bbox 2458 1391 2675 1445; x_wconf 85' lang='lat' dir='ltr'><strong>insitam</strong></span> <span class='ocrx_word' id='word_1_545' title='bbox 2726 1392 2919 1445; x_wconf 71' lang='lat' dir='ltr'><strong>animae</strong></span> <span class='ocrx_word' id='word_1_546' title='bbox 2965 1393 3252 1458; x_wconf 85' lang='lat' dir='ltr'><strong>malitiam,</strong></span> <span class='ocrx_word' id='word_1_547' title='bbox 3299 1396 3454 1464; x_wconf 86' lang='lat' dir='ltr'><strong>quasi</strong></span> 
     </span>
    </p>
   </div>
   <div class='ocr_carea' id='block_1_70' title="bbox 1870 1484 3453 1551">
    <p class='ocr_par' dir='ltr' id='par_1_70' title="bbox 1870 1484 3453 1551">
     <span class='ocr_line' id='line_1_70' title="bbox 1870 1484 3453 1551; baseline 0.005 -18"><span class='ocrx_word' id='word_1_548' title='bbox 1870 1484 2069 1536; x_wconf 84' lang='lat' dir='ltr'><strong>acerbo</strong></span> <span class='ocrx_word' id='word_1_549' title='bbox 2100 1484 2335 1536; x_wconf 87' lang='lat' dir='ltr'><strong>remedio</strong></span> <span class='ocrx_word' id='word_1_550' title='bbox 2367 1499 2503 1551; x_wconf 88' lang='lat' dir='ltr'><strong>opus</strong></span> <span class='ocrx_word' id='word_1_551' title='bbox 2537 1485 2761 1537; x_wconf 88' lang='lat' dir='ltr'><strong>habent.</strong></span> <span class='ocrx_word' id='word_1_552' title='bbox 2800 1484 3077 1538; x_wconf 62' lang='lat' dir='ltr'><strong>Craterum</strong></span> <span class='ocrx_word' id='word_1_553' title='bbox 3122 1486 3453 1551; x_wconf 82' lang='lat' dir='ltr'><strong>amaritudo,</strong></span> 
     </span>
    </p>
   </div>
   <div class='ocr_carea' id='block_1_71' title="bbox 1872 1573 3454 1645">
    <p class='ocr_par' dir='ltr' id='par_1_71' title="bbox 1872 1573 3454 1645">
     <span class='ocr_line' id='line_1_71' title="bbox 1872 1573 3454 1645; baseline 0.004 -20"><span class='ocrx_word' id='word_1_554' title='bbox 1872 1573 1948 1626; x_wconf 90' lang='lat' dir='ltr'><strong>ira</strong></span> <span class='ocrx_word' id='word_1_555' title='bbox 1975 1584 2029 1627; x_wconf 91' lang='lat' dir='ltr'><strong>et</strong></span> <span class='ocrx_word' id='word_1_556' title='bbox 2060 1574 2230 1640; x_wconf 81' lang='lat' dir='ltr'><strong>furor,</strong></span> <span class='ocrx_word' id='word_1_557' title='bbox 2265 1586 2318 1629; x_wconf 88' lang='lat' dir='ltr'><strong>et</strong></span> <span class='ocrx_word' id='word_1_558' title='bbox 2349 1576 2545 1628; x_wconf 87' lang='lat' dir='ltr'><strong>similia</strong></span> <span class='ocrx_word' id='word_1_559' title='bbox 2600 1576 2667 1629; x_wconf 88' lang='lat' dir='ltr'><strong>de</strong></span> <span class='ocrx_word' id='word_1_560' title='bbox 2715 1576 2825 1629; x_wconf 89' lang='lat' dir='ltr'><strong>Deo</strong></span> <span class='ocrx_word' id='word_1_561' title='bbox 2870 1578 3103 1645; x_wconf 78' lang='lat' dir='ltr'><strong>prolata,</strong></span> <span class='ocrx_word' id='word_1_562' title='bbox 3144 1578 3277 1631; x_wconf 86' lang='lat' dir='ltr'><strong>nihil</strong></span> <span class='ocrx_word' id='word_1_563' title='bbox 3308 1579 3454 1633; x_wconf 89' lang='lat' dir='ltr'><strong>aliud</strong></span> 
     </span>
    </p>
   </div>
   <div class='ocr_carea' id='block_1_72' title="bbox 1871 1664 3457 1734">
    <p class='ocr_par' dir='ltr' id='par_1_72' title="bbox 1871 1664 3457 1734">
     <span class='ocr_line' id='line_1_72' title="bbox 1871 1664 3457 1734; baseline 0.006 -18"><span class='ocrx_word' id='word_1_564' title='bbox 1871 1664 2185 1734; x_wconf 78' lang='lat' dir='ltr'><strong>signiﬁcare</strong></span> <span class='ocrx_word' id='word_1_565' title='bbox 2219 1667 2413 1729; x_wconf 84' lang='lat' dir='ltr'><strong>solent,</strong></span> <span class='ocrx_word' id='word_1_566' title='bbox 2460 1681 2623 1734; x_wconf 86' lang='lat' dir='ltr'><strong>quam</strong></span> <span class='ocrx_word' id='word_1_567' title='bbox 2668 1682 2699 1719; x_wconf 93' lang='lat' dir='ltr'><strong>a</strong></span> <span class='ocrx_word' id='word_1_568' title='bbox 2756 1668 2939 1720; x_wconf 89' lang='lat' dir='ltr'><strong>divino</strong></span> <span class='ocrx_word' id='word_1_569' title='bbox 2967 1670 3228 1723; x_wconf 86' lang='lat' dir='ltr'><strong>tribunali</strong></span> <span class='ocrx_word' id='word_1_570' title='bbox 3256 1671 3457 1728; x_wconf 87' lang='lat' dir='ltr'><strong>immit-</strong></span> 
     </span>
    </p>
   </div>
   <div class='ocr_carea' id='block_1_73' title="bbox 1872 1758 3455 1829">
    <p class='ocr_par' dir='ltr' id='par_1_73' title="bbox 1872 1758 3455 1829">
     <span class='ocr_line' id='line_1_73' title="bbox 1872 1758 3455 1829; baseline 0.006 -19"><span class='ocrx_word' id='word_1_571' title='bbox 1872 1758 2031 1811; x_wconf 85' lang='lat' dir='ltr'><strong>tenda</strong></span> <span class='ocrx_word' id='word_1_572' title='bbox 2071 1758 2249 1827; x_wconf 90' lang='lat' dir='ltr'><strong>impiis</strong></span> <span class='ocrx_word' id='word_1_573' title='bbox 2277 1758 2561 1827; x_wconf 88' lang='lat' dir='ltr'><strong>supplicia.</strong></span> <span class='ocrx_word' id='word_1_574' title='bbox 2613 1777 2632 1809; x_wconf 84' lang='grc' dir='ltr'><strong>ι</strong></span> <span class='ocrx_word' id='word_1_575' title='bbox 2679 1758 2850 1813; x_wconf 81' lang='lat' dir='ltr'><strong>Furor</strong></span> <span class='ocrx_word' id='word_1_576' title='bbox 2882 1770 3062 1813; x_wconf 90' lang='lat' dir='ltr'><strong>autem</strong></span> <span class='ocrx_word' id='word_1_577' title='bbox 3117 1761 3233 1829; x_wconf 88' lang='lat' dir='ltr'><strong>ejus</strong></span> <span class='ocrx_word' id='word_1_578' title='bbox 3274 1763 3455 1821; x_wconf 84' lang='lat' dir='ltr'><strong>alieno</strong></span> 
     </span>
    </p>
   </div>
   <div class='ocr_carea' id='block_1_74' title="bbox 1869 1850 2980 1920">
    <p class='ocr_par' dir='ltr' id='par_1_74' title="bbox 1869 1850 2980 1920">
     <span class='ocr_line' id='line_1_74' title="bbox 1869 1850 2980 1920; baseline -0.001 -16"><span class='ocrx_word' id='word_1_579' title='bbox 1869 1851 2027 1905; x_wconf 88' lang='lat' dir='ltr'><strong>modo</strong></span> <span class='ocrx_word' id='word_1_580' title='bbox 2058 1861 2261 1915; x_wconf 89' lang='lat' dir='ltr'><strong>utetur,</strong></span> <span class='ocrx_word' id='word_1_581' title='bbox 2287 1862 2339 1905; x_wconf 88' lang='lat' dir='ltr'><strong>et</strong></span> <span class='ocrx_word' id='word_1_582' title='bbox 2365 1852 2540 1904; x_wconf 89' lang='lat' dir='ltr'><strong>caries</strong></span> <span class='ocrx_word' id='word_1_583' title='bbox 2568 1851 2685 1920; x_wconf 86' lang='lat' dir='ltr'><strong>ejus</strong></span> <span class='ocrx_word' id='word_1_584' title='bbox 2716 1850 2926 1905; x_wconf 83' lang='lat' dir='ltr'><strong>aliena:</strong></span> <span class='ocrx_word' id='word_1_585' title='bbox 2961 1870 2980 1903; x_wconf 73' lang='grc' dir='ltr'><strong>ι</strong></span> 
     </span>
    </p>
   </div>
   <div class='ocr_carea' id='block_1_75' title="bbox 1940 2034 3455 2104">
    <p class='ocr_par' dir='ltr' id='par_1_75' title="bbox 1940 2034 3455 2104">
     <span class='ocr_line' id='line_1_75' title="bbox 1940 2034 3455 2104; baseline 0.003 -17"><span class='ocrx_word' id='word_1_586' title='bbox 1940 2034 2107 2088; x_wconf 70' lang='lat' dir='ltr'><strong>Vitas.</strong></span> <span class='ocrx_word' id='word_1_587' title='bbox 2141 2034 2231 2089; x_wconf 75' lang='lat'><strong>22.</strong></span> <span class='ocrx_word' id='word_1_588' title='bbox 2265 2056 2286 2085; x_wconf 77' lang='grc' dir='ltr'><strong>σ</strong></span> <span class='ocrx_word' id='word_1_589' title='bbox 2316 2034 2384 2088; x_wconf 84' lang='lat' dir='ltr'><strong>Et</strong></span> <span class='ocrx_word' id='word_1_590' title='bbox 2428 2050 2519 2088; x_wconf 90' lang='lat' dir='ltr'><strong>vos</strong></span> <span class='ocrx_word' id='word_1_591' title='bbox 2563 2034 2734 2089; x_wconf 88' lang='lat' dir='ltr'><strong>nolite</strong></span> <span class='ocrx_word' id='word_1_592' title='bbox 2778 2034 2970 2099; x_wconf 65' lang='lat' dir='ltr'><strong>laetari,</strong></span> <span class='ocrx_word' id='word_1_593' title='bbox 3006 2049 3190 2104; x_wconf 82' lang='lat' dir='ltr'><strong>neque</strong></span> <span class='ocrx_word' id='word_1_594' title='bbox 3232 2036 3455 2093; x_wconf 78' lang='lat' dir='ltr'><strong>confor-</strong></span> 
     </span>
    </p>
   </div>
   <div class='ocr_carea' id='block_1_76' title="bbox 1866 2128 3451 2196">
    <p class='ocr_par' dir='ltr' id='par_1_76' title="bbox 1866 2128 3451 2196">
     <span class='ocr_line' id='line_1_76' title="bbox 1866 2128 3451 2196; baseline 0.003 -16"><span class='ocrx_word' id='word_1_595' title='bbox 1866 2134 2054 2182; x_wconf 89' lang='lat' dir='ltr'><strong>tentur</strong></span> <span class='ocrx_word' id='word_1_596' title='bbox 2081 2128 2293 2181; x_wconf 89' lang='lat' dir='ltr'><strong>vincula</strong></span> <span class='ocrx_word' id='word_1_597' title='bbox 2328 2136 2502 2181; x_wconf 88' lang='lat' dir='ltr'><strong>vestra</strong></span> <span class='ocrx_word' id='word_1_598' title='bbox 2527 2146 2540 2181; x_wconf 90' lang='lat'><strong>:</strong></span> <span class='ocrx_word' id='word_1_599' title='bbox 2570 2128 2694 2196; x_wconf 88' lang='lat' dir='ltr'><strong>quia</strong></span> <span class='ocrx_word' id='word_1_600' title='bbox 2721 2138 3134 2183; x_wconf 78' lang='lat' dir='ltr'><strong>consummatus</strong></span> <span class='ocrx_word' id='word_1_601' title='bbox 3175 2139 3229 2183; x_wconf 87' lang='lat' dir='ltr'><strong>et</strong></span> <span class='ocrx_word' id='word_1_602' title='bbox 3252 2130 3451 2185; x_wconf 88' lang='lat' dir='ltr'><strong>abbre-</strong></span> 
     </span>
    </p>
   </div>
   <div class='ocr_carea' id='block_1_77' title="bbox 1866 2218 3456 2290">
    <p class='ocr_par' dir='ltr' id='par_1_77' title="bbox 1866 2218 3456 2290">
     <span class='ocr_line' id='line_1_77' title="bbox 1866 2218 3456 2290; baseline 0.003 -21"><span class='ocrx_word' id='word_1_603' title='bbox 1866 2218 2040 2271; x_wconf 89' lang='lat' dir='ltr'><strong>viatas</strong></span> <span class='ocrx_word' id='word_1_604' title='bbox 2074 2234 2159 2272; x_wconf 90' lang='lat' dir='ltr'><strong>res</strong></span> <span class='ocrx_word' id='word_1_605' title='bbox 2195 2218 2375 2271; x_wconf 84' lang='lat' dir='ltr'><strong>audivi</strong></span> <span class='ocrx_word' id='word_1_606' title='bbox 2428 2233 2458 2270; x_wconf 86' lang='lat' dir='ltr'><strong>a</strong></span> <span class='ocrx_word' id='word_1_607' title='bbox 2508 2218 2738 2272; x_wconf 85' lang='lat' dir='ltr'><strong>Domino</strong></span> <span class='ocrx_word' id='word_1_608' title='bbox 2784 2218 3022 2273; x_wconf 88' lang='lat' dir='ltr'><strong>Sabaoth</strong></span> <span class='ocrx_word' id='word_1_609' title='bbox 3057 2238 3069 2272; x_wconf 92' lang='lat'>:</span> <span class='ocrx_word' id='word_1_610' title='bbox 3117 2235 3256 2290; x_wconf 81' lang='lat' dir='ltr'><strong>quas</strong></span> <span class='ocrx_word' id='word_1_611' title='bbox 3288 2221 3456 2277; x_wconf 80' lang='lat' dir='ltr'><strong>faciet</strong></span> 
     </span>
    </p>
   </div>
   <div class='ocr_carea' id='block_1_78' title="bbox 1867 2308 3454 2381">
    <p class='ocr_par' dir='ltr' id='par_1_78' title="bbox 1867 2308 3454 2381">
     <span class='ocr_line' id='line_1_78' title="bbox 1867 2308 3454 2381; baseline 0.004 -20"><span class='ocrx_word' id='word_1_612' title='bbox 1867 2325 2030 2379; x_wconf 86' lang='lat' dir='ltr'><strong>super</strong></span> <span class='ocrx_word' id='word_1_613' title='bbox 2063 2310 2373 2363; x_wconf 82' lang='lat' dir='ltr'><strong>universam</strong></span> <span class='ocrx_word' id='word_1_614' title='bbox 2409 2320 2630 2363; x_wconf 88' lang='lat' dir='ltr'><strong>terram.</strong></span> <span class='ocrx_word' id='word_1_615' title='bbox 2663 2328 2682 2361; x_wconf 76' lang='grc' dir='ltr'><strong>ι</strong></span> <span class='ocrx_word' id='word_1_616' title='bbox 2732 2309 2918 2379; x_wconf 87' lang='lat' dir='ltr'><strong>Neque</strong></span> <span class='ocrx_word' id='word_1_617' title='bbox 2941 2308 3320 2365; x_wconf 77' lang='lat' dir='ltr'><strong>confortentur</strong></span> <span class='ocrx_word' id='word_1_618' title='bbox 3359 2326 3454 2381; x_wconf 84' lang='lat' dir='ltr'><strong>pe-</strong></span> 
     </span>
    </p>
   </div>
   <div class='ocr_carea' id='block_1_79' title="bbox 1864 2400 3454 2474">
    <p class='ocr_par' dir='ltr' id='par_1_79' title="bbox 1864 2400 3454 2474">
     <span class='ocr_line' id='line_1_79' title="bbox 1864 2400 3454 2474; baseline 0.004 -22"><span class='ocrx_word' id='word_1_619' title='bbox 1864 2402 1961 2453; x_wconf 90' lang='lat' dir='ltr'><strong>des</strong></span> <span class='ocrx_word' id='word_1_620' title='bbox 1992 2401 2181 2465; x_wconf 85' lang='lat' dir='ltr'><strong>vestri,</strong></span> <span class='ocrx_word' id='word_1_621' title='bbox 2205 2400 2426 2469; x_wconf 88' lang='lat' dir='ltr'><strong>quibus,</strong></span> <span class='ocrx_word' id='word_1_622' title='bbox 2465 2402 2603 2455; x_wconf 91' lang='lat' dir='ltr'><strong>inito</strong></span> <span class='ocrx_word' id='word_1_623' title='bbox 2652 2416 2774 2455; x_wconf 93' lang='lat' dir='ltr'><strong>cum</strong></span> <span class='ocrx_word' id='word_1_624' title='bbox 2804 2413 2978 2456; x_wconf 88' lang='lat' dir='ltr'><strong>morte</strong></span> <span class='ocrx_word' id='word_1_625' title='bbox 3011 2400 3245 2469; x_wconf 74' lang='lat' dir='ltr'><strong>fmdere,</strong></span> <span class='ocrx_word' id='word_1_626' title='bbox 3272 2413 3329 2458; x_wconf 86' lang='lat' dir='ltr'><strong>et</strong></span> <span class='ocrx_word' id='word_1_627' title='bbox 3360 2418 3454 2474; x_wconf 84' lang='lat' dir='ltr'><strong>pa-</strong></span> 
     </span>
    </p>
   </div>
   <div class='ocr_carea' id='block_1_80' title="bbox 1864 2491 3452 2565">
    <p class='ocr_par' dir='ltr' id='par_1_80' title="bbox 1864 2491 3452 2565">
     <span class='ocr_line' id='line_1_80' title="bbox 1864 2491 3452 2565; baseline 0.004 -21"><span class='ocrx_word' id='word_1_628' title='bbox 1864 2491 2046 2546; x_wconf 86' lang='lat' dir='ltr'><strong>ctione</strong></span> <span class='ocrx_word' id='word_1_629' title='bbox 2088 2508 2211 2545; x_wconf 92' lang='lat' dir='ltr'><strong>cum</strong></span> <span class='ocrx_word' id='word_1_630' title='bbox 2248 2491 2467 2546; x_wconf 81' lang='lat' dir='ltr'><strong>inferno</strong></span> <span class='ocrx_word' id='word_1_631' title='bbox 2498 2493 2663 2559; x_wconf 79' lang='lat' dir='ltr'><strong>facta,</strong></span> <span class='ocrx_word' id='word_1_632' title='bbox 2710 2508 2809 2548; x_wconf 87' lang='lat' dir='ltr'><strong>vos</strong></span> <span class='ocrx_word' id='word_1_633' title='bbox 2853 2494 3157 2565; x_wconf 88' lang='lat' dir='ltr'><strong>colligastis</strong></span> <span class='ocrx_word' id='word_1_634' title='bbox 3201 2515 3215 2550; x_wconf 92' lang='lat'>:</span> <span class='ocrx_word' id='word_1_635' title='bbox 3268 2496 3363 2551; x_wconf 89' lang='lat' dir='ltr'><strong>sed</strong></span> <span class='ocrx_word' id='word_1_636' title='bbox 3406 2498 3452 2552; x_wconf 90' lang='lat' dir='ltr'><strong>si</strong></span> 
     </span>
    </p>
   </div>
   <div class='ocr_carea' id='block_1_81' title="bbox 1865 2585 3456 2657">
    <p class='ocr_par' dir='ltr' id='par_1_81' title="bbox 1865 2585 3456 2657">
     <span class='ocr_line' id='line_1_81' title="bbox 1865 2585 3456 2657; baseline 0.005 -22"><span class='ocrx_word' id='word_1_637' title='bbox 1865 2600 1967 2653; x_wconf 82' lang='lat' dir='ltr'><strong>qua</strong></span> <span class='ocrx_word' id='word_1_638' title='bbox 2000 2585 2149 2640; x_wconf 77' lang='lat' dir='ltr'><strong>vobis</strong></span> <span class='ocrx_word' id='word_1_639' title='bbox 2174 2600 2299 2655; x_wconf 86' lang='lat' dir='ltr'><strong>spes</strong></span> <span class='ocrx_word' id='word_1_640' title='bbox 2331 2586 2526 2640; x_wconf 88' lang='lat' dir='ltr'><strong>salutis</strong></span> <span class='ocrx_word' id='word_1_641' title='bbox 2547 2587 2812 2656; x_wconf 79' lang='lat' dir='ltr'><strong>supersit,</strong></span> <span class='ocrx_word' id='word_1_642' title='bbox 2836 2587 3075 2657; x_wconf 86' lang='lat' dir='ltr'><strong>rumpite</strong></span> <span class='ocrx_word' id='word_1_643' title='bbox 3112 2589 3303 2641; x_wconf 86' lang='lat' dir='ltr'><strong>mortis</strong></span> <span class='ocrx_word' id='word_1_644' title='bbox 3333 2588 3456 2643; x_wconf 83' lang='lat' dir='ltr'><strong>vin-</strong></span> 
     </span>
    </p>
   </div>
   <div class='ocr_carea' id='block_1_82' title="bbox 1864 2678 3453 2748">
    <p class='ocr_par' dir='ltr' id='par_1_82' title="bbox 1864 2678 3453 2748">
     <span class='ocr_line' id='line_1_82' title="bbox 1864 2678 3453 2748; baseline 0.004 -19"><span class='ocrx_word' id='word_1_645' title='bbox 1864 2678 2021 2732; x_wconf 88' lang='lat' dir='ltr'><strong>cula:</strong></span> <span class='ocrx_word' id='word_1_646' title='bbox 2072 2679 2138 2732; x_wconf 86' lang='lat' dir='ltr'><strong>ab</strong></span> <span class='ocrx_word' id='word_1_647' title='bbox 2165 2692 2253 2744; x_wconf 92' lang='lat' dir='ltr'><strong>ea,</strong></span> <span class='ocrx_word' id='word_1_648' title='bbox 2282 2693 2444 2747; x_wconf 84' lang='lat' dir='ltr'><strong>quam</strong></span> <span class='ocrx_word' id='word_1_649' title='bbox 2488 2678 2737 2733; x_wconf 74' lang='lat' dir='ltr'><strong>laetitiam</strong></span> <span class='ocrx_word' id='word_1_650' title='bbox 2778 2680 3107 2748; x_wconf 81' lang='lat' dir='ltr'><strong>apinamini,</strong></span> <span class='ocrx_word' id='word_1_651' title='bbox 3149 2681 3453 2745; x_wconf 87' lang='lat' dir='ltr'><strong>abscedite,</strong></span> 
     </span>
    </p>
   </div>
   <div class='ocr_carea' id='block_1_83' title="bbox 1867 2770 3455 2844">
    <p class='ocr_par' dir='ltr' id='par_1_83' title="bbox 1867 2770 3455 2844">
     <span class='ocr_line' id='line_1_83' title="bbox 1867 2770 3455 2844; baseline 0.003 -23"><span class='ocrx_word' id='word_1_652' title='bbox 1867 2778 2227 2837; x_wconf 68' lang='lat' dir='ltr'><strong>temporaneaa</strong></span> <span class='ocrx_word' id='word_1_653' title='bbox 2253 2770 2545 2840; x_wconf 84' lang='lat' dir='ltr'><strong>voluptatis</strong></span> <span class='ocrx_word' id='word_1_654' title='bbox 2570 2771 2732 2825; x_wconf 86' lang='lat' dir='ltr'><strong>ﬁne‘m</strong></span> <span class='ocrx_word' id='word_1_655' title='bbox 2764 2771 2961 2827; x_wconf 76' lang='lat' dir='ltr'><strong>facile:</strong></span> <span class='ocrx_word' id='word_1_656' title='bbox 2985 2773 3180 2827; x_wconf 88' lang='lat' dir='ltr'><strong>borum</strong></span> <span class='ocrx_word' id='word_1_657' title='bbox 3216 2788 3455 2844; x_wconf 85' lang='lat' dir='ltr'><strong>namque</strong></span> 
     </span>
    </p>
   </div>
   <div class='ocr_carea' id='block_1_84' title="bbox 1863 2861 3456 2936">
    <p class='ocr_par' dir='ltr' id='par_1_84' title="bbox 1863 2861 3456 2936">
     <span class='ocr_line' id='line_1_84' title="bbox 1863 2861 3456 2936; baseline 0.006 -24"><span class='ocrx_word' id='word_1_658' title='bbox 1863 2862 1955 2929; x_wconf 89' lang='lat' dir='ltr'><strong>qui</strong></span> <span class='ocrx_word' id='word_1_659' title='bbox 1983 2861 2199 2917; x_wconf 83' lang='lat' dir='ltr'><strong>futurus</strong></span> <span class='ocrx_word' id='word_1_660' title='bbox 2230 2864 2354 2917; x_wconf 89' lang='lat' dir='ltr'><strong>ﬁnis</strong></span> <span class='ocrx_word' id='word_1_661' title='bbox 2377 2863 2447 2917; x_wconf 88' lang='lat' dir='ltr'><strong>sit</strong></span> <span class='ocrx_word' id='word_1_662' title='bbox 2471 2864 2798 2919; x_wconf 89' lang='lat' dir='ltr'><strong>edidicistis.</strong></span> <span class='ocrx_word' id='word_1_663' title='bbox 2831 2863 3103 2919; x_wconf 69' lang='lat' dir='ltr'><strong>Caeterum</strong></span> <span class='ocrx_word' id='word_1_664' title='bbox 3142 2882 3213 2922; x_wconf 90' lang='lat' dir='ltr'><strong>ne</strong></span> <span class='ocrx_word' id='word_1_665' title='bbox 3251 2868 3456 2936; x_wconf 79' lang='lat' dir='ltr'><strong>putetis</strong></span> 
     </span>
    </p>
   </div>
   <div class='ocr_carea' id='block_1_85' title="bbox 1865 2954 3454 3025">
    <p class='ocr_par' dir='ltr' id='par_1_85' title="bbox 1865 2954 3454 3025">
     <span class='ocr_line' id='line_1_85' title="bbox 1865 2954 3454 3025; baseline 0.008 -22"><span class='ocrx_word' id='word_1_666' title='bbox 1865 2967 1950 3005; x_wconf 90' lang='lat' dir='ltr'><strong>me</strong></span> <span class='ocrx_word' id='word_1_667' title='bbox 1974 2954 2298 3021; x_wconf 85' lang='lat' dir='ltr'><strong>prophetam</strong></span> <span class='ocrx_word' id='word_1_668' title='bbox 2331 2955 2520 3008; x_wconf 63' lang='lat' dir='ltr'><strong>isthmc</strong></span> <span class='ocrx_word' id='word_1_669' title='bbox 2551 2956 2735 3009; x_wconf 84' lang='lat' dir='ltr'><strong>dicere</strong></span> <span class='ocrx_word' id='word_1_670' title='bbox 2762 2974 2776 3008; x_wconf 92' lang='lat'><strong>:</strong></span> <span class='ocrx_word' id='word_1_671' title='bbox 2815 2971 2938 3010; x_wconf 83' lang='lat' dir='ltr'><strong>nam</strong></span> <span class='ocrx_word' id='word_1_672' title='bbox 2970 2974 3092 3025; x_wconf 74' lang='lat' dir='ltr'><strong>qua:</strong></span> <span class='ocrx_word' id='word_1_673' title='bbox 3128 2959 3327 3013; x_wconf 74' lang='lat' dir='ltr'><strong>anima:</strong></span> <span class='ocrx_word' id='word_1_674' title='bbox 3352 2975 3454 3016; x_wconf 83' lang='lat' dir='ltr'><strong>au-</strong></span> 
     </span>
    </p>
   </div>
   <div class='ocr_carea' id='block_1_86' title="bbox 1867 3042 3435 3115">
    <p class='ocr_par' dir='ltr' id='par_1_86' title="bbox 1867 3042 3435 3115">
     <span class='ocr_line' id='line_1_86' title="bbox 1867 3042 3435 3115; baseline 0.008 -21"><span class='ocrx_word' id='word_1_675' title='bbox 1867 3042 2014 3097; x_wconf 85' lang='lat' dir='ltr'><strong>ribus</strong></span> <span class='ocrx_word' id='word_1_676' title='bbox 2037 3043 2345 3114; x_wconf 90' lang='lat' dir='ltr'><strong>loquentem</strong></span> <span class='ocrx_word' id='word_1_677' title='bbox 2377 3046 2669 3101; x_wconf 89' lang='lat' dir='ltr'><strong>Dominum</strong></span> <span class='ocrx_word' id='word_1_678' title='bbox 2700 3047 2943 3104; x_wconf 90' lang='lat' dir='ltr'><strong>Sabaoth</strong></span> <span class='ocrx_word' id='word_1_679' title='bbox 2977 3053 3185 3115; x_wconf 87' lang='lat' dir='ltr'><strong>audivi,</strong></span> <span class='ocrx_word' id='word_1_680' title='bbox 3219 3053 3334 3109; x_wconf 65' lang='lat' dir='ltr'><strong>haec</strong></span> <span class='ocrx_word' id='word_1_681' title='bbox 3362 3068 3435 3107; x_wconf 87' lang='lat' dir='ltr'><strong>vo</strong></span> 
     </span>
    </p>
   </div>
   <div class='ocr_carea' id='block_1_87' title="bbox 1864 3135 3455 3209">
    <p class='ocr_par' dir='ltr' id='par_1_87' title="bbox 1864 3135 3455 3209">
     <span class='ocr_line' id='line_1_87' title="bbox 1864 3135 3455 3209; baseline 0.007 -21"><span class='ocrx_word' id='word_1_682' title='bbox 1864 3135 1947 3189; x_wconf 86' lang='lat' dir='ltr'><strong>bis</strong></span> <span class='ocrx_word' id='word_1_683' title='bbox 1980 3138 2316 3192; x_wconf 85' lang='lat' dir='ltr'><strong>renuntiavi:</strong></span> <span class='ocrx_word' id='word_1_684' title='bbox 2352 3138 2469 3206; x_wconf 90' lang='lat' dir='ltr'><strong>ipse</strong></span> <span class='ocrx_word' id='word_1_685' title='bbox 2496 3140 2696 3209; x_wconf 90' lang='lat' dir='ltr'><strong>quippe</strong></span> <span class='ocrx_word' id='word_1_686' title='bbox 2726 3141 2938 3195; x_wconf 89' lang='lat' dir='ltr'><strong>occulta</strong></span> <span class='ocrx_word' id='word_1_687' title='bbox 2973 3152 3028 3197; x_wconf 90' lang='lat' dir='ltr'><strong>et</strong></span> <span class='ocrx_word' id='word_1_688' title='bbox 3054 3154 3259 3198; x_wconf 80' lang='lat' dir='ltr'><strong>statuta</strong></span> <span class='ocrx_word' id='word_1_689' title='bbox 3292 3145 3361 3199; x_wconf 86' lang='lat' dir='ltr'><strong>ab</strong></span> <span class='ocrx_word' id='word_1_690' title='bbox 3392 3160 3455 3199; x_wconf 88' lang='lat' dir='ltr'><strong>se</strong></span> 
     </span>
    </p>
   </div>
   <div class='ocr_carea' id='block_1_88' title="bbox 1866 3229 3011 3301">
    <p class='ocr_par' dir='ltr' id='par_1_88' title="bbox 1866 3229 3011 3301">
     <span class='ocr_line' id='line_1_88' title="bbox 1866 3229 3011 3301; baseline 0.005 -21"><span class='ocrx_word' id='word_1_691' title='bbox 1866 3229 2080 3281; x_wconf 88' lang='lat' dir='ltr'><strong>decreta</strong></span> <span class='ocrx_word' id='word_1_692' title='bbox 2106 3244 2136 3283; x_wconf 89' lang='lat' dir='ltr'><strong>a</strong></span> <span class='ocrx_word' id='word_1_693' title='bbox 2168 3229 2321 3283; x_wconf 85' lang='lat' dir='ltr'><strong>vobis</strong></span> <span class='ocrx_word' id='word_1_694' title='bbox 2355 3246 2462 3284; x_wconf 92' lang='lat' dir='ltr'><strong>non</strong></span> <span class='ocrx_word' id='word_1_695' title='bbox 2493 3232 2734 3299; x_wconf 87' lang='lat' dir='ltr'><strong>ignorari</strong></span> <span class='ocrx_word' id='word_1_696' title='bbox 2764 3233 3011 3301; x_wconf 79' lang='lat' dir='ltr'><strong>expetiit.</strong></span> 
     </span>
    </p>
   </div>
   <div class='ocr_carea' id='block_1_89' title="bbox 1940 3386 3450 3459">
    <p class='ocr_par' dir='ltr' id='par_1_89' title="bbox 1940 3386 3450 3459">
     <span class='ocr_line' id='line_1_89' title="bbox 1940 3386 3450 3459; baseline 0.009 -21"><span class='ocrx_word' id='word_1_697' title='bbox 1940 3386 2103 3440; x_wconf 75' lang='lat' dir='ltr'><strong>Vens.</strong></span> <span class='ocrx_word' id='word_1_698' title='bbox 2144 3388 2237 3442; x_wconf 76' lang='grc'><strong>25.</strong></span> <span class='ocrx_word' id='word_1_699' title='bbox 2285 3391 2571 3443; x_wconf 72' lang='lat' dir='ltr'><strong>«Auribus</strong></span> <span class='ocrx_word' id='word_1_700' title='bbox 2619 3390 2882 3459; x_wconf 86' lang='lat' dir='ltr'><strong>percipite</strong></span> <span class='ocrx_word' id='word_1_701' title='bbox 2931 3401 2987 3445; x_wconf 89' lang='lat' dir='ltr'><strong>et</strong></span> <span class='ocrx_word' id='word_1_702' title='bbox 3044 3392 3229 3447; x_wconf 80' lang='lat' dir='ltr'><strong>audite</strong></span> <span class='ocrx_word' id='word_1_703' title='bbox 3261 3409 3450 3451; x_wconf 86' lang='lat' dir='ltr'><strong>vocem</strong></span> 
     </span>
    </p>
   </div>
   <div class='ocr_carea' id='block_1_90' title="bbox 1866 3482 3448 3556">
    <p class='ocr_par' dir='ltr' id='par_1_90' title="bbox 1866 3482 3448 3556">
     <span class='ocr_line' id='line_1_90' title="bbox 1866 3482 3448 3556; baseline 0.01 -27"><span class='ocrx_word' id='word_1_704' title='bbox 1866 3492 2082 3532; x_wconf 88' lang='lat' dir='ltr'><strong>meam:</strong></span> <span class='ocrx_word' id='word_1_705' title='bbox 2114 3482 2379 3536; x_wconf 87' lang='lat' dir='ltr'><strong>attendite</strong></span> <span class='ocrx_word' id='word_1_706' title='bbox 2413 3494 2462 3537; x_wconf 88' lang='lat' dir='ltr'><strong>et</strong></span> <span class='ocrx_word' id='word_1_707' title='bbox 2496 3484 2678 3538; x_wconf 89' lang='lat' dir='ltr'><strong>audite</strong></span> <span class='ocrx_word' id='word_1_708' title='bbox 2703 3485 2868 3538; x_wconf 88' lang='lat' dir='ltr'><strong>verba</strong></span> <span class='ocrx_word' id='word_1_709' title='bbox 2910 3500 3049 3539; x_wconf 88' lang='lat' dir='ltr'><strong>mea.</strong></span> <span class='ocrx_word' id='word_1_710' title='bbox 3088 3505 3108 3537; x_wconf 74' lang='grc' dir='ltr'><strong>ι</strong></span> <span class='ocrx_word' id='word_1_711' title='bbox 3148 3486 3255 3543; x_wconf 86' lang='lat' dir='ltr'><strong>Per</strong></span> <span class='ocrx_word' id='word_1_712' title='bbox 3294 3490 3448 3556; x_wconf 92' lang='lat' dir='ltr'><strong>illud,</strong></span> 
     </span>
    </p>
   </div>
   <div class='ocr_carea' id='block_1_91' title="bbox 1872 3569 3454 3652">
    <p class='ocr_par' dir='ltr' id='par_1_91' title="bbox 1872 3569 3454 3652">
     <span class='ocr_line' id='line_1_91' title="bbox 1872 3569 3454 3652; baseline 0.013 -35"><span class='ocrx_word' id='word_1_713' title='bbox 1872 3584 1889 3617; x_wconf 85' lang='grc' dir='ltr'><strong>ι</strong></span> <span class='ocrx_word' id='word_1_714' title='bbox 1926 3569 2147 3625; x_wconf 85' lang='lat' dir='ltr'><strong>auribus</strong></span> <span class='ocrx_word' id='word_1_715' title='bbox 2171 3575 2474 3642; x_wconf 87' lang='lat' dir='ltr'><strong>percipere,</strong></span> <span class='ocrx_word' id='word_1_716' title='bbox 2502 3593 2520 3625; x_wconf 75' lang='grc' dir='ltr'><strong>ι</strong></span> <span class='ocrx_word' id='word_1_717' title='bbox 2554 3576 2668 3629; x_wconf 87' lang='lat' dir='ltr'><strong>voci</strong></span> <span class='ocrx_word' id='word_1_718' title='bbox 2699 3592 2795 3643; x_wconf 88' lang='lat' dir='ltr'><strong>per</strong></span> <span class='ocrx_word' id='word_1_719' title='bbox 2821 3592 2950 3631; x_wconf 90' lang='lat' dir='ltr'><strong>aera</strong></span> <span class='ocrx_word' id='word_1_720' title='bbox 2976 3579 3101 3632; x_wconf 73' lang='lat' dir='ltr'><strong>lata:</strong></span> <span class='ocrx_word' id='word_1_721' title='bbox 3127 3595 3288 3636; x_wconf 88' lang='lat' dir='ltr'><strong>aures</strong></span> <span class='ocrx_word' id='word_1_722' title='bbox 3316 3599 3454 3652; x_wconf 67' lang='lat' dir='ltr'><strong>pra:-</strong></span> 
     </span>
    </p>
   </div>
   <div class='ocr_carea' id='block_1_92' title="bbox 1865 3659 3451 3737">
    <p class='ocr_par' dir='ltr' id='par_1_92' title="bbox 1865 3659 3451 3737">
     <span class='ocr_line' id='line_1_92' title="bbox 1865 3659 3451 3737; baseline 0.011 -25"><span class='ocrx_word' id='word_1_723' title='bbox 1865 3659 2013 3722; x_wconf 90' lang='lat' dir='ltr'><strong>bere,</strong></span> <span class='ocrx_word' id='word_1_724' title='bbox 2052 3663 2361 3733; x_wconf 88' lang='lat' dir='ltr'><strong>signiﬁcat;</strong></span> <span class='ocrx_word' id='word_1_725' title='bbox 2402 3682 2498 3734; x_wconf 87' lang='lat' dir='ltr'><strong>per</strong></span> <span class='ocrx_word' id='word_1_726' title='bbox 2536 3667 2665 3721; x_wconf 91' lang='lat' dir='ltr'><strong>illud</strong></span> <span class='ocrx_word' id='word_1_727' title='bbox 2700 3679 2909 3733; x_wconf 87' lang='lat' dir='ltr'><strong>autem,</strong></span> <span class='ocrx_word' id='word_1_728' title='bbox 2948 3688 2966 3721; x_wconf 84' lang='grc' dir='ltr'><strong>ι</strong></span> <span class='ocrx_word' id='word_1_729' title='bbox 3000 3673 3209 3737; x_wconf 88' lang='lat' dir='ltr'><strong>audire,</strong></span> <span class='ocrx_word' id='word_1_730' title='bbox 3246 3693 3267 3725; x_wconf 74' lang='grc' dir='ltr'><strong>ι</strong></span> <span class='ocrx_word' id='word_1_731' title='bbox 3306 3676 3451 3732; x_wconf 84' lang='lat' dir='ltr'><strong>dicta</strong></span> 
     </span>
    </p>
   </div>
   <div class='ocr_carea' id='block_1_93' title="bbox 1865 3754 3456 3836">
    <p class='ocr_par' dir='ltr' id='par_1_93' title="bbox 1865 3754 3456 3836">
     <span class='ocr_line' id='line_1_93' title="bbox 1865 3754 3456 3836; baseline 0.012 -33"><span class='ocrx_word' id='word_1_732' title='bbox 1865 3754 2363 3825; x_wconf 89' lang='lat' dir='ltr'><strong>auscultareiisque</strong></span> <span class='ocrx_word' id='word_1_733' title='bbox 2381 3760 2604 3828; x_wconf 82' lang='lat' dir='ltr'><strong>obsequi</strong></span> <span class='ocrx_word' id='word_1_734' title='bbox 2628 3779 2641 3813; x_wconf 91' lang='lat'><strong>:</strong></span> <span class='ocrx_word' id='word_1_735' title='bbox 2661 3761 3015 3816; x_wconf 86' lang='lat' dir='ltr'><strong>attentionem</strong></span> <span class='ocrx_word' id='word_1_736' title='bbox 3048 3774 3224 3817; x_wconf 87' lang='lat' dir='ltr'><strong>autem</strong></span> <span class='ocrx_word' id='word_1_737' title='bbox 3246 3776 3301 3820; x_wconf 91' lang='lat' dir='ltr'><strong>et</strong></span> <span class='ocrx_word' id='word_1_738' title='bbox 3329 3782 3456 3836; x_wconf 79' lang='lat' dir='ltr'><strong>spe-</strong></span> 
     </span>
    </p>
   </div>
   <div class='ocr_carea' id='block_1_94' title="bbox 1864 3858 3447 3941">
    <p class='ocr_par' dir='ltr' id='par_1_94' title="bbox 1864 3858 3447 3941">
     <span class='ocr_line' id='line_1_94' title="bbox 1864 3858 3447 3941; baseline 0.011 -30"><span class='ocrx_word' id='word_1_739' title='bbox 1864 3858 2187 3915; x_wconf 90' lang='lat' dir='ltr'><strong>culationem</strong></span> <span class='ocrx_word' id='word_1_740' title='bbox 2218 3873 2376 3917; x_wconf 89' lang='lat' dir='ltr'><strong>vocat</strong></span> <span class='ocrx_word' id='word_1_741' title='bbox 2392 3864 2788 3920; x_wconf 87' lang='lat' dir='ltr'><strong>declaratarum</strong></span> <span class='ocrx_word' id='word_1_742' title='bbox 2813 3882 2993 3921; x_wconf 89' lang='lat' dir='ltr'><strong>rerum</strong></span> <span class='ocrx_word' id='word_1_743' title='bbox 3015 3870 3447 3941; x_wconf 70' lang='lat' dir='ltr'><strong>intelligentiam.</strong></span> 
     </span>
    </p>
   </div>
   <div class='ocr_carea' id='block_1_95' title="bbox 1936 3951 3456 4033">
    <p class='ocr_par' dir='ltr' id='par_1_95' title="bbox 1936 3951 3456 4033">
     <span class='ocr_line' id='line_1_95' title="bbox 1936 3951 3456 4033; baseline 0.011 -28"><span class='ocrx_word' id='word_1_744' title='bbox 1936 3951 2310 4009; x_wconf 69' lang='lat' dir='ltr'><strong>Vsas.2«i-27.</strong></span> <span class='ocrx_word' id='word_1_745' title='bbox 2347 3975 2367 4008; x_wconf 83' lang='grc' dir='ltr'><strong>ι</strong></span> <span class='ocrx_word' id='word_1_746' title='bbox 2395 3955 2665 4026; x_wconf 86' lang='lat' dir='ltr'><strong>Numquid</strong></span> <span class='ocrx_word' id='word_1_747' title='bbox 2696 3968 2809 4013; x_wconf 88' lang='lat' dir='ltr'><strong>tota</strong></span> <span class='ocrx_word' id='word_1_748' title='bbox 2834 3962 2923 4015; x_wconf 90' lang='lat' dir='ltr'><strong>die</strong></span> <span class='ocrx_word' id='word_1_749' title='bbox 2946 3961 3148 4027; x_wconf 89' lang='lat' dir='ltr'><strong>arabit,</strong></span> <span class='ocrx_word' id='word_1_750' title='bbox 3172 3965 3266 4033; x_wconf 90' lang='lat' dir='ltr'><strong>qui</strong></span> <span class='ocrx_word' id='word_1_751' title='bbox 3295 3969 3456 4021; x_wconf 76' lang='lat' dir='ltr'><strong>arat?</strong></span> 
     </span>
    </p>
   </div>
   <div class='ocr_carea' id='block_1_96' title="bbox 1863 4050 3456 4123">
    <p class='ocr_par' dir='ltr' id='par_1_96' title="bbox 1863 4050 3456 4123">
     <span class='ocr_line' id='line_1_96' title="bbox 1863 4050 3456 4123; baseline 0.012 -28"><span class='ocrx_word' id='word_1_752' title='bbox 1863 4053 1954 4096; x_wconf 89' lang='lat' dir='ltr'><strong>aut</strong></span> <span class='ocrx_word' id='word_1_753' title='bbox 1982 4059 2166 4099; x_wconf 88' lang='lat' dir='ltr'><strong>semen</strong></span> <span class='ocrx_word' id='word_1_754' title='bbox 2194 4050 2543 4117; x_wconf 69' lang='lat' dir='ltr'><strong>praeparabit,</strong></span> <span class='ocrx_word' id='word_1_755' title='bbox 2572 4062 2865 4121; x_wconf 84' lang='lat' dir='ltr'><strong>antequam</strong></span> <span class='ocrx_word' id='word_1_756' title='bbox 2904 4062 3163 4123; x_wconf 90' lang='lat' dir='ltr'><strong>operetur</strong></span> <span class='ocrx_word' id='word_1_757' title='bbox 3202 4065 3403 4113; x_wconf 87' lang='lat' dir='ltr'><strong>terram</strong></span> <span class='ocrx_word' id='word_1_758' title='bbox 3427 4062 3456 4115; x_wconf 63' lang='grc' dir='ltr'><strong><em>Ρ</em></strong></span> 
     </span>
    </p>
   </div>
   <div class='ocr_carea' id='block_1_97' title="bbox 1860 4133 3451 4213">
    <p class='ocr_par' dir='ltr' id='par_1_97' title="bbox 1860 4133 3451 4213">
     <span class='ocr_line' id='line_1_97' title="bbox 1860 4133 3451 4213; baseline 0.013 -26"><span class='ocrx_word' id='word_1_759' title='bbox 1860 4133 2050 4189; x_wconf 86' lang='lat' dir='ltr'><strong>Nonne</strong></span> <span class='ocrx_word' id='word_1_760' title='bbox 2083 4155 2204 4192; x_wconf 91' lang='lat' dir='ltr'><strong>cum</strong></span> <span class='ocrx_word' id='word_1_761' title='bbox 2234 4142 2535 4209; x_wconf 80' lang='lat' dir='ltr'><strong>aequaverit</strong></span> <span class='ocrx_word' id='word_1_762' title='bbox 2565 4146 2916 4213; x_wconf 85' lang='lat' dir='ltr'><strong>superﬁciem</strong></span> <span class='ocrx_word' id='word_1_763' title='bbox 2944 4146 3083 4213; x_wconf 81' lang='lat' dir='ltr'><strong>ejus,</strong></span> <span class='ocrx_word' id='word_1_764' title='bbox 3114 4157 3244 4204; x_wconf 91' lang='lat' dir='ltr'><strong>tunc</strong></span> <span class='ocrx_word' id='word_1_765' title='bbox 3286 4154 3451 4207; x_wconf 78' lang='lat' dir='ltr'><strong>semi—</strong></span> 
     </span>
    </p>
   </div>
   <div class='ocr_carea' id='block_1_98' title="bbox 1862 4230 3449 4309">
    <p class='ocr_par' dir='ltr' id='par_1_98' title="bbox 1862 4230 3449 4309">
     <span class='ocr_line' id='line_1_98' title="bbox 1862 4230 3449 4309; baseline 0.01 -28"><span class='ocrx_word' id='word_1_766' title='bbox 1862 4230 2011 4285; x_wconf 88' lang='lat' dir='ltr'><strong>nabit</strong></span> <span class='ocrx_word' id='word_1_767' title='bbox 2063 4245 2287 4301; x_wconf 85' lang='lat' dir='ltr'><strong>parvum</strong></span> <span class='ocrx_word' id='word_1_768' title='bbox 2337 4249 2595 4303; x_wconf 85' lang='lat' dir='ltr'><strong>papaver,</strong></span> <span class='ocrx_word' id='word_1_769' title='bbox 2638 4246 2733 4291; x_wconf 90' lang='lat' dir='ltr'><strong>aut</strong></span> <span class='ocrx_word' id='word_1_770' title='bbox 2775 4238 3051 4309; x_wconf 77' lang='lat' dir='ltr'><strong>cyminum</strong></span> <span class='ocrx_word' id='word_1_771' title='bbox 3087 4240 3109 4292; x_wconf 75' lang='grc' dir='ltr'>τ</span> <span class='ocrx_word' id='word_1_772' title='bbox 3150 4252 3204 4295; x_wconf 92' lang='lat' dir='ltr'><strong>et</strong></span> <span class='ocrx_word' id='word_1_773' title='bbox 3231 4257 3449 4299; x_wconf 84' lang='lat' dir='ltr'><strong>rursum</strong></span> 
     </span>
    </p>
   </div>
   <div class='ocr_carea' id='block_1_99' title="bbox 1861 4324 3448 4400">
    <p class='ocr_par' dir='ltr' id='par_1_99' title="bbox 1861 4324 3448 4400">
     <span class='ocr_line' id='line_1_99' title="bbox 1861 4324 3448 4400; baseline 0.009 -25"><span class='ocrx_word' id='word_1_774' title='bbox 1861 4324 2152 4378; x_wconf 89' lang='lat' dir='ltr'><strong>seminabit</strong></span> <span class='ocrx_word' id='word_1_775' title='bbox 2208 4326 2476 4391; x_wconf 85' lang='lat' dir='ltr'><strong>triticum,</strong></span> <span class='ocrx_word' id='word_1_776' title='bbox 2530 4337 2584 4381; x_wconf 88' lang='lat' dir='ltr'><strong>et</strong></span> <span class='ocrx_word' id='word_1_777' title='bbox 2644 4329 2937 4396; x_wconf 87' lang='lat' dir='ltr'><strong>hordeum,</strong></span> <span class='ocrx_word' id='word_1_778' title='bbox 2993 4340 3050 4385; x_wconf 89' lang='lat' dir='ltr'><strong>et</strong></span> <span class='ocrx_word' id='word_1_779' title='bbox 3098 4334 3337 4400; x_wconf 88' lang='lat' dir='ltr'><strong>milium,</strong></span> <span class='ocrx_word' id='word_1_780' title='bbox 3393 4348 3448 4390; x_wconf 87' lang='lat' dir='ltr'><strong>et</strong></span> 
     </span>
    </p>
   </div>
   <div class='ocr_carea' id='block_1_100' title="bbox 1860 4430 3447 4506">
    <p class='ocr_par' dir='ltr' id='par_1_100' title="bbox 1860 4430 3447 4506">
     <span class='ocr_line' id='line_1_100' title="bbox 1860 4430 3447 4506; baseline 0.008 -24"><span class='ocrx_word' id='word_1_781' title='bbox 1860 4430 2088 4497; x_wconf 89' lang='lat' dir='ltr'><strong>spcltam</strong></span> <span class='ocrx_word' id='word_1_782' title='bbox 2153 4432 2205 4485; x_wconf 94' lang='lat' dir='ltr'><strong>in</strong></span> <span class='ocrx_word' id='word_1_783' title='bbox 2262 4432 2465 4487; x_wconf 89' lang='lat' dir='ltr'><strong>ﬁnibus</strong></span> <span class='ocrx_word' id='word_1_784' title='bbox 2513 4435 2661 4488; x_wconf 87' lang='lat' dir='ltr'><strong>tuis?</strong></span> <span class='ocrx_word' id='word_1_785' title='bbox 2694 4436 2760 4489; x_wconf 87' lang='lat' dir='ltr'><strong>Et</strong></span> <span class='ocrx_word' id='word_1_786' title='bbox 2794 4437 3063 4491; x_wconf 87' lang='lat' dir='ltr'><strong>erudieris</strong></span> <span class='ocrx_word' id='word_1_787' title='bbox 3107 4437 3316 4506; x_wconf 89' lang='lat' dir='ltr'><strong>judicio</strong></span> <span class='ocrx_word' id='word_1_788' title='bbox 3349 4441 3447 4495; x_wconf 87' lang='lat' dir='ltr'><strong>Dei</strong></span> 
     </span>
    </p>
   </div>
   <div class='ocr_carea' id='block_1_101' title="bbox 1862 4521 3447 4602">
    <p class='ocr_par' dir='ltr' id='par_1_101' title="bbox 1862 4521 3447 4602">
     <span class='ocr_line' id='line_1_101' title="bbox 1862 4521 3447 4602; baseline 0.011 -32"><span class='ocrx_word' id='word_1_789' title='bbox 1862 4521 1959 4586; x_wconf 89' lang='lat' dir='ltr'><strong>tui,</strong></span> <span class='ocrx_word' id='word_1_790' title='bbox 1991 4531 2044 4574; x_wconf 87' lang='lat' dir='ltr'><strong>et</strong></span> <span class='ocrx_word' id='word_1_791' title='bbox 2084 4522 2371 4579; x_wconf 70' lang='lat' dir='ltr'><strong>laetaberis.</strong></span> <span class='ocrx_word' id='word_1_792' title='bbox 2432 4523 2545 4578; x_wconf 85' lang='lat' dir='ltr'><strong>Non</strong></span> <span class='ocrx_word' id='word_1_793' title='bbox 2584 4528 2732 4580; x_wconf 91' lang='lat' dir='ltr'><strong>enim</strong></span> <span class='ocrx_word' id='word_1_794' title='bbox 2767 4544 2894 4582; x_wconf 90' lang='lat' dir='ltr'><strong>cum</strong></span> <span class='ocrx_word' id='word_1_795' title='bbox 2947 4529 3149 4583; x_wconf 86' lang='lat' dir='ltr'><strong>duritia</strong></span> <span class='ocrx_word' id='word_1_796' title='bbox 3178 4546 3447 4602; x_wconf 90' lang='lat' dir='ltr'><strong>purgatur</strong></span> 
     </span>
    </p>
   </div>
   <div class='ocr_carea' id='block_1_102' title="bbox 1720 4618 3445 4709">
    <p class='ocr_par' dir='ltr' id='par_1_102' title="bbox 1720 4618 3445 4709">
     <span class='ocr_line' id='line_1_102' title="bbox 1720 4618 3445 4709; baseline 0.01 -47"><span class='ocrx_word' id='word_1_797' title='bbox 1720 4618 1756 4709; x_wconf 50' lang='grc' dir='ltr'>ἆ</span> <span class='ocrx_word' id='word_1_798' title='bbox 1790 4632 1830 4683; x_wconf 82' lang='grc' dir='ltr'><strong>ι)</strong></span> <span class='ocrx_word' id='word_1_799' title='bbox 1862 4629 2118 4681; x_wconf 87' lang='lat' dir='ltr'><strong>papaver,</strong></span> <span class='ocrx_word' id='word_1_800' title='bbox 2153 4631 2329 4685; x_wconf 78' lang='lat' dir='ltr'><strong>neque</strong></span> <span class='ocrx_word' id='word_1_801' title='bbox 2366 4627 2481 4670; x_wconf 89' lang='lat' dir='ltr'><strong>rota</strong></span> <span class='ocrx_word' id='word_1_802' title='bbox 2523 4618 2749 4686; x_wconf 85' lang='lat' dir='ltr'><strong>plaustri</strong></span> <span class='ocrx_word' id='word_1_803' title='bbox 2776 4620 3021 4674; x_wconf 80' lang='lat' dir='ltr'><strong>volvelur</strong></span> <span class='ocrx_word' id='word_1_804' title='bbox 3070 4637 3235 4691; x_wconf 88' lang='lat' dir='ltr'><strong>super</strong></span> <span class='ocrx_word' id='word_1_805' title='bbox 3274 4627 3445 4694; x_wconf 80' lang='lat' dir='ltr'><strong>cymi—</strong></span> 
     </span>
    </p>
   </div>
   <div class='ocr_carea' id='block_1_103' title="bbox 1861 4708 3443 4782">
    <p class='ocr_par' dir='ltr' id='par_1_103' title="bbox 1861 4708 3443 4782">
     <span class='ocr_line' id='line_1_103' title="bbox 1861 4708 3443 4782; baseline 0.007 -26"><span class='ocrx_word' id='word_1_806' title='bbox 1861 4721 2019 4770; x_wconf 92' lang='lat' dir='ltr'><strong>num;</strong></span> <span class='ocrx_word' id='word_1_807' title='bbox 2070 4708 2161 4761; x_wconf 88' lang='lat' dir='ltr'><strong>sed</strong></span> <span class='ocrx_word' id='word_1_808' title='bbox 2204 4710 2354 4775; x_wconf 75' lang='lat' dir='ltr'><strong>virga</strong></span> <span class='ocrx_word' id='word_1_809' title='bbox 2390 4710 2668 4763; x_wconf 75' lang='lat' dir='ltr'><strong>excutitur</strong></span> <span class='ocrx_word' id='word_1_810' title='bbox 2718 4726 2983 4779; x_wconf 85' lang='lat' dir='ltr'><strong>papaver:</strong></span> <span class='ocrx_word' id='word_1_811' title='bbox 3018 4713 3290 4782; x_wconf 83' lang='lat' dir='ltr'><strong>cyminum</strong></span> <span class='ocrx_word' id='word_1_812' title='bbox 3344 4729 3443 4769; x_wconf 84' lang='lat' dir='ltr'><strong>au-</strong></span> 
     </span>
    </p>
   </div>
   <div class='ocr_carea' id='block_1_104' title="bbox 1863 4802 3444 4870">
    <p class='ocr_par' dir='ltr' id='par_1_104' title="bbox 1863 4802 3444 4870">
     <span class='ocr_line' id='line_1_104' title="bbox 1863 4802 3444 4870; baseline 0.007 -20"><span class='ocrx_word' id='word_1_813' title='bbox 1863 4808 1969 4853; x_wconf 85' lang='lat' dir='ltr'><strong>tem</strong></span> <span class='ocrx_word' id='word_1_814' title='bbox 1998 4815 2119 4853; x_wconf 88' lang='lat' dir='ltr'><strong>cum</strong></span> <span class='ocrx_word' id='word_1_815' title='bbox 2152 4816 2293 4870; x_wconf 89' lang='lat' dir='ltr'><strong>pane</strong></span> <span class='ocrx_word' id='word_1_816' title='bbox 2318 4804 2657 4856; x_wconf 86' lang='lat' dir='ltr'><strong>cutncdetur.</strong></span> <span class='ocrx_word' id='word_1_817' title='bbox 2693 4822 2711 4854; x_wconf 73' lang='grc' dir='ltr'><strong>ι</strong></span> <span class='ocrx_word' id='word_1_818' title='bbox 2750 4802 2991 4857; x_wconf 86' lang='lat' dir='ltr'><strong>Naturali</strong></span> <span class='ocrx_word' id='word_1_819' title='bbox 3038 4806 3231 4859; x_wconf 89' lang='lat' dir='ltr'><strong>deinde</strong></span> <span class='ocrx_word' id='word_1_820' title='bbox 3258 4821 3444 4861; x_wconf 78' lang='lat' dir='ltr'><strong>exem-</strong></span> 
     </span>
    </p>
   </div>
   <div class='ocr_carea' id='block_1_105' title="bbox 1861 4892 3443 4966">
    <p class='ocr_par' dir='ltr' id='par_1_105' title="bbox 1861 4892 3443 4966">
     <span class='ocr_line' id='line_1_105' title="bbox 1861 4892 3443 4966; baseline 0.005 -21"><span class='ocrx_word' id='word_1_821' title='bbox 1861 4892 1947 4962; x_wconf 89' lang='lat' dir='ltr'><strong>plo</strong></span> <span class='ocrx_word' id='word_1_822' title='bbox 2004 4895 2213 4947; x_wconf 88' lang='lat' dir='ltr'><strong>utitur:</strong></span> <span class='ocrx_word' id='word_1_823' title='bbox 2276 4897 2732 4963; x_wconf 88' lang='lat' dir='ltr'><strong>quemadmodum</strong></span> <span class='ocrx_word' id='word_1_824' title='bbox 2792 4897 2935 4949; x_wconf 88' lang='lat' dir='ltr'><strong>enim</strong></span> <span class='ocrx_word' id='word_1_825' title='bbox 2985 4898 3038 4950; x_wconf 90' lang='lat' dir='ltr'><strong>in</strong></span> <span class='ocrx_word' id='word_1_826' title='bbox 3083 4898 3443 4966; x_wconf 84' lang='lat' dir='ltr'><strong>agricultura,</strong></span> 
     </span>
    </p>
   </div>
   <div class='ocr_carea' id='block_1_106' title="bbox 1862 4987 3444 5057">
    <p class='ocr_par' dir='ltr' id='par_1_106' title="bbox 1862 4987 3444 5057">
     <span class='ocr_line' id='line_1_106' title="bbox 1862 4987 3444 5057; baseline 0.003 -20"><span class='ocrx_word' id='word_1_827' title='bbox 1862 4987 2004 5041; x_wconf 86' lang='lat' dir='ltr'><strong>aliud</strong></span> <span class='ocrx_word' id='word_1_828' title='bbox 2054 4997 2266 5057; x_wconf 89' lang='lat' dir='ltr'><strong>tempus</strong></span> <span class='ocrx_word' id='word_1_829' title='bbox 2298 4989 2483 5041; x_wconf 88' lang='lat' dir='ltr'><strong>arandi</strong></span> <span class='ocrx_word' id='word_1_830' title='bbox 2517 5003 2703 5056; x_wconf 88' lang='lat' dir='ltr'><strong>agrum</strong></span> <span class='ocrx_word' id='word_1_831' title='bbox 2738 4997 2842 5052; x_wconf 89' lang='lat' dir='ltr'><strong>est,</strong></span> <span class='ocrx_word' id='word_1_832' title='bbox 2877 4988 3024 5041; x_wconf 90' lang='lat' dir='ltr'><strong>aliud</strong></span> <span class='ocrx_word' id='word_1_833' title='bbox 3054 5003 3184 5043; x_wconf 87' lang='lat' dir='ltr'><strong>vero</strong></span> <span class='ocrx_word' id='word_1_834' title='bbox 3235 4991 3444 5043; x_wconf 86' lang='lat' dir='ltr'><strong>semina</strong></span> 
     </span>
    </p>
   </div>
   <div class='ocr_carea' id='block_1_107' title="bbox 1861 5079 3444 5150">
    <p class='ocr_par' dir='ltr' id='par_1_107' title="bbox 1861 5079 3444 5150">
     <span class='ocr_line' id='line_1_107' title="bbox 1861 5079 3444 5150; baseline 0.001 -17"><span class='ocrx_word' id='word_1_835' title='bbox 1861 5081 2098 5135; x_wconf 82' lang='lat' dir='ltr'><strong>subactae</strong></span> <span class='ocrx_word' id='word_1_836' title='bbox 2131 5090 2289 5133; x_wconf 59' lang='lat' dir='ltr'><strong>terrie</strong></span> <span class='ocrx_word' id='word_1_837' title='bbox 2318 5079 2933 5150; x_wconf 86' lang='lat' dir='ltr'><strong>congruentiajaciendi</strong></span> <span class='ocrx_word' id='word_1_838' title='bbox 2958 5096 2972 5143; x_wconf 90' lang='lat'><strong>;</strong></span> <span class='ocrx_word' id='word_1_839' title='bbox 2996 5079 3185 5133; x_wconf 85' lang='lat' dir='ltr'><strong>eadem</strong></span> <span class='ocrx_word' id='word_1_840' title='bbox 3218 5096 3444 5148; x_wconf 87' lang='lat' dir='ltr'><strong>prorsus</strong></span> 
     </span>
    </p>
   </div>
   <div class='ocr_carea' id='block_1_108' title="bbox 1858 5185 3443 5259">
    <p class='ocr_par' dir='ltr' id='par_1_108' title="bbox 1858 5185 3443 5259">
     <span class='ocr_line' id='line_1_108' title="bbox 1858 5185 3443 5259; baseline -0.001 -16"><span class='ocrx_word' id='word_1_841' title='bbox 1858 5189 2066 5243; x_wconf 87' lang='lat' dir='ltr'><strong>ratione</strong></span> <span class='ocrx_word' id='word_1_842' title='bbox 2122 5190 2428 5240; x_wconf 88' lang='lat' dir='ltr'><strong>animarum</strong></span> <span class='ocrx_word' id='word_1_843' title='bbox 2482 5188 2741 5259; x_wconf 83' lang='lat' dir='ltr'><strong>agricola,</strong></span> <span class='ocrx_word' id='word_1_844' title='bbox 2794 5188 2888 5243; x_wconf 89' lang='lat' dir='ltr'><strong>Dei</strong></span> <span class='ocrx_word' id='word_1_845' title='bbox 2927 5185 3190 5251; x_wconf 82' lang='lat' dir='ltr'><strong>Verbum,</strong></span> <span class='ocrx_word' id='word_1_846' title='bbox 3232 5187 3443 5241; x_wconf 86' lang='lat' dir='ltr'><strong>animas</strong></span> 
     </span>
    </p>
   </div>
   <div class='ocr_carea' id='block_1_109' title="bbox 1858 5280 3445 5348">
    <p class='ocr_par' dir='ltr' id='par_1_109' title="bbox 1858 5280 3445 5348">
     <span class='ocr_line' id='line_1_109' title="bbox 1858 5280 3445 5348; baseline -0.005 -10"><span class='ocrx_word' id='word_1_847' title='bbox 1858 5284 2141 5338; x_wconf 87' lang='lat' dir='ltr'><strong>hominum</strong></span> <span class='ocrx_word' id='word_1_848' title='bbox 2186 5282 2357 5343; x_wconf 86' lang='lat' dir='ltr'><strong>arari,</strong></span> <span class='ocrx_word' id='word_1_849' title='bbox 2386 5296 2453 5335; x_wconf 82' lang='lat' dir='ltr'><strong>ac</strong></span> <span class='ocrx_word' id='word_1_850' title='bbox 2481 5297 2579 5348; x_wconf 90' lang='lat' dir='ltr'><strong>per</strong></span> <span class='ocrx_word' id='word_1_851' title='bbox 2602 5281 2981 5335; x_wconf 78' lang='lat' dir='ltr'><strong>rationabilem</strong></span> <span class='ocrx_word' id='word_1_852' title='bbox 3022 5281 3331 5335; x_wconf 86' lang='lat' dir='ltr'><strong>doctrinam</strong></span> <span class='ocrx_word' id='word_1_853' title='bbox 3371 5280 3445 5331; x_wconf 83' lang='lat' dir='ltr'><strong>la-</strong></span> 
     </span>
    </p>
   </div>
   <div class='ocr_carea' id='block_1_110' title="bbox 1861 5371 3443 5443">
    <p class='ocr_par' dir='ltr' id='par_1_110' title="bbox 1861 5371 3443 5443">
     <span class='ocr_line' id='line_1_110' title="bbox 1861 5371 3443 5443; baseline -0.003 -14"><span class='ocrx_word' id='word_1_854' title='bbox 1861 5386 2035 5432; x_wconf 88' lang='lat' dir='ltr'><strong>tentes</strong></span> <span class='ocrx_word' id='word_1_855' title='bbox 2063 5378 2169 5429; x_wconf 90' lang='lat' dir='ltr'><strong>imo</strong></span> <span class='ocrx_word' id='word_1_856' title='bbox 2195 5384 2417 5443; x_wconf 90' lang='lat' dir='ltr'><strong>pectore</strong></span> <span class='ocrx_word' id='word_1_857' title='bbox 2449 5374 2809 5443; x_wconf 82' lang='lat' dir='ltr'><strong>cogitationes</strong></span> <span class='ocrx_word' id='word_1_858' title='bbox 2839 5373 2990 5427; x_wconf 88' lang='lat' dir='ltr'><strong>verbi</strong></span> <span class='ocrx_word' id='word_1_859' title='bbox 3025 5382 3210 5425; x_wconf 89' lang='lat' dir='ltr'><strong>aratro</strong></span> <span class='ocrx_word' id='word_1_860' title='bbox 3242 5371 3443 5425; x_wconf 81' lang='lat' dir='ltr'><strong>sulcari</strong></span> 
     </span>
    </p>
   </div>
   <div class='ocr_carea' id='block_1_111' title="bbox 1856 5462 3441 5541">
    <p class='ocr_par' dir='ltr' id='par_1_111' title="bbox 1856 5462 3441 5541">
     <span class='ocr_line' id='line_1_111' title="bbox 1856 5462 3441 5541; baseline -0.007 -17"><span class='ocrx_word' id='word_1_861' title='bbox 1856 5472 2081 5541; x_wconf 80' lang='lat' dir='ltr'><strong>expetit.</strong></span> <span class='ocrx_word' id='word_1_862' title='bbox 2125 5464 2491 5536; x_wconf 78' lang='lat' dir='ltr'><strong>Quamobrem</strong></span> <span class='ocrx_word' id='word_1_863' title='bbox 2540 5468 2613 5519; x_wconf 89' lang='lat' dir='ltr'><strong>ita</strong></span> <span class='ocrx_word' id='word_1_864' title='bbox 2654 5466 2897 5535; x_wconf 69' lang='lat' dir='ltr'><strong>prrcipit</strong></span> <span class='ocrx_word' id='word_1_865' title='bbox 2934 5481 2947 5515; x_wconf 93' lang='lat'>:</span> <span class='ocrx_word' id='word_1_866' title='bbox 2983 5484 2999 5514; x_wconf 86' lang='grc' dir='ltr'><strong>ι</strong></span> <span class='ocrx_word' id='word_1_867' title='bbox 3027 5462 3235 5516; x_wconf 79' lang='lat' dir='ltr'><strong>Novate</strong></span> <span class='ocrx_word' id='word_1_868' title='bbox 3282 5462 3441 5515; x_wconf 73' lang='lat' dir='ltr'><strong>nobis</strong></span> 
     </span>
    </p>
   </div>
   <div class='ocr_carea' id='block_1_112' title="bbox 1857 5554 3437 5628">
    <p class='ocr_par' dir='ltr' id='par_1_112' title="bbox 1857 5554 3437 5628">
     <span class='ocr_line' id='line_1_112' title="bbox 1857 5554 3437 5628; baseline -0.006 -12"><span class='ocrx_word' id='word_1_869' title='bbox 1857 5562 2095 5624; x_wconf 86' lang='lat' dir='ltr'><strong>novalia,</strong></span> <span class='ocrx_word' id='word_1_870' title='bbox 2123 5571 2178 5617; x_wconf 89' lang='lat' dir='ltr'><strong>et</strong></span> <span class='ocrx_word' id='word_1_871' title='bbox 2216 5575 2281 5613; x_wconf 92' lang='lat' dir='ltr'><strong>ne</strong></span> <span class='ocrx_word' id='word_1_872' title='bbox 2310 5560 2576 5613; x_wconf 85' lang='lat' dir='ltr'><strong>seminate</strong></span> <span class='ocrx_word' id='word_1_873' title='bbox 2608 5574 2771 5628; x_wconf 83' lang='lat' dir='ltr'><strong>supra</strong></span> <span class='ocrx_word' id='word_1_874' title='bbox 2814 5558 3021 5626; x_wconf 87' lang='lat' dir='ltr'><strong>spinas.</strong></span> <span class='ocrx_word' id='word_1_875' title='bbox 3060 5574 3077 5606; x_wconf 76' lang='grc' dir='ltr'><strong>ι</strong></span> <span class='ocrx_word' id='word_1_876' title='bbox 3136 5554 3437 5623; x_wconf 81' lang='lat' dir='ltr'><strong>Postquam</strong></span> 
     </span>
    </p>
   </div>
   <div class='ocr_carea' id='block_1_113' title="bbox 1856 5649 3438 5720">
    <p class='ocr_par' dir='ltr' id='par_1_113' title="bbox 1856 5649 3438 5720">
     <span class='ocr_line' id='line_1_113' title="bbox 1856 5649 3438 5720; baseline -0.004 -16"><span class='ocrx_word' id='word_1_877' title='bbox 1856 5663 2034 5705; x_wconf 85' lang='lat' dir='ltr'><strong>autem</strong></span> <span class='ocrx_word' id='word_1_878' title='bbox 2073 5650 2158 5704; x_wconf 89' lang='lat' dir='ltr'><strong>illa</strong></span> <span class='ocrx_word' id='word_1_879' title='bbox 2192 5652 2387 5703; x_wconf 74' lang='lat' dir='ltr'><strong>anima:</strong></span> <span class='ocrx_word' id='word_1_880' title='bbox 2417 5650 2582 5703; x_wconf 89' lang='lat' dir='ltr'><strong>veluti</strong></span> <span class='ocrx_word' id='word_1_881' title='bbox 2611 5650 2927 5720; x_wconf 89' lang='lat' dir='ltr'><strong>superﬁcies</strong></span> <span class='ocrx_word' id='word_1_882' title='bbox 2961 5649 3304 5715; x_wconf 89' lang='lat' dir='ltr'><strong>complanata</strong></span> <span class='ocrx_word' id='word_1_883' title='bbox 3333 5656 3438 5709; x_wconf 90' lang='lat' dir='ltr'><strong>est,</strong></span> 
     </span>
    </p>
   </div>
   <div class='ocr_carea' id='block_1_114' title="bbox 1862 5739 3441 5811">
    <p class='ocr_par' dir='ltr' id='par_1_114' title="bbox 1862 5739 3441 5811">
     <span class='ocr_line' id='line_1_114' title="bbox 1862 5739 3441 5811; baseline -0.003 -14"><span class='ocrx_word' id='word_1_884' title='bbox 1862 5744 2071 5798; x_wconf 83' lang='lat' dir='ltr'><strong>sublata</strong></span> <span class='ocrx_word' id='word_1_885' title='bbox 2108 5744 2275 5808; x_wconf 87' lang='lat' dir='ltr'><strong>omni,</strong></span> <span class='ocrx_word' id='word_1_886' title='bbox 2324 5743 2451 5803; x_wconf 88' lang='lat' dir='ltr'><strong>olim</strong></span> <span class='ocrx_word' id='word_1_887' title='bbox 2504 5744 2557 5797; x_wconf 88' lang='lat' dir='ltr'><strong>in</strong></span> <span class='ocrx_word' id='word_1_888' title='bbox 2596 5758 2659 5797; x_wconf 88' lang='lat' dir='ltr'><strong>ea</strong></span> <span class='ocrx_word' id='word_1_889' title='bbox 2695 5744 2975 5811; x_wconf 85' lang='lat' dir='ltr'><strong>spinarum</strong></span> <span class='ocrx_word' id='word_1_890' title='bbox 3037 5742 3213 5794; x_wconf 90' lang='lat' dir='ltr'><strong>instar</strong></span> <span class='ocrx_word' id='word_1_891' title='bbox 3263 5739 3441 5805; x_wconf 82' lang='lat' dir='ltr'><strong>pullu-</strong></span> 
     </span>
    </p>
   </div>
   <div class='ocr_carea' id='block_1_115' title="bbox 1856 5831 3441 5905">
    <p class='ocr_par' dir='ltr' id='par_1_115' title="bbox 1856 5831 3441 5905">
     <span class='ocr_line' id='line_1_115' title="bbox 1856 5831 3441 5905; baseline -0.003 -16"><span class='ocrx_word' id='word_1_892' title='bbox 1856 5835 2024 5901; x_wconf 84' lang='lat' dir='ltr'><strong>lante,</strong></span> <span class='ocrx_word' id='word_1_893' title='bbox 2059 5838 2299 5905; x_wconf 90' lang='lat' dir='ltr'><strong>nequitia</strong></span> <span class='ocrx_word' id='word_1_894' title='bbox 2342 5852 2357 5900; x_wconf 88' lang='lat'><strong>;</strong></span> <span class='ocrx_word' id='word_1_895' title='bbox 2418 5848 2545 5890; x_wconf 87' lang='lat' dir='ltr'><strong>tunc</strong></span> <span class='ocrx_word' id='word_1_896' title='bbox 2592 5838 2804 5890; x_wconf 84' lang='lat' dir='ltr'><strong>ratione</strong></span> <span class='ocrx_word' id='word_1_897' title='bbox 2856 5836 3041 5890; x_wconf 88' lang='lat' dir='ltr'><strong>habita</strong></span> <span class='ocrx_word' id='word_1_898' title='bbox 3104 5831 3441 5887; x_wconf 83' lang='lat' dir='ltr'><strong>discriminis</strong></span> 
     </span>
    </p>
   </div>
   <div class='ocr_carea' id='block_1_116' title="bbox 1856 5928 3441 6001">
    <p class='ocr_par' dir='ltr' id='par_1_116' title="bbox 1856 5928 3441 6001">
     <span class='ocr_line' id='line_1_116' title="bbox 1856 5928 3441 6001; baseline -0.004 -14"><span class='ocrx_word' id='word_1_899' title='bbox 1856 5946 2043 5988; x_wconf 85' lang='lat' dir='ltr'><strong>eorum</strong></span> <span class='ocrx_word' id='word_1_900' title='bbox 2079 5934 2171 6001; x_wconf 88' lang='lat' dir='ltr'><strong>qui</strong></span> <span class='ocrx_word' id='word_1_901' title='bbox 2215 5949 2400 5989; x_wconf 86' lang='lat' dir='ltr'><strong>scmen</strong></span> <span class='ocrx_word' id='word_1_902' title='bbox 2438 5934 2739 5999; x_wconf 78' lang='lat' dir='ltr'><strong>excipiunt,</strong></span> <span class='ocrx_word' id='word_1_903' title='bbox 2773 5931 2977 5986; x_wconf 85' lang='lat' dir='ltr'><strong>semina</strong></span> <span class='ocrx_word' id='word_1_904' title='bbox 3005 5930 3142 5994; x_wconf 74' lang='lat' dir='ltr'><strong>jacit</strong></span> <span class='ocrx_word' id='word_1_905' title='bbox 3169 5946 3183 5991; x_wconf 84' lang='lat'><strong>;</strong></span> <span class='ocrx_word' id='word_1_906' title='bbox 3215 5928 3269 5983; x_wconf 82' lang='lat' dir='ltr'><strong>in</strong></span> <span class='ocrx_word' id='word_1_907' title='bbox 3305 5928 3441 5982; x_wconf 85' lang='lat' dir='ltr'><strong>alios</strong></span> 
     </span>
    </p>
   </div>
  </div>
