  <div class='ocr_page' id='page_1' title='image "/cluster/home/n/w/nwhite01/storage/ocr_20150623/24/ien.35556001660497/160.png"; bbox 0 0 4042 6390; ppageno 0'>
   <div class='ocr_carea' id='block_1_1' title="bbox 193 410 293 463">
    <p class='ocr_par' dir='ltr' id='par_1_1' title="bbox 193 410 293 463">
     <span class='ocr_line' id='line_1_1' title="bbox 193 410 293 463; baseline 0 -1"><span class='ocrx_word' id='word_1_1' title='bbox 193 410 293 463; x_wconf 70' lang='grc'><strong>297</strong></span> 
     </span>
    </p>
   </div>
   <div class='ocr_carea' id='block_1_2' title="bbox 1103 401 2540 466">
    <p class='ocr_par' dir='ltr' id='par_1_2' title="bbox 1103 401 2540 466">
     <span class='ocr_line' id='line_1_2' title="bbox 1103 401 2540 466; baseline -0.009 0"><span class='ocrx_word' id='word_1_2' title='bbox 1103 405 1604 466; x_wconf 64' lang='lat' dir='ltr'><strong>COMMENTARIA</strong></span> <span class='ocrx_word' id='word_1_3' title='bbox 1642 403 1708 458; x_wconf 79' lang='lat' dir='ltr'><strong>IN</strong></span> <span class='ocrx_word' id='word_1_4' title='bbox 1749 403 2008 458; x_wconf 79' lang='lat' dir='ltr'><strong>lSAlAM.</strong></span> <span class='ocrx_word' id='word_1_5' title='bbox 2049 434 2118 444; x_wconf 82' lang='lat'><strong>-—</strong></span> <span class='ocrx_word' id='word_1_6' title='bbox 2152 401 2306 459; x_wconf 83' lang='lat' dir='ltr'><strong>CAP.</strong></span> <span class='ocrx_word' id='word_1_7' title='bbox 2352 401 2540 455; x_wconf 65' lang='lat' dir='ltr'><strong>XXIX.</strong></span> 
     </span>
    </p>
   </div>
   <div class='ocr_carea' id='block_1_3' title="bbox 3355 402 3457 457">
    <p class='ocr_par' dir='ltr' id='par_1_3' title="bbox 3355 402 3457 457">
     <span class='ocr_line' id='line_1_3' title="bbox 3355 402 3457 457; baseline 0.039 -4"><span class='ocrx_word' id='word_1_8' title='bbox 3355 402 3457 457; x_wconf 67' lang='grc' dir='ltr'><strong>ΞΩὸ</strong></span> 
     </span>
    </p>
   </div>
   <div class='ocr_carea' id='block_1_4' title="bbox 193 515 1765 596">
    <p class='ocr_par' dir='ltr' id='par_1_4' title="bbox 193 519 1765 596">
     <span class='ocr_line' id='line_1_4' title="bbox 193 519 1765 596; baseline -0.005 -16"><span class='ocrx_word' id='word_1_9' title='bbox 193 528 499 596; x_wconf 77' lang='grc' dir='ltr'><strong>ἐπολέμησε</strong></span> <span class='ocrx_word' id='word_1_10' title='bbox 531 526 714 588; x_wconf 84' lang='grc' dir='ltr'>Δαυῒδ,</span> <span class='ocrx_word' id='word_1_11' title='bbox 751 527 838 578; x_wconf 85' lang='grc' dir='ltr'><strong>ὅτε</strong></span> <span class='ocrx_word' id='word_1_12' title='bbox 889 527 993 579; x_wconf 77' lang='grc' dir='ltr'>ὑπὸ</span> <span class='ocrx_word' id='word_1_13' title='bbox 1057 525 1373 593; x_wconf 81' lang='grc' dir='ltr'><strong>ἀλλοφύλοις</strong></span> <span class='ocrx_word' id='word_1_14' title='bbox 1406 519 1492 594; x_wconf 81' lang='grc' dir='ltr'><strong>ἦν.</strong></span> <span class='ocrx_word' id='word_1_15' title='bbox 1539 521 1765 574; x_wconf 81' lang='grc' dir='ltr'>Δύναται</span> 
     </span>
    </p>
   </div>
   <div class='ocr_carea' id='block_1_5' title="bbox 1872 515 3460 596">
    <p class='ocr_par' dir='ltr' id='par_1_5' title="bbox 1875 515 3460 585">
     <span class='ocr_line' id='line_1_5' title="bbox 1875 515 3460 585; baseline -0.001 -14"><span class='ocrx_word' id='word_1_16' title='bbox 1875 531 2021 572; x_wconf 88' lang='lat' dir='ltr'><strong>ctum</strong></span> <span class='ocrx_word' id='word_1_17' title='bbox 2057 521 2242 582; x_wconf 76' lang='lat' dir='ltr'><strong>fuisse,</strong></span> <span class='ocrx_word' id='word_1_18' title='bbox 2281 537 2298 567; x_wconf 83' lang='grc'><strong><em>‹</em></strong></span> <span class='ocrx_word' id='word_1_19' title='bbox 2336 533 2428 584; x_wconf 88' lang='lat' dir='ltr'><strong>per</strong></span> <span class='ocrx_word' id='word_1_20' title='bbox 2464 531 2623 585; x_wconf 91' lang='lat' dir='ltr'><strong>quam</strong></span> <span class='ocrx_word' id='word_1_21' title='bbox 2669 515 2995 583; x_wconf 75' lang='lat' dir='ltr'><strong>expugnavit</strong></span> <span class='ocrx_word' id='word_1_22' title='bbox 3043 515 3230 569; x_wconf 82' lang='lat' dir='ltr'><strong>David.</strong></span> <span class='ocrx_word' id='word_1_23' title='bbox 3275 536 3290 566; x_wconf 71' lang='grc' dir='ltr'><strong>ι</strong></span> <span class='ocrx_word' id='word_1_24' title='bbox 3329 518 3460 570; x_wconf 83' lang='lat' dir='ltr'><strong>lllml</strong></span> 
     </span>
    </p>
   </div>
   <div class='ocr_carea' id='block_1_6' title="bbox 190 612 1770 686">
    <p class='ocr_par' dir='ltr' id='par_1_6' title="bbox 190 612 1770 686">
     <span class='ocr_line' id='line_1_6' title="bbox 190 612 1770 686; baseline -0.003 -18"><span class='ocrx_word' id='word_1_25' title='bbox 190 619 246 668; x_wconf 80' lang='grc' dir='ltr'><strong>δέ</strong></span> <span class='ocrx_word' id='word_1_26' title='bbox 272 618 367 669; x_wconf 73' lang='grc' dir='ltr'><strong>καὶ</strong></span> <span class='ocrx_word' id='word_1_27' title='bbox 391 618 514 669; x_wconf 69' lang='grc' dir='ltr'>ἀντὶ</span> <span class='ocrx_word' id='word_1_28' title='bbox 540 618 654 680; x_wconf 89' lang='grc' dir='ltr'>τοῦ,</span> <span class='ocrx_word' id='word_1_29' title='bbox 684 637 701 667; x_wconf 76' lang='grc' dir='ltr'><strong>ι</strong></span> <span class='ocrx_word' id='word_1_30' title='bbox 732 617 798 668; x_wconf 76' lang='grc' dir='ltr'><strong>δι’</strong></span> <span class='ocrx_word' id='word_1_31' title='bbox 823 618 888 686; x_wconf 78' lang='grc' dir='ltr'>ἣν</span> <span class='ocrx_word' id='word_1_32' title='bbox 916 616 1221 686; x_wconf 77' lang='grc' dir='ltr'>ἐπολέμησε</span> <span class='ocrx_word' id='word_1_33' title='bbox 1253 615 1432 677; x_wconf 77' lang='grc' dir='ltr'>Δαυῒδ,</span> <span class='ocrx_word' id='word_1_34' title='bbox 1461 633 1478 666; x_wconf 72' lang='grc' dir='ltr'><strong>ι</strong></span> <span class='ocrx_word' id='word_1_35' title='bbox 1498 612 1770 679; x_wconf 80' lang='grc' dir='ltr'>λέγεσθαι.</span> 
     </span>
    </p>
   </div>
   <div class='ocr_carea' id='block_1_7' title="bbox 190 703 1774 776">
    <p class='ocr_par' dir='ltr' id='par_1_7' title="bbox 190 703 1774 776">
     <span class='ocr_line' id='line_1_7' title="bbox 190 703 1774 776; baseline -0.003 -18"><span class='ocrx_word' id='word_1_36' title='bbox 190 706 260 758; x_wconf 82' lang='grc' dir='ltr'>Τὸ</span> <span class='ocrx_word' id='word_1_37' title='bbox 288 707 364 766; x_wconf 72' lang='grc' dir='ltr'><strong>δὲ,</strong></span> <span class='ocrx_word' id='word_1_38' title='bbox 403 725 421 755; x_wconf 76' lang='grc' dir='ltr'><strong>ι</strong></span> <span class='ocrx_word' id='word_1_39' title='bbox 468 706 810 772; x_wconf 79' lang='grc' dir='ltr'><strong>Συναγάγετε</strong></span> <span class='ocrx_word' id='word_1_40' title='bbox 849 707 1185 776; x_wconf 81' lang='grc' dir='ltr'><strong>γεννήματα,</strong></span> <span class='ocrx_word' id='word_1_41' title='bbox 1231 723 1250 756; x_wconf 74' lang='grc' dir='ltr'><strong>ι</strong></span> <span class='ocrx_word' id='word_1_42' title='bbox 1280 705 1444 774; x_wconf 74' lang='grc' dir='ltr'>φησιν</span> <span class='ocrx_word' id='word_1_43' title='bbox 1469 721 1484 733; x_wconf 75' lang='grc'><strong><em>⁸</em></strong></span> <span class='ocrx_word' id='word_1_44' title='bbox 1517 705 1639 755; x_wconf 75' lang='grc' dir='ltr'>ὅσον</span> <span class='ocrx_word' id='word_1_45' title='bbox 1666 703 1774 772; x_wconf 75' lang='grc' dir='ltr'>γὰρ</span> 
     </span>
    </p>
   </div>
   <div class='ocr_carea' id='block_1_8' title="bbox 189 789 1774 866">
    <p class='ocr_par' dir='ltr' id='par_1_8' title="bbox 189 789 1774 866">
     <span class='ocr_line' id='line_1_8' title="bbox 189 789 1774 866; baseline -0.001 -19"><span class='ocrx_word' id='word_1_46' title='bbox 189 794 344 847; x_wconf 79' lang='grc' dir='ltr'>οῦπω</span> <span class='ocrx_word' id='word_1_47' title='bbox 377 796 778 866; x_wconf 83' lang='grc' dir='ltr'>στερηθήσεσθε</span> <span class='ocrx_word' id='word_1_48' title='bbox 809 796 1458 866; x_wconf 81' lang='grc' dir='ltr'>πάσηςλογικῆςτροφῆς.</span> <span class='ocrx_word' id='word_1_49' title='bbox 1477 796 1565 857; x_wconf 84' lang='grc' dir='ltr'>Ὡς</span> <span class='ocrx_word' id='word_1_50' title='bbox 1588 789 1774 846; x_wconf 76' lang='grc' dir='ltr'>ἐτιοῦν</span> 
     </span>
    </p>
   </div>
   <div class='ocr_carea' id='block_1_9' title="bbox 189 884 1774 954">
    <p class='ocr_par' dir='ltr' id='par_1_9' title="bbox 189 884 1774 954">
     <span class='ocr_line' id='line_1_9' title="bbox 189 884 1774 954; baseline -0.001 -18"><span class='ocrx_word' id='word_1_51' title='bbox 189 886 382 954; x_wconf 79' lang='grc' dir='ltr'>καιρός</span> <span class='ocrx_word' id='word_1_52' title='bbox 404 887 538 945; x_wconf 86' lang='grc' dir='ltr'>ἐστι,</span> <span class='ocrx_word' id='word_1_53' title='bbox 561 885 833 954; x_wconf 78' lang='grc' dir='ltr'>χρήσασθε</span> <span class='ocrx_word' id='word_1_54' title='bbox 847 889 957 948; x_wconf 83' lang='grc' dir='ltr'>τοῖς</span> <span class='ocrx_word' id='word_1_55' title='bbox 978 888 1237 947; x_wconf 78' lang='grc' dir='ltr'><strong>ἐνιαυτοῖς</strong></span> <span class='ocrx_word' id='word_1_56' title='bbox 1252 885 1463 948; x_wconf 81' lang='grc' dir='ltr'><strong>τούτοις</strong></span> <span class='ocrx_word' id='word_1_57' title='bbox 1484 885 1621 954; x_wconf 80' lang='grc' dir='ltr'>πρὸς</span> <span class='ocrx_word' id='word_1_58' title='bbox 1632 884 1774 952; x_wconf 81' lang='grc' dir='ltr'><strong>ὠφέ-</strong></span> 
     </span>
    </p>
   </div>
   <div class='ocr_carea' id='block_1_10' title="bbox 187 975 1772 1048">
    <p class='ocr_par' dir='ltr' id='par_1_10' title="bbox 187 975 1772 1048">
     <span class='ocr_line' id='line_1_10' title="bbox 187 975 1772 1048; baseline 0.001 -22"><span class='ocrx_word' id='word_1_59' title='bbox 187 975 337 1027; x_wconf 87' lang='grc' dir='ltr'>λειαν</span> <span class='ocrx_word' id='word_1_60' title='bbox 359 975 472 1027; x_wconf 83' lang='grc' dir='ltr'><strong>τῶν</strong></span> <span class='ocrx_word' id='word_1_61' title='bbox 502 977 780 1045; x_wconf 81' lang='grc' dir='ltr'>ὑμετέρων</span> <span class='ocrx_word' id='word_1_62' title='bbox 803 977 988 1047; x_wconf 70' lang='grc' dir='ltr'>ψυχῶν</span> <span class='ocrx_word' id='word_1_63' title='bbox 1011 997 1024 1009; x_wconf 78' lang='grc' dir='ltr'><strong>ο</strong></span> <span class='ocrx_word' id='word_1_64' title='bbox 1052 977 1144 1032; x_wconf 76' lang='grc' dir='ltr'>καί</span> <span class='ocrx_word' id='word_1_65' title='bbox 1169 995 1256 1048; x_wconf 88' lang='grc' dir='ltr'><strong>μοι</strong></span> <span class='ocrx_word' id='word_1_66' title='bbox 1282 977 1429 1030; x_wconf 85' lang='grc' dir='ltr'><strong>δοκεῖ</strong></span> <span class='ocrx_word' id='word_1_67' title='bbox 1454 978 1541 1030; x_wconf 85' lang='grc' dir='ltr'><strong>διὰ</strong></span> <span class='ocrx_word' id='word_1_68' title='bbox 1568 977 1772 1029; x_wconf 85' lang='grc' dir='ltr'>τούτων</span> 
     </span>
    </p>
   </div>
   <div class='ocr_carea' id='block_1_11' title="bbox 186 1067 1769 1138">
    <p class='ocr_par' dir='ltr' id='par_1_11' title="bbox 186 1067 1769 1138">
     <span class='ocr_line' id='line_1_11' title="bbox 186 1067 1769 1138; baseline 0.001 -22"><span class='ocrx_word' id='word_1_69' title='bbox 186 1067 518 1118; x_wconf 78' lang='grc' dir='ltr'>αἰνίττεσθαι</span> <span class='ocrx_word' id='word_1_70' title='bbox 554 1067 644 1118; x_wconf 82' lang='grc' dir='ltr'><strong>τὸν</strong></span> <span class='ocrx_word' id='word_1_71' title='bbox 692 1068 880 1138; x_wconf 85' lang='grc' dir='ltr'>χρόνον</span> <span class='ocrx_word' id='word_1_72' title='bbox 931 1067 1022 1120; x_wconf 86' lang='grc' dir='ltr'><strong>τοῦ</strong></span> <span class='ocrx_word' id='word_1_73' title='bbox 1077 1069 1344 1138; x_wconf 78' lang='grc' dir='ltr'><strong>σωτηρίου</strong></span> <span class='ocrx_word' id='word_1_74' title='bbox 1395 1067 1769 1138; x_wconf 81' lang='grc' dir='ltr'><strong>κηρύγματος,</strong></span> 
     </span>
    </p>
   </div>
   <div class='ocr_carea' id='block_1_12' title="bbox 189 1156 1770 1228">
    <p class='ocr_par' dir='ltr' id='par_1_12' title="bbox 189 1156 1770 1228">
     <span class='ocr_line' id='line_1_12' title="bbox 189 1156 1770 1228; baseline -0.001 -21"><span class='ocrx_word' id='word_1_75' title='bbox 189 1156 309 1208; x_wconf 82' lang='grc' dir='ltr'>καθ’</span> <span class='ocrx_word' id='word_1_76' title='bbox 341 1159 397 1210; x_wconf 81' lang='grc' dir='ltr'>ὃν</span> <span class='ocrx_word' id='word_1_77' title='bbox 423 1157 768 1228; x_wconf 77' lang='grc' dir='ltr'><strong>ἐπιδημήσας</strong></span> <span class='ocrx_word' id='word_1_78' title='bbox 788 1160 967 1220; x_wconf 75' lang='grc' dir='ltr'>αὐτοῖς</span> <span class='ocrx_word' id='word_1_79' title='bbox 987 1158 1014 1208; x_wconf 83' lang='grc' dir='ltr'>ὁ</span> <span class='ocrx_word' id='word_1_80' title='bbox 1037 1158 1246 1227; x_wconf 83' lang='grc' dir='ltr'>Σωτὴρ,</span> <span class='ocrx_word' id='word_1_81' title='bbox 1272 1159 1564 1228; x_wconf 78' lang='grc' dir='ltr'><strong>ἐκήρυττεν</strong></span> <span class='ocrx_word' id='word_1_82' title='bbox 1591 1158 1770 1209; x_wconf 83' lang='grc' dir='ltr'>ἐνιαυ-</span> 
     </span>
    </p>
   </div>
   <div class='ocr_carea' id='block_1_13' title="bbox 185 1246 1770 1318">
    <p class='ocr_par' dir='ltr' id='par_1_13' title="bbox 185 1246 1770 1318">
     <span class='ocr_line' id='line_1_13' title="bbox 185 1246 1770 1318; baseline -0.001 -20"><span class='ocrx_word' id='word_1_83' title='bbox 185 1246 276 1298; x_wconf 82' lang='grc' dir='ltr'><strong>τὸν</strong></span> <span class='ocrx_word' id='word_1_84' title='bbox 305 1248 515 1317; x_wconf 79' lang='grc' dir='ltr'>Κυρίου</span> <span class='ocrx_word' id='word_1_85' title='bbox 544 1248 730 1300; x_wconf 78' lang='grc' dir='ltr'>δεκτὸν</span> <span class='ocrx_word' id='word_1_86' title='bbox 771 1249 864 1301; x_wconf 76' lang='grc' dir='ltr'><strong>καὶ</strong></span> <span class='ocrx_word' id='word_1_87' title='bbox 904 1248 1119 1318; x_wconf 80' lang='grc' dir='ltr'>ἡμέραν</span> <span class='ocrx_word' id='word_1_88' title='bbox 1150 1247 1575 1309; x_wconf 81' lang='grc' dir='ltr'>ἀνταποδόσεως.</span> <span class='ocrx_word' id='word_1_89' title='bbox 1617 1247 1770 1315; x_wconf 86' lang='grc' dir='ltr'>Τάχα</span> 
     </span>
    </p>
   </div>
   <div class='ocr_carea' id='block_1_14' title="bbox 186 1337 1772 1409">
    <p class='ocr_par' dir='ltr' id='par_1_14' title="bbox 186 1337 1772 1409">
     <span class='ocr_line' id='line_1_14' title="bbox 186 1337 1772 1409; baseline 0.001 -21"><span class='ocrx_word' id='word_1_90' title='bbox 186 1338 241 1388; x_wconf 85' lang='grc' dir='ltr'>δὲ</span> <span class='ocrx_word' id='word_1_91' title='bbox 268 1341 363 1392; x_wconf 78' lang='grc' dir='ltr'><strong>καὶ</strong></span> <span class='ocrx_word' id='word_1_92' title='bbox 392 1340 641 1409; x_wconf 78' lang='grc' dir='ltr'>δεύτερον</span> <span class='ocrx_word' id='word_1_93' title='bbox 668 1341 848 1402; x_wconf 75' lang='grc' dir='ltr'>αὐτοῖς</span> <span class='ocrx_word' id='word_1_94' title='bbox 878 1339 1139 1400; x_wconf 75' lang='grc' dir='ltr'>ἐνιαυτὸν,</span> <span class='ocrx_word' id='word_1_95' title='bbox 1168 1339 1200 1408; x_wconf 84' lang='grc' dir='ltr'>ἢ</span> <span class='ocrx_word' id='word_1_96' title='bbox 1227 1341 1322 1392; x_wconf 82' lang='grc' dir='ltr'><strong>καὶ</strong></span> <span class='ocrx_word' id='word_1_97' title='bbox 1355 1339 1536 1409; x_wconf 81' lang='grc' dir='ltr'>τρίτον</span> <span class='ocrx_word' id='word_1_98' title='bbox 1562 1337 1772 1408; x_wconf 63' lang='grc' dir='ltr'>ὡμιληα</span> 
     </span>
    </p>
   </div>
   <div class='ocr_carea' id='block_1_15' title="bbox 187 1427 1771 1500">
    <p class='ocr_par' dir='ltr' id='par_1_15' title="bbox 187 1427 1771 1500">
     <span class='ocr_line' id='line_1_15' title="bbox 187 1427 1771 1500; baseline 0 -17"><span class='ocrx_word' id='word_1_99' title='bbox 187 1431 299 1494; x_wconf 84' lang='grc' dir='ltr'><strong>κὼς</strong></span> <span class='ocrx_word' id='word_1_100' title='bbox 341 1433 608 1499; x_wconf 73' lang='grc' dir='ltr'>φαίνεται.</span> <span class='ocrx_word' id='word_1_101' title='bbox 651 1433 819 1484; x_wconf 78' lang='grc' dir='ltr'>Αὑτὸν</span> <span class='ocrx_word' id='word_1_102' title='bbox 862 1427 953 1483; x_wconf 81' lang='grc' dir='ltr'>οὖν</span> <span class='ocrx_word' id='word_1_103' title='bbox 994 1432 1197 1482; x_wconf 83' lang='grc' dir='ltr'>ἐκεῖνον</span> <span class='ocrx_word' id='word_1_104' title='bbox 1241 1430 1360 1482; x_wconf 83' lang='grc' dir='ltr'>καθ’</span> <span class='ocrx_word' id='word_1_105' title='bbox 1404 1431 1463 1482; x_wconf 86' lang='grc' dir='ltr'>ὃν</span> <span class='ocrx_word' id='word_1_106' title='bbox 1510 1432 1771 1500; x_wconf 85' lang='grc' dir='ltr'>παρεῖχεν</span> 
     </span>
    </p>
   </div>
   <div class='ocr_carea' id='block_1_16' title="bbox 186 1522 1772 1595">
    <p class='ocr_par' dir='ltr' id='par_1_16' title="bbox 186 1522 1772 1595">
     <span class='ocr_line' id='line_1_16' title="bbox 186 1522 1772 1595; baseline 0 -20"><span class='ocrx_word' id='word_1_107' title='bbox 186 1524 371 1585; x_wconf 80' lang='grc' dir='ltr'>αὐτοῖς</span> <span class='ocrx_word' id='word_1_108' title='bbox 397 1524 466 1574; x_wconf 76' lang='grc' dir='ltr'><strong>τά</strong></span> <span class='ocrx_word' id='word_1_109' title='bbox 507 1527 633 1595; x_wconf 74' lang='grc' dir='ltr'>περὶ</span> <span class='ocrx_word' id='word_1_110' title='bbox 675 1528 772 1593; x_wconf 82' lang='grc' dir='ltr'><strong>τῆς</strong></span> <span class='ocrx_word' id='word_1_111' title='bbox 798 1523 904 1575; x_wconf 79' lang='grc' dir='ltr'><strong>τῶν</strong></span> <span class='ocrx_word' id='word_1_112' title='bbox 932 1523 1176 1593; x_wconf 80' lang='grc' dir='ltr'>οὐρανῶν</span> <span class='ocrx_word' id='word_1_113' title='bbox 1208 1522 1485 1591; x_wconf 80' lang='grc' dir='ltr'>βασι-λείας</span> <span class='ocrx_word' id='word_1_114' title='bbox 1519 1522 1772 1592; x_wconf 84' lang='grc' dir='ltr'>μαθήμα-</span> 
     </span>
    </p>
   </div>
   <div class='ocr_carea' id='block_1_17' title="bbox 186 1614 1772 1683">
    <p class='ocr_par' dir='ltr' id='par_1_17' title="bbox 186 1614 1772 1683">
     <span class='ocr_line' id='line_1_17' title="bbox 186 1614 1772 1683; baseline 0 -19"><span class='ocrx_word' id='word_1_115' title='bbox 186 1631 270 1674; x_wconf 82' lang='grc' dir='ltr'><strong>τα,</strong></span> <span class='ocrx_word' id='word_1_116' title='bbox 291 1615 571 1683; x_wconf 73' lang='grc' dir='ltr'>σημαίνων</span> <span class='ocrx_word' id='word_1_117' title='bbox 605 1615 734 1683; x_wconf 68' lang='grc' dir='ltr'><strong>φησί</strong></span> <span class='ocrx_word' id='word_1_118' title='bbox 755 1632 766 1643; x_wconf 92' lang='grc'><strong>·</strong></span> <span class='ocrx_word' id='word_1_119' title='bbox 801 1633 818 1665; x_wconf 71' lang='grc' dir='ltr'><strong>ι</strong></span> <span class='ocrx_word' id='word_1_120' title='bbox 844 1616 1185 1681; x_wconf 81' lang='grc' dir='ltr'>Συναγάγετε</span> <span class='ocrx_word' id='word_1_121' title='bbox 1215 1614 1561 1683; x_wconf 79' lang='grc' dir='ltr'>γεννήματα,</span> <span class='ocrx_word' id='word_1_122' title='bbox 1596 1614 1772 1665; x_wconf 86' lang='grc' dir='ltr'>ἐνιαυ-</span> 
     </span>
    </p>
   </div>
   <div class='ocr_carea' id='block_1_18' title="bbox 187 1702 1005 1769">
    <p class='ocr_par' dir='ltr' id='par_1_18' title="bbox 187 1702 1005 1769">
     <span class='ocr_line' id='line_1_18' title="bbox 187 1702 1005 1769; baseline 0 -17"><span class='ocrx_word' id='word_1_123' title='bbox 187 1702 275 1754; x_wconf 73' lang='grc' dir='ltr'><strong>τὸν</strong></span> <span class='ocrx_word' id='word_1_124' title='bbox 304 1706 391 1754; x_wconf 76' lang='grc' dir='ltr'>ἐπ’</span> <span class='ocrx_word' id='word_1_125' title='bbox 424 1703 666 1754; x_wconf 81' lang='grc' dir='ltr'>ἐνιαυτὸν</span> <span class='ocrx_word' id='word_1_126' title='bbox 701 1703 958 1769; x_wconf 79' lang='grc' dir='ltr'>φάγεσθε.</span> <span class='ocrx_word' id='word_1_127' title='bbox 989 1723 1005 1752; x_wconf 64' lang='grc' dir='ltr'><em>θ</em></span> 
     </span>
    </p>
   </div>
   <div class='ocr_carea' id='block_1_19' title="bbox 263 1794 1772 1865">
    <p class='ocr_par' dir='ltr' id='par_1_19' title="bbox 263 1794 1772 1865">
     <span class='ocr_line' id='line_1_19' title="bbox 263 1794 1772 1865; baseline 0.001 -20"><span class='ocrx_word' id='word_1_128' title='bbox 263 1816 280 1845; x_wconf 71' lang='grc' dir='ltr'>ί</span> <span class='ocrx_word' id='word_1_129' title='bbox 334 1795 604 1862; x_wconf 56' lang='grc' dir='ltr'>Ἐκθλίψω</span> <span class='ocrx_word' id='word_1_130' title='bbox 628 1796 734 1864; x_wconf 76' lang='grc' dir='ltr'><strong>γὰρ</strong></span> <span class='ocrx_word' id='word_1_131' title='bbox 781 1795 981 1865; x_wconf 84' lang='grc' dir='ltr'>Ἀριὴλ,</span> <span class='ocrx_word' id='word_1_132' title='bbox 1017 1795 1109 1847; x_wconf 76' lang='grc' dir='ltr'>καὶ</span> <span class='ocrx_word' id='word_1_133' title='bbox 1144 1795 1295 1846; x_wconf 80' lang='grc' dir='ltr'>ἔσται</span> <span class='ocrx_word' id='word_1_134' title='bbox 1337 1794 1506 1862; x_wconf 74' lang='grc' dir='ltr'>αὐτῆς</span> <span class='ocrx_word' id='word_1_135' title='bbox 1540 1797 1571 1863; x_wconf 88' lang='grc' dir='ltr'>ἡ</span> <span class='ocrx_word' id='word_1_136' title='bbox 1621 1796 1772 1865; x_wconf 77' lang='grc' dir='ltr'>ἰσχὺς</span> 
     </span>
    </p>
   </div>
   <div class='ocr_carea' id='block_1_20' title="bbox 1877 609 3457 678">
    <p class='ocr_par' dir='ltr' id='par_1_20' title="bbox 1877 609 3457 678">
     <span class='ocr_line' id='line_1_20' title="bbox 1877 609 3457 678; baseline 0 -15"><span class='ocrx_word' id='word_1_137' title='bbox 1877 628 2002 663; x_wconf 77' lang='lat' dir='ltr'><strong>vero</strong></span> <span class='ocrx_word' id='word_1_138' title='bbox 2030 653 2043 672; x_wconf 84' lang='lat'><strong>,</strong></span> <span class='ocrx_word' id='word_1_139' title='bbox 2084 629 2102 660; x_wconf 74' lang='grc' dir='ltr'><strong>ι</strong></span> <span class='ocrx_word' id='word_1_140' title='bbox 2141 621 2462 678; x_wconf 76' lang='lat' dir='ltr'><strong>congregata</strong></span> <span class='ocrx_word' id='word_1_141' title='bbox 2494 609 2734 670; x_wconf 80' lang='lat' dir='ltr'><strong>fructus,</strong></span> <span class='ocrx_word' id='word_1_142' title='bbox 2771 627 2786 657; x_wconf 69' lang='grc' dir='ltr'><strong>ι</strong></span> <span class='ocrx_word' id='word_1_143' title='bbox 2830 609 2932 660; x_wconf 86' lang='lat' dir='ltr'><strong>hoc</strong></span> <span class='ocrx_word' id='word_1_144' title='bbox 2987 623 3148 660; x_wconf 76' lang='lat' dir='ltr'><strong>sensu</strong></span> <span class='ocrx_word' id='word_1_145' title='bbox 3183 611 3349 663; x_wconf 90' lang='lat' dir='ltr'><strong>dicit:</strong></span> <span class='ocrx_word' id='word_1_146' title='bbox 3385 613 3457 663; x_wconf 49' lang='lat' dir='ltr'><strong>si-</strong></span> 
     </span>
    </p>
   </div>
   <div class='ocr_carea' id='block_1_21' title="bbox 1875 700 3457 771">
    <p class='ocr_par' dir='ltr' id='par_1_21' title="bbox 1875 700 3457 771">
     <span class='ocr_line' id='line_1_21' title="bbox 1875 700 3457 771; baseline -0.001 -15"><span class='ocrx_word' id='word_1_147' title='bbox 1875 705 2094 771; x_wconf 88' lang='lat' dir='ltr'><strong>quidem</strong></span> <span class='ocrx_word' id='word_1_148' title='bbox 2141 704 2444 770; x_wconf 81' lang='lat' dir='ltr'><strong>proximum</strong></span> <span class='ocrx_word' id='word_1_149' title='bbox 2478 712 2555 754; x_wconf 75' lang='lat' dir='ltr'><strong>est</strong></span> <span class='ocrx_word' id='word_1_150' title='bbox 2606 710 2663 753; x_wconf 92' lang='lat' dir='ltr'><strong>ut</strong></span> <span class='ocrx_word' id='word_1_151' title='bbox 2697 700 3003 753; x_wconf 72' lang='lat' dir='ltr'><strong>rationabili</strong></span> <span class='ocrx_word' id='word_1_152' title='bbox 3053 703 3173 754; x_wconf 90' lang='lat' dir='ltr'><strong>cibo</strong></span> <span class='ocrx_word' id='word_1_153' title='bbox 3201 702 3457 755; x_wconf 89' lang='lat' dir='ltr'><strong>carcatis.</strong></span> 
     </span>
    </p>
   </div>
   <div class='ocr_carea' id='block_1_22' title="bbox 1877 793 3460 862">
    <p class='ocr_par' dir='ltr' id='par_1_22' title="bbox 1877 793 3460 862">
     <span class='ocr_line' id='line_1_22' title="bbox 1877 793 3460 862; baseline 0 -18"><span class='ocrx_word' id='word_1_154' title='bbox 1877 793 2008 844; x_wconf 87' lang='lat' dir='ltr'>Dum</span> <span class='ocrx_word' id='word_1_155' title='bbox 2051 794 2217 862; x_wconf 84' lang='lat' dir='ltr'><strong>igitur</strong></span> <span class='ocrx_word' id='word_1_156' title='bbox 2252 804 2461 859; x_wconf 89' lang='lat' dir='ltr'><strong>tempus</strong></span> <span class='ocrx_word' id='word_1_157' title='bbox 2487 804 2593 854; x_wconf 89' lang='lat' dir='ltr'><strong>est,</strong></span> <span class='ocrx_word' id='word_1_158' title='bbox 2642 793 2793 846; x_wconf 91' lang='lat' dir='ltr'><strong>hisce</strong></span> <span class='ocrx_word' id='word_1_159' title='bbox 2841 793 2998 845; x_wconf 89' lang='lat' dir='ltr'><strong>annis</strong></span> <span class='ocrx_word' id='word_1_160' title='bbox 3031 795 3095 844; x_wconf 91' lang='lat' dir='ltr'><strong>ad</strong></span> <span class='ocrx_word' id='word_1_161' title='bbox 3151 794 3460 846; x_wconf 90' lang='lat' dir='ltr'><strong>animarum</strong></span> 
     </span>
    </p>
   </div>
   <div class='ocr_carea' id='block_1_23' title="bbox 1876 883 3459 952">
    <p class='ocr_par' dir='ltr' id='par_1_23' title="bbox 1876 883 3459 952">
     <span class='ocr_line' id='line_1_23' title="bbox 1876 883 3459 952; baseline 0.003 -19"><span class='ocrx_word' id='word_1_162' title='bbox 1876 894 2171 936; x_wconf 85' lang='lat' dir='ltr'><strong>vestrarum</strong></span> <span class='ocrx_word' id='word_1_163' title='bbox 2206 885 2492 937; x_wconf 90' lang='lat' dir='ltr'><strong>utilitatem</strong></span> <span class='ocrx_word' id='word_1_164' title='bbox 2531 883 2770 936; x_wconf 86' lang='lat' dir='ltr'><strong>lruitnini</strong></span> <span class='ocrx_word' id='word_1_165' title='bbox 2800 902 2812 936; x_wconf 91' lang='lat'><strong>:</strong></span> <span class='ocrx_word' id='word_1_166' title='bbox 2846 885 3086 952; x_wconf 85' lang='lat' dir='ltr'><strong>mihique</strong></span> <span class='ocrx_word' id='word_1_167' title='bbox 3120 885 3336 937; x_wconf 89' lang='lat' dir='ltr'><strong>videtur</strong></span> <span class='ocrx_word' id='word_1_168' title='bbox 3373 887 3459 938; x_wconf 87' lang='lat' dir='ltr'><strong>his</strong></span> 
     </span>
    </p>
   </div>
   <div class='ocr_carea' id='block_1_24' title="bbox 1876 974 3458 1045">
    <p class='ocr_par' dir='ltr' id='par_1_24' title="bbox 1876 974 3458 1045">
     <span class='ocr_line' id='line_1_24' title="bbox 1876 974 3458 1045; baseline 0.006 -24"><span class='ocrx_word' id='word_1_169' title='bbox 1876 974 2216 1026; x_wconf 83' lang='lat' dir='ltr'><strong>subindicare</strong></span> <span class='ocrx_word' id='word_1_170' title='bbox 2242 975 2496 1027; x_wconf 80' lang='lat' dir='ltr'><strong>salutaris</strong></span> <span class='ocrx_word' id='word_1_171' title='bbox 2525 975 2924 1040; x_wconf 65' lang='lat' dir='ltr'><strong>prmdicationis</strong></span> <span class='ocrx_word' id='word_1_172' title='bbox 2944 983 3176 1042; x_wconf 88' lang='lat' dir='ltr'><strong>tempus,</strong></span> <span class='ocrx_word' id='word_1_173' title='bbox 3195 991 3301 1042; x_wconf 93' lang='lat' dir='ltr'><strong>quo</strong></span> <span class='ocrx_word' id='word_1_174' title='bbox 3316 978 3458 1045; x_wconf 85' lang='lat' dir='ltr'><strong>apud</strong></span> 
     </span>
    </p>
   </div>
   <div class='ocr_carea' id='block_1_25' title="bbox 1876 1062 3455 1133">
    <p class='ocr_par' dir='ltr' id='par_1_25' title="bbox 1876 1062 3455 1133">
     <span class='ocr_line' id='line_1_25' title="bbox 1876 1062 3455 1133; baseline 0.006 -20"><span class='ocrx_word' id='word_1_175' title='bbox 1876 1062 1992 1115; x_wconf 86' lang='lat' dir='ltr'><strong>illos</strong></span> <span class='ocrx_word' id='word_1_176' title='bbox 2020 1066 2398 1133; x_wconf 74' lang='lat' dir='ltr'><strong>peregrinatus</strong></span> <span class='ocrx_word' id='word_1_177' title='bbox 2433 1064 2714 1128; x_wconf 79' lang='lat' dir='ltr'><strong>Salvator,</strong></span> <span class='ocrx_word' id='word_1_178' title='bbox 2761 1065 3081 1132; x_wconf 85' lang='lat' dir='ltr'><strong>praedicavit</strong></span> <span class='ocrx_word' id='word_1_179' title='bbox 3109 1082 3310 1120; x_wconf 89' lang='lat' dir='ltr'><strong>annum</strong></span> <span class='ocrx_word' id='word_1_180' title='bbox 3348 1068 3455 1122; x_wconf 87' lang='lat' dir='ltr'><strong>Do-</strong></span> 
     </span>
    </p>
   </div>
   <div class='ocr_carea' id='block_1_26' title="bbox 1874 1153 3458 1222">
    <p class='ocr_par' dir='ltr' id='par_1_26' title="bbox 1874 1153 3458 1222">
     <span class='ocr_line' id='line_1_26' title="bbox 1874 1153 3458 1222; baseline 0.005 -18"><span class='ocrx_word' id='word_1_181' title='bbox 1874 1153 2004 1205; x_wconf 86' lang='lat' dir='ltr'><strong>mini</strong></span> <span class='ocrx_word' id='word_1_182' title='bbox 2035 1155 2425 1222; x_wconf 89' lang='lat' dir='ltr'><strong>acceptabilem</strong></span> <span class='ocrx_word' id='word_1_183' title='bbox 2458 1169 2512 1209; x_wconf 88' lang='lat' dir='ltr'><strong>et</strong></span> <span class='ocrx_word' id='word_1_184' title='bbox 2547 1166 2758 1222; x_wconf 82' lang='lat' dir='ltr'><strong>tempus</strong></span> <span class='ocrx_word' id='word_1_185' title='bbox 2810 1157 3205 1212; x_wconf 71' lang='lat' dir='ltr'><strong>retributionis.</strong></span> <span class='ocrx_word' id='word_1_186' title='bbox 3247 1159 3311 1211; x_wconf 82' lang='lat' dir='ltr'><strong>Et</strong></span> <span class='ocrx_word' id='word_1_187' title='bbox 3347 1158 3458 1212; x_wconf 81' lang='lat' dir='ltr'><strong>for-</strong></span> 
     </span>
    </p>
   </div>
   <div class='ocr_carea' id='block_1_27' title="bbox 1875 1245 3458 1311">
    <p class='ocr_par' dir='ltr' id='par_1_27' title="bbox 1875 1245 3458 1311">
     <span class='ocr_line' id='line_1_27' title="bbox 1875 1245 3458 1311; baseline 0.005 -19"><span class='ocrx_word' id='word_1_188' title='bbox 1875 1249 2025 1296; x_wconf 86' lang='lat' dir='ltr'><strong>tasse</strong></span> <span class='ocrx_word' id='word_1_189' title='bbox 2058 1245 2288 1298; x_wconf 88' lang='lat' dir='ltr'><strong>alterum</strong></span> <span class='ocrx_word' id='word_1_190' title='bbox 2319 1261 2520 1298; x_wconf 86' lang='lat' dir='ltr'><strong>annum</strong></span> <span class='ocrx_word' id='word_1_191' title='bbox 2549 1285 2564 1310; x_wconf 91' lang='lat'><strong>,</strong></span> <span class='ocrx_word' id='word_1_192' title='bbox 2605 1247 2711 1299; x_wconf 89' lang='lat' dir='ltr'><strong>imo</strong></span> <span class='ocrx_word' id='word_1_193' title='bbox 2737 1246 2875 1299; x_wconf 78' lang='lat' dir='ltr'><strong>forte</strong></span> <span class='ocrx_word' id='word_1_194' title='bbox 2911 1248 3129 1298; x_wconf 89' lang='lat' dir='ltr'><strong>tertium</strong></span> <span class='ocrx_word' id='word_1_195' title='bbox 3159 1286 3173 1311; x_wconf 89' lang='lat'><strong>,</strong></span> <span class='ocrx_word' id='word_1_196' title='bbox 3201 1262 3323 1301; x_wconf 91' lang='lat' dir='ltr'><strong>cum</strong></span> <span class='ocrx_word' id='word_1_197' title='bbox 3354 1247 3458 1300; x_wconf 87' lang='lat' dir='ltr'><strong>illis</strong></span> 
     </span>
    </p>
   </div>
   <div class='ocr_carea' id='block_1_28' title="bbox 1873 1333 3456 1401">
    <p class='ocr_par' dir='ltr' id='par_1_28' title="bbox 1873 1333 3456 1401">
     <span class='ocr_line' id='line_1_28' title="bbox 1873 1333 3456 1401; baseline 0 -15"><span class='ocrx_word' id='word_1_198' title='bbox 1873 1344 2224 1386; x_wconf 82' lang='lat' dir='ltr'><strong>conversatus</strong></span> <span class='ocrx_word' id='word_1_199' title='bbox 2263 1333 2525 1387; x_wconf 84' lang='lat' dir='ltr'><strong>videatur.</strong></span> <span class='ocrx_word' id='word_1_200' title='bbox 2573 1333 2724 1386; x_wconf 83' lang='lat' dir='ltr'><strong>illum</strong></span> <span class='ocrx_word' id='word_1_201' title='bbox 2778 1335 2959 1400; x_wconf 78' lang='lat' dir='ltr'><strong>itaque</strong></span> <span class='ocrx_word' id='word_1_202' title='bbox 3010 1334 3185 1401; x_wconf 90' lang='lat' dir='ltr'><strong>ipsum</strong></span> <span class='ocrx_word' id='word_1_203' title='bbox 3223 1348 3456 1397; x_wconf 89' lang='lat' dir='ltr'><strong>annum,</strong></span> 
     </span>
    </p>
   </div>
   <div class='ocr_carea' id='block_1_29' title="bbox 1873 1424 3458 1493">
    <p class='ocr_par' dir='ltr' id='par_1_29' title="bbox 1873 1424 3458 1493">
     <span class='ocr_line' id='line_1_29' title="bbox 1873 1424 3458 1493; baseline 0.003 -18"><span class='ocrx_word' id='word_1_204' title='bbox 1873 1439 1980 1491; x_wconf 89' lang='lat' dir='ltr'><strong>quo</strong></span> <span class='ocrx_word' id='word_1_205' title='bbox 2003 1425 2132 1491; x_wconf 81' lang='lat' dir='ltr'><strong>ipsis</strong></span> <span class='ocrx_word' id='word_1_206' title='bbox 2149 1426 2215 1476; x_wconf 90' lang='lat' dir='ltr'><strong>de</strong></span> <span class='ocrx_word' id='word_1_207' title='bbox 2245 1439 2410 1490; x_wconf 75' lang='lat' dir='ltr'><strong>regno</strong></span> <span class='ocrx_word' id='word_1_208' title='bbox 2436 1425 2694 1476; x_wconf 76' lang='lat' dir='ltr'><strong>cmlorum</strong></span> <span class='ocrx_word' id='word_1_209' title='bbox 2724 1425 2969 1477; x_wconf 87' lang='lat' dir='ltr'><strong>instituta</strong></span> <span class='ocrx_word' id='word_1_210' title='bbox 3003 1424 3458 1493; x_wconf 80' lang='lat' dir='ltr'><strong>disciplinamque</strong></span> 
     </span>
    </p>
   </div>
   <div class='ocr_carea' id='block_1_30' title="bbox 1875 1513 3456 1584">
    <p class='ocr_par' dir='ltr' id='par_1_30' title="bbox 1875 1513 3456 1584">
     <span class='ocr_line' id='line_1_30' title="bbox 1875 1513 3456 1584; baseline 0.003 -19"><span class='ocrx_word' id='word_1_211' title='bbox 1875 1514 2116 1575; x_wconf 86' lang='lat' dir='ltr'><strong>tradidit,</strong></span> <span class='ocrx_word' id='word_1_212' title='bbox 2153 1514 2470 1583; x_wconf 75' lang='lat' dir='ltr'><strong>signiﬁcans</strong></span> <span class='ocrx_word' id='word_1_213' title='bbox 2501 1515 2610 1576; x_wconf 84' lang='lat' dir='ltr'><strong>ait,</strong></span> <span class='ocrx_word' id='word_1_214' title='bbox 2645 1531 2662 1563; x_wconf 85' lang='grc'><strong><em>‹</em></strong></span> <span class='ocrx_word' id='word_1_215' title='bbox 2699 1514 3039 1582; x_wconf 77' lang='lat' dir='ltr'><strong>Congrcgate</strong></span> <span class='ocrx_word' id='word_1_216' title='bbox 3085 1513 3317 1584; x_wconf 80' lang='lat' dir='ltr'><strong>fructus,</strong></span> <span class='ocrx_word' id='word_1_217' title='bbox 3354 1530 3456 1568; x_wconf 84' lang='lat' dir='ltr'><strong>an-</strong></span> 
     </span>
    </p>
   </div>
   <div class='ocr_carea' id='block_1_31' title="bbox 1873 1605 2833 1674">
    <p class='ocr_par' dir='ltr' id='par_1_31' title="bbox 1873 1605 2833 1674">
     <span class='ocr_line' id='line_1_31' title="bbox 1873 1605 2833 1674; baseline -0.002 -15"><span class='ocrx_word' id='word_1_218' title='bbox 1873 1621 1999 1659; x_wconf 92' lang='lat' dir='ltr'><strong>num</strong></span> <span class='ocrx_word' id='word_1_219' title='bbox 2027 1620 2190 1674; x_wconf 84' lang='lat' dir='ltr'><strong>supra</strong></span> <span class='ocrx_word' id='word_1_220' title='bbox 2220 1620 2421 1660; x_wconf 87' lang='lat' dir='ltr'><strong>annum</strong></span> <span class='ocrx_word' id='word_1_221' title='bbox 2457 1605 2774 1661; x_wconf 84' lang='lat' dir='ltr'><strong>comedetis.</strong></span> <span class='ocrx_word' id='word_1_222' title='bbox 2817 1626 2833 1657; x_wconf 74' lang='grc' dir='ltr'><strong>ι</strong></span> 
     </span>
    </p>
   </div>
   <div class='ocr_carea' id='block_1_32' title="bbox 1943 1785 3456 1854">
    <p class='ocr_par' dir='ltr' id='par_1_32' title="bbox 1943 1785 3456 1854">
     <span class='ocr_line' id='line_1_32' title="bbox 1943 1785 3456 1854; baseline 0.002 -16"><span class='ocrx_word' id='word_1_223' title='bbox 1943 1785 2107 1838; x_wconf 63' lang='lat' dir='ltr'><strong>Vens.</strong></span> <span class='ocrx_word' id='word_1_224' title='bbox 2137 1785 2250 1838; x_wconf 68' lang='lat'><strong>92-5.</strong></span> <span class='ocrx_word' id='word_1_225' title='bbox 2293 1805 2309 1836; x_wconf 80' lang='grc' dir='ltr'><strong>ι</strong></span> <span class='ocrx_word' id='word_1_226' title='bbox 2346 1785 2586 1854; x_wconf 83' lang='lat' dir='ltr'><strong>Amigam</strong></span> <span class='ocrx_word' id='word_1_227' title='bbox 2624 1787 2767 1840; x_wconf 90' lang='lat' dir='ltr'><strong>cnim</strong></span> <span class='ocrx_word' id='word_1_228' title='bbox 2795 1786 2962 1850; x_wconf 87' lang='lat' dir='ltr'><strong>Ariel,</strong></span> <span class='ocrx_word' id='word_1_229' title='bbox 2993 1795 3045 1840; x_wconf 87' lang='lat' dir='ltr'><strong>et</strong></span> <span class='ocrx_word' id='word_1_230' title='bbox 3071 1788 3174 1841; x_wconf 89' lang='lat' dir='ltr'><strong>erit</strong></span> <span class='ocrx_word' id='word_1_231' title='bbox 3205 1788 3321 1854; x_wconf 90' lang='lat' dir='ltr'><strong>ejus</strong></span> <span class='ocrx_word' id='word_1_232' title='bbox 3348 1788 3456 1841; x_wconf 80' lang='lat' dir='ltr'><strong>for-</strong></span> 
     </span>
    </p>
   </div>
   <div class='ocr_carea' id='block_1_33' title="bbox 187 1875 1765 1951">
    <p class='ocr_par' dir='ltr' id='par_1_33' title="bbox 187 1882 1759 1951">
     <span class='ocr_line' id='line_1_33' title="bbox 187 1882 1759 1951; baseline 0.001 -17"><span class='ocrx_word' id='word_1_233' title='bbox 187 1883 278 1934; x_wconf 80' lang='grc' dir='ltr'><strong>καὶ</strong></span> <span class='ocrx_word' id='word_1_234' title='bbox 305 1883 332 1932; x_wconf 75' lang='grc' dir='ltr'>ὁ</span> <span class='ocrx_word' id='word_1_235' title='bbox 367 1882 596 1943; x_wconf 81' lang='grc' dir='ltr'>πλοῦτος.-</span> <span class='ocrx_word' id='word_1_236' title='bbox 626 1883 765 1951; x_wconf 80' lang='grc' dir='ltr'>ἐμοί.</span> <span class='ocrx_word' id='word_1_237' title='bbox 812 1883 918 1934; x_wconf 76' lang='grc' dir='ltr'>Καὶ</span> <span class='ocrx_word' id='word_1_238' title='bbox 964 1883 1228 1935; x_wconf 78' lang='grc' dir='ltr'>κυκλώσω</span> <span class='ocrx_word' id='word_1_239' title='bbox 1270 1883 1346 1944; x_wconf 86' lang='grc' dir='ltr'>ὡς</span> <span class='ocrx_word' id='word_1_240' title='bbox 1367 1883 1529 1935; x_wconf 80' lang='grc' dir='ltr'>Δαυῖδ</span> <span class='ocrx_word' id='word_1_241' title='bbox 1558 1884 1650 1935; x_wconf 70' lang='grc' dir='ltr'><strong>ἐπὶ</strong></span> <span class='ocrx_word' id='word_1_242' title='bbox 1680 1885 1759 1944; x_wconf 81' lang='grc' dir='ltr'><strong>σὲ,</strong></span> 
     </span>
    </p>
   </div>
   <div class='ocr_carea' id='block_1_34' title="bbox 1872 1875 3456 1951">
    <p class='ocr_par' dir='ltr' id='par_1_34' title="bbox 1872 1875 3456 1931">
     <span class='ocr_line' id='line_1_34' title="bbox 1872 1875 3456 1931; baseline 0.002 -5"><span class='ocrx_word' id='word_1_243' title='bbox 1872 1875 2038 1926; x_wconf 90' lang='lat' dir='ltr'><strong>titudo</strong></span> <span class='ocrx_word' id='word_1_244' title='bbox 2069 1886 2122 1927; x_wconf 87' lang='lat' dir='ltr'><strong>et</strong></span> <span class='ocrx_word' id='word_1_245' title='bbox 2163 1876 2366 1929; x_wconf 70' lang='lat' dir='ltr'><strong>divitia:</strong></span> <span class='ocrx_word' id='word_1_246' title='bbox 2399 1876 2548 1929; x_wconf 90' lang='lat' dir='ltr'><strong>mihi.</strong></span> <span class='ocrx_word' id='word_1_247' title='bbox 2601 1877 2666 1928; x_wconf 85' lang='lat' dir='ltr'><strong>Et</strong></span> <span class='ocrx_word' id='word_1_248' title='bbox 2698 1877 3047 1930; x_wconf 86' lang='lat' dir='ltr'><strong>circumdabo</strong></span> <span class='ocrx_word' id='word_1_249' title='bbox 3090 1888 3142 1931; x_wconf 91' lang='lat' dir='ltr'><strong>te</strong></span> <span class='ocrx_word' id='word_1_250' title='bbox 3177 1877 3321 1930; x_wconf 88' lang='lat' dir='ltr'><strong>sicut</strong></span> <span class='ocrx_word' id='word_1_251' title='bbox 3352 1878 3456 1930; x_wconf 88' lang='lat' dir='ltr'><strong>Da-</strong></span> 
     </span>
    </p>
   </div>
   <div class='ocr_carea' id='block_1_35' title="bbox 188 1973 1768 2044">
    <p class='ocr_par' dir='ltr' id='par_1_35' title="bbox 188 1973 1768 2044">
     <span class='ocr_line' id='line_1_35' title="bbox 188 1973 1768 2044; baseline 0.002 -20"><span class='ocrx_word' id='word_1_252' title='bbox 188 1975 298 2024; x_wconf 80' lang='grc' dir='ltr'>κα“ι’</span> <span class='ocrx_word' id='word_1_253' title='bbox 321 1973 470 2040; x_wconf 71' lang='grc' dir='ltr'><strong>βαλῶ</strong></span> <span class='ocrx_word' id='word_1_254' title='bbox 508 1977 587 2035; x_wconf 81' lang='grc' dir='ltr'>εἰς</span> <span class='ocrx_word' id='word_1_255' title='bbox 621 1975 858 2043; x_wconf 77' lang='grc' dir='ltr'>χάρακα,</span> <span class='ocrx_word' id='word_1_256' title='bbox 908 1975 999 2025; x_wconf 79' lang='grc' dir='ltr'><strong>καὶ</strong></span> <span class='ocrx_word' id='word_1_257' title='bbox 1026 1975 1382 2043; x_wconf 78' lang='grc' dir='ltr'>οἰκοδομήσω,</span> <span class='ocrx_word' id='word_1_258' title='bbox 1410 1975 1557 2044; x_wconf 69' lang='grc' dir='ltr'>θήσω</span> <span class='ocrx_word' id='word_1_259' title='bbox 1581 1975 1672 2027; x_wconf 77' lang='grc' dir='ltr'>ἐπὶ</span> <span class='ocrx_word' id='word_1_260' title='bbox 1709 1977 1768 2027; x_wconf 82' lang='grc' dir='ltr'>σὲ</span> 
     </span>
    </p>
   </div>
   <div class='ocr_carea' id='block_1_36' title="bbox 188 2059 1768 2130">
    <p class='ocr_par' dir='ltr' id='par_1_36' title="bbox 188 2059 1768 2130">
     <span class='ocr_line' id='line_1_36' title="bbox 188 2059 1768 2130; baseline 0.004 -20"><span class='ocrx_word' id='word_1_261' title='bbox 188 2059 453 2128; x_wconf 78' lang='grc' dir='ltr'>πύργους.</span> <span class='ocrx_word' id='word_1_262' title='bbox 491 2062 598 2111; x_wconf 67' lang='grc' dir='ltr'><strong>Καὶ</strong></span> <span class='ocrx_word' id='word_1_263' title='bbox 628 2060 1118 2130; x_wconf 77' lang='grc' dir='ltr'>ταπεινωθήσονται</span> <span class='ocrx_word' id='word_1_264' title='bbox 1146 2065 1194 2113; x_wconf 75' lang='grc' dir='ltr'>οἱ</span> <span class='ocrx_word' id='word_1_265' title='bbox 1228 2063 1371 2129; x_wconf 81' lang='grc' dir='ltr'>λόγοι</span> <span class='ocrx_word' id='word_1_266' title='bbox 1412 2081 1524 2123; x_wconf 86' lang='grc' dir='ltr'>σου,</span> <span class='ocrx_word' id='word_1_267' title='bbox 1563 2065 1657 2118; x_wconf 74' lang='grc' dir='ltr'>καὶ</span> <span class='ocrx_word' id='word_1_268' title='bbox 1688 2067 1768 2128; x_wconf 80' lang='grc' dir='ltr'>εἰς</span> 
     </span>
    </p>
   </div>
   <div class='ocr_carea' id='block_1_37' title="bbox 185 2151 1769 2223">
    <p class='ocr_par' dir='ltr' id='par_1_37' title="bbox 185 2151 1769 2223">
     <span class='ocr_line' id='line_1_37' title="bbox 185 2151 1769 2223; baseline 0.003 -22"><span class='ocrx_word' id='word_1_269' title='bbox 185 2153 280 2218; x_wconf 74' lang='grc' dir='ltr'><strong>τὴν</strong></span> <span class='ocrx_word' id='word_1_270' title='bbox 306 2151 412 2219; x_wconf 77' lang='grc' dir='ltr'>γῆν</span> <span class='ocrx_word' id='word_1_271' title='bbox 446 2152 492 2200; x_wconf 79' lang='grc' dir='ltr'>οἱ</span> <span class='ocrx_word' id='word_1_272' title='bbox 539 2152 684 2217; x_wconf 83' lang='grc' dir='ltr'>λόγοι</span> <span class='ocrx_word' id='word_1_273' title='bbox 726 2169 816 2202; x_wconf 86' lang='grc' dir='ltr'><strong>σου</strong></span> <span class='ocrx_word' id='word_1_274' title='bbox 859 2152 1122 2205; x_wconf 78' lang='grc' dir='ltr'>δύσονται.</span> <span class='ocrx_word' id='word_1_275' title='bbox 1155 2154 1264 2204; x_wconf 75' lang='grc' dir='ltr'>Καὶ</span> <span class='ocrx_word' id='word_1_276' title='bbox 1294 2153 1444 2205; x_wconf 77' lang='grc' dir='ltr'>ἔσται</span> <span class='ocrx_word' id='word_1_277' title='bbox 1471 2155 1548 2216; x_wconf 82' lang='grc' dir='ltr'>ὡς</span> <span class='ocrx_word' id='word_1_278' title='bbox 1575 2157 1623 2206; x_wconf 73' lang='grc' dir='ltr'>οἱ</span> <span class='ocrx_word' id='word_1_279' title='bbox 1662 2173 1769 2223; x_wconf 62' lang='grc' dir='ltr'><strong>φω-</strong></span> 
     </span>
    </p>
   </div>
   <div class='ocr_carea' id='block_1_38' title="bbox 185 2243 1769 2316">
    <p class='ocr_par' dir='ltr' id='par_1_38' title="bbox 185 2243 1769 2316">
     <span class='ocr_line' id='line_1_38' title="bbox 185 2243 1769 2316; baseline 0.003 -21"><span class='ocrx_word' id='word_1_280' title='bbox 185 2243 401 2304; x_wconf 87' lang='grc' dir='ltr'>νοῦντες</span> <span class='ocrx_word' id='word_1_281' title='bbox 444 2243 507 2294; x_wconf 84' lang='grc' dir='ltr'><strong>ἐκ</strong></span> <span class='ocrx_word' id='word_1_282' title='bbox 545 2243 644 2310; x_wconf 65' lang='grc' dir='ltr'>τῆς</span> <span class='ocrx_word' id='word_1_283' title='bbox 681 2245 782 2313; x_wconf 76' lang='grc' dir='ltr'>γῆς</span> <span class='ocrx_word' id='word_1_284' title='bbox 811 2247 840 2314; x_wconf 78' lang='grc' dir='ltr'>ἡ</span> <span class='ocrx_word' id='word_1_285' title='bbox 879 2248 1026 2314; x_wconf 76' lang='grc' dir='ltr'>φωνή</span> <span class='ocrx_word' id='word_1_286' title='bbox 1061 2263 1175 2306; x_wconf 79' lang='grc' dir='ltr'>σου,</span> <span class='ocrx_word' id='word_1_287' title='bbox 1206 2247 1298 2298; x_wconf 72' lang='grc' dir='ltr'><strong>καὶ</strong></span> <span class='ocrx_word' id='word_1_288' title='bbox 1323 2246 1457 2315; x_wconf 64' lang='grc' dir='ltr'>προς</span> <span class='ocrx_word' id='word_1_289' title='bbox 1489 2251 1547 2298; x_wconf 79' lang='grc' dir='ltr'><strong>το</strong></span> <span class='ocrx_word' id='word_1_290' title='bbox 1579 2248 1769 2316; x_wconf 74' lang='grc' dir='ltr'>ἔδαφος</span> 
     </span>
    </p>
   </div>
   <div class='ocr_carea' id='block_1_39' title="bbox 186 2334 1770 2407">
    <p class='ocr_par' dir='ltr' id='par_1_39' title="bbox 186 2334 1770 2407">
     <span class='ocr_line' id='line_1_39' title="bbox 186 2334 1770 2407; baseline 0.004 -23"><span class='ocrx_word' id='word_1_291' title='bbox 186 2334 397 2401; x_wconf 71' lang='grc' dir='ltr'>ἡφωνή</span> <span class='ocrx_word' id='word_1_292' title='bbox 446 2351 535 2385; x_wconf 84' lang='grc' dir='ltr'><strong>σου</strong></span> <span class='ocrx_word' id='word_1_293' title='bbox 568 2335 876 2405; x_wconf 74' lang='grc' dir='ltr'>ἀσθενήσει.</span> <span class='ocrx_word' id='word_1_294' title='bbox 924 2339 1031 2388; x_wconf 78' lang='grc' dir='ltr'>Καὶ</span> <span class='ocrx_word' id='word_1_295' title='bbox 1070 2338 1219 2390; x_wconf 78' lang='grc' dir='ltr'>ἔσται</span> <span class='ocrx_word' id='word_1_296' title='bbox 1252 2338 1323 2399; x_wconf 64' lang='grc' dir='ltr'>ὡς</span> <span class='ocrx_word' id='word_1_297' title='bbox 1361 2339 1635 2407; x_wconf 84' lang='grc' dir='ltr'>κονιορτὸς</span> <span class='ocrx_word' id='word_1_298' title='bbox 1664 2340 1770 2390; x_wconf 82' lang='grc' dir='ltr'>ἀπὸ</span> 
     </span>
    </p>
   </div>
   <div class='ocr_carea' id='block_1_40' title="bbox 185 2425 1770 2502">
    <p class='ocr_par' dir='ltr' id='par_1_40' title="bbox 185 2425 1770 2502">
     <span class='ocr_line' id='line_1_40' title="bbox 185 2425 1770 2502; baseline 0.004 -27"><span class='ocrx_word' id='word_1_299' title='bbox 185 2425 382 2495; x_wconf 80' lang='grc' dir='ltr'>τροχοῦ</span> <span class='ocrx_word' id='word_1_300' title='bbox 417 2429 446 2478; x_wconf 85' lang='grc' dir='ltr'><strong>ό</strong></span> <span class='ocrx_word' id='word_1_301' title='bbox 475 2425 702 2488; x_wconf 84' lang='grc' dir='ltr'>πλοῦτος</span> <span class='ocrx_word' id='word_1_302' title='bbox 742 2427 848 2478; x_wconf 77' lang='grc' dir='ltr'>τῶν</span> <span class='ocrx_word' id='word_1_303' title='bbox 896 2427 1129 2489; x_wconf 81' lang='grc' dir='ltr'>ἀσεϐῶν,</span> <span class='ocrx_word' id='word_1_304' title='bbox 1180 2429 1271 2480; x_wconf 65' lang='grc' dir='ltr'><strong>καὶ</strong></span> <span class='ocrx_word' id='word_1_305' title='bbox 1314 2430 1388 2489; x_wconf 79' lang='grc' dir='ltr'>ὡς</span> <span class='ocrx_word' id='word_1_306' title='bbox 1415 2428 1575 2496; x_wconf 86' lang='grc' dir='ltr'>χνοῦς</span> <span class='ocrx_word' id='word_1_307' title='bbox 1611 2431 1770 2502; x_wconf 71' lang='grc' dir='ltr'>φερό-</span> 
     </span>
    </p>
   </div>
   <div class='ocr_carea' id='block_1_41' title="bbox 188 2515 1769 2584">
    <p class='ocr_par' dir='ltr' id='par_1_41' title="bbox 188 2515 1769 2584">
     <span class='ocr_line' id='line_1_41' title="bbox 188 2515 1769 2584; baseline 0.005 -21"><span class='ocrx_word' id='word_1_308' title='bbox 188 2530 348 2581; x_wconf 75' lang='grc' dir='ltr'>μενος</span> <span class='ocrx_word' id='word_1_309' title='bbox 413 2515 473 2564; x_wconf 75' lang='grc' dir='ltr'>τὸ</span> <span class='ocrx_word' id='word_1_310' title='bbox 522 2515 723 2584; x_wconf 69' lang='grc' dir='ltr'>πλῆθος</span> <span class='ocrx_word' id='word_1_311' title='bbox 777 2516 885 2568; x_wconf 78' lang='grc' dir='ltr'><strong>τῶν</strong></span> <span class='ocrx_word' id='word_1_312' title='bbox 930 2518 1501 2571; x_wconf 69' lang='grc' dir='ltr'>καταδυναστευόντων</span> <span class='ocrx_word' id='word_1_313' title='bbox 1544 2537 1622 2582; x_wconf 79' lang='grc' dir='ltr'><strong>σε,</strong></span> <span class='ocrx_word' id='word_1_314' title='bbox 1680 2522 1769 2572; x_wconf 77' lang='grc' dir='ltr'>καὶ</span> 
     </span>
    </p>
   </div>
   <div class='ocr_carea' id='block_1_42' title="bbox 155 2603 1761 2678">
    <p class='ocr_par' dir='ltr' id='par_1_42' title="bbox 155 2603 1761 2678">
     <span class='ocr_line' id='line_1_42' title="bbox 155 2603 1761 2678; baseline 0.004 -24"><span class='ocrx_word' id='word_1_315' title='bbox 155 2648 161 2653; x_wconf 95' lang='grc'>.</span> <span class='ocrx_word' id='word_1_316' title='bbox 185 2603 340 2655; x_wconf 67' lang='grc' dir='ltr'>ἔσται</span> <span class='ocrx_word' id='word_1_317' title='bbox 367 2606 444 2665; x_wconf 77' lang='grc' dir='ltr'>ὼς</span> <span class='ocrx_word' id='word_1_318' title='bbox 471 2607 671 2675; x_wconf 74' lang='grc' dir='ltr'>στιγμὴ</span> <span class='ocrx_word' id='word_1_319' title='bbox 705 2609 1045 2678; x_wconf 72' lang='grc' dir='ltr'>παραχρῆμα</span> <span class='ocrx_word' id='word_1_320' title='bbox 1080 2608 1229 2678; x_wconf 76' lang='grc' dir='ltr'>παρὰ</span> <span class='ocrx_word' id='word_1_321' title='bbox 1257 2611 1456 2678; x_wconf 72' lang='grc' dir='ltr'>Κυρίου</span> <span class='ocrx_word' id='word_1_322' title='bbox 1483 2610 1761 2662; x_wconf 61' lang='grc' dir='ltr'>Σαϐαὼθ.)</span> 
     </span>
    </p>
   </div>
   <div class='ocr_carea' id='block_1_43' title="bbox 187 2694 1769 2768">
    <p class='ocr_par' dir='ltr' id='par_1_43' title="bbox 187 2694 1769 2768">
     <span class='ocr_line' id='line_1_43' title="bbox 187 2694 1769 2768; baseline 0.005 -26"><span class='ocrx_word' id='word_1_323' title='bbox 187 2694 399 2761; x_wconf 75' lang='grc' dir='ltr'>Ὥσπερ</span> <span class='ocrx_word' id='word_1_324' title='bbox 435 2695 541 2761; x_wconf 85' lang='grc' dir='ltr'><strong>γάρ</strong></span> <span class='ocrx_word' id='word_1_325' title='bbox 578 2712 704 2745; x_wconf 79' lang='grc' dir='ltr'>ποτε</span> <span class='ocrx_word' id='word_1_326' title='bbox 748 2697 774 2747; x_wconf 79' lang='grc' dir='ltr'><strong>ό</strong></span> <span class='ocrx_word' id='word_1_327' title='bbox 827 2697 986 2748; x_wconf 75' lang='grc' dir='ltr'>Δαυῒδ</span> <span class='ocrx_word' id='word_1_328' title='bbox 1023 2698 1371 2767; x_wconf 60' lang='grc' dir='ltr'>παρεμεςλξςν</span> <span class='ocrx_word' id='word_1_329' title='bbox 1418 2700 1546 2768; x_wconf 69' lang='grc' dir='ltr'>περὶ</span> <span class='ocrx_word' id='word_1_330' title='bbox 1591 2699 1646 2750; x_wconf 77' lang='grc' dir='ltr'><strong>σε</strong></span> <span class='ocrx_word' id='word_1_331' title='bbox 1673 2701 1769 2768; x_wconf 68' lang='grc' dir='ltr'>τὴν</span> 
     </span>
    </p>
   </div>
   <div class='ocr_carea' id='block_1_44' title="bbox 212 2778 1770 2852">
    <p class='ocr_par' dir='ltr' id='par_1_44' title="bbox 212 2778 1770 2852">
     <span class='ocr_line' id='line_1_44' title="bbox 212 2778 1770 2852; baseline 0.003 -21"><span class='ocrx_word' id='word_1_332' title='bbox 212 2782 553 2851; x_wconf 70' lang='grc' dir='ltr'>Ῑερουσαλημ</span> <span class='ocrx_word' id='word_1_333' title='bbox 580 2783 876 2845; x_wconf 72' lang='grc' dir='ltr'>ἐκύκλωσε,</span> <span class='ocrx_word' id='word_1_334' title='bbox 908 2785 994 2836; x_wconf 84' lang='grc' dir='ltr'><strong>ὅτε</strong></span> <span class='ocrx_word' id='word_1_335' title='bbox 1021 2785 1329 2850; x_wconf 62' lang='grc' dir='ltr'>ἀλλοφύλων</span> <span class='ocrx_word' id='word_1_336' title='bbox 1351 2778 1508 2852; x_wconf 61' lang='grc' dir='ltr'>ἦσθα,</span> <span class='ocrx_word' id='word_1_337' title='bbox 1538 2786 1629 2836; x_wconf 65' lang='grc' dir='ltr'><strong>καὶ</strong></span> <span class='ocrx_word' id='word_1_338' title='bbox 1654 2786 1770 2836; x_wconf 79' lang='grc' dir='ltr'>ἐπο-</span> 
     </span>
    </p>
   </div>
   <div class='ocr_carea' id='block_1_45' title="bbox 185 2869 1770 2942">
    <p class='ocr_par' dir='ltr' id='par_1_45' title="bbox 185 2869 1770 2942">
     <span class='ocr_line' id='line_1_45' title="bbox 185 2869 1770 2942; baseline 0.003 -18"><span class='ocrx_word' id='word_1_339' title='bbox 185 2872 396 2941; x_wconf 78' lang='grc' dir='ltr'>λεμησέ</span> <span class='ocrx_word' id='word_1_340' title='bbox 443 2889 500 2922; x_wconf 84' lang='grc' dir='ltr'><strong>σε</strong></span> <span class='ocrx_word' id='word_1_341' title='bbox 537 2873 688 2922; x_wconf 76' lang='grc' dir='ltr'>πόλιν</span> <span class='ocrx_word' id='word_1_342' title='bbox 742 2869 903 2925; x_wconf 73' lang='grc' dir='ltr'>οὖσαν</span> <span class='ocrx_word' id='word_1_343' title='bbox 959 2875 1302 2942; x_wconf 60' lang='grc' dir='ltr'>ἀλλοφύλων·</span> <span class='ocrx_word' id='word_1_344' title='bbox 1356 2877 1494 2926; x_wconf 48' lang='lat' dir='ltr'><strong>0sz</strong></span> <span class='ocrx_word' id='word_1_345' title='bbox 1555 2877 1708 2942; x_wconf 75' lang='grc' dir='ltr'><strong>κάγὼ</strong></span> <span class='ocrx_word' id='word_1_346' title='bbox 1744 2880 1770 2929; x_wconf 79' lang='grc' dir='ltr'>ὁ</span> 
     </span>
    </p>
   </div>
   <div class='ocr_carea' id='block_1_46' title="bbox 184 2963 1768 3037">
    <p class='ocr_par' dir='ltr' id='par_1_46' title="bbox 184 2963 1768 3037">
     <span class='ocr_line' id='line_1_46' title="bbox 184 2963 1768 3037; baseline 0.002 -22"><span class='ocrx_word' id='word_1_347' title='bbox 184 2963 358 3015; x_wconf 85' lang='grc' dir='ltr'>ταῦτα</span> <span class='ocrx_word' id='word_1_348' title='bbox 376 2963 548 3030; x_wconf 74' lang='grc' dir='ltr'>λέγων</span> <span class='ocrx_word' id='word_1_349' title='bbox 576 2964 777 3033; x_wconf 74' lang='grc' dir='ltr'>Κύριος</span> <span class='ocrx_word' id='word_1_350' title='bbox 805 2966 896 3016; x_wconf 89' lang='grc' dir='ltr'><strong>νῦν</strong></span> <span class='ocrx_word' id='word_1_351' title='bbox 918 2983 973 3017; x_wconf 84' lang='grc' dir='ltr'><strong>σε</strong></span> <span class='ocrx_word' id='word_1_352' title='bbox 999 2966 1277 3018; x_wconf 78' lang='grc' dir='ltr'>κυκλώσω.</span> <span class='ocrx_word' id='word_1_353' title='bbox 1311 2968 1641 3033; x_wconf 53' lang='grc' dir='ltr'>’Χιλλοφάλων</span> <span class='ocrx_word' id='word_1_354' title='bbox 1663 2970 1768 3037; x_wconf 66' lang='grc' dir='ltr'><strong>γὰρ</strong></span> 
     </span>
    </p>
   </div>
   <div class='ocr_carea' id='block_1_47' title="bbox 185 3057 1764 3129">
    <p class='ocr_par' dir='ltr' id='par_1_47' title="bbox 185 3057 1764 3129">
     <span class='ocr_line' id='line_1_47' title="bbox 185 3057 1764 3129; baseline 0.004 -24"><span class='ocrx_word' id='word_1_355' title='bbox 185 3057 500 3125; x_wconf 71' lang='grc' dir='ltr'>οἰκητήριον</span> <span class='ocrx_word' id='word_1_356' title='bbox 548 3057 795 3123; x_wconf 74' lang='grc' dir='ltr'>γέγονας,</span> <span class='ocrx_word' id='word_1_357' title='bbox 848 3057 1193 3127; x_wconf 73' lang='grc' dir='ltr'>πληρωθεῖσα</span> <span class='ocrx_word' id='word_1_358' title='bbox 1238 3061 1418 3110; x_wconf 65' lang='grc' dir='ltr'>κακῶν</span> <span class='ocrx_word' id='word_1_359' title='bbox 1468 3061 1764 3129; x_wconf 74' lang='grc' dir='ltr'>ἀρχόντων.</span> 
     </span>
    </p>
   </div>
   <div class='ocr_carea' id='block_1_48' title="bbox 189 3149 1764 3223">
    <p class='ocr_par' dir='ltr' id='par_1_48' title="bbox 189 3149 1764 3223">
     <span class='ocr_line' id='line_1_48' title="bbox 189 3149 1764 3223; baseline 0.004 -24"><span class='ocrx_word' id='word_1_360' title='bbox 189 3149 365 3217; x_wconf 63' lang='lat' dir='ltr'><strong>&quot;Amp</strong></span> <span class='ocrx_word' id='word_1_361' title='bbox 405 3149 706 3218; x_wconf 72' lang='grc' dir='ltr'>ἐπληροῦτο</span> <span class='ocrx_word' id='word_1_362' title='bbox 737 3152 870 3218; x_wconf 77' lang='grc' dir='ltr'>μετὰ</span> <span class='ocrx_word' id='word_1_363' title='bbox 904 3151 971 3202; x_wconf 77' lang='grc' dir='ltr'>τὰ</span> <span class='ocrx_word' id='word_1_364' title='bbox 995 3152 1332 3220; x_wconf 77' lang='grc' dir='ltr'>τολμηθέντα</span> <span class='ocrx_word' id='word_1_365' title='bbox 1369 3156 1479 3216; x_wconf 83' lang='grc' dir='ltr'>τοῖς</span> <span class='ocrx_word' id='word_1_366' title='bbox 1515 3156 1614 3223; x_wconf 77' lang='grc' dir='ltr'>τὴν,</span> <span class='ocrx_word' id='word_1_367' title='bbox 1667 3156 1764 3205; x_wconf 85' lang='grc' dir='ltr'><strong>Ἰε-</strong></span> 
     </span>
    </p>
   </div>
   <div class='ocr_carea' id='block_1_49' title="bbox 188 3241 1764 3311">
    <p class='ocr_par' dir='ltr' id='par_1_49' title="bbox 188 3241 1764 3311">
     <span class='ocr_line' id='line_1_49' title="bbox 188 3241 1764 3311; baseline 0.003 -21"><span class='ocrx_word' id='word_1_368' title='bbox 188 3241 471 3309; x_wconf 73' lang='grc' dir='ltr'>ρουσαλὴμ</span> <span class='ocrx_word' id='word_1_369' title='bbox 503 3241 710 3293; x_wconf 77' lang='grc' dir='ltr'>οἰκοῦσι</span> <span class='ocrx_word' id='word_1_370' title='bbox 746 3242 886 3293; x_wconf 68' lang='grc' dir='ltr'>κατὰ</span> <span class='ocrx_word' id='word_1_371' title='bbox 928 3243 1020 3293; x_wconf 87' lang='grc' dir='ltr'><strong>τοῦ</strong></span> <span class='ocrx_word' id='word_1_372' title='bbox 1075 3244 1321 3311; x_wconf 68' lang='grc' dir='ltr'>Σωτῆρος</span> <span class='ocrx_word' id='word_1_373' title='bbox 1352 3245 1510 3311; x_wconf 61' lang='grc' dir='ltr'>ἡμῶν</span> <span class='ocrx_word' id='word_1_374' title='bbox 1538 3245 1764 3296; x_wconf 59' lang='grc' dir='ltr'>ἀκολού-</span> 
     </span>
    </p>
   </div>
   <div class='ocr_carea' id='block_1_50' title="bbox 186 3321 1767 3402">
    <p class='ocr_par' dir='ltr' id='par_1_50' title="bbox 186 3321 1767 3402">
     <span class='ocr_line' id='line_1_50' title="bbox 186 3321 1767 3402; baseline 0.003 -21"><span class='ocrx_word' id='word_1_375' title='bbox 186 3330 314 3392; x_wconf 72' lang='grc' dir='ltr'>θως,</span> <span class='ocrx_word' id='word_1_376' title='bbox 349 3321 553 3392; x_wconf 62' lang='grc' dir='ltr'>ὡς’καὶ</span> <span class='ocrx_word' id='word_1_377' title='bbox 590 3331 747 3391; x_wconf 64' lang='grc' dir='ltr'>αὐτὸς</span> <span class='ocrx_word' id='word_1_378' title='bbox 773 3334 808 3382; x_wconf 82' lang='grc' dir='ltr'>-ό</span> <span class='ocrx_word' id='word_1_379' title='bbox 847 3333 1064 3402; x_wconf 73' lang='grc' dir='ltr'>Σωτὴρ,</span> <span class='ocrx_word' id='word_1_380' title='bbox 1115 3334 1597 3402; x_wconf 60' lang='grc' dir='ltr'>ἀποκλαιισάμενος</span> <span class='ocrx_word' id='word_1_381' title='bbox 1643 3337 1767 3386; x_wconf 76' lang='grc' dir='ltr'>τότε</span> 
     </span>
    </p>
   </div>
   <div class='ocr_carea' id='block_1_51' title="bbox 182 3421 1765 3492">
    <p class='ocr_par' dir='ltr' id='par_1_51' title="bbox 182 3421 1765 3492">
     <span class='ocr_line' id='line_1_51' title="bbox 182 3421 1765 3492; baseline 0.001 -20"><span class='ocrx_word' id='word_1_382' title='bbox 182 3422 281 3488; x_wconf 79' lang='grc' dir='ltr'><strong>τὴν</strong></span> <span class='ocrx_word' id='word_1_383' title='bbox 311 3421 689 3491; x_wconf 74' lang='grc' dir='ltr'>Ἰερουσαλὴμ,</span> <span class='ocrx_word' id='word_1_384' title='bbox 727 3422 1137 3492; x_wconf 68' lang='grc' dir='ltr'>ἀναγέγραπται</span> <span class='ocrx_word' id='word_1_385' title='bbox 1173 3424 1428 3492; x_wconf 52' lang='grc' dir='ltr'>εἰρηκώς</span> <span class='ocrx_word' id='word_1_386' title='bbox 1459 3444 1476 3473; x_wconf 71' lang='grc' dir='ltr'><strong>ι</strong></span> <span class='ocrx_word' id='word_1_387' title='bbox 1595 3425 1765 3491; x_wconf 77' lang='grc' dir='ltr'>ἔγνως</span> 
     </span>
    </p>
   </div>
   <div class='ocr_carea' id='block_1_52' title="bbox 188 3512 1770 3585">
    <p class='ocr_par' dir='ltr' id='par_1_52' title="bbox 188 3512 1770 3585">
     <span class='ocr_line' id='line_1_52' title="bbox 188 3512 1770 3585; baseline 0.003 -22"><span class='ocrx_word' id='word_1_388' title='bbox 188 3513 280 3563; x_wconf 76' lang='grc' dir='ltr'><strong>καὶ</strong></span> <span class='ocrx_word' id='word_1_389' title='bbox 323 3512 387 3563; x_wconf 74' lang='grc' dir='ltr'><strong>σύ</strong></span> <span class='ocrx_word' id='word_1_390' title='bbox 419 3530 479 3578; x_wconf 89' lang='grc' dir='ltr'><strong>γε</strong></span> <span class='ocrx_word' id='word_1_391' title='bbox 512 3512 581 3563; x_wconf 77' lang='grc' dir='ltr'><strong>τὰ</strong></span> <span class='ocrx_word' id='word_1_392' title='bbox 610 3512 741 3582; x_wconf 84' lang='grc' dir='ltr'>πρὸς</span> <span class='ocrx_word' id='word_1_393' title='bbox 776 3515 994 3583; x_wconf 74' lang='grc' dir='ltr'>εἰρήνην</span> <span class='ocrx_word' id='word_1_394' title='bbox 1034 3532 1146 3575; x_wconf 86' lang='grc' dir='ltr'>σου,</span> <span class='ocrx_word' id='word_1_395' title='bbox 1188 3518 1269 3566; x_wconf 77' lang='grc' dir='ltr'><strong>ὅτι</strong></span> <span class='ocrx_word' id='word_1_396' title='bbox 1317 3516 1534 3583; x_wconf 63' lang='grc' dir='ltr'>ἥξουσιν</span> <span class='ocrx_word' id='word_1_397' title='bbox 1565 3517 1770 3585; x_wconf 82' lang='grc' dir='ltr'>ἡμέραι</span> 
     </span>
    </p>
   </div>
   <div class='ocr_carea' id='block_1_53' title="bbox 186 3604 1768 3676">
    <p class='ocr_par' dir='ltr' id='par_1_53' title="bbox 186 3604 1768 3676">
     <span class='ocr_line' id='line_1_53' title="bbox 186 3604 1768 3676; baseline 0.003 -21"><span class='ocrx_word' id='word_1_398' title='bbox 186 3605 276 3655; x_wconf 84' lang='grc' dir='ltr'><strong>ἐπί</strong></span> <span class='ocrx_word' id='word_1_399' title='bbox 325 3604 416 3666; x_wconf 80' lang='grc' dir='ltr'><strong>σὲ,</strong></span> <span class='ocrx_word' id='word_1_400' title='bbox 474 3605 566 3656; x_wconf 73' lang='grc' dir='ltr'><strong>καὶ</strong></span> <span class='ocrx_word' id='word_1_401' title='bbox 610 3606 1054 3675; x_wconf 79' lang='grc' dir='ltr'>παρεμϐαλοῦσιν</span> <span class='ocrx_word' id='word_1_402' title='bbox 1102 3609 1194 3658; x_wconf 68' lang='grc' dir='ltr'><strong>ἐπὶ</strong></span> <span class='ocrx_word' id='word_1_403' title='bbox 1235 3609 1292 3658; x_wconf 75' lang='grc' dir='ltr'>σὲ</span> <span class='ocrx_word' id='word_1_404' title='bbox 1335 3609 1384 3657; x_wconf 85' lang='grc' dir='ltr'>οἱ</span> <span class='ocrx_word' id='word_1_405' title='bbox 1436 3607 1618 3676; x_wconf 84' lang='grc' dir='ltr'>ἐχθροὶ</span> <span class='ocrx_word' id='word_1_406' title='bbox 1675 3626 1768 3659; x_wconf 83' lang='grc' dir='ltr'><strong>σου</strong></span> 
     </span>
    </p>
   </div>
   <div class='ocr_carea' id='block_1_54' title="bbox 187 3694 1770 3765">
    <p class='ocr_par' dir='ltr' id='par_1_54' title="bbox 187 3694 1770 3765">
     <span class='ocr_line' id='line_1_54' title="bbox 187 3694 1770 3765; baseline 0.001 -19"><span class='ocrx_word' id='word_1_407' title='bbox 187 3695 426 3764; x_wconf 74' lang='grc' dir='ltr'>χάρακα,</span> <span class='ocrx_word' id='word_1_408' title='bbox 457 3696 548 3745; x_wconf 74' lang='grc' dir='ltr'><strong>καὶ</strong></span> <span class='ocrx_word' id='word_1_409' title='bbox 577 3694 914 3747; x_wconf 83' lang='grc' dir='ltr'>κυκλώσουσί</span> <span class='ocrx_word' id='word_1_410' title='bbox 960 3713 1044 3759; x_wconf 91' lang='grc' dir='ltr'><strong>σε,</strong></span> <span class='ocrx_word' id='word_1_411' title='bbox 1082 3698 1175 3749; x_wconf 74' lang='grc' dir='ltr'><strong>καὶ</strong></span> <span class='ocrx_word' id='word_1_412' title='bbox 1211 3698 1288 3759; x_wconf 90' lang='grc' dir='ltr'>εἰς</span> <span class='ocrx_word' id='word_1_413' title='bbox 1317 3697 1415 3765; x_wconf 77' lang='grc' dir='ltr'><strong>τὴν</strong></span> <span class='ocrx_word' id='word_1_414' title='bbox 1448 3698 1550 3764; x_wconf 84' lang='grc' dir='ltr'><strong>γῆν</strong></span> <span class='ocrx_word' id='word_1_415' title='bbox 1586 3697 1770 3763; x_wconf 69' lang='grc' dir='ltr'>ἐδαφι-</span> 
     </span>
    </p>
   </div>
   <div class='ocr_carea' id='block_1_55' title="bbox 186 3786 436 3857">
    <p class='ocr_par' dir='ltr' id='par_1_55' title="bbox 186 3786 436 3857">
     <span class='ocr_line' id='line_1_55' title="bbox 186 3786 436 3857; baseline -0.004 -20"><span class='ocrx_word' id='word_1_416' title='bbox 186 3786 383 3857; x_wconf 73' lang='grc' dir='ltr'>σθήσῃ.</span> <span class='ocrx_word' id='word_1_417' title='bbox 416 3806 436 3836; x_wconf 75' lang='grc' dir='ltr'><strong>ι</strong></span> 
     </span>
    </p>
   </div>
   <div class='ocr_carea' id='block_1_56' title="bbox 261 3879 1767 3950">
    <p class='ocr_par' dir='ltr' id='par_1_56' title="bbox 261 3879 1767 3950">
     <span class='ocr_line' id='line_1_56' title="bbox 261 3879 1767 3950; baseline 0.003 -23"><span class='ocrx_word' id='word_1_418' title='bbox 261 3897 276 3927; x_wconf 78' lang='lat' dir='ltr'><strong>r</strong></span> <span class='ocrx_word' id='word_1_419' title='bbox 317 3879 624 3949; x_wconf 80' lang='grc' dir='ltr'>Ἐπισκοπὴ</span> <span class='ocrx_word' id='word_1_420' title='bbox 649 3879 757 3949; x_wconf 81' lang='grc' dir='ltr'><strong>γὰρ</strong></span> <span class='ocrx_word' id='word_1_421' title='bbox 790 3879 942 3933; x_wconf 77' lang='grc' dir='ltr'>ἔσται</span> <span class='ocrx_word' id='word_1_422' title='bbox 971 3881 1110 3950; x_wconf 82' lang='grc' dir='ltr'>μετὰ</span> <span class='ocrx_word' id='word_1_423' title='bbox 1128 3880 1376 3950; x_wconf 84' lang='grc' dir='ltr'>βροντῆς,</span> <span class='ocrx_word' id='word_1_424' title='bbox 1403 3879 1495 3932; x_wconf 73' lang='grc' dir='ltr'><strong>καὶ</strong></span> <span class='ocrx_word' id='word_1_425' title='bbox 1518 3880 1767 3950; x_wconf 84' lang='grc' dir='ltr'>σεισμοῦ,</span> 
     </span>
    </p>
   </div>
   <div class='ocr_carea' id='block_1_57' title="bbox 187 3968 1771 4039">
    <p class='ocr_par' dir='ltr' id='par_1_57' title="bbox 187 3968 1771 4039">
     <span class='ocr_line' id='line_1_57' title="bbox 187 3968 1771 4039; baseline 0.001 -19"><span class='ocrx_word' id='word_1_426' title='bbox 187 3969 279 4020; x_wconf 70' lang='grc' dir='ltr'><strong>καὶ</strong></span> <span class='ocrx_word' id='word_1_427' title='bbox 322 3969 509 4036; x_wconf 79' lang='grc' dir='ltr'>φωνῆς</span> <span class='ocrx_word' id='word_1_428' title='bbox 548 3970 806 4038; x_wconf 78' lang='grc' dir='ltr'><strong>μεγάλης,</strong></span> <span class='ocrx_word' id='word_1_429' title='bbox 851 3971 1104 4037; x_wconf 72' lang='grc' dir='ltr'>καταιγὶς</span> <span class='ocrx_word' id='word_1_430' title='bbox 1157 3969 1454 4039; x_wconf 79' lang='grc' dir='ltr'>φερομένη,</span> <span class='ocrx_word' id='word_1_431' title='bbox 1495 3972 1586 4022; x_wconf 76' lang='grc' dir='ltr'><strong>καὶ</strong></span> <span class='ocrx_word' id='word_1_432' title='bbox 1637 3968 1771 4037; x_wconf 71' lang='grc' dir='ltr'>φλὸξ</span> 
     </span>
    </p>
   </div>
   <div class='ocr_carea' id='block_1_58' title="bbox 184 4053 1774 4130">
    <p class='ocr_par' dir='ltr' id='par_1_58' title="bbox 184 4053 1774 4130">
     <span class='ocr_line' id='line_1_58' title="bbox 184 4053 1774 4130; baseline 0.001 -19"><span class='ocrx_word' id='word_1_433' title='bbox 184 4059 356 4126; x_wconf 83' lang='grc' dir='ltr'>πυρὸς</span> <span class='ocrx_word' id='word_1_434' title='bbox 386 4059 760 4112; x_wconf 77' lang='grc' dir='ltr'>κατεσθίουσα.</span> <span class='ocrx_word' id='word_1_435' title='bbox 806 4079 823 4110; x_wconf 70' lang='grc' dir='ltr'><strong>ι</strong></span> <span class='ocrx_word' id='word_1_436' title='bbox 853 4061 928 4111; x_wconf 81' lang='grc' dir='ltr'><strong>Δι’</strong></span> <span class='ocrx_word' id='word_1_437' title='bbox 955 4053 1027 4112; x_wconf 80' lang='grc' dir='ltr'>ὧν</span> <span class='ocrx_word' id='word_1_438' title='bbox 1060 4061 1279 4130; x_wconf 77' lang='grc' dir='ltr'>ᾐνίξατο</span> <span class='ocrx_word' id='word_1_439' title='bbox 1318 4060 1391 4122; x_wconf 82' lang='grc' dir='ltr'>ὡς</span> <span class='ocrx_word' id='word_1_440' title='bbox 1412 4061 1517 4129; x_wconf 77' lang='grc' dir='ltr'>ἄρα</span> <span class='ocrx_word' id='word_1_441' title='bbox 1545 4061 1638 4113; x_wconf 60' lang='grc' dir='ltr'><strong>καὶ⁵</strong></span> <span class='ocrx_word' id='word_1_442' title='bbox 1672 4079 1774 4112; x_wconf 76' lang='grc' dir='ltr'><strong>πυ-</strong></span> 
     </span>
    </p>
   </div>
   <div class='ocr_carea' id='block_1_59' title="bbox 185 4153 1768 4224">
    <p class='ocr_par' dir='ltr' id='par_1_59' title="bbox 185 4153 1768 4224">
     <span class='ocr_line' id='line_1_59' title="bbox 185 4153 1768 4224; baseline 0.001 -21"><span class='ocrx_word' id='word_1_443' title='bbox 185 4153 480 4222; x_wconf 81' lang='grc' dir='ltr'>ρίκαυστος</span> <span class='ocrx_word' id='word_1_444' title='bbox 496 4155 785 4222; x_wconf 87' lang='grc' dir='ltr'>γενήσεται</span> <span class='ocrx_word' id='word_1_445' title='bbox 809 4155 842 4223; x_wconf 84' lang='grc' dir='ltr'>ἡ</span> <span class='ocrx_word' id='word_1_446' title='bbox 871 4155 1044 4217; x_wconf 84' lang='grc' dir='ltr'>πόλις,</span> <span class='ocrx_word' id='word_1_447' title='bbox 1079 4155 1284 4206; x_wconf 77' lang='grc' dir='ltr'>ἄνωθεν</span> <span class='ocrx_word' id='word_1_448' title='bbox 1305 4157 1369 4206; x_wconf 87' lang='grc' dir='ltr'><strong>ἐκ</strong></span> <span class='ocrx_word' id='word_1_449' title='bbox 1383 4153 1518 4206; x_wconf 83' lang='grc' dir='ltr'>Θεοῦ</span> <span class='ocrx_word' id='word_1_450' title='bbox 1542 4153 1768 4224; x_wconf 78' lang='grc' dir='ltr'>βροντῆς</span> 
     </span>
    </p>
   </div>
   <div class='ocr_carea' id='block_1_60' title="bbox 180 4244 1728 4314">
    <p class='ocr_par' dir='ltr' id='par_1_60' title="bbox 180 4244 1728 4314">
     <span class='ocr_line' id='line_1_60' title="bbox 180 4244 1728 4314; baseline 0.002 -19"><span class='ocrx_word' id='word_1_451' title='bbox 180 4245 273 4297; x_wconf 76' lang='grc' dir='ltr'><strong>καὶ</strong></span> <span class='ocrx_word' id='word_1_452' title='bbox 307 4244 533 4312; x_wconf 84' lang='grc' dir='ltr'>σεισμοῦ</span> <span class='ocrx_word' id='word_1_453' title='bbox 575 4246 669 4296; x_wconf 70' lang='grc' dir='ltr'><strong>καὶ</strong></span> <span class='ocrx_word' id='word_1_454' title='bbox 695 4245 1004 4312; x_wconf 80' lang='grc' dir='ltr'>καταιγίδος</span> <span class='ocrx_word' id='word_1_455' title='bbox 1037 4247 1156 4298; x_wconf 80' lang='grc' dir='ltr'>κατ’</span> <span class='ocrx_word' id='word_1_456' title='bbox 1187 4244 1359 4314; x_wconf 78' lang='grc' dir='ltr'>αὐτῆς</span> <span class='ocrx_word' id='word_1_457' title='bbox 1393 4245 1728 4314; x_wconf 82' lang='grc' dir='ltr'>ἐνεχθείσης.</span> 
     </span>
    </p>
   </div>
   <div class='ocr_carea' id='block_1_61' title="bbox 256 4335 1768 4407">
    <p class='ocr_par' dir='ltr' id='par_1_61' title="bbox 256 4335 1768 4407">
     <span class='ocr_line' id='line_1_61' title="bbox 256 4335 1768 4407; baseline 0.001 -22"><span class='ocrx_word' id='word_1_458' title='bbox 256 4353 274 4385; x_wconf 75' lang='lat' dir='ltr'><strong>r</strong></span> <span class='ocrx_word' id='word_1_459' title='bbox 310 4336 422 4388; x_wconf 72' lang='grc' dir='ltr'><strong>Καὶ</strong></span> <span class='ocrx_word' id='word_1_460' title='bbox 449 4335 603 4387; x_wconf 82' lang='grc' dir='ltr'>ἔσται</span> <span class='ocrx_word' id='word_1_461' title='bbox 632 4335 706 4398; x_wconf 87' lang='grc' dir='ltr'>ὼς</span> <span class='ocrx_word' id='word_1_462' title='bbox 741 4336 767 4387; x_wconf 82' lang='grc' dir='ltr'>ὁ</span> <span class='ocrx_word' id='word_1_463' title='bbox 800 4337 1256 4407; x_wconf 75' lang='grc' dir='ltr'>ἐνυπνιαζόμενος</span> <span class='ocrx_word' id='word_1_464' title='bbox 1277 4339 1333 4389; x_wconf 82' lang='grc' dir='ltr'><strong>ἐν</strong></span> <span class='ocrx_word' id='word_1_465' title='bbox 1366 4335 1519 4406; x_wconf 71' lang='grc' dir='ltr'>ὕπνῳ</span> <span class='ocrx_word' id='word_1_466' title='bbox 1543 4339 1571 4389; x_wconf 90' lang='grc' dir='ltr'><strong>ό</strong></span> <span class='ocrx_word' id='word_1_467' title='bbox 1604 4335 1768 4387; x_wconf 85' lang='grc' dir='ltr'>πλοῦ-</span> 
     </span>
    </p>
   </div>
   <div class='ocr_carea' id='block_1_62' title="bbox 176 4425 1764 4497">
    <p class='ocr_par' dir='ltr' id='par_1_62' title="bbox 176 4425 1764 4497">
     <span class='ocr_line' id='line_1_62' title="bbox 176 4425 1764 4497; baseline 0.001 -20"><span class='ocrx_word' id='word_1_468' title='bbox 176 4443 268 4488; x_wconf 86' lang='grc' dir='ltr'><strong>τος</strong></span> <span class='ocrx_word' id='word_1_469' title='bbox 305 4425 478 4478; x_wconf 82' lang='grc' dir='ltr'>ἐθνῶν</span> <span class='ocrx_word' id='word_1_470' title='bbox 519 4427 756 4489; x_wconf 86' lang='grc' dir='ltr'>πάντων,</span> <span class='ocrx_word' id='word_1_471' title='bbox 795 4429 911 4480; x_wconf 77' lang='grc' dir='ltr'>ὅσοι</span> <span class='ocrx_word' id='word_1_472' title='bbox 953 4427 1394 4497; x_wconf 80' lang='grc' dir='ltr'>ἐπεστράτευσαν</span> <span class='ocrx_word' id='word_1_473' title='bbox 1428 4428 1520 4479; x_wconf 75' lang='grc' dir='ltr'><strong>ἐπὶ</strong></span> <span class='ocrx_word' id='word_1_474' title='bbox 1557 4427 1764 4497; x_wconf 76' lang='grc' dir='ltr'>Ἀριὴλ,</span> 
     </span>
    </p>
   </div>
   <div class='ocr_carea' id='block_1_63' title="bbox 1874 1965 3457 2033">
    <p class='ocr_par' dir='ltr' id='par_1_63' title="bbox 1874 1965 3457 2033">
     <span class='ocr_line' id='line_1_63' title="bbox 1874 1965 3457 2033; baseline 0.002 -21"><span class='ocrx_word' id='word_1_475' title='bbox 1874 1965 1982 2027; x_wconf 92' lang='lat' dir='ltr'><strong>vid,</strong></span> <span class='ocrx_word' id='word_1_476' title='bbox 2011 1974 2066 2017; x_wconf 90' lang='lat' dir='ltr'><strong>et</strong></span> <span class='ocrx_word' id='word_1_477' title='bbox 2093 1966 2304 2033; x_wconf 80' lang='lat' dir='ltr'><strong>Cingam</strong></span> <span class='ocrx_word' id='word_1_478' title='bbox 2343 1974 2393 2017; x_wconf 91' lang='lat' dir='ltr'><strong>te</strong></span> <span class='ocrx_word' id='word_1_479' title='bbox 2429 1966 2585 2026; x_wconf 84' lang='lat' dir='ltr'><strong>vallo,</strong></span> <span class='ocrx_word' id='word_1_480' title='bbox 2613 1976 2666 2018; x_wconf 89' lang='lat' dir='ltr'><strong>et</strong></span> <span class='ocrx_word' id='word_1_481' title='bbox 2689 1978 2992 2031; x_wconf 81' lang='lat' dir='ltr'><strong>exstruam,</strong></span> <span class='ocrx_word' id='word_1_482' title='bbox 3015 1975 3066 2018; x_wconf 91' lang='lat' dir='ltr'><strong>et</strong></span> <span class='ocrx_word' id='word_1_483' title='bbox 3099 1979 3293 2032; x_wconf 87' lang='lat' dir='ltr'><strong>ponam</strong></span> <span class='ocrx_word' id='word_1_484' title='bbox 3323 1979 3457 2016; x_wconf 90' lang='lat' dir='ltr'><strong>con-</strong></span> 
     </span>
    </p>
   </div>
   <div class='ocr_carea' id='block_1_64' title="bbox 1875 2052 3456 2115">
    <p class='ocr_par' dir='ltr' id='par_1_64' title="bbox 1875 2052 3456 2115">
     <span class='ocr_line' id='line_1_64' title="bbox 1875 2052 3456 2115; baseline 0 -11"><span class='ocrx_word' id='word_1_485' title='bbox 1875 2061 1952 2104; x_wconf 89' lang='lat' dir='ltr'><strong>tra</strong></span> <span class='ocrx_word' id='word_1_486' title='bbox 1985 2062 2034 2104; x_wconf 88' lang='lat' dir='ltr'><strong>te</strong></span> <span class='ocrx_word' id='word_1_487' title='bbox 2064 2062 2258 2106; x_wconf 87' lang='lat' dir='ltr'><strong>turres.</strong></span> <span class='ocrx_word' id='word_1_488' title='bbox 2296 2052 2361 2106; x_wconf 88' lang='lat' dir='ltr'><strong>Et</strong></span> <span class='ocrx_word' id='word_1_489' title='bbox 2395 2053 2826 2106; x_wconf 84' lang='lat' dir='ltr'><strong>humiliabuntur</strong></span> <span class='ocrx_word' id='word_1_490' title='bbox 2867 2068 3150 2108; x_wconf 85' lang='lat' dir='ltr'><strong>sermones</strong></span> <span class='ocrx_word' id='word_1_491' title='bbox 3183 2054 3281 2115; x_wconf 93' lang='lat' dir='ltr'><strong>tui,</strong></span> <span class='ocrx_word' id='word_1_492' title='bbox 3317 2063 3369 2106; x_wconf 92' lang='lat' dir='ltr'><strong>et</strong></span> <span class='ocrx_word' id='word_1_493' title='bbox 3401 2054 3456 2105; x_wconf 87' lang='lat' dir='ltr'><strong>in</strong></span> 
     </span>
    </p>
   </div>
   <div class='ocr_carea' id='block_1_65' title="bbox 1875 2140 3455 2210">
    <p class='ocr_par' dir='ltr' id='par_1_65' title="bbox 1875 2140 3455 2210">
     <span class='ocr_line' id='line_1_65' title="bbox 1875 2140 3455 2210; baseline -0.001 -16"><span class='ocrx_word' id='word_1_494' title='bbox 1875 2150 2074 2195; x_wconf 82' lang='lat' dir='ltr'><strong>terram</strong></span> <span class='ocrx_word' id='word_1_495' title='bbox 2111 2142 2366 2195; x_wconf 89' lang='lat' dir='ltr'><strong>subibunt</strong></span> <span class='ocrx_word' id='word_1_496' title='bbox 2400 2143 2561 2194; x_wconf 88' lang='lat' dir='ltr'><strong>verba</strong></span> <span class='ocrx_word' id='word_1_497' title='bbox 2592 2152 2704 2194; x_wconf 88' lang='lat' dir='ltr'><strong>tua.</strong></span> <span class='ocrx_word' id='word_1_498' title='bbox 2742 2142 2807 2194; x_wconf 83' lang='lat' dir='ltr'><strong>Et</strong></span> <span class='ocrx_word' id='word_1_499' title='bbox 2834 2143 2937 2194; x_wconf 85' lang='lat' dir='ltr'><strong>erit</strong></span> <span class='ocrx_word' id='word_1_500' title='bbox 2963 2153 3220 2210; x_wconf 79' lang='lat' dir='ltr'><strong>tanquam</strong></span> <span class='ocrx_word' id='word_1_501' title='bbox 3249 2142 3339 2208; x_wconf 91' lang='lat' dir='ltr'><strong>qui</strong></span> <span class='ocrx_word' id='word_1_502' title='bbox 3381 2140 3455 2193; x_wconf 90' lang='lat' dir='ltr'><strong>lo-</strong></span> 
     </span>
    </p>
   </div>
   <div class='ocr_carea' id='block_1_66' title="bbox 1873 2232 3458 2300">
    <p class='ocr_par' dir='ltr' id='par_1_66' title="bbox 1873 2232 3458 2300">
     <span class='ocr_line' id='line_1_66' title="bbox 1873 2232 3458 2300; baseline -0.001 -16"><span class='ocrx_word' id='word_1_503' title='bbox 1873 2242 2112 2299; x_wconf 89' lang='lat' dir='ltr'><strong>quuntur</strong></span> <span class='ocrx_word' id='word_1_504' title='bbox 2149 2232 2214 2284; x_wconf 90' lang='lat' dir='ltr'><strong>de</strong></span> <span class='ocrx_word' id='word_1_505' title='bbox 2258 2243 2399 2284; x_wconf 87' lang='lat' dir='ltr'><strong>terra</strong></span> <span class='ocrx_word' id='word_1_506' title='bbox 2431 2246 2530 2283; x_wconf 86' lang='lat' dir='ltr'><strong>vox</strong></span> <span class='ocrx_word' id='word_1_507' title='bbox 2584 2242 2671 2285; x_wconf 92' lang='lat' dir='ltr'><strong>tua</strong></span> <span class='ocrx_word' id='word_1_508' title='bbox 2701 2273 2716 2297; x_wconf 92' lang='lat'><strong>,</strong></span> <span class='ocrx_word' id='word_1_509' title='bbox 2762 2241 2814 2284; x_wconf 89' lang='lat' dir='ltr'><strong>et</strong></span> <span class='ocrx_word' id='word_1_510' title='bbox 2847 2234 2911 2284; x_wconf 86' lang='lat' dir='ltr'><strong>ad</strong></span> <span class='ocrx_word' id='word_1_511' title='bbox 2959 2233 3328 2300; x_wconf 82' lang='lat' dir='ltr'><strong>pavimentum</strong></span> <span class='ocrx_word' id='word_1_512' title='bbox 3354 2246 3458 2283; x_wconf 84' lang='lat' dir='ltr'><strong>vox</strong></span> 
     </span>
    </p>
   </div>
   <div class='ocr_carea' id='block_1_67' title="bbox 1874 2323 3461 2390">
    <p class='ocr_par' dir='ltr' id='par_1_67' title="bbox 1874 2323 3461 2390">
     <span class='ocr_line' id='line_1_67' title="bbox 1874 2323 3461 2390; baseline -0.001 -14"><span class='ocrx_word' id='word_1_513' title='bbox 1874 2333 1961 2376; x_wconf 90' lang='lat' dir='ltr'><strong>tua</strong></span> <span class='ocrx_word' id='word_1_514' title='bbox 2010 2323 2375 2375; x_wconf 84' lang='lat' dir='ltr'><strong>inﬁrmabitur</strong></span> <span class='ocrx_word' id='word_1_515' title='bbox 2415 2339 2429 2388; x_wconf 90' lang='lat'><strong>;</strong></span> <span class='ocrx_word' id='word_1_516' title='bbox 2484 2332 2538 2376; x_wconf 90' lang='lat' dir='ltr'><strong>et</strong></span> <span class='ocrx_word' id='word_1_517' title='bbox 2583 2332 2743 2376; x_wconf 78' lang='lat' dir='ltr'><strong>erunt</strong></span> <span class='ocrx_word' id='word_1_518' title='bbox 2787 2333 3039 2390; x_wconf 89' lang='lat' dir='ltr'><strong>tanquam</strong></span> <span class='ocrx_word' id='word_1_519' title='bbox 3072 2324 3246 2390; x_wconf 81' lang='lat' dir='ltr'><strong>pulvis</strong></span> <span class='ocrx_word' id='word_1_520' title='bbox 3280 2337 3308 2374; x_wconf 89' lang='lat' dir='ltr'><strong>a</strong></span> <span class='ocrx_word' id='word_1_521' title='bbox 3343 2334 3461 2375; x_wconf 89' lang='lat' dir='ltr'><strong>rota</strong></span> 
     </span>
    </p>
   </div>
   <div class='ocr_carea' id='block_1_68' title="bbox 1873 2412 3456 2480">
    <p class='ocr_par' dir='ltr' id='par_1_68' title="bbox 1873 2412 3456 2480">
     <span class='ocr_line' id='line_1_68' title="bbox 1873 2412 3456 2480; baseline -0.001 -14"><span class='ocrx_word' id='word_1_522' title='bbox 1873 2412 2073 2466; x_wconf 74' lang='lat' dir='ltr'><strong>diViliIB</strong></span> <span class='ocrx_word' id='word_1_523' title='bbox 2124 2413 2434 2480; x_wconf 87' lang='lat' dir='ltr'><strong>impiorum,</strong></span> <span class='ocrx_word' id='word_1_524' title='bbox 2465 2423 2520 2467; x_wconf 93' lang='lat' dir='ltr'><strong>et</strong></span> <span class='ocrx_word' id='word_1_525' title='bbox 2575 2413 2715 2467; x_wconf 89' lang='lat' dir='ltr'><strong>sicut</strong></span> <span class='ocrx_word' id='word_1_526' title='bbox 2758 2413 2942 2466; x_wconf 83' lang='lat' dir='ltr'><strong>favilla</strong></span> <span class='ocrx_word' id='word_1_527' title='bbox 2969 2424 3243 2467; x_wconf 88' lang='lat' dir='ltr'><strong>commota</strong></span> <span class='ocrx_word' id='word_1_528' title='bbox 3274 2413 3456 2466; x_wconf 89' lang='lat' dir='ltr'><strong>multi—</strong></span> 
     </span>
    </p>
   </div>
   <div class='ocr_carea' id='block_1_69' title="bbox 1876 2505 3461 2573">
    <p class='ocr_par' dir='ltr' id='par_1_69' title="bbox 1876 2505 3461 2573">
     <span class='ocr_line' id='line_1_69' title="bbox 1876 2505 3461 2573; baseline 0.001 -19"><span class='ocrx_word' id='word_1_529' title='bbox 1876 2506 2000 2556; x_wconf 90' lang='lat' dir='ltr'><strong>tudo</strong></span> <span class='ocrx_word' id='word_1_530' title='bbox 2029 2519 2212 2558; x_wconf 90' lang='lat' dir='ltr'><strong>eorum</strong></span> <span class='ocrx_word' id='word_1_531' title='bbox 2248 2507 2338 2571; x_wconf 88' lang='lat' dir='ltr'><strong>qui</strong></span> <span class='ocrx_word' id='word_1_532' title='bbox 2373 2515 2426 2559; x_wconf 86' lang='lat' dir='ltr'><strong>te</strong></span> <span class='ocrx_word' id='word_1_533' title='bbox 2453 2505 2738 2571; x_wconf 79' lang='lat' dir='ltr'><strong>subigent:</strong></span> <span class='ocrx_word' id='word_1_534' title='bbox 2783 2516 2836 2558; x_wconf 90' lang='lat' dir='ltr'><strong>et</strong></span> <span class='ocrx_word' id='word_1_535' title='bbox 2879 2506 2983 2557; x_wconf 90' lang='lat' dir='ltr'><strong>erit</strong></span> <span class='ocrx_word' id='word_1_536' title='bbox 3034 2515 3288 2572; x_wconf 85' lang='lat' dir='ltr'><strong>tanquam</strong></span> <span class='ocrx_word' id='word_1_537' title='bbox 3321 2521 3461 2573; x_wconf 87' lang='lat' dir='ltr'><strong>pun-</strong></span> 
     </span>
    </p>
   </div>
   <div class='ocr_carea' id='block_1_70' title="bbox 1874 2596 3460 2661">
    <p class='ocr_par' dir='ltr' id='par_1_70' title="bbox 1874 2596 3460 2661">
     <span class='ocr_line' id='line_1_70' title="bbox 1874 2596 3460 2661; baseline 0.001 -14"><span class='ocrx_word' id='word_1_538' title='bbox 1874 2606 2019 2647; x_wconf 92' lang='lat' dir='ltr'><strong>ctum</strong></span> <span class='ocrx_word' id='word_1_539' title='bbox 2056 2598 2342 2648; x_wconf 71' lang='lat' dir='ltr'><strong>conl&#39;eszim</strong></span> <span class='ocrx_word' id='word_1_540' title='bbox 2383 2612 2409 2648; x_wconf 91' lang='lat' dir='ltr'><strong>a</strong></span> <span class='ocrx_word' id='word_1_541' title='bbox 2454 2598 2682 2648; x_wconf 76' lang='lat' dir='ltr'><strong>llomino</strong></span> <span class='ocrx_word' id='word_1_542' title='bbox 2729 2597 2992 2650; x_wconf 75' lang='lat' dir='ltr'><strong>Sabaoth.</strong></span> <span class='ocrx_word' id='word_1_543' title='bbox 3041 2616 3057 2645; x_wconf 88' lang='lat'><strong>)</strong></span> <span class='ocrx_word' id='word_1_544' title='bbox 3092 2596 3460 2661; x_wconf 84' lang='lat' dir='ltr'><strong>Quemadmo-</strong></span> 
     </span>
    </p>
   </div>
   <div class='ocr_carea' id='block_1_71' title="bbox 1874 2686 3458 2752">
    <p class='ocr_par' dir='ltr' id='par_1_71' title="bbox 1874 2686 3458 2752">
     <span class='ocr_line' id='line_1_71' title="bbox 1874 2686 3458 2752; baseline 0.001 -14"><span class='ocrx_word' id='word_1_545' title='bbox 1874 2689 1996 2738; x_wconf 92' lang='lat' dir='ltr'><strong>dum</strong></span> <span class='ocrx_word' id='word_1_546' title='bbox 2029 2688 2170 2738; x_wconf 86' lang='lat' dir='ltr'><strong>enim</strong></span> <span class='ocrx_word' id='word_1_547' title='bbox 2204 2688 2368 2739; x_wconf 79' lang='lat' dir='ltr'><strong>David</strong></span> <span class='ocrx_word' id='word_1_548' title='bbox 2403 2688 2671 2752; x_wconf 89' lang='lat' dir='ltr'><strong>quondam</strong></span> <span class='ocrx_word' id='word_1_549' title='bbox 2698 2699 2876 2740; x_wconf 85' lang='lat' dir='ltr'><strong>castra</strong></span> <span class='ocrx_word' id='word_1_550' title='bbox 2908 2697 3100 2741; x_wconf 89' lang='lat' dir='ltr'><strong>contra</strong></span> <span class='ocrx_word' id='word_1_551' title='bbox 3127 2697 3204 2750; x_wconf 90' lang='lat' dir='ltr'><strong>tc,</strong></span> <span class='ocrx_word' id='word_1_552' title='bbox 3233 2686 3458 2740; x_wconf 84' lang='lat' dir='ltr'><strong>Jerusa-</strong></span> 
     </span>
    </p>
   </div>
   <div class='ocr_carea' id='block_1_72' title="bbox 1874 2776 3460 2845">
    <p class='ocr_par' dir='ltr' id='par_1_72' title="bbox 1874 2776 3460 2845">
     <span class='ocr_line' id='line_1_72' title="bbox 1874 2776 3460 2845; baseline -0.001 -17"><span class='ocrx_word' id='word_1_553' title='bbox 1874 2776 1998 2841; x_wconf 79' lang='lat' dir='ltr'><strong>lcm,</strong></span> <span class='ocrx_word' id='word_1_554' title='bbox 2036 2778 2237 2843; x_wconf 83' lang='lat' dir='ltr'><strong>posuit,</strong></span> <span class='ocrx_word' id='word_1_555' title='bbox 2274 2790 2432 2844; x_wconf 80' lang='lat' dir='ltr'><strong>teque</strong></span> <span class='ocrx_word' id='word_1_556' title='bbox 2459 2778 2843 2839; x_wconf 85' lang='lat' dir='ltr'><strong>circumsedit,</strong></span> <span class='ocrx_word' id='word_1_557' title='bbox 2876 2793 2999 2830; x_wconf 90' lang='lat' dir='ltr'><strong>cum</strong></span> <span class='ocrx_word' id='word_1_558' title='bbox 3032 2779 3084 2830; x_wconf 85' lang='lat' dir='ltr'><strong>in</strong></span> <span class='ocrx_word' id='word_1_559' title='bbox 3123 2777 3460 2845; x_wconf 74' lang='lat' dir='ltr'><strong>alienigena-</strong></span> 
     </span>
    </p>
   </div>
   <div class='ocr_carea' id='block_1_73' title="bbox 1878 2867 3459 2937">
    <p class='ocr_par' dir='ltr' id='par_1_73' title="bbox 1878 2867 3459 2937">
     <span class='ocr_line' id='line_1_73' title="bbox 1878 2867 3459 2937; baseline 0.003 -20"><span class='ocrx_word' id='word_1_560' title='bbox 1878 2882 1990 2918; x_wconf 77' lang='lat' dir='ltr'><strong>rum</strong></span> <span class='ocrx_word' id='word_1_561' title='bbox 2022 2867 2224 2919; x_wconf 82' lang='lat' dir='ltr'><strong>ditione</strong></span> <span class='ocrx_word' id='word_1_562' title='bbox 2252 2882 2420 2932; x_wconf 87' lang='lat' dir='ltr'><strong>esses,</strong></span> <span class='ocrx_word' id='word_1_563' title='bbox 2449 2878 2609 2936; x_wconf 83' lang='lat' dir='ltr'><strong>teque</strong></span> <span class='ocrx_word' id='word_1_564' title='bbox 2640 2870 3002 2936; x_wconf 68' lang='lat' dir='ltr'><strong>expugnavit;</strong></span> <span class='ocrx_word' id='word_1_565' title='bbox 3033 2869 3109 2922; x_wconf 91' lang='lat' dir='ltr'><strong>sic</strong></span> <span class='ocrx_word' id='word_1_566' title='bbox 3141 2878 3192 2920; x_wconf 89' lang='lat' dir='ltr'><strong>et</strong></span> <span class='ocrx_word' id='word_1_567' title='bbox 3216 2885 3336 2937; x_wconf 74' lang='lat' dir='ltr'><strong>ego,</strong></span> <span class='ocrx_word' id='word_1_568' title='bbox 3366 2869 3459 2934; x_wconf 85' lang='lat' dir='ltr'><strong>qui</strong></span> 
     </span>
    </p>
   </div>
   <div class='ocr_carea' id='block_1_74' title="bbox 1874 2957 3453 3025">
    <p class='ocr_par' dir='ltr' id='par_1_74' title="bbox 1874 2957 3453 3025">
     <span class='ocr_line' id='line_1_74' title="bbox 1874 2957 3453 3025; baseline 0.003 -16"><span class='ocrx_word' id='word_1_569' title='bbox 1874 2958 1986 3009; x_wconf 66' lang='lat' dir='ltr'><strong>lucc</strong></span> <span class='ocrx_word' id='word_1_570' title='bbox 2014 2957 2218 3025; x_wconf 91' lang='lat' dir='ltr'><strong>loquor,</strong></span> <span class='ocrx_word' id='word_1_571' title='bbox 2255 2959 2532 3023; x_wconf 79' lang='lat' dir='ltr'><strong>Dominus,</strong></span> <span class='ocrx_word' id='word_1_572' title='bbox 2569 2976 2710 3012; x_wconf 91' lang='lat' dir='ltr'><strong>nunc</strong></span> <span class='ocrx_word' id='word_1_573' title='bbox 2748 2971 2796 3012; x_wconf 91' lang='lat' dir='ltr'><strong>te</strong></span> <span class='ocrx_word' id='word_1_574' title='bbox 2829 2960 3112 3013; x_wconf 86' lang='lat' dir='ltr'><strong>obsidcbo.</strong></span> <span class='ocrx_word' id='word_1_575' title='bbox 3148 2959 3281 3011; x_wconf 70' lang='lat' dir='ltr'><strong>Nam</strong></span> <span class='ocrx_word' id='word_1_576' title='bbox 3318 2960 3453 3014; x_wconf 85' lang='lat' dir='ltr'><strong>alie-</strong></span> 
     </span>
    </p>
   </div>
   <div class='ocr_carea' id='block_1_75' title="bbox 1875 3047 3457 3117">
    <p class='ocr_par' dir='ltr' id='par_1_75' title="bbox 1875 3047 3457 3117">
     <span class='ocr_line' id='line_1_75' title="bbox 1875 3047 3457 3117; baseline 0.003 -19"><span class='ocrx_word' id='word_1_577' title='bbox 1875 3047 2193 3113; x_wconf 77' lang='lat' dir='ltr'><strong>nigenarum</strong></span> <span class='ocrx_word' id='word_1_578' title='bbox 2253 3048 2580 3100; x_wconf 84' lang='lat' dir='ltr'><strong>domicilium</strong></span> <span class='ocrx_word' id='word_1_579' title='bbox 2631 3050 2887 3111; x_wconf 83' lang='lat' dir='ltr'><strong>evasisti,</strong></span> <span class='ocrx_word' id='word_1_580' title='bbox 2939 3049 3202 3114; x_wconf 88' lang='lat' dir='ltr'><strong>improbis</strong></span> <span class='ocrx_word' id='word_1_581' title='bbox 3253 3050 3457 3117; x_wconf 82' lang='lat' dir='ltr'><strong>repleta</strong></span> 
     </span>
    </p>
   </div>
   <div class='ocr_carea' id='block_1_76' title="bbox 1877 3144 3458 3214">
    <p class='ocr_par' dir='ltr' id='par_1_76' title="bbox 1877 3144 3458 3214">
     <span class='ocr_line' id='line_1_76' title="bbox 1877 3144 3458 3214; baseline 0.004 -20"><span class='ocrx_word' id='word_1_582' title='bbox 1877 3145 2229 3214; x_wconf 82' lang='lat' dir='ltr'><strong>principibus.</strong></span> <span class='ocrx_word' id='word_1_583' title='bbox 2262 3145 2390 3210; x_wconf 74' lang='lat' dir='ltr'><strong>Quae</strong></span> <span class='ocrx_word' id='word_1_584' title='bbox 2418 3144 2631 3213; x_wconf 90' lang='lat' dir='ltr'><strong>impleta</strong></span> <span class='ocrx_word' id='word_1_585' title='bbox 2659 3154 2803 3207; x_wconf 87' lang='lat' dir='ltr'><strong>sunt,</strong></span> <span class='ocrx_word' id='word_1_586' title='bbox 2833 3153 2953 3213; x_wconf 89' lang='lat' dir='ltr'><strong>post</strong></span> <span class='ocrx_word' id='word_1_587' title='bbox 2986 3154 3350 3212; x_wconf 85' lang='lat' dir='ltr'><strong>perpetratum</strong></span> <span class='ocrx_word' id='word_1_588' title='bbox 3394 3147 3458 3200; x_wconf 74' lang='lat' dir='ltr'><strong>ab</strong></span> 
     </span>
    </p>
   </div>
   <div class='ocr_carea' id='block_1_77' title="bbox 1873 3237 3462 3308">
    <p class='ocr_par' dir='ltr' id='par_1_77' title="bbox 1873 3237 3462 3308">
     <span class='ocr_line' id='line_1_77' title="bbox 1873 3237 3462 3308; baseline -0.002 -16"><span class='ocrx_word' id='word_1_589' title='bbox 1873 3239 2339 3308; x_wconf 85' lang='lat' dir='ltr'><strong>Jerosolymitanis</strong></span> <span class='ocrx_word' id='word_1_590' title='bbox 2368 3249 2554 3292; x_wconf 92' lang='lat' dir='ltr'><strong>contra</strong></span> <span class='ocrx_word' id='word_1_591' title='bbox 2581 3237 2917 3292; x_wconf 89' lang='lat' dir='ltr'><strong>Salvatorem</strong></span> <span class='ocrx_word' id='word_1_592' title='bbox 2952 3247 3196 3290; x_wconf 91' lang='lat' dir='ltr'><strong>nostrum</strong></span> <span class='ocrx_word' id='word_1_593' title='bbox 3226 3239 3462 3300; x_wconf 74' lang='lat' dir='ltr'><strong>facinus:</strong></span> 
     </span>
    </p>
   </div>
   <div class='ocr_carea' id='block_1_78' title="bbox 1873 3329 3460 3400">
    <p class='ocr_par' dir='ltr' id='par_1_78' title="bbox 1873 3329 3460 3400">
     <span class='ocr_line' id='line_1_78' title="bbox 1873 3329 3460 3400; baseline 0.001 -18"><span class='ocrx_word' id='word_1_594' title='bbox 1873 3333 2012 3384; x_wconf 85' lang='lat' dir='ltr'><strong>sicut</strong></span> <span class='ocrx_word' id='word_1_595' title='bbox 2062 3333 2174 3398; x_wconf 89' lang='lat' dir='ltr'><strong>ipse</strong></span> <span class='ocrx_word' id='word_1_596' title='bbox 2225 3330 2484 3384; x_wconf 89' lang='lat' dir='ltr'><strong>Servator</strong></span> <span class='ocrx_word' id='word_1_597' title='bbox 2514 3330 2944 3400; x_wconf 78' lang='lat' dir='ltr'><strong>Hierosolymam</strong></span> <span class='ocrx_word' id='word_1_598' title='bbox 2996 3329 3283 3398; x_wconf 83' lang='lat' dir='ltr'><strong>deplorans</strong></span> <span class='ocrx_word' id='word_1_599' title='bbox 3333 3341 3460 3383; x_wconf 89' lang='lat' dir='ltr'><strong>tunc</strong></span> 
     </span>
    </p>
   </div>
   <div class='ocr_carea' id='block_1_79' title="bbox 1874 3420 3460 3492">
    <p class='ocr_par' dir='ltr' id='par_1_79' title="bbox 1874 3420 3460 3492">
     <span class='ocr_line' id='line_1_79' title="bbox 1874 3420 3460 3492; baseline -0.003 -17"><span class='ocrx_word' id='word_1_600' title='bbox 1874 3424 2075 3476; x_wconf 82' lang='lat' dir='ltr'><strong>dixisse</strong></span> <span class='ocrx_word' id='word_1_601' title='bbox 2105 3422 2299 3491; x_wconf 77' lang='lat' dir='ltr'><strong>legitur</strong></span> <span class='ocrx_word' id='word_1_602' title='bbox 2328 3437 2343 3475; x_wconf 89' lang='lat'><strong>:</strong></span> <span class='ocrx_word' id='word_1_603' title='bbox 2383 3441 2400 3472; x_wconf 77' lang='grc' dir='ltr'><strong>ι</strong></span> <span class='ocrx_word' id='word_1_604' title='bbox 2436 3420 2493 3476; x_wconf 93' lang='lat' dir='ltr'><strong>Si</strong></span> <span class='ocrx_word' id='word_1_605' title='bbox 2528 3421 2877 3492; x_wconf 77' lang='lat' dir='ltr'><strong>cognovisses</strong></span> <span class='ocrx_word' id='word_1_606' title='bbox 2911 3431 2965 3474; x_wconf 92' lang='lat' dir='ltr'><strong>et</strong></span> <span class='ocrx_word' id='word_1_607' title='bbox 2999 3431 3074 3485; x_wconf 91' lang='lat' dir='ltr'><strong>tu,</strong></span> <span class='ocrx_word' id='word_1_608' title='bbox 3120 3436 3240 3490; x_wconf 75' lang='lat' dir='ltr'><strong>quae</strong></span> <span class='ocrx_word' id='word_1_609' title='bbox 3266 3422 3330 3472; x_wconf 89' lang='lat' dir='ltr'><strong>ad</strong></span> <span class='ocrx_word' id='word_1_610' title='bbox 3368 3437 3460 3487; x_wconf 81' lang='lat' dir='ltr'><strong>pa-</strong></span> 
     </span>
    </p>
   </div>
   <div class='ocr_carea' id='block_1_80' title="bbox 1872 3514 3457 3583">
    <p class='ocr_par' dir='ltr' id='par_1_80' title="bbox 1872 3514 3457 3583">
     <span class='ocr_line' id='line_1_80' title="bbox 1872 3514 3457 3583; baseline -0.003 -15"><span class='ocrx_word' id='word_1_611' title='bbox 1872 3530 1991 3568; x_wconf 90' lang='lat' dir='ltr'><strong>cem</strong></span> <span class='ocrx_word' id='word_1_612' title='bbox 2034 3524 2201 3578; x_wconf 88' lang='lat' dir='ltr'><strong>tuam,</strong></span> <span class='ocrx_word' id='word_1_613' title='bbox 2237 3516 2361 3583; x_wconf 90' lang='lat' dir='ltr'><strong>quia</strong></span> <span class='ocrx_word' id='word_1_614' title='bbox 2392 3515 2610 3570; x_wconf 87' lang='lat' dir='ltr'><strong>venient</strong></span> <span class='ocrx_word' id='word_1_615' title='bbox 2639 3515 2757 3568; x_wconf 90' lang='lat' dir='ltr'><strong>dies</strong></span> <span class='ocrx_word' id='word_1_616' title='bbox 2799 3514 2852 3567; x_wconf 92' lang='lat' dir='ltr'><strong>in</strong></span> <span class='ocrx_word' id='word_1_617' title='bbox 2906 3523 2978 3577; x_wconf 79' lang='lat' dir='ltr'><strong>te,</strong></span> <span class='ocrx_word' id='word_1_618' title='bbox 3041 3523 3097 3568; x_wconf 91' lang='lat' dir='ltr'><strong>et</strong></span> <span class='ocrx_word' id='word_1_619' title='bbox 3148 3514 3457 3567; x_wconf 80' lang='lat' dir='ltr'><strong>circumda-</strong></span> 
     </span>
    </p>
   </div>
   <div class='ocr_carea' id='block_1_81' title="bbox 1871 3605 3458 3672">
    <p class='ocr_par' dir='ltr' id='par_1_81' title="bbox 1871 3605 3458 3672">
     <span class='ocr_line' id='line_1_81' title="bbox 1871 3605 3458 3672; baseline -0.003 -11"><span class='ocrx_word' id='word_1_620' title='bbox 1871 3607 2006 3661; x_wconf 88' lang='lat' dir='ltr'><strong>bunt</strong></span> <span class='ocrx_word' id='word_1_621' title='bbox 2040 3618 2090 3662; x_wconf 91' lang='lat' dir='ltr'><strong>te</strong></span> <span class='ocrx_word' id='word_1_622' title='bbox 2135 3609 2338 3662; x_wconf 87' lang='lat' dir='ltr'><strong>inimici</strong></span> <span class='ocrx_word' id='word_1_623' title='bbox 2377 3610 2448 3661; x_wconf 92' lang='lat' dir='ltr'><strong>tui</strong></span> <span class='ocrx_word' id='word_1_624' title='bbox 2486 3607 2649 3672; x_wconf 87' lang='lat' dir='ltr'><strong>vallo,</strong></span> <span class='ocrx_word' id='word_1_625' title='bbox 2702 3616 2755 3662; x_wconf 89' lang='lat' dir='ltr'><strong>et</strong></span> <span class='ocrx_word' id='word_1_626' title='bbox 2783 3605 3110 3661; x_wconf 89' lang='lat' dir='ltr'><strong>obsidebuut</strong></span> <span class='ocrx_word' id='word_1_627' title='bbox 3166 3615 3218 3659; x_wconf 90' lang='lat' dir='ltr'><strong>te</strong></span> <span class='ocrx_word' id='word_1_628' title='bbox 3245 3645 3260 3668; x_wconf 84' lang='lat'><strong>,</strong></span> <span class='ocrx_word' id='word_1_629' title='bbox 3294 3614 3352 3658; x_wconf 88' lang='lat' dir='ltr'><strong>ct</strong></span> <span class='ocrx_word' id='word_1_630' title='bbox 3391 3606 3458 3658; x_wconf 90' lang='lat' dir='ltr'><strong>ad</strong></span> 
     </span>
    </p>
   </div>
   <div class='ocr_carea' id='block_1_82' title="bbox 1875 3702 2624 3782">
    <p class='ocr_par' dir='ltr' id='par_1_82' title="bbox 1875 3702 2624 3782">
     <span class='ocr_line' id='line_1_82' title="bbox 1875 3702 2624 3782; baseline 0 -30"><span class='ocrx_word' id='word_1_631' title='bbox 1875 3713 2077 3754; x_wconf 86' lang='lat' dir='ltr'><strong>terram</strong></span> <span class='ocrx_word' id='word_1_632' title='bbox 2112 3702 2382 3770; x_wconf 85' lang='lat' dir='ltr'><strong>dejicieris</strong></span> <span class='ocrx_word' id='word_1_633' title='bbox 2408 3702 2476 3752; x_wconf 75' lang='lat'><strong>&quot;.</strong></span> <span class='ocrx_word' id='word_1_634' title='bbox 2522 3721 2540 3752; x_wconf 76' lang='grc' dir='ltr'><strong>ι</strong></span> <span class='ocrx_word' id='word_1_635' title='bbox 2619 3776 2624 3782; x_wconf 28' lang='lat'>&#39;</span> 
     </span>
    </p>
   </div>
   <div class='ocr_carea' id='block_1_83' title="bbox 1947 3876 3460 3947">
    <p class='ocr_par' dir='ltr' id='par_1_83' title="bbox 1947 3876 3460 3947">
     <span class='ocr_line' id='line_1_83' title="bbox 1947 3876 3460 3947; baseline 0.006 -17"><span class='ocrx_word' id='word_1_636' title='bbox 1947 3876 2106 3934; x_wconf 71' lang='lat' dir='ltr'><strong>Vens.</strong></span> <span class='ocrx_word' id='word_1_637' title='bbox 2142 3880 2194 3934; x_wconf 86' lang='lat'><strong>6.</strong></span> <span class='ocrx_word' id='word_1_638' title='bbox 2239 3899 2257 3932; x_wconf 77' lang='grc' dir='ltr'><strong>ι</strong></span> <span class='ocrx_word' id='word_1_639' title='bbox 2308 3881 2558 3935; x_wconf 81' lang='lat' dir='ltr'><strong>Visitatio</strong></span> <span class='ocrx_word' id='word_1_640' title='bbox 2595 3883 2737 3936; x_wconf 90' lang='lat' dir='ltr'><strong>enim</strong></span> <span class='ocrx_word' id='word_1_641' title='bbox 2785 3884 2892 3937; x_wconf 85' lang='lat' dir='ltr'><strong>erit</strong></span> <span class='ocrx_word' id='word_1_642' title='bbox 2937 3899 3059 3937; x_wconf 89' lang='lat' dir='ltr'><strong>cum</strong></span> <span class='ocrx_word' id='word_1_643' title='bbox 3109 3885 3347 3947; x_wconf 87' lang='lat' dir='ltr'><strong>tonitru,</strong></span> <span class='ocrx_word' id='word_1_644' title='bbox 3403 3895 3460 3939; x_wconf 87' lang='lat' dir='ltr'><strong>et</strong></span> 
     </span>
    </p>
   </div>
   <div class='ocr_carea' id='block_1_84' title="bbox 1874 3975 3461 4042">
    <p class='ocr_par' dir='ltr' id='par_1_84' title="bbox 1874 3975 3461 4042">
     <span class='ocr_line' id='line_1_84' title="bbox 1874 3975 3461 4042; baseline 0.004 -20"><span class='ocrx_word' id='word_1_645' title='bbox 1874 3977 2032 4024; x_wconf 66' lang='lat' dir='ltr'><strong>terrm</strong></span> <span class='ocrx_word' id='word_1_646' title='bbox 2069 3981 2239 4036; x_wconf 91' lang='lat' dir='ltr'><strong>motu,</strong></span> <span class='ocrx_word' id='word_1_647' title='bbox 2273 3981 2327 4025; x_wconf 89' lang='lat' dir='ltr'><strong>et</strong></span> <span class='ocrx_word' id='word_1_648' title='bbox 2357 3987 2489 4028; x_wconf 85' lang='lat' dir='ltr'><strong>voce</strong></span> <span class='ocrx_word' id='word_1_649' title='bbox 2536 3989 2732 4040; x_wconf 77' lang='lat' dir='ltr'><strong>magna</strong></span> <span class='ocrx_word' id='word_1_650' title='bbox 2780 3992 2795 4027; x_wconf 88' lang='lat'><strong>:</strong></span> <span class='ocrx_word' id='word_1_651' title='bbox 2849 3975 3083 4042; x_wconf 85' lang='lat' dir='ltr'><strong>procella</strong></span> <span class='ocrx_word' id='word_1_652' title='bbox 3132 3975 3369 4042; x_wconf 88' lang='lat' dir='ltr'><strong>irruens,</strong></span> <span class='ocrx_word' id='word_1_653' title='bbox 3405 3986 3461 4029; x_wconf 69' lang='grc' dir='ltr'><strong>(τι</strong></span> 
     </span>
    </p>
   </div>
   <div class='ocr_carea' id='block_1_85' title="bbox 1870 4059 3460 4130">
    <p class='ocr_par' dir='ltr' id='par_1_85' title="bbox 1870 4059 3460 4130">
     <span class='ocr_line' id='line_1_85' title="bbox 1870 4059 3460 4130; baseline 0.003 -17"><span class='ocrx_word' id='word_1_654' title='bbox 1870 4059 2088 4114; x_wconf 82' lang='lat' dir='ltr'><strong>ﬂamma</strong></span> <span class='ocrx_word' id='word_1_655' title='bbox 2117 4063 2256 4130; x_wconf 84' lang='lat' dir='ltr'><strong>ignis</strong></span> <span class='ocrx_word' id='word_1_656' title='bbox 2289 4061 2577 4117; x_wconf 85' lang='lat' dir='ltr'><strong>devorans.</strong></span> <span class='ocrx_word' id='word_1_657' title='bbox 2617 4083 2636 4115; x_wconf 73' lang='grc' dir='ltr'><strong>ι</strong></span> <span class='ocrx_word' id='word_1_658' title='bbox 2672 4064 2837 4130; x_wconf 85' lang='lat' dir='ltr'><strong>Queis</strong></span> <span class='ocrx_word' id='word_1_659' title='bbox 2867 4064 3182 4118; x_wconf 84' lang='lat' dir='ltr'><strong>subindicat</strong></span> <span class='ocrx_word' id='word_1_660' title='bbox 3209 4066 3460 4120; x_wconf 81' lang='lat' dir='ltr'><strong>incendio</strong></span> 
     </span>
    </p>
   </div>
   <div class='ocr_carea' id='block_1_86' title="bbox 1873 4150 3460 4217">
    <p class='ocr_par' dir='ltr' id='par_1_86' title="bbox 1873 4150 3460 4217">
     <span class='ocr_line' id='line_1_86' title="bbox 1873 4150 3460 4217; baseline 0.007 -16"><span class='ocrx_word' id='word_1_661' title='bbox 1873 4150 2262 4205; x_wconf 87' lang='lat' dir='ltr'><strong>absumendam</strong></span> <span class='ocrx_word' id='word_1_662' title='bbox 2293 4153 2508 4217; x_wconf 88' lang='lat' dir='ltr'><strong>urbem,</strong></span> <span class='ocrx_word' id='word_1_663' title='bbox 2536 4155 2862 4209; x_wconf 80' lang='lat' dir='ltr'><strong>immittente</strong></span> <span class='ocrx_word' id='word_1_664' title='bbox 2888 4153 3001 4208; x_wconf 91' lang='lat' dir='ltr'><strong>Deo</strong></span> <span class='ocrx_word' id='word_1_665' title='bbox 3026 4170 3240 4209; x_wconf 88' lang='lat' dir='ltr'><strong>sursum</strong></span> <span class='ocrx_word' id='word_1_666' title='bbox 3267 4167 3460 4212; x_wconf 84' lang='lat' dir='ltr'><strong>contra</strong></span> 
     </span>
    </p>
   </div>
   <div class='ocr_carea' id='block_1_87' title="bbox 1875 4239 3160 4312">
    <p class='ocr_par' dir='ltr' id='par_1_87' title="bbox 1875 4239 3160 4312">
     <span class='ocr_line' id='line_1_87' title="bbox 1875 4239 3160 4312; baseline 0.006 -22"><span class='ocrx_word' id='word_1_667' title='bbox 1875 4239 2018 4294; x_wconf 91' lang='lat' dir='ltr'><strong>illam</strong></span> <span class='ocrx_word' id='word_1_668' title='bbox 2055 4242 2282 4306; x_wconf 90' lang='lat' dir='ltr'><strong>tonitru,</strong></span> <span class='ocrx_word' id='word_1_669' title='bbox 2315 4250 2473 4296; x_wconf 73' lang='lat' dir='ltr'><strong>terrae</strong></span> <span class='ocrx_word' id='word_1_670' title='bbox 2513 4254 2715 4297; x_wconf 92' lang='lat' dir='ltr'><strong>motum</strong></span> <span class='ocrx_word' id='word_1_671' title='bbox 2753 4254 2808 4297; x_wconf 91' lang='lat' dir='ltr'><strong>et</strong></span> <span class='ocrx_word' id='word_1_672' title='bbox 2839 4245 3160 4312; x_wconf 89' lang='lat' dir='ltr'><strong>procellam.</strong></span> 
     </span>
    </p>
   </div>
   <div class='ocr_carea' id='block_1_88' title="bbox 1947 4330 3458 4403">
    <p class='ocr_par' dir='ltr' id='par_1_88' title="bbox 1947 4330 3458 4403">
     <span class='ocr_line' id='line_1_88' title="bbox 1947 4330 3458 4403; baseline 0.006 -20"><span class='ocrx_word' id='word_1_673' title='bbox 1947 4330 2112 4384; x_wconf 75' lang='lat' dir='ltr'><strong>Vens.</strong></span> <span class='ocrx_word' id='word_1_674' title='bbox 2157 4331 2211 4395; x_wconf 87' lang='lat'><strong>7,</strong></span> <span class='ocrx_word' id='word_1_675' title='bbox 2245 4332 2300 4386; x_wconf 91' lang='lat'><strong>8.</strong></span> <span class='ocrx_word' id='word_1_676' title='bbox 2345 4350 2364 4382; x_wconf 73' lang='grc' dir='ltr'><strong>ι</strong></span> <span class='ocrx_word' id='word_1_677' title='bbox 2403 4332 2466 4384; x_wconf 86' lang='lat' dir='ltr'><strong>Et</strong></span> <span class='ocrx_word' id='word_1_678' title='bbox 2500 4341 2659 4386; x_wconf 91' lang='lat' dir='ltr'><strong>erunt</strong></span> <span class='ocrx_word' id='word_1_679' title='bbox 2687 4342 2944 4402; x_wconf 81' lang='lat' dir='ltr'><strong>tanquam</strong></span> <span class='ocrx_word' id='word_1_680' title='bbox 2998 4334 3092 4403; x_wconf 89' lang='lat' dir='ltr'><strong>qui</strong></span> <span class='ocrx_word' id='word_1_681' title='bbox 3132 4337 3370 4390; x_wconf 65' lang='lat' dir='ltr'><strong>somnia!</strong></span> <span class='ocrx_word' id='word_1_682' title='bbox 3400 4338 3458 4392; x_wconf 81' lang='lat' dir='ltr'><strong>in</strong></span> 
     </span>
    </p>
   </div>
   <div class='ocr_carea' id='block_1_89' title="bbox 1873 4426 3458 4495">
    <p class='ocr_par' dir='ltr' id='par_1_89' title="bbox 1873 4426 3458 4495">
     <span class='ocr_line' id='line_1_89' title="bbox 1873 4426 3458 4495; baseline 0.004 -17"><span class='ocrx_word' id='word_1_683' title='bbox 1873 4439 2063 4478; x_wconf 89' lang='lat' dir='ltr'><strong>somno</strong></span> <span class='ocrx_word' id='word_1_684' title='bbox 2097 4439 2229 4493; x_wconf 84' lang='lat' dir='ltr'><strong>Opes</strong></span> <span class='ocrx_word' id='word_1_685' title='bbox 2275 4427 2512 4494; x_wconf 79' lang='lat' dir='ltr'><strong>gentium</strong></span> <span class='ocrx_word' id='word_1_686' title='bbox 2545 4426 2826 4489; x_wconf 88' lang='lat' dir='ltr'><strong>omnium,</strong></span> <span class='ocrx_word' id='word_1_687' title='bbox 2872 4436 3140 4495; x_wconf 85' lang='lat' dir='ltr'><strong>quotquot</strong></span> <span class='ocrx_word' id='word_1_688' title='bbox 3190 4429 3458 4484; x_wconf 84' lang='lat' dir='ltr'><strong>militave-</strong></span> 
     </span>
    </p>
   </div>
   <div class='ocr_carea' id='block_1_90' title="bbox 177 4516 1765 4608">
    <p class='ocr_par' dir='ltr' id='par_1_90' title="bbox 177 4516 1765 4588">
     <span class='ocr_line' id='line_1_90' title="bbox 177 4516 1765 4588; baseline 0.003 -21"><span class='ocrx_word' id='word_1_689' title='bbox 177 4518 271 4568; x_wconf 76' lang='grc' dir='ltr'><strong>καὶ</strong></span> <span class='ocrx_word' id='word_1_690' title='bbox 308 4516 513 4578; x_wconf 85' lang='grc' dir='ltr'>πάντες</span> <span class='ocrx_word' id='word_1_691' title='bbox 541 4517 589 4568; x_wconf 76' lang='grc' dir='ltr'><strong>οἱ</strong></span> <span class='ocrx_word' id='word_1_692' title='bbox 624 4518 1086 4588; x_wconf 84' lang='grc' dir='ltr'>στρατευσάμενοι</span> <span class='ocrx_word' id='word_1_693' title='bbox 1117 4518 1209 4569; x_wconf 80' lang='grc' dir='ltr'><strong>ἐπὶ</strong></span> <span class='ocrx_word' id='word_1_694' title='bbox 1258 4517 1639 4587; x_wconf 82' lang='grc' dir='ltr'>Ἰερουσαλὴμ,</span> <span class='ocrx_word' id='word_1_695' title='bbox 1675 4519 1765 4571; x_wconf 73' lang='grc' dir='ltr'><strong>καὶ</strong></span> 
     </span>
    </p>
   </div>
   <div class='ocr_carea' id='block_1_91' title="bbox 1872 4516 3458 4608">
    <p class='ocr_par' dir='ltr' id='par_1_91' title="bbox 1879 4516 3458 4586">
     <span class='ocr_line' id='line_1_91' title="bbox 1879 4516 3458 4586; baseline 0.003 -18"><span class='ocrx_word' id='word_1_696' title='bbox 1879 4525 2003 4569; x_wconf 89' lang='lat' dir='ltr'><strong>runt</strong></span> <span class='ocrx_word' id='word_1_697' title='bbox 2057 4518 2317 4570; x_wconf 88' lang='lat' dir='ltr'><strong>adversus</strong></span> <span class='ocrx_word' id='word_1_698' title='bbox 2382 4516 2570 4578; x_wconf 84' lang='lat' dir='ltr'><strong>Ariel,</strong></span> <span class='ocrx_word' id='word_1_699' title='bbox 2628 4526 2686 4570; x_wconf 91' lang='lat' dir='ltr'><strong>et</strong></span> <span class='ocrx_word' id='word_1_700' title='bbox 2742 4528 3008 4586; x_wconf 89' lang='lat' dir='ltr'><strong>quotquot</strong></span> <span class='ocrx_word' id='word_1_701' title='bbox 3085 4519 3458 4572; x_wconf 88' lang='lat' dir='ltr'><strong>militaverunt</strong></span> 
     </span>
    </p>
   </div>
   <div class='ocr_carea' id='block_1_92' title="bbox 175 4606 1762 4677">
    <p class='ocr_par' dir='ltr' id='par_1_92' title="bbox 175 4606 1762 4677">
     <span class='ocr_line' id='line_1_92' title="bbox 175 4606 1762 4677; baseline -0.001 -17"><span class='ocrx_word' id='word_1_702' title='bbox 175 4607 383 4669; x_wconf 80' lang='grc' dir='ltr'>πάντες</span> <span class='ocrx_word' id='word_1_703' title='bbox 428 4608 476 4658; x_wconf 90' lang='grc' dir='ltr'><strong>οἱ</strong></span> <span class='ocrx_word' id='word_1_704' title='bbox 513 4608 842 4677; x_wconf 81' lang='grc' dir='ltr'>συνηγμένοι</span> <span class='ocrx_word' id='word_1_705' title='bbox 891 4609 977 4659; x_wconf 81' lang='grc' dir='ltr'>ἐπ’</span> <span class='ocrx_word' id='word_1_706' title='bbox 1009 4606 1212 4676; x_wconf 77' lang='grc' dir='ltr'>αὐτὴν,</span> <span class='ocrx_word' id='word_1_707' title='bbox 1263 4607 1356 4659; x_wconf 74' lang='grc' dir='ltr'><strong>καὶ</strong></span> <span class='ocrx_word' id='word_1_708' title='bbox 1391 4608 1440 4659; x_wconf 80' lang='grc' dir='ltr'>οἱ</span> <span class='ocrx_word' id='word_1_709' title='bbox 1488 4606 1762 4670; x_wconf 79' lang='grc' dir='ltr'>θλίϐοντες</span> 
     </span>
    </p>
   </div>
   <div class='ocr_carea' id='block_1_93' title="bbox 177 4697 1761 4767">
    <p class='ocr_par' dir='ltr' id='par_1_93' title="bbox 177 4697 1761 4767">
     <span class='ocr_line' id='line_1_93' title="bbox 177 4697 1761 4767; baseline -0.002 -16"><span class='ocrx_word' id='word_1_710' title='bbox 177 4700 370 4767; x_wconf 70' lang='grc' dir='ltr'>αὑτήν.</span> <span class='ocrx_word' id='word_1_711' title='bbox 419 4699 530 4749; x_wconf 67' lang='grc' dir='ltr'><strong>Καὶ</strong></span> <span class='ocrx_word' id='word_1_712' title='bbox 579 4699 791 4750; x_wconf 82' lang='grc' dir='ltr'>ἐσονται</span> <span class='ocrx_word' id='word_1_713' title='bbox 838 4699 912 4759; x_wconf 85' lang='grc' dir='ltr'>ὡς</span> <span class='ocrx_word' id='word_1_714' title='bbox 949 4699 998 4750; x_wconf 87' lang='grc' dir='ltr'><strong>οἱ</strong></span> <span class='ocrx_word' id='word_1_715' title='bbox 1037 4700 1094 4750; x_wconf 86' lang='grc' dir='ltr'><strong>ἐν</strong></span> <span class='ocrx_word' id='word_1_716' title='bbox 1139 4698 1292 4767; x_wconf 85' lang='grc' dir='ltr'>ῦπνῳ</span> <span class='ocrx_word' id='word_1_717' title='bbox 1329 4699 1577 4761; x_wconf 83' lang='grc' dir='ltr'>πίνοντες</span> <span class='ocrx_word' id='word_1_718' title='bbox 1603 4740 1616 4760; x_wconf 92' lang='grc'><strong>,</strong></span> <span class='ocrx_word' id='word_1_719' title='bbox 1667 4697 1761 4749; x_wconf 72' lang='grc' dir='ltr'><strong>καὶ</strong></span> 
     </span>
    </p>
   </div>
   <div class='ocr_carea' id='block_1_94' title="bbox 174 4788 1758 4858">
    <p class='ocr_par' dir='ltr' id='par_1_94' title="bbox 174 4788 1758 4858">
     <span class='ocr_line' id='line_1_94' title="bbox 174 4788 1758 4858; baseline 0.001 -17"><span class='ocrx_word' id='word_1_720' title='bbox 174 4790 470 4851; x_wconf 72' lang='grc' dir='ltr'>ἐσθίοντες,</span> <span class='ocrx_word' id='word_1_721' title='bbox 504 4791 594 4840; x_wconf 79' lang='grc' dir='ltr'><strong>καὶ</strong></span> <span class='ocrx_word' id='word_1_722' title='bbox 623 4789 1052 4854; x_wconf 75' lang='grc' dir='ltr'>ἐξαναστάντων,</span> <span class='ocrx_word' id='word_1_723' title='bbox 1094 4788 1318 4858; x_wconf 83' lang='grc' dir='ltr'>μάταιον</span> <span class='ocrx_word' id='word_1_724' title='bbox 1351 4791 1529 4842; x_wconf 73' lang='grc' dir='ltr'>αὐτῶν</span> <span class='ocrx_word' id='word_1_725' title='bbox 1564 4792 1624 4842; x_wconf 82' lang='grc' dir='ltr'><strong>τὸ</strong></span> <span class='ocrx_word' id='word_1_726' title='bbox 1673 4792 1758 4843; x_wconf 86' lang='grc' dir='ltr'>ὲν-</span> 
     </span>
    </p>
   </div>
   <div class='ocr_carea' id='block_1_95' title="bbox 176 4879 1759 4949">
    <p class='ocr_par' dir='ltr' id='par_1_95' title="bbox 176 4879 1759 4949">
     <span class='ocr_line' id='line_1_95' title="bbox 176 4879 1759 4949; baseline 0.002 -19"><span class='ocrx_word' id='word_1_727' title='bbox 176 4881 388 4931; x_wconf 72' lang='grc' dir='ltr'>ύπνιον.</span> <span class='ocrx_word' id='word_1_728' title='bbox 433 4879 544 4929; x_wconf 77' lang='grc' dir='ltr'>Καὶ</span> <span class='ocrx_word' id='word_1_729' title='bbox 608 4880 666 4930; x_wconf 81' lang='grc' dir='ltr'>ὃν</span> <span class='ocrx_word' id='word_1_730' title='bbox 719 4880 920 4949; x_wconf 80' lang='grc' dir='ltr'>τρόπον</span> <span class='ocrx_word' id='word_1_731' title='bbox 969 4879 1346 4943; x_wconf 74' lang='grc' dir='ltr'>ἐνυπνιάζεται</span> <span class='ocrx_word' id='word_1_732' title='bbox 1379 4882 1406 4932; x_wconf 90' lang='grc' dir='ltr'><strong>ό</strong></span> <span class='ocrx_word' id='word_1_733' title='bbox 1447 4881 1615 4949; x_wconf 69' lang='grc' dir='ltr'>διψῶν</span> <span class='ocrx_word' id='word_1_734' title='bbox 1667 4883 1759 4933; x_wconf 76' lang='grc' dir='ltr'><strong>καὶ</strong></span> 
     </span>
    </p>
   </div>
   <div class='ocr_carea' id='block_1_96' title="bbox 173 4969 1759 5041">
    <p class='ocr_par' dir='ltr' id='par_1_96' title="bbox 173 4969 1759 5041">
     <span class='ocr_line' id='line_1_96' title="bbox 173 4969 1759 5041; baseline 0.001 -20"><span class='ocrx_word' id='word_1_735' title='bbox 173 4973 369 5033; x_wconf 72' lang='grc' dir='ltr'>πίνων,</span> <span class='ocrx_word' id='word_1_736' title='bbox 401 4970 498 5022; x_wconf 79' lang='grc' dir='ltr'><strong>καὶ</strong></span> <span class='ocrx_word' id='word_1_737' title='bbox 524 4969 823 5033; x_wconf 74' lang='grc' dir='ltr'>ἐξαναστὰς</span> <span class='ocrx_word' id='word_1_738' title='bbox 855 4970 933 5023; x_wconf 79' lang='grc' dir='ltr'><strong>ἔτι</strong></span> <span class='ocrx_word' id='word_1_739' title='bbox 966 4972 1125 5041; x_wconf 65' lang='grc' dir='ltr'>διψᾷο</span> <span class='ocrx_word' id='word_1_740' title='bbox 1163 4973 1194 5040; x_wconf 82' lang='grc' dir='ltr'>ἠ</span> <span class='ocrx_word' id='word_1_741' title='bbox 1229 4971 1283 5023; x_wconf 79' lang='grc' dir='ltr'><strong>δὲ</strong></span> <span class='ocrx_word' id='word_1_742' title='bbox 1311 4972 1456 5041; x_wconf 72' lang='grc' dir='ltr'>ψυχὴ</span> <span class='ocrx_word' id='word_1_743' title='bbox 1483 4972 1646 5024; x_wconf 80' lang='grc' dir='ltr'>αὑτοῦ</span> <span class='ocrx_word' id='word_1_744' title='bbox 1681 4975 1759 5034; x_wconf 83' lang='grc' dir='ltr'>εἰς</span> 
     </span>
    </p>
   </div>
   <div class='ocr_carea' id='block_1_97' title="bbox 173 5062 1758 5132">
    <p class='ocr_par' dir='ltr' id='par_1_97' title="bbox 173 5062 1758 5132">
     <span class='ocr_line' id='line_1_97' title="bbox 173 5062 1758 5132; baseline 0.002 -19"><span class='ocrx_word' id='word_1_745' title='bbox 173 5063 334 5113; x_wconf 71' lang='grc' dir='ltr'>κενὸν</span> <span class='ocrx_word' id='word_1_746' title='bbox 382 5062 639 5132; x_wconf 68' lang='grc' dir='ltr'>ἤλπισεν·</span> <span class='ocrx_word' id='word_1_747' title='bbox 681 5063 852 5125; x_wconf 69' lang='grc' dir='ltr'>οὕτως</span> <span class='ocrx_word' id='word_1_748' title='bbox 907 5062 1059 5116; x_wconf 79' lang='grc' dir='ltr'>ἐσται</span> <span class='ocrx_word' id='word_1_749' title='bbox 1090 5064 1118 5114; x_wconf 85' lang='grc' dir='ltr'><strong>ὁ</strong></span> <span class='ocrx_word' id='word_1_750' title='bbox 1157 5063 1382 5127; x_wconf 85' lang='grc' dir='ltr'>πλοῦτος</span> <span class='ocrx_word' id='word_1_751' title='bbox 1428 5064 1536 5116; x_wconf 81' lang='grc' dir='ltr'><strong>τῶν</strong></span> <span class='ocrx_word' id='word_1_752' title='bbox 1585 5063 1758 5116; x_wconf 75' lang='grc' dir='ltr'>ἐθνῶν</span> 
     </span>
    </p>
   </div>
   <div class='ocr_carea' id='block_1_98' title="bbox 173 5152 1755 5222">
    <p class='ocr_par' dir='ltr' id='par_1_98' title="bbox 173 5152 1755 5222">
     <span class='ocr_line' id='line_1_98' title="bbox 173 5152 1755 5222; baseline 0 -19"><span class='ocrx_word' id='word_1_753' title='bbox 173 5154 418 5214; x_wconf 80' lang='grc' dir='ltr'>πάντων,</span> <span class='ocrx_word' id='word_1_754' title='bbox 453 5153 567 5203; x_wconf 78' lang='grc' dir='ltr'>ὅσοι</span> <span class='ocrx_word' id='word_1_755' title='bbox 601 5152 1026 5222; x_wconf 78' lang='grc' dir='ltr'>ἐξεστράτευσαν</span> <span class='ocrx_word' id='word_1_756' title='bbox 1061 5154 1154 5205; x_wconf 76' lang='grc' dir='ltr'><strong>ἐπὶ</strong></span> <span class='ocrx_word' id='word_1_757' title='bbox 1189 5153 1249 5205; x_wconf 80' lang='grc' dir='ltr'><strong>τὸ</strong></span> <span class='ocrx_word' id='word_1_758' title='bbox 1279 5153 1402 5222; x_wconf 75' lang='grc' dir='ltr'>ὅρος</span> <span class='ocrx_word' id='word_1_759' title='bbox 1438 5153 1596 5207; x_wconf 84' lang='grc' dir='ltr'>Σιών.</span> <span class='ocrx_word' id='word_1_760' title='bbox 1627 5173 1643 5202; x_wconf 83' lang='grc'><strong>›</strong></span> <span class='ocrx_word' id='word_1_761' title='bbox 1679 5154 1755 5203; x_wconf 82' lang='grc' dir='ltr'><strong>Δι’</strong></span> 
     </span>
    </p>
   </div>
   <div class='ocr_carea' id='block_1_99' title="bbox 171 5240 1755 5315">
    <p class='ocr_par' dir='ltr' id='par_1_99' title="bbox 171 5240 1755 5315">
     <span class='ocr_line' id='line_1_99' title="bbox 171 5240 1755 5315; baseline -0.001 -18"><span class='ocrx_word' id='word_1_762' title='bbox 171 5240 247 5297; x_wconf 81' lang='grc' dir='ltr'>ὧν</span> <span class='ocrx_word' id='word_1_763' title='bbox 278 5245 502 5314; x_wconf 68' lang='grc' dir='ltr'>ᾐνίξατο</span> <span class='ocrx_word' id='word_1_764' title='bbox 528 5245 625 5313; x_wconf 81' lang='grc' dir='ltr'>τὴν</span> <span class='ocrx_word' id='word_1_765' title='bbox 653 5244 946 5297; x_wconf 82' lang='grc' dir='ltr'>ἀπόλαυσιν</span> <span class='ocrx_word' id='word_1_766' title='bbox 972 5245 1074 5314; x_wconf 78' lang='grc' dir='ltr'><strong>τῆς</strong></span> <span class='ocrx_word' id='word_1_767' title='bbox 1102 5248 1158 5297; x_wconf 88' lang='grc' dir='ltr'><strong>ἐν</strong></span> <span class='ocrx_word' id='word_1_768' title='bbox 1190 5244 1264 5314; x_wconf 80' lang='grc' dir='ltr'><strong>τῷ</strong></span> <span class='ocrx_word' id='word_1_769' title='bbox 1289 5246 1388 5314; x_wconf 77' lang='grc' dir='ltr'><strong>βίῳ</strong></span> <span class='ocrx_word' id='word_1_770' title='bbox 1413 5244 1586 5313; x_wconf 75' lang='grc' dir='ltr'>τούτῳ</span> <span class='ocrx_word' id='word_1_771' title='bbox 1624 5262 1755 5315; x_wconf 86' lang='grc' dir='ltr'>τρυ-</span> 
     </span>
    </p>
   </div>
   <div class='ocr_carea' id='block_1_100' title="bbox 170 5329 1756 5406">
    <p class='ocr_par' dir='ltr' id='par_1_100' title="bbox 170 5329 1756 5406">
     <span class='ocr_line' id='line_1_100' title="bbox 170 5329 1756 5406; baseline 0.002 -21"><span class='ocrx_word' id='word_1_772' title='bbox 170 5337 281 5403; x_wconf 76' lang='grc' dir='ltr'><strong>φῆς</strong></span> <span class='ocrx_word' id='word_1_773' title='bbox 312 5336 424 5386; x_wconf 85' lang='grc' dir='ltr'><strong>τῶν</strong></span> <span class='ocrx_word' id='word_1_774' title='bbox 473 5335 795 5403; x_wconf 77' lang='grc' dir='ltr'>Ῥωμαϊκῶν</span> <span class='ocrx_word' id='word_1_775' title='bbox 833 5335 1128 5406; x_wconf 77' lang='grc' dir='ltr'>ἀρχόντων.</span> <span class='ocrx_word' id='word_1_776' title='bbox 1173 5329 1334 5389; x_wconf 75' lang='grc' dir='ltr'>Οὗτοι</span> <span class='ocrx_word' id='word_1_777' title='bbox 1381 5337 1485 5406; x_wconf 78' lang='grc' dir='ltr'>γὰρ</span> <span class='ocrx_word' id='word_1_778' title='bbox 1527 5332 1666 5405; x_wconf 78' lang='grc' dir='ltr'>ἦσαν</span> <span class='ocrx_word' id='word_1_779' title='bbox 1707 5338 1756 5388; x_wconf 83' lang='grc' dir='ltr'>οἱ</span> 
     </span>
    </p>
   </div>
   <div class='ocr_carea' id='block_1_101' title="bbox 169 5425 1751 5497">
    <p class='ocr_par' dir='ltr' id='par_1_101' title="bbox 169 5425 1751 5497">
     <span class='ocr_line' id='line_1_101' title="bbox 169 5425 1751 5497; baseline 0.001 -21"><span class='ocrx_word' id='word_1_780' title='bbox 169 5427 271 5495; x_wconf 77' lang='grc' dir='ltr'><strong>τὴν</strong></span> <span class='ocrx_word' id='word_1_781' title='bbox 300 5425 540 5494; x_wconf 82' lang='grc' dir='ltr'>ἐσχάτην</span> <span class='ocrx_word' id='word_1_782' title='bbox 564 5425 874 5496; x_wconf 79' lang='grc' dir='ltr'>πολιορκίαν</span> <span class='ocrx_word' id='word_1_783' title='bbox 901 5426 1269 5493; x_wconf 79' lang='grc' dir='ltr'>ἐπαγαγόντες</span> <span class='ocrx_word' id='word_1_784' title='bbox 1286 5429 1352 5496; x_wconf 80' lang='grc' dir='ltr'>τῇ</span> <span class='ocrx_word' id='word_1_785' title='bbox 1377 5426 1683 5497; x_wconf 82' lang='grc' dir='ltr'>Ἰερουσαλή</span> <span class='ocrx_word' id='word_1_786' title='bbox 1695 5444 1751 5495; x_wconf 85' lang='grc' dir='ltr'>μ.</span> 
     </span>
    </p>
   </div>
   <div class='ocr_carea' id='block_1_102' title="bbox 183 5514 1753 5586">
    <p class='ocr_par' dir='ltr' id='par_1_102' title="bbox 183 5514 1753 5586">
     <span class='ocr_line' id='line_1_102' title="bbox 183 5514 1753 5586; baseline 0.001 -19"><span class='ocrx_word' id='word_1_787' title='bbox 183 5516 387 5586; x_wconf 78' lang='grc' dir='ltr'>Ἐχρῆν</span> <span class='ocrx_word' id='word_1_788' title='bbox 409 5515 514 5583; x_wconf 76' lang='grc' dir='ltr'><strong>γὰρ</strong></span> <span class='ocrx_word' id='word_1_789' title='bbox 530 5517 674 5582; x_wconf 81' lang='grc' dir='ltr'>ἡμᾶς</span> <span class='ocrx_word' id='word_1_790' title='bbox 694 5517 788 5569; x_wconf 77' lang='grc' dir='ltr'>καὶ</span> <span class='ocrx_word' id='word_1_791' title='bbox 811 5516 940 5586; x_wconf 77' lang='grc' dir='ltr'>περὶ</span> <span class='ocrx_word' id='word_1_792' title='bbox 954 5514 1135 5568; x_wconf 79' lang='grc' dir='ltr'>αὐτῶν</span> <span class='ocrx_word' id='word_1_793' title='bbox 1151 5534 1203 5569; x_wconf 92' lang='grc' dir='ltr'><strong>τι</strong></span> <span class='ocrx_word' id='word_1_794' title='bbox 1227 5517 1438 5586; x_wconf 85' lang='grc' dir='ltr'>μαθεῖν,</span> <span class='ocrx_word' id='word_1_795' title='bbox 1454 5517 1547 5570; x_wconf 77' lang='grc' dir='ltr'><strong>καὶ</strong></span> <span class='ocrx_word' id='word_1_796' title='bbox 1570 5516 1753 5570; x_wconf 80' lang='grc' dir='ltr'>ὁποῖον</span> 
     </span>
    </p>
   </div>
   <div class='ocr_carea' id='block_1_103' title="bbox 170 5603 1754 5679">
    <p class='ocr_par' dir='ltr' id='par_1_103' title="bbox 170 5603 1754 5679">
     <span class='ocr_line' id='line_1_103' title="bbox 170 5603 1754 5679; baseline 0 -19"><span class='ocrx_word' id='word_1_797' title='bbox 170 5609 326 5662; x_wconf 76' lang='grc' dir='ltr'>ἔσται</span> <span class='ocrx_word' id='word_1_798' title='bbox 360 5607 540 5660; x_wconf 76' lang='grc' dir='ltr'>καὶτὸ</span> <span class='ocrx_word' id='word_1_799' title='bbox 576 5608 748 5660; x_wconf 78' lang='grc' dir='ltr'>αὐτῶν</span> <span class='ocrx_word' id='word_1_800' title='bbox 777 5609 929 5671; x_wconf 82' lang='grc' dir='ltr'>τέλος</span> <span class='ocrx_word' id='word_1_801' title='bbox 960 5609 1292 5679; x_wconf 83' lang='grc' dir='ltr'>διδαχθῆναι.</span> <span class='ocrx_word' id='word_1_802' title='bbox 1335 5610 1503 5679; x_wconf 72' lang='grc' dir='ltr'>Φησὶν</span> <span class='ocrx_word' id='word_1_803' title='bbox 1532 5603 1624 5663; x_wconf 82' lang='grc' dir='ltr'>οὗν</span> <span class='ocrx_word' id='word_1_804' title='bbox 1663 5609 1754 5662; x_wconf 79' lang='grc' dir='ltr'><strong>τὸν</strong></span> 
     </span>
    </p>
   </div>
   <div class='ocr_carea' id='block_1_104' title="bbox 257 5803 736 5861">
    <p class='ocr_par' dir='ltr' id='par_1_104' title="bbox 257 5803 736 5861">
     <span class='ocr_line' id='line_1_104' title="bbox 257 5803 736 5861; baseline 0.002 -5"><span class='ocrx_word' id='word_1_805' title='bbox 257 5806 302 5837; x_wconf 70' lang='grc' dir='ltr'><strong>ιε</strong></span> <span class='ocrx_word' id='word_1_806' title='bbox 336 5805 468 5859; x_wconf 78' lang='lat' dir='ltr'><strong>Luc.</strong></span> <span class='ocrx_word' id='word_1_807' title='bbox 511 5819 621 5861; x_wconf 70' lang='lat' dir='ltr'><strong>six.</strong></span> <span class='ocrx_word' id='word_1_808' title='bbox 652 5803 736 5857; x_wconf 71' lang='grc'><strong>43.</strong></span> 
     </span>
    </p>
   </div>
   <div class='ocr_carea' id='block_1_105' title="bbox 509 5896 1222 5960">
    <p class='ocr_par' dir='ltr' id='par_1_105' title="bbox 509 5896 1222 5960">
     <span class='ocr_line' id='line_1_105' title="bbox 509 5896 1222 5960; baseline 0.01 -7"><span class='ocrx_word' id='word_1_809' title='bbox 509 5896 776 5957; x_wconf 75' lang='grc' dir='ltr'>ΡΛτῐιοι..</span> <span class='ocrx_word' id='word_1_810' title='bbox 825 5899 939 5959; x_wconf 82' lang='lat' dir='ltr'><strong>Gn.</strong></span> <span class='ocrx_word' id='word_1_811' title='bbox 987 5900 1222 5960; x_wconf 73' lang='lat' dir='ltr'><strong>XXIV.</strong></span> 
     </span>
    </p>
   </div>
   <div class='ocr_carea' id='block_1_106' title="bbox 1873 4601 3454 4676">
    <p class='ocr_par' dir='ltr' id='par_1_106' title="bbox 1873 4601 3454 4676">
     <span class='ocr_line' id='line_1_106' title="bbox 1873 4601 3454 4676; baseline 0.005 -23"><span class='ocrx_word' id='word_1_812' title='bbox 1873 4602 2134 4655; x_wconf 84' lang='lat' dir='ltr'><strong>adversus</strong></span> <span class='ocrx_word' id='word_1_813' title='bbox 2186 4601 2526 4667; x_wconf 82' lang='lat' dir='ltr'><strong>Jerusalem,</strong></span> <span class='ocrx_word' id='word_1_814' title='bbox 2595 4613 2649 4658; x_wconf 89' lang='lat' dir='ltr'><strong>et</strong></span> <span class='ocrx_word' id='word_1_815' title='bbox 2727 4606 3004 4670; x_wconf 88' lang='lat' dir='ltr'><strong>universi,</strong></span> <span class='ocrx_word' id='word_1_816' title='bbox 3080 4622 3169 4676; x_wconf 83' lang='lat' dir='ltr'><strong>qu</strong></span> <span class='ocrx_word' id='word_1_817' title='bbox 3225 4623 3454 4676; x_wconf 78' lang='lat' dir='ltr'><strong>congre-</strong></span> 
     </span>
    </p>
   </div>
   <div class='ocr_carea' id='block_1_107' title="bbox 1871 4695 3454 4764">
    <p class='ocr_par' dir='ltr' id='par_1_107' title="bbox 1871 4695 3454 4764">
     <span class='ocr_line' id='line_1_107' title="bbox 1871 4695 3454 4764; baseline 0.006 -18"><span class='ocrx_word' id='word_1_818' title='bbox 1871 4695 1980 4762; x_wconf 81' lang='lat' dir='ltr'><strong>gati</strong></span> <span class='ocrx_word' id='word_1_819' title='bbox 2022 4706 2148 4748; x_wconf 86' lang='lat' dir='ltr'><strong>sunt</strong></span> <span class='ocrx_word' id='word_1_820' title='bbox 2181 4696 2440 4750; x_wconf 86' lang='lat' dir='ltr'><strong>adversus</strong></span> <span class='ocrx_word' id='word_1_821' title='bbox 2465 4711 2581 4750; x_wconf 89' lang='lat' dir='ltr'><strong>eam</strong></span> <span class='ocrx_word' id='word_1_822' title='bbox 2607 4737 2622 4762; x_wconf 94' lang='lat'><strong>,</strong></span> <span class='ocrx_word' id='word_1_823' title='bbox 2653 4707 2705 4750; x_wconf 86' lang='lat' dir='ltr'><strong>et</strong></span> <span class='ocrx_word' id='word_1_824' title='bbox 2733 4699 2823 4764; x_wconf 90' lang='lat' dir='ltr'><strong>qui</strong></span> <span class='ocrx_word' id='word_1_825' title='bbox 2855 4697 3166 4752; x_wconf 71' lang='lat' dir='ltr'><strong>afﬂixerunt</strong></span> <span class='ocrx_word' id='word_1_826' title='bbox 3211 4715 3351 4754; x_wconf 79' lang='lat' dir='ltr'><strong>eain.</strong></span> <span class='ocrx_word' id='word_1_827' title='bbox 3390 4703 3454 4755; x_wconf 87' lang='lat' dir='ltr'><strong>Et</strong></span> 
     </span>
    </p>
   </div>
   <div class='ocr_carea' id='block_1_108' title="bbox 1870 4787 3451 4854">
    <p class='ocr_par' dir='ltr' id='par_1_108' title="bbox 1870 4787 3451 4854">
     <span class='ocr_line' id='line_1_108' title="bbox 1870 4787 3451 4854; baseline 0.006 -17"><span class='ocrx_word' id='word_1_828' title='bbox 1870 4796 2032 4838; x_wconf 89' lang='lat' dir='ltr'><strong>erunt</strong></span> <span class='ocrx_word' id='word_1_829' title='bbox 2066 4787 2204 4839; x_wconf 91' lang='lat' dir='ltr'><strong>sicut</strong></span> <span class='ocrx_word' id='word_1_830' title='bbox 2235 4787 2324 4854; x_wconf 91' lang='lat' dir='ltr'><strong>qui</strong></span> <span class='ocrx_word' id='word_1_831' title='bbox 2358 4788 2410 4840; x_wconf 92' lang='lat' dir='ltr'><strong>in</strong></span> <span class='ocrx_word' id='word_1_832' title='bbox 2448 4789 2650 4843; x_wconf 84' lang='lat' dir='ltr'><strong>somnis</strong></span> <span class='ocrx_word' id='word_1_833' title='bbox 2691 4789 2881 4842; x_wconf 91' lang='lat' dir='ltr'><strong>bibunt</strong></span> <span class='ocrx_word' id='word_1_834' title='bbox 2908 4801 2961 4843; x_wconf 90' lang='lat' dir='ltr'><strong>et</strong></span> <span class='ocrx_word' id='word_1_835' title='bbox 2989 4791 3320 4854; x_wconf 89' lang='lat' dir='ltr'><strong>comedunt;</strong></span> <span class='ocrx_word' id='word_1_836' title='bbox 3353 4795 3451 4846; x_wconf 83' lang='lat' dir='ltr'><strong>sed</strong></span> 
     </span>
    </p>
   </div>
   <div class='ocr_carea' id='block_1_109' title="bbox 1869 4884 3452 4942">
    <p class='ocr_par' dir='ltr' id='par_1_109' title="bbox 1869 4884 3452 4942">
     <span class='ocr_line' id='line_1_109' title="bbox 1869 4884 3452 4942; baseline 0.004 -12"><span class='ocrx_word' id='word_1_837' title='bbox 1869 4893 1989 4930; x_wconf 85' lang='lat' dir='ltr'><strong>Cum</strong></span> <span class='ocrx_word' id='word_1_838' title='bbox 2024 4891 2418 4942; x_wconf 84' lang='lat' dir='ltr'><strong>surrexerunt,</strong></span> <span class='ocrx_word' id='word_1_839' title='bbox 2448 4896 2650 4933; x_wconf 87' lang='lat' dir='ltr'><strong>vanum</strong></span> <span class='ocrx_word' id='word_1_840' title='bbox 2695 4892 2775 4935; x_wconf 92' lang='lat' dir='ltr'><strong>est</strong></span> <span class='ocrx_word' id='word_1_841' title='bbox 2817 4884 3087 4936; x_wconf 87' lang='lat' dir='ltr'><strong>somnium</strong></span> <span class='ocrx_word' id='word_1_842' title='bbox 3127 4898 3337 4938; x_wconf 88' lang='lat' dir='ltr'><strong>eorum.</strong></span> <span class='ocrx_word' id='word_1_843' title='bbox 3389 4885 3452 4938; x_wconf 84' lang='lat' dir='ltr'><strong>Et</strong></span> 
     </span>
    </p>
   </div>
   <div class='ocr_carea' id='block_1_110' title="bbox 1869 4973 3453 5041">
    <p class='ocr_par' dir='ltr' id='par_1_110' title="bbox 1869 4973 3453 5041">
     <span class='ocr_line' id='line_1_110' title="bbox 1869 4973 3453 5041; baseline 0.003 -16"><span class='ocrx_word' id='word_1_844' title='bbox 1869 4973 2008 5025; x_wconf 89' lang='lat' dir='ltr'><strong>sicut</strong></span> <span class='ocrx_word' id='word_1_845' title='bbox 2033 4974 2124 5041; x_wconf 92' lang='lat' dir='ltr'><strong>qui</strong></span> <span class='ocrx_word' id='word_1_846' title='bbox 2161 4988 2254 5041; x_wconf 89' lang='lat' dir='ltr'><strong>per</strong></span> <span class='ocrx_word' id='word_1_847' title='bbox 2285 4976 2549 5028; x_wconf 84' lang='lat' dir='ltr'><strong>somnium</strong></span> <span class='ocrx_word' id='word_1_848' title='bbox 2588 4976 2720 5029; x_wconf 89' lang='lat' dir='ltr'><strong>bibit</strong></span> <span class='ocrx_word' id='word_1_849' title='bbox 2750 4985 2804 5030; x_wconf 89' lang='lat' dir='ltr'><strong>et</strong></span> <span class='ocrx_word' id='word_1_850' title='bbox 2826 4977 3156 5039; x_wconf 78' lang='lat' dir='ltr'><strong>comedi-t,et</strong></span> <span class='ocrx_word' id='word_1_851' title='bbox 3182 4993 3302 5030; x_wconf 88' lang='lat' dir='ltr'><strong>cum</strong></span> <span class='ocrx_word' id='word_1_852' title='bbox 3332 4994 3453 5031; x_wconf 90' lang='lat' dir='ltr'><strong>sur-</strong></span> 
     </span>
    </p>
   </div>
   <div class='ocr_carea' id='block_1_111' title="bbox 1874 5064 3448 5135">
    <p class='ocr_par' dir='ltr' id='par_1_111' title="bbox 1874 5064 3448 5135">
     <span class='ocr_line' id='line_1_111' title="bbox 1874 5064 3448 5135; baseline 0.003 -21"><span class='ocrx_word' id='word_1_853' title='bbox 1874 5064 2036 5128; x_wconf 81' lang='lat' dir='ltr'><strong>rexit,</strong></span> <span class='ocrx_word' id='word_1_854' title='bbox 2065 5064 2240 5118; x_wconf 88' lang='lat' dir='ltr'><strong>adhuc</strong></span> <span class='ocrx_word' id='word_1_855' title='bbox 2267 5064 2421 5119; x_wconf 86' lang='lat' dir='ltr'><strong>sitit:</strong></span> <span class='ocrx_word' id='word_1_856' title='bbox 2452 5065 2631 5118; x_wconf 84' lang='lat' dir='ltr'><strong>anima</strong></span> <span class='ocrx_word' id='word_1_857' title='bbox 2665 5077 2842 5120; x_wconf 80' lang='lat' dir='ltr'><strong>autem</strong></span> <span class='ocrx_word' id='word_1_858' title='bbox 2874 5065 2990 5132; x_wconf 82' lang='lat' dir='ltr'><strong>ejus</strong></span> <span class='ocrx_word' id='word_1_859' title='bbox 3025 5065 3225 5119; x_wconf 79' lang='lat' dir='ltr'><strong>frustra</strong></span> <span class='ocrx_word' id='word_1_860' title='bbox 3257 5084 3448 5135; x_wconf 81' lang='lat' dir='ltr'><strong>spera-</strong></span> 
     </span>
    </p>
   </div>
   <div class='ocr_carea' id='block_1_112' title="bbox 1867 5154 3450 5226">
    <p class='ocr_par' dir='ltr' id='par_1_112' title="bbox 1867 5154 3450 5226">
     <span class='ocr_line' id='line_1_112' title="bbox 1867 5154 3450 5226; baseline 0.003 -21"><span class='ocrx_word' id='word_1_861' title='bbox 1867 5154 1979 5220; x_wconf 86' lang='lat' dir='ltr'><strong>vit;</strong></span> <span class='ocrx_word' id='word_1_862' title='bbox 2011 5155 2090 5208; x_wconf 90' lang='lat' dir='ltr'><strong>sic</strong></span> <span class='ocrx_word' id='word_1_863' title='bbox 2123 5167 2285 5210; x_wconf 89' lang='lat' dir='ltr'><strong>erunt</strong></span> <span class='ocrx_word' id='word_1_864' title='bbox 2318 5156 2518 5209; x_wconf 75' lang='lat' dir='ltr'><strong>divitiae</strong></span> <span class='ocrx_word' id='word_1_865' title='bbox 2552 5158 2794 5225; x_wconf 80' lang='lat' dir='ltr'><strong>gentium</strong></span> <span class='ocrx_word' id='word_1_866' title='bbox 2828 5158 3072 5210; x_wconf 91' lang='lat' dir='ltr'><strong>omnium</strong></span> <span class='ocrx_word' id='word_1_867' title='bbox 3099 5196 3115 5222; x_wconf 93' lang='lat'><strong>,</strong></span> <span class='ocrx_word' id='word_1_868' title='bbox 3149 5173 3270 5226; x_wconf 68' lang='lat' dir='ltr'><strong>qua:</strong></span> <span class='ocrx_word' id='word_1_869' title='bbox 3305 5159 3450 5211; x_wconf 83' lang='lat' dir='ltr'><strong>mili-</strong></span> 
     </span>
    </p>
   </div>
   <div class='ocr_carea' id='block_1_113' title="bbox 1871 5246 3452 5304">
    <p class='ocr_par' dir='ltr' id='par_1_113' title="bbox 1871 5246 3452 5304">
     <span class='ocr_line' id='line_1_113' title="bbox 1871 5246 3452 5304; baseline 0.006 -10"><span class='ocrx_word' id='word_1_870' title='bbox 1871 5251 2120 5296; x_wconf 85' lang='lat' dir='ltr'><strong>laverunt</strong></span> <span class='ocrx_word' id='word_1_871' title='bbox 2146 5254 2335 5298; x_wconf 89' lang='lat' dir='ltr'><strong>contra</strong></span> <span class='ocrx_word' id='word_1_872' title='bbox 2365 5256 2600 5300; x_wconf 88' lang='lat' dir='ltr'><strong>montem</strong></span> <span class='ocrx_word' id='word_1_873' title='bbox 2634 5246 2822 5301; x_wconf 61' lang='lat' dir='ltr'><strong>Sion.»</strong></span> <span class='ocrx_word' id='word_1_874' title='bbox 2846 5247 2942 5301; x_wconf 87' lang='lat' dir='ltr'><strong>llis</strong></span> <span class='ocrx_word' id='word_1_875' title='bbox 2972 5249 3317 5301; x_wconf 88' lang='lat' dir='ltr'><strong>adumbravit</strong></span> <span class='ocrx_word' id='word_1_876' title='bbox 3339 5249 3452 5304; x_wconf 82' lang='lat' dir='ltr'><strong>Ro-</strong></span> 
     </span>
    </p>
   </div>
   <div class='ocr_carea' id='block_1_114' title="bbox 1869 5337 3444 5409">
    <p class='ocr_par' dir='ltr' id='par_1_114' title="bbox 1869 5337 3444 5409">
     <span class='ocr_line' id='line_1_114' title="bbox 1869 5337 3444 5409; baseline 0.005 -23"><span class='ocrx_word' id='word_1_877' title='bbox 1869 5350 2150 5388; x_wconf 86' lang='lat' dir='ltr'><strong>manorum</strong></span> <span class='ocrx_word' id='word_1_878' title='bbox 2185 5337 2488 5407; x_wconf 90' lang='lat' dir='ltr'><strong>principum</strong></span> <span class='ocrx_word' id='word_1_879' title='bbox 2523 5338 2572 5390; x_wconf 90' lang='lat' dir='ltr'><strong>in</strong></span> <span class='ocrx_word' id='word_1_880' title='bbox 2606 5339 2705 5390; x_wconf 87' lang='lat' dir='ltr'><strong>hac</strong></span> <span class='ocrx_word' id='word_1_881' title='bbox 2736 5339 2844 5392; x_wconf 90' lang='lat' dir='ltr'><strong>vita</strong></span> <span class='ocrx_word' id='word_1_882' title='bbox 2879 5339 3183 5409; x_wconf 87' lang='lat' dir='ltr'><strong>voluptates</strong></span> <span class='ocrx_word' id='word_1_883' title='bbox 3211 5350 3265 5393; x_wconf 91' lang='lat' dir='ltr'><strong>et</strong></span> <span class='ocrx_word' id='word_1_884' title='bbox 3290 5355 3444 5408; x_wconf 87' lang='lat' dir='ltr'><strong>opes.</strong></span> 
     </span>
    </p>
   </div>
   <div class='ocr_carea' id='block_1_115' title="bbox 1866 5427 3445 5502">
    <p class='ocr_par' dir='ltr' id='par_1_115' title="bbox 1866 5427 3445 5502">
     <span class='ocr_line' id='line_1_115' title="bbox 1866 5427 3445 5502; baseline 0.004 -23"><span class='ocrx_word' id='word_1_885' title='bbox 1866 5427 1929 5479; x_wconf 92' lang='lat' dir='ltr'><strong>lli</strong></span> <span class='ocrx_word' id='word_1_886' title='bbox 1960 5428 2159 5495; x_wconf 84' lang='lat' dir='ltr'><strong>quippe</strong></span> <span class='ocrx_word' id='word_1_887' title='bbox 2193 5438 2352 5481; x_wconf 89' lang='lat' dir='ltr'><strong>erant</strong></span> <span class='ocrx_word' id='word_1_888' title='bbox 2395 5431 2486 5497; x_wconf 89' lang='lat' dir='ltr'><strong>qui</strong></span> <span class='ocrx_word' id='word_1_889' title='bbox 2524 5439 2824 5484; x_wconf 83' lang='lat' dir='ltr'><strong>extremam</strong></span> <span class='ocrx_word' id='word_1_890' title='bbox 2867 5431 3256 5502; x_wconf 73' lang='lat' dir='ltr'><strong>Hierosolyma:</strong></span> <span class='ocrx_word' id='word_1_891' title='bbox 3295 5434 3445 5488; x_wconf 86' lang='lat' dir='ltr'><strong>obsi-</strong></span> 
     </span>
    </p>
   </div>
   <div class='ocr_carea' id='block_1_116' title="bbox 1864 5519 3440 5592">
    <p class='ocr_par' dir='ltr' id='par_1_116' title="bbox 1864 5519 3440 5592">
     <span class='ocr_line' id='line_1_116' title="bbox 1864 5519 3440 5592; baseline 0.004 -22"><span class='ocrx_word' id='word_1_892' title='bbox 1864 5519 2078 5571; x_wconf 87' lang='lat' dir='ltr'><strong>dionem</strong></span> <span class='ocrx_word' id='word_1_893' title='bbox 2108 5519 2456 5578; x_wconf 89' lang='lat' dir='ltr'><strong>induxerunt.</strong></span> <span class='ocrx_word' id='word_1_894' title='bbox 2485 5521 2926 5577; x_wconf 85' lang='lat' dir='ltr'><strong>Consentaneum</strong></span> <span class='ocrx_word' id='word_1_895' title='bbox 2959 5525 3158 5592; x_wconf 91' lang='lat' dir='ltr'><strong>quippe</strong></span> <span class='ocrx_word' id='word_1_896' title='bbox 3189 5533 3332 5584; x_wconf 76' lang='lat' dir='ltr'><strong>erat.</strong></span> <span class='ocrx_word' id='word_1_897' title='bbox 3383 5533 3440 5576; x_wconf 88' lang='lat' dir='ltr'><strong>nt</strong></span> 
     </span>
    </p>
   </div>
   <div class='ocr_carea' id='block_1_117' title="bbox 1866 5607 3444 5685">
    <p class='ocr_par' dir='ltr' id='par_1_117' title="bbox 1866 5607 3444 5685">
     <span class='ocr_line' id='line_1_117' title="bbox 1866 5607 3444 5685; baseline 0.006 -24"><span class='ocrx_word' id='word_1_898' title='bbox 1866 5607 2140 5678; x_wconf 82' lang='lat' dir='ltr'><strong>quidpiam</strong></span> <span class='ocrx_word' id='word_1_899' title='bbox 2180 5609 2245 5664; x_wconf 87' lang='lat' dir='ltr'><strong>ad</strong></span> <span class='ocrx_word' id='word_1_900' title='bbox 2281 5610 2402 5667; x_wconf 90' lang='lat' dir='ltr'><strong>illos</strong></span> <span class='ocrx_word' id='word_1_901' title='bbox 2443 5621 2697 5681; x_wconf 88' lang='lat' dir='ltr'><strong>spectans</strong></span> <span class='ocrx_word' id='word_1_902' title='bbox 2728 5614 3118 5680; x_wconf 67' lang='lat' dir='ltr'><strong>edocerentur,</strong></span> <span class='ocrx_word' id='word_1_903' title='bbox 3153 5628 3252 5668; x_wconf 89' lang='lat' dir='ltr'><strong>nec</strong></span> <span class='ocrx_word' id='word_1_904' title='bbox 3281 5615 3444 5685; x_wconf 79' lang='lat' dir='ltr'><strong>igno-</strong></span> 
     </span>
    </p>
   </div>
   <div class='ocr_carea' id='block_1_118' title="bbox 3047 5901 3120 5958">
    <p class='ocr_par' dir='ltr' id='par_1_118' title="bbox 3047 5901 3120 5958">
     <span class='ocr_line' id='line_1_118' title="bbox 3047 5901 3120 5958; baseline 0 0"><span class='ocrx_word' id='word_1_905' title='bbox 3047 5901 3120 5958; x_wconf 83' lang='grc'><strong>10</strong></span> 
     </span>
    </p>
   </div>
  </div>
