4042 6388
592 435 707 495 299

1266 416 1532 479 Ευεειιιι
1566 406 2039 472 οΑῑεΑιιιι-ικειε
2073 402 2160 460 0P

2267 399 2445 457 PARS
2480 396 2565 453 Ill.
2586 428 2675 459 .—
2710 392 3122 452 EXEGE'I'ICA.

3714 382 3824 440 500

594 563 834 610 rarcmus
859 544 980 616 quis
1003 541 1214 598 illorum
1242 539 1453 593 iuturus
1476 532 1599 587 linis
1632 531 1724 586 sit.
1746 528 1833 582 Ait
1858 538 1986 595 ergo
2008 533 2141 591 opes

2266 514 2469 570 πλοῦτον
2493 514 2589 568 καὶ
2618 512 2719 585 τὴν
2738 510 2948 584 τρυφὴν
2968 507 3147 563 αὐτῶν
3180 506 3343 577 μέχρι
3375 504 3473 574 τῆς
3510 502 3849 573 ἐνεστώσης

588 645 992 710 vuhtptalesquc
1016 646 1204 689 eorum
1244 630 1297 682 in
1332 628 1433 681 hac
1455 631 1662 679 tantum
1693 625 1801 673 vita
1836 623 2137 710 manentes,

588 703 809 808 perinde
833 703 1119 787 se—habere
1156 731 1319 791 atque
1366 716 1573 774 somnia
1622 708 2029 808 dormientium,
2049 703 2140 775 qui

588 795 977 892 imaginatione
996 817 1280 879 duntaxat,
1303 808 1391 863 illa
1414 820 1535 877 quae
1563 802 1834 860 somniant
1859 813 1919 892 se
1943 795 2142 892 habere

588 890 779 987 putant
810 930 828 969 :
866 911 1027 967 talem
1047 906 1243 977 quippe
1266 916 1389 957 esse
1418 898 1579 968 huius
1608 894 1791 950 mundi
1830 890 2139 947 divitiarum

589 986 947 1080 phantasiam.
1000 998 1133 1054 Nam
1183 1004 1306 1067 post
1355 998 1674 1062 prmentem
1741 986 1906 1037 vitam
1945 992 2142 1080 vanum

592 1069 859 1155 somnium
888 1093 957 1149 ab
1006 1090 1137 1160 ipsis
1178 1080 1645 1156 deprehendetur,
1690 1076 1975 1145 inanisque
2016 1069 2143 1125 ﬂuis

591 1188 903 1262 voluptatis,
934 1197 1039 1254 qua
1064 1195 1126 1237 se
1152 1178 1257 1234 frui
1291 1172 1710 1231 arbitrabantur.

669 1252 828 1338 vi”.
864 1252 1016 1341 9J0.
1054 1292 1074 1325 ι
1104 1269 1326 1328 Dent-ite
1348 1276 1403 1321 et
1424 1260 1809 1332 obstupescite,
1829 1267 1885 1313 et
1911 1252 2147 1341 inebrie-

597 1370 749 1435 mini,
776 1381 881 1422 non
902 1339 1103 1425 sicera,
1132 1368 1305 1427 neque
1340 1352 1487 1416 vino,
1522 1349 1651 1435 quia
1677 1347 1884 1417 potavit
1917 1357 2011 1435 vos
2035 1339 2146 1396 Do-

586 1430 774 1514 minus
802 1454 992 1525 spiritu
1019 1441 1448 1517 compunctionis
1474 1457 1489 1493 :
1526 1446 1581 1492 et
1609 1434 1821 1525 claudet
1844 1430 2030 1485 oculos
2055 1440 2147 1481 eo-

598 1566 743 1617 rum,
769 1524 1229 1618 etipropbetarum
1260 1546 1469 1597 eorum,
1503 1541 1559 1585 et
1602 1524 1903 1618 principum
1936 1531 2143 1618 eorum,

596 1645 690 1714 qui
719 1610 900 1695 vident
929 1610 1261 1689 abscondita.
1299 1644 1317 1677 ι
1343 1624 1480 1691 Quia
1512 1626 1833 1714 praesentem
1862 1610 2145 1667 Dominum

597 1705 871 1789 hominem
900 1726 1099 1780 factum
1128 1716 1410 1774 audientes
1431 1751 1447 1777 ,
1481 1725 1590 1765 non
1638 1705 2053 1763 intellexerunt,
2084 1707 2149 1749 ac

594 1823 843 1879 videntes
869 1814 1038 1872 oculis
1057 1852 1075 1878 ,
1111 1811 1304 1865 anima:
1328 1804 1443 1859 visu
1474 1813 1580 1855 non
1609 1797 2024 1879 conspexerunt,
2053 1798 2148 1838 an-

596 1864 1075 1983 Ᾰξέξξαὶῖιῖἑ
1095 1900 1374 1961 audirent,
1405 1894 1788 1961 aggravarunt,
1818 1878 2022 1953 potabit
2055 1889 2149 1931 eos
2181 1864 2223 1919 Β

603 2004 861 2061 Dominus
889 1998 1078 2070 spiritu
1107 1984 1557 2061 compunctionis.

674 2182 833 2238 Vsus.
866 2180 950 2235 ll.
992 2194 1009 2226 ι
1030 2174 1095 2229 Et
1120 2178 1277 2227 erunt
1297 2164 1446 2221 vobis
1476 2164 1589 2216 hmc
1616 2156 1796 2213 omnia
1813 2152 1996 2216 verba,
2012 2148 2156 2238 velut

602 2236 879 2329 sermones
903 2264 1026 2321 libri
1067 2259 1264 2331 signati
1307 2253 1498 2322 huius,
1528 2262 1685 2319 quem
1711 2244 1756 2299 si
1784 2244 1931 2331 dent
1947 2236 2152 2294 homini

601 2360 793 2419 scienti
812 2329 1331 2419 litteras,dicentes:
1364 2343 1503 2411 Lege
1531 2340 1664 2403 hate,
1698 2335 1857 2395 dicet,
1888 2329 2003 2385 Non
2032 2341 2152 2419 pos-

603 2467 722 2508 sunt
756 2449 931 2516 legere
964 2462 979 2510 ;
1010 2416 1251 2511 signatus
1281 2435 1427 2490 enim
1480 2437 1583 2485 est.
1625 2446 1643 2480 ι
1690 2424 1763 2479 De
1808 2422 1878 2475 iis
1912 2420 2007 2507 qui
2052 2416 2152 2472 sub

602 2542 721 2596 haec
750 2510 928 2607 populi
968 2547 1033 2588 ex
1067 2510 1488 2584 circumcisione
1528 2514 1764 2589 preteeti
1806 2510 1969 2566 futuri
2001 2513 2151 2607 sunt,

604 2596 779 2702 pergit
805 2596 1121 2681 vaticinari:
1154 2638 1172 2669 ι
1208 2618 1271 2671 Ει
1300 2620 1463 2669 erunt
1494 2608 1646 2663 vobis
1682 2599 2054 2702 ontnianverba
2081 2596 2152 2702 li-

606 2690 744 2777 bri:
773 2737 787 2773 :
814 2730 932 2786 qua;
965 2726 1093 2768 sane
1136 2709 1211 2762 illi
1255 2720 1358 2761 non
1405 2699 1794 2786 intelligebant.
1841 2690 2152 2786 l‘lihilenim

607 2784 922 2865 dill'erebattt
948 2802 1037 2857 illa
1068 2801 1133 2854 ab
1162 2796 1561 2864 obsignatorum
1591 2784 1811 2857 sigillis,
1845 2784 1916 2836 ita
1965 2791 2023 2834 ut
2049 2793 2156 2854 non

607 2902 789 2964 posset
816 2889 1121 2944 ludmorum
1165 2883 1302 2937 nllus
1343 2878 1546 2947 scripta
1585 2873 1860 2942 perlegere
1889 2870 2024 2964 ;_ita

608 2957 978 3051 ignotos'l’ore
1020 2976 1095 3029 ait
1146 2969 1482 3043 propheticus
1538 2977 1848 3023 sermones,
1894 2960 2005 3014 sive
2050 2957 2154 3011 illis

608 3084 704 3123 ore
727 3065 1156 3137 pronuntientur,
1187 3062 1296 3115 sive
1313 3072 1495 3113 eorum
1521 3068 1743 3123 prorsus
1765 3051 1994 3119 imperiti
2022 3051 2152 3103 sint.

2238 607 2383 678 ζωῆς
2400 606 2750 678 ὑπάρχουσαν
2779 602 3138 663 ἐοικέναιτοῖς
3172 596 3315 653 κατὰ
3338 597 3453 659 τοῖς
3474 594 3668 657 ὕπνοις
3706 594 3824 666 (33)

2239 694 2615 768 ὀνειρώττουσι
2658 695 2752 748 καὶ
2776 692 2938 765 μέχρι
2955 688 3051 744 τοῦ
3081 688 3260 743 δοκεῖν
3285 686 3624 755 διακατέχειν
3650 683 3829 738 ταῦτα

2241 785 2521 857 νομίζωσι
2538 802 2552 816 ο
2576 783 2830 855 τοιαύτην
2844 782 2953 854 γὰρ
2966 775 3218 850 εἶναιτὴν
3238 775 3332 832 τοῦ
3370 776 3643 848 παρόντος
3665 774 3830 828 πλοῦ-

2240 893 2334 930 του
2363 874 2680 946 φαντασίαν.
2706 872 2862 929 Μετὰ
2890 871 2999 943 γὰρ
3021 871 3114 924 τδν
3142 870 3417 923 ἐνεστῶτα
3443 866 3560 937 βίον
3590 864 3830 938 μάταιον

2241 968 2426 1030 αὐτοῖς
2466 965 2820 1039 εὑρεθήσεται
2854 964 2918 1017 τὸ
2964 963 3251 1027 ἐνύπνιον,
3305 960 3406 1015 καὶ
3456 958 3521 1012 τὸ
3558 956 3717 1021 τέλος
3757 950 3831 1027 ἧς

2243 1059 2491 1139 ἐνόμιζον
2510 1055 2804 1113 ἀπολαύειν
2825 1053 3058 1127 τρυφῆς.

2321 1255 2339 1287 ι
2362 1234 2654 1305 Ἐκλυθῆτε
2690 1234 2785 1287 καὶ⁵
2831 1234 3083 1305 ικοτητε,
3134 1230 3229 1285 καὶ
3272 1228 3692 1302 κραιπαλήσατε
3728 1226 3836 1280 οὐκ

2244 1326 2353 1380 ἀπὺ
2390 1327 2597 1399 σίκερα,
2615 1325 2737 1379 οὐδὲ
2768 1324 2876 1379 ἀπὺ
2902 1325 3075 1379 οίνου·
3116 1322 3199 1377 δτι
3230 1321 3524 1375 πεπότικεν
3549 1320 3697 1389 ὑμᾶς
3712 1317 3838 1371 Κύ-

2250 1432 2360 1488 ριος
2385 1415 2651 1486 πνεύματι
2669 1412 3011 1477 κατανύξεως
3030 1430 3043 1445 ·
3072 1412 3168 1467 καὶ
3187 1410 3467 1482 καμμύσει
3488 1409 3615 1473 τοὺς
3632 1406 3839 1475 ὀφθαλ-

2250 1508 2384 1578 μοὺς
2415 1507 2615 1572 αὐτῶν,
2658 1506 2752 1559 καὶ
2775 1504 2886 1558 τῶν
2913 1503 3211 1576 προφητῶν
3237 1501 3435 1569 αὐτῶν,
3475 1501 3571 1554 καὶ
3595 1498 3705 1552 τῶν
3730 1498 3840 1570 ἁρ-

2246 1597 2450 1669 χόντων
2476 1594 2677 1660 αὐτῶν,
2702 1596 2751 1649 oi
2787 1593 3021 1666 ὁρῶντες
3048 1594 3119 1647 τὰ
3149 1592 3389 1665 κρυπτά.
3416 1610 3436 1644 ι
3475 1589 3836 1661 Ἕπειδήπερ,

2245 1688 2335 1740 ὅτε
2360 1686 2543 1757 παρῆν
2569 1686 2749 1749 αὐτοῖς
2785 1683 3211 1755 ἐνανθρωπήσας
3248 1683 3279 1734 ὁ
3332 1680 3560 1751 Κύριος,
3595 1677 3734 1749 ἁκοῇ
3765 1678 3837 1731 ἀ·-

2247 1780 2497 1845 κούοντες
2545 1778 2731 1844 αὐτοῦ,
2769 1779 2830 1832 οὐ
2880 1777 3155 1841 συνίεσαν,
3196 1776 3290 1829 καὶ
3328 1773 3619 1844 βλέποντες
3666 1771 3839 1825 αὐτὸν

2248 1869 2566 1939 ὀφθαλμοῖς,
2606 1871 2673 1940 τῇ
2707 1868 2893 1941 ὁράσει
2919 1866 3018 1937 τῆς
3053 1865 3229 1936 ψυχῆς
3265 1864 3365 1934 οὐχ
3398 1862 3605 1932 ἐώρων,
3634 1860 3733 1915 καὶ
3765 1861 3843 1915 τὰ

2252 1954 2365 2013 ὦτα
2388 1958 2564 2013 αὐτῶν
2594 1957 2861 2029 ἐσάρυναν
2886 1955 2981 2009 τοῦ
3014 1956 3088 2027 μὴ
3119 1953 3359 2019 ἀκούειν,
3394 1950 3605 2005 ποτίσει
3637 1951 3844 2016 αὐτοὺς

2254 2052 2455 2122 Κύριος
2477 2050 2748 2121 πνεύματι
2777 2047 3139 2113 κατανύξεως.

2330 2160 2349 2193 ι
2372 2142 2482 2195 Καὶ
2502 2141 2714 2195 ἔσονται
2749 2142 2877 2212 ὑμῖν
2899 2139 2967 2193 τὰ
3000 2140 3222 2211 ῥήματα
3255 2137 3432 2192 πάντα
3460 2134 3656 2193 ταῦτα.
3690 2134 3771 2197 ὡς
3791 2133 3846 2187 cl

2255 2234 2402 2300 λόγοι
2430 2231 2525 2286 τοῦ
2580 2230 2785 2301 βιϐλίου
2839 2230 2933 2284 τοῦ
2963 2229 3398 2301 ἐσφραγισμένου
3448 2226 3662 2289 τούτου,
3692 2224 3721 2277 δ
3740 2224 3846 2278 ἐὰν

2257 2323 2417 2377 δῶσιν
2446 2300 2883 2393 αὐτοανθρώπῳ
2921 2300 3268 2390 ἐπισταμένῳ
3316 2318 3623 2394 γράμματα
3648 2316 3846 2385 λέγον·-

2257 2428 2367 2477 τες·
2406 2410 2700 2479 ’Δνάγνωθι
2722 2409 2892 2464 ταῦτα
2915 2451 2931 2473 ,
2960 2410 3054 2463 καὶ
3074 2409 3209 2478 ἐρεῖ,
3238 2407 3313 2461 Οὐ
3334 2406 3568 2477 δύναμαι
3593 2404 3847 2473 ἀναγνῶ-

2260 2522 2346 2557 ναι
2366 2521 2379 2533 ·
2415 2502 2774 2573 ἐσφράγισται
2807 2502 2935 2573 γάρ.
2969 2519 2989 2553 ι
3023 2501 3157 2571 Περὶ
3178 2499 3287 2552 τῶν
3330 2496 3469 2569 μετὰ
3500 2496 3674 2550 ταῦτα
3704 2512 3848 2567 προ-

2264 2595 2477 2649 εστάναι
2524 2592 2820 2646 δοκούντων
2849 2591 2943 2646 τοῦ
2975 2594 3040 2646 ἐκ
3080 2589 3382 2663 περιτομῆς
3412 2588 3541 2643 λαοῦ
3566 2588 3849 2660 διέρχεται

2265 2685 2558 2749 θεσπίζωνο
2603 2704 2622 2736 ι
2650 2686 2759 2739 Καὶ
2787 2684 2997 2738 ἔσονται
3030 2684 3159 2754 ὑμῖν
3188 2682 3367 2735 πάντα
3397 2680 3464 2733 τὰ
3497 2667 3722 2751 ῥήματα
3746 2675 3849 2730 τοῦ

2265 2775 2529 2845 βιϐλίου,ι
2578 2775 2640 2828 οὐ
2702 2773 2806 2844 μὴν
2853 2774 2945 2826 καὶ
2975 2772 3243 2834 συνιέντες
3294 2770 3467 2824 αὐτάο
3521 2767 3686 2838 μηδὲν
3731 2766 3850 2837 γὰρ

2262 2866 2533 2938 διαφέρειν
2608 2866 2745 2919 αὐτὰ
2789 2864 2897 2917 τῶν
2947 2862 3506 2933 κατεσφραγισμένων
3556 2860 3848 2929 σφραγῖσι,

2262 2960 2396 3028 πρὸς
2406 2958 2467 3011 τὸ
2482 2957 2556 3027 μὴ
2568 2956 2823 3010 δύνασθαί
2837 2973 2957 3008 τινα
2978 2955 3067 3008 τδν
3087 2954 3200 3026 (54)
3218 2955 3281 3007 ἐκ
3301 2953 3397 3006 τοῦ
3422 2952 3690 3006 Ἰουδαίων
3709 2948 3850 3002 λαοῦ

2258 3052 2327 3103 τὰ
2355 3049 2778 3120 ἐγγεγραμμένα
2822 3046 3217 3116 διαγινώσκεινο
3258 3046 3427 3109 οὕτως
3452 3045 3635 3107 αὐτοῖς
3664 3042 3850 3113 ἀγνώ-

614 3132 767 3221 στους
800 3158 1014 3212 ἔσεσθαι
1041 3156 1165 3217 τοὺς
1192 3148 1558 3223 προφητικοὺς
1595 3146 1785 3213 λόγους
1810 3144 1909 3197 κᾶν
1926 3161 1983 3196 τε
2008 3142 2411 3213 ἀπαγγέλληται
2428 3144 2609 3205 αὐτοῖς
2632 3142 2739 3196 ἀπὸ
2764 3142 3048 3213 στόματος,
3067 3142 3168 3196 κᾶν
3182 3157 3238 3193 τε
3255 3141 3469 3210 ἄπειροι
3484 3132 3616 3192 ὦσιν
3642 3137 3847 3193 αὐτῶν.

690 3251 848 3306 Vens.
879 3248 964 3303 l2.
1007 3265 1024 3298 ι
1064 3246 1127 3299 Ει
1152 3244 1367 3297 dabitur
1397 3240 1486 3294 hic
1522 3238 1657 3293 liber
1687 3237 1740 3290 in
1772 3250 1959 3290 manus
1987 3236 2159 3289 homi-

2338 3256 2355 3287 ι
2375 3236 2483 3288 Καὶ
2501 3235 2780 3305 δοθήσεται
2827 3232 2887 3285 τὸ
2904 3230 3104 3301 βιϐλίον
3129 3230 3288 3283 τοῦτο
3308 3230 3389 3292 είς
3414 3231 3601 3299 χεῖρας

616 3346 702 3400 nis
726 3339 1014 3397 nescientis
1044 3337 1287 3390 litteras:
1313 3339 1368 3387 et
1388 3330 1530 3384 dicet
1556 3328 1629 3392 ei,
1662 3326 1804 3395 Lege
1833 3327 1970 3392 hoc;
1998 3336 2052 3379 et
2086 3325 2167 3379 di-

613 3442 732 3496 cet,
764 3430 878 3483 Non
918 3441 1137 3496 possum
1178 3424 1388 3493 legere,
1423 3418 1602 3473 nescio
1646 3416 1876 3471 litteras.
1930 3435 1949 3468 ι
1984 3416 2165 3470 Talem

617 3524 848 3577 futuram
876 3518 955 3572 ait
983 3514 1350 3587 propheticam
1386 3520 1641 3576 mentem,
1674 3524 1781 3562 non
1808 3508 2023 3576 quidem
2054 3522 2170 3561 om-

618 3592 805 3675 nibus,
845 3610 939 3664 sed
972 3609 1039 3663 iis
1071 3614 1277 3659 tantum
1300 3644 1314 3667 ,
1351 3602 1417 3655 de
1453 3600 1650 3669 quibus
1688 3601 1801 3655 btec
1825 3601 2166 3653 vaticinatur.

617 3704 749 3759 Nam
781 3700 965 3756 sedulo
992 3695 1390 3751 animadvertas
1412 3706 1519 3761 qua
1548 3691 1756 3746 ratione
1782 3691 2012 3757 dicatur,
2054 3709 2072 3740 ι
2106 3689 2173 3744 Ει

619 3800 776 3847 erunt
805 3789 955 3844 vobis
977 3788 1089 3843 hac
1102 3786 1263 3840 verba
1286 3799 1303 3851 ;
1328 3801 1346 3835 ι
1371 3763 1522 3836 vobis
1555 3780 1762 3847 scilicet
1791 3780 2168 3850 prmsentibus,

618 3882 938 3944 videntibus,
986 3888 1040 3933 et
1067 3876 1426 3931 audientibus.
1463 3872 1677 3935 Judeos
1713 3880 1891 3927 autem
1926 3872 2169 3956 alloque-

623 3976 778 4029 batur
798 4012 814 4038 ,
846 3971 999 4041 queis
1029 3970 1269 4039 ignotam
1299 3979 1423 4021 esse
1459 3964 1757 4034 prophetia:
1793 3973 2029 4019 mentem
2072 3964 2172 4017 sub

622 4064 738 4117 haec
773 4061 990 4124 edocet,
1019 4072 1139 4113 cum
1183 4057 1296 4110 haec
1323 4054 1531 4123 adjicit,
1574 4071 1593 4104 ι
1634 4053 1701 4107 Et
1737 4052 1957 4108 audient
2001 4054 2053 4107 in
2089 4052 2174 4107 die

622 4154 711 4209 illa
741 4151 886 4207 surdi
916 4150 1074 4205 verba
1103 4147 1245 4212 libri,
1282 4156 1339 4201 et
1364 4144 1503 4201 oculi
1530 4157 1795 4200 caecorum
1820 4144 2098 4209 videbunt,
2121 4154 2176 4198 et

624 4243 991 4300 cxsultahunt.
1033 4258 1051 4291 ι

700 4420 859 4473 Vens.
903 4416 1087 4480 ιλιι.
1120 4433 1139 4465 ι
1176 4415 1237 4469 Et
1283 4412 1417 4467 dixit
1442 4412 1699 4468 Dominus
1730 4431 1745 4467 :
1778 4415 2181 4484 Appropinquat

625 4513 759 4569 mihi
783 4510 1005 4582 populus
1024 4509 1113 4563 hic
1125 4522 1219 4563 ore
1241 4524 1339 4564 suo
1353 4548 1370 4575 ,
1387 4519 1440 4564 et
1454 4506 1614 4563 labiis
1628 4508 1740 4561 suis
1767 4508 2033 4562 honorant
2058 4521 2143 4561 me
2162 4525 2176 4561 :

2267 3346 2367 3383 που
2401 3329 2475 3400 μὴ
2512 3328 2875 3398 ἐπισταμένου
2905 3326 3210 3397 γράμματα
3231 3342 3243 3356 ·
3274 3326 3368 3379 καὶ
3398 3326 3514 3395 ἐρεῖ
3539 3323 3712 3394 αὐτῷ,
3755 3324 3853 3377 Ἀ-

2266 3420 2497 3489 νάγνωθι
2520 3420 2677 3473 τοῦτο
2694 3436 2707 3448 ·
2744 3418 2836 3471 καὶ
2864 3418 2999 3489 ἐρεῖ,
3023 3417 3099 3470 Οὐ
3129 3416 3361 3487 δύναμαι
3391 3415 3721 3483 ἀναγνῶναι,
3746 3416 3857 3469 οὐκ

2268 3513 2563 3581 ἐπίσταμαι
2591 3511 2913 3581 γράμματα.
2939 3528 2957 3560 ι
2986 3507 3239 3563 Τοιοῦτον
3261 3508 3318 3561 δὲ
3346 3507 3565 3561 ἔσεσθαι
3592 3509 3687 3561 τὸν
3715 3524 3857 3578 προ-

2269 3604 2495 3675 φητικδν
2530 3602 2674 3667 νοῦν,
2706 3603 2769 3655 οὐ
2798 3603 2963 3654 πᾶσιν
3000 3598 3327 3671 ἀνθρώποις,
3368 3599 3503 3653 ἀλλὰ
3535 3599 3718 3669 μόνοις
3746 3598 3857 3652 αὐ-

2269 3698 2400 3758 τοῖς,
2430 3693 2565 3763 πρὸς
2590 3692 2683 3755 οὓς
2710 3690 2881 3744 ταῦτα
2913 3689 3246 3755 ἐθεσπίζετο.
3275 3709 3293 3741 ι
3320 3690 3562 3761 Πρὸσχες
3592 3688 3703 3762 γὰρ
3730 3692 3859 3743 ἐπι-

2275 3784 2449 3856 μελῶς
2465 3786 2609 3847 ὅπως
2625 3785 2837 3854 εἴρηται
2855 3799 2869 3812 ·
2902 3782 3039 3835 ιΚαὶ
3058 3781 3209 3835 ἔσται
3226 3783 3353 3852 ὑμῖν
3378 3782 3449 3835 τὰ
3476 3783 3695 3853 ῥήματα
3720 3780 3859 3849 ταῦ-

2272 3893 2339 3928 τα
2360 3894 2372 3905 ·
2398 3896 2416 3927 ι
2440 3876 2567 3944 ὑμῖν
2598 3874 2705 3943 γάρ
2732 3890 2861 3943 φησι
2889 3875 3001 3935 τοῖς
3032 3872 3287 3943 παροῦσι,
3322 3873 3418 3925 καὶ
3447 3872 3635 3943 ὁρῶσι,
3665 3876 3759 3927 καὶ
3789 3876 3859 3928 ἀ-

2274 3964 2539 4019 κούουσιν.
2582 3980 2601 4013 ι
2626 3964 2684 4015 '0
2734 3962 2790 4014 δὲ
2821 3962 2975 4027 λόγος
3005 3956 3075 4031 ἦν
3121 3962 3256 4032 πρὸς
3288 3962 3597 4025 Ἰουδαίους,
3631 3956 3713 4025 οἷς
3757 3963 3857 4016 τὸν

2274 4053 2399 4106 νοῦν
2430 4055 2527 4123 τῆς
2559 4051 2891 4121 προφητείας
2918 4050 3192 4117 ἄγνωστον
3225 4051 3573 4115 ὑποκαταϐὰς
3608 4052 3859 4107 διδάσκει

2275 4145 2341 4197 δι’
2373 4138 2447 4198 ὧν
2476 4142 2749 4211 ἐπιλέγει·
2789 4163 2808 4194 ι
2829 4144 2938 4196 Καὶ
2963 4144 3283 4197 ἀκούσονται
3314 4145 3372 4196 ἐν
3390 4146 3457 4214 τῇ
3491 4144 3675 4216 ἡμέρᾳ
3704 4146 3859 4198 ἐκεί-

2277 4252 2343 4308 νῃ
2370 4236 2545 4305 κωφοὶ
2570 4235 2758 4304 λόγους
2793 4235 3018 4306 βιδλίου,
3051 4237 3143 4291 καὶ
3169 4236 3434 4306 ὀφθαλμοὶ
3456 4235 3673 4305 τυφλῶν
3694 4237 3861 4305 δψον-

2276 4345 2386 4391 ται,
2415 4328 2506 4381 καὶ
2534 4326 2966 4395 ἀγαλλιάσονται.
3000 4347 3019 4379 ι

2358 4438 2375 4469 ι
2397 4420 2505 4471 Καὶ
2532 4414 2651 4471 εἷπε
2692 4418 2896 4489 Κύριος
2919 4435 2933 4447 ·
2992 4416 3228 4485 Ἐγγίζει
3257 4434 3347 4487 μοι
3371 4419 3400 4470 ὁ
3432 4416 3559 4479 λαὸς
3600 4409 3756 4480 οὗτος
3798 4419 3862 4471 ἐν

2284 4511 2359 4581 τῷ
2392 4510 2616 4581 στόματι
2649 4510 2835 4573 αὐτοῦ,
2862 4509 2956 4563 καὶ
2991 4511 3050 4562 ἐν
3072 4512 3187 4571 τοῖς
3216 4508 3447 4579 χείλεσιν
3474 4507 3651 4561 αὐτῶν
3678 4509 3828 4579 τιμῶ

625 4619 721 4659 eor
749 4581 926 4657 autem
942 4615 1137 4656 eorum
1165 4600 1321 4671 longe
1346 4611 1427 4655 est
1445 4615 1476 4654 a
1496 4614 1601 4653 me.
1630 4596 1855 4653 Frustra
1878 4610 2059 4653 autem
2085 4614 2163 4654 co-

2284 4605 2336 4655 σί
2367 4620 2464 4672 με·
2499 4606 2532 4673 ἡ
2570 4603 2627 4655 δὲ
2665 4602 2861 4674 καρδία
2892 4600 3072 4655 αὐτῶν
3112 4600 3301 4671 πόρρω
3327 4600 3521 4669 ἀπέχει
3566 4602 3660 4653 ἀπ’
3696 4601 3857 4672 ἐμοῦ.

630 4696 745 4749 lunt
776 4707 883 4756 me,
906 4693 1160 4747 docentes
1184 4702 1453 4761 praecepta
1477 4690 1782 4755 hominum,
1798 4698 1961 4758 atque
1983 4690 2184 4745 doctri-

632 4800 749 4838 nas.
771 4783 1081 4850 Propterea,
1098 4794 1225 4835 ecce
1248 4780 1492 4848 adjiciam
1516 4789 1574 4833 ut
1591 4779 1909 4835 transferam
1928 4782 2184 4849 populum

633 4875 795 4938 hunc,
825 4883 879 4927 et
902 4870 1228 4925 transferam
1256 4884 1401 4923 eum.
1436 4888 1456 4920 ι
1489 4867 1554 4922 Et
1581 4871 1708 4939 quia
1736 4870 2060 4939 sapientiam
2091 4871 2187 4924 ho-

634 4968 834 5021 minum
862 4964 1177 5033 pmferunt,
1203 4962 1327 5017 dttm
1355 4962 1569 5017 interitu
1595 4964 1911 5032 sapientiam
1941 4974 1997 5017 et
2023 4967 2185 5018 verba

634 5072 749 5111 mea
779 5065 1136 5119 aversantur;
1173 5054 1307 5107 alias
1322 5068 1451 5108 vero
1477 5056 1735 5121 quasdam
1764 5056 2037 5110 seniorum
2071 5071 2188 5109 suo—

633 5161 753 5201 rum
780 5147 1091 5201 traditiones
1112 5185 1128 5208 ,
1164 5159 1228 5198 ac
1269 5144 1315 5198 si
1359 5143 1685 5212 sapientium
1713 5146 1948 5200 virorum
1982 5155 2183 5211 essent,

635 5247 1039 5303 consectantur,
1061 5234 1183 5291 ideo
1212 5234 1521 5303 Scripturas
1549 5235 1763 5303 quidem
1794 5250 1945 5291 meas
1972 5251 2077 5291 non
2108 5238 2189 5291 in-

634 5329 877 5398 telligent
935 5344 950 5382 :
1023 5345 1041 5377 l
1096 5327 1207 5397 Ego
1278 5341 1407 5382 vero
1471 5326 1790 5395 sapientiam
1862 5331 2183 5399 sapientium

638 5419 845 5471 illorum
884 5416 1142 5487 perdam,
1176 5424 1231 5469 et
1277 5415 1616 5483 prudentiam
1664 5416 1985 5482 prudentum
2026 5418 2187 5472 abro-

637 5510 791 5577 gaho.
826 5527 845 5560 ι

714 5596 871 5652 Vsus.
901 5597 990 5654 15.
1023 5615 1043 5648 ι
1073 5596 1164 5652 Va:
1195 5597 1286 5666 qui
1322 5597 1642 5667 profundum
1672 5601 1951 5655 consiiiuni
1983 5601 2189 5667 ineunt,

640 5698 693 5739 et
723 5703 825 5740 non
859 5703 952 5757 per
991 5688 1175 5743 Deum.
1208 5687 1299 5742 Vae
1329 5692 1420 5757 qni
1466 5691 1518 5743 in
1565 5690 1879 5747 abscondito
1903 5692 2192 5747 consilium

712 5801 821 5873 (33)
843 5799 1129 5873 Legem-ta
1140 5801 1261 5863 τοὺς
1278 5800 1493 5869 ὖπνους,
1511 5803 1592 5859 vel
1612 5803 1791 5877 ἐντοῖς
1813 5800 2014 5867 ὕπνοις.
2037 5804 2190 5858 Ευιτ.

2280 4695 2469 4761 Μάτην
2498 4694 2553 4747 δὲ
2576 4694 2820 4747 σέῦονταί
2847 4710 2935 4763 με,
2958 4692 3299 4755 διδάσκοντες
3319 4692 3623 4761 ἐντάλματα
3648 4691 3862 4764 ἀνθρώ-

2284 4804 2398 4839 πων
2432 4786 2525 4840 καὶ
2550 4786 2914 4847 διδασκαλίας.
2942 4785 3039 4837 Διά
3088 4783 3244 4837 τοῦτο
3277 4784 3386 4837 ἰδοὺ
3418 4783 3712 4855 προσθήσω
3760 4785 3859 4839 τοῦ

2286 4875 2591 4945 μεταθεῖναι
2618 4878 2708 4928 τὸν
2736 4876 2862 4928 λαὸν
2893 4874 3099 4938 τοῦτον,
3152 4875 3245 4929 καὶ
3292 4875 3585 4947 μεταθήσω
3620 4877 3803 4932 αὐτόν.
3836 4899 3855 4931 ι

2286 4966 2395 5017 Καὶ
2427 4965 2611 5035 ἐπειδὴ
2665 4966 2858 5034 σοφίαν
2889 4964 3189 5036 ἀνθρώπων
3217 4965 3629 5037 προδάλλονται,
3669 4968 3771 5038 τὴν
3801 4971 3861 5021 ὲ-

2288 5058 2393 5126 μὴν
2424 5058 2521 5126 μὲν
2546 5057 2979 5127 ἀποστρέφοντες
3026 5058 3215 5125 σοφίαν
3258 5059 3352 5111 καὶ
3383 5060 3473 5112 τὸν
3518 5060 3650 5130 ἐμὸν
3677 5059 3859 5128 λόγον,

2286 5148 2475 5218 ἐτέρας
2498 5146 2555 5200 δέ
2583 5165 2731 5211 τινας
2756 5147 3081 5219 παραδόσεις
3108 5149 3213 5203 τῶν
3241 5152 3371 5221 παρ’
3406 5152 3587 5214 αὐτοῖς
3619 5155 3860 5222 πρεσϐυ-

2285 5239 2475 5308 τέρων,
2503 5237 2691 5309 ὥσπερ
2742 5236 2905 5290 τινῶν
2959 5238 3136 5306 σοφῶν
3160 5240 3507 5310 κατέχοντες
3532 5240 3721 5292 τούτου
3763 5243 3865 5311 χὰ-

2286 5347 2369 5400 ριν
2396 5329 2494 5393 τὰς
2528 5330 2625 5399 μὲν
2661 5328 2800 5398 ἐμὰς
2846 5330 3065 5402 Γραφὰς
3104 5332 3165 5383 οὐ
3205 5333 3545 5401 συνήσουσιν.
3578 5350 3594 5381 ι
3619 5332 3760 5399 Ἐγὼ
3802 5334 3861 5386 δὲ

2286 5419 2443 5483 αὐτὸς
2479 5420 2589 5473 τῶν
2628 5421 2805 5489 σοφῶν
2830 5421 3005 5474 αὐτῶν
3042 5420 3138 5493 τὴν
3170 5424 3362 5491 σοφίαν
3394 5422 3599 5489 ἀπολῶ,
3629 5426 3721 5478 καὶ
3759 5428 3862 5497 τὴν

2286 5510 2496 5563 σύνεσιν
2522 5512 2631 5563 τῶν
2658 5512 2889 5565 συνετῶν
2922 5512 3190 5583 ἀθετήσω.
3214 5535 3230 5563 ι

2358 5622 2377 5653 ι
2402 5602 2537 5656 Οὐαὶ
2566 5603 2615 5653 οἱ
2634 5602 2849 5671 βαθεῖαν
2873 5602 3063 5673 βουλὴν
3084 5603 3381 5667 ποιοῦντες,
3410 5605 3503 5658 xa‘t
3523 5604 3583 5657 οὐ
3596 5604 3685 5657 διὰ
3698 5604 3859 5659 Θεοῦ.

2285 5692 2420 5746 Οὐαὶ
2440 5692 2487 5743 οἱ
2519 5693 2577 5743 ἐν
2594 5695 2773 5761 κρυφῇ
2803 5694 2994 5765 βουλὴν
3024 5692 3322 5758 ποιοῦντες,
3353 5696 3445 5749 καὶ
3474 5694 3622 5749 ἔσται
3644 5697 3701 5749 ἐν
3730 5696 3859 5753 σκό-

2358 5806 2468 5877 (Μ)
2507 5804 2671 5863 Forte
2700 5807 2979 5879 legendum
3015 5808 3138 5863 τῶν.
3172 5809 3328 5866 Eutr.
