4042 6420
1076 414 1578 497 commntum
1616 434 1686 493 IN
1724 433 1980 494 ISAIAI.
2018 472 2090 485 -
2123 440 2281 499 can.
2323 442 2515 501 xm.

3319 447 3427 503 302

171 579 253 619 τει
274 561 351 619 τά
380 562 520 638 εργα
565 564 774 619 αὐτῶν·
808 564 901 617 καὶ
925 562 1130 634 ἐροῦσι,
1156 562 1252 626 Τίς
1282 562 1525 633 ἑώρακεν
1564 560 1744 631 male;

1852 558 2058 623 ineunt.
2078 570 2135 617 et
2155 573 2317 620 erunt
2344 563 2397 618 in
2423 560 2662 620 tenebris
2686 576 2849 632 opera
2876 576 3063 619 eorum
3087 580 3103 619 :
3130 573 3185 619 et
3219 564 3424 629 dicent,

172 653 265 709 καὶ
287 653 380 719 τίς
407 656 558 726 ἡμᾶς
596 652 883 723 γνώσεται,
910 653 944 725 ἢ
967 652 1005 707 ε
1058 654 1219 724 ἡμεῖς
1248 651 1541 723 ποιοῦμενς
1570 676 1590 703 ο
1635 644 1749 704 Εἶτ’

171 743 473 817 ἐπειδήπερ
494 743 764 798 θεοσεϐεϊν
790 742 1244 815 ᾶπαγγελλόμενοι
1276 744 1389 807 τοῖς
1415 741 1667 813 χείλεσιν,
1691 743 1750 795 εν

169 835 246 907 τῷ
282 837 519 910 κρυπτῷ
548 836 616 891 τά
652 836 902 909 χείριστα
930 835 1330 908 διεπράττοντο,
1384 834 1750 907 φαρμακείαις

171 927 266 981 καὶ
287 927 677 1001 ἀκαθαρσίαις,
712 928 809 982 καὶ
828 926 1016 991 ἄλλαις
1052 926 1279 999 μυρίαις
1298 923 1577 998 ἀθεμίτοις
1605 923 1773 996 πρά-,

172 1016 284 1082 ξεσι
306 1018 719 1091 συμφυρόμενοι
740 1035 756 1049 ο
782 1019 916 1073 πᾶσι
932 1018 992 1073 δὲ
1013 1016 1224 1081 τούτοις
1246 1016 1551 1088 ἐνεχείρουν
1573 1015 1652 1080 ὡς
1673 1015 1750 1087 μὴ

169 1110 477 1183 ἀφορῶντος
513 1108 611 1166 τοῦ
638 1109 777 1165 Θεοῦ
794 1128 809 1142 ο
836 1110 1061 1175 εἰκότως
1091 1109 1291 1175 αὐτοὺς
1318 1108 1592 1175 ταλανίζει
1619 1107 1751 1163 ταῦ-

168 1201 524 1365 ωσλέῗῗῶς
548 1291 720 1364 πηλδς
748 1290 843 1347 τοῦ
880 1264 1170 1365 nam
1208 1291 1628 1365 λυγισθήσισθις
1657 1291 1750 1365 Μὴ

168 1386 283 1456 ipsi
311 1386 376 1440 τὸ
402 1383 632 1456 πλάσμα
661 1384 741 1456 τῷ
792 1384 1057 1440 πλάσαντι
1102 1383 1255 1450 αὐτὸ,
1288 1386 1368 1439 Οὐ
1398 1384 1463 1439 σύ
1496 1383 1752 1456 μειπλα-
1794 1416 1795 1419 η

168 1492 294 1542 σας;
324 1476 361 1547 ἢ
381 1476 445 1531 τὸ
463 1476 675 1548 ποίημα
691 1474 769 1547 τῷ
790 1476 1095 1549 ποιήσαντι,
1121 1476 1197 1531 οὐ
1220 1476 1455 1540 συνετῶς
1475 1494 1543 1548 με
1566 1477 1751 1549 ἐποίη-

168 1583 302 1635 σας;
332 1586 357 1621 s
387 1567 457 1623 κε
483 1566 595 1639 γὰρ
636 1566 703 1639 δὴ
735 1566 934 1633 πάντες
964 1566 1241 1639 ἄνθρωποι
1275 1567 1433 1640 πηλῷ
1460 1569 1750 1641 κεραμέως

165 1656 427 1729 ἐοίκαμεν
455 1656 620 1711 διὰτὸ
643 1658 865 1730 πήλινον
893 1658 1050 1730 ἡμῶν
1070 1657 1251 1730 σῶμα,
1283 1658 1402 1723 πῶς
1429 1660 1529 1729 οὐχ
1556 1657 1748 1712 ιπεται

165 1751 327 1814 νοεῖν,
358 1750 443 1803 δτι
471 1748 548 1820 μὴ
572 1749 796 1803 δυνατὸν
826 1748 1009 1804 λαθεῖν
1036 1749 1131 1803 τὸν
1162 1750 1410 1822 ποιητὴν,
1438 1751 1629 1815 ὁποίας
1658 1752 1751 1822 ἑρ-

165 1839 362 1909 γασίας
382 1840 620 1913 ὑπάρχει
646 1839 707 1894 τὺ
736 1840 828 1894 ὑπ’
856 1838 1021 1894 αὐτοῦ
1040 1841 1436 1913 πεποιημένου
1464 1841 1562 1905 Τίς
1590 1841 1749 1897 δύνα-

162 1944 273 1996 ται,
303 1931 339 2002 ἢ
371 1915 459 1997 τίς
478 1930 740 2003 τολμήσει
764 1931 949 2001 φάναι,
974 1932 1058 1986 ὅτι
1082 1932 1158 2004 μὴ
1183 1935 1213 1986 δ
1234 1932 1363 1998 Θεὸς
1394 1934 1556 1989 αὑτὸν
1579 1934 1741 1988 επλα-

165 2038 296 2089 σεν;
331 2023 396 2077 El
427 2022 487 2078 δὲ
513 2024 615 2079 οὐκ
646 2023 715 2078 ἀν
741 2022 882 2077 clm
909 2022 1084 2079 ταῦτά
1112 2040 1245 2079 ποτε
1273 2024 1402 2096 περὶ
1442 2025 1537 2080 τοῦ
1572 2043 1742 2099 κερα-

164 2111 313 2181 μέως
342 2114 375 2166 ὁ
404 2110 763 2183 ὑποκείμενος
792 2112 942 2184 αὐτῷ
968 2112 1158 2185 πηλὸς,
1195 2112 1372 2185 δῆλον,
1403 2114 1481 2180 ὡς
1522 2116 1741 2187 μάταιοι

162 2205 369 2269 πάντες
395 2206 451 2259 οι
481 2204 627 2258 ινδον
652 2207 719 2277 τῇ
756 2205 901 2278 ψυχῇ
931 2205 1111 2261 αὐτῶν
1154 2205 1348 2279 βουλὴν
1378 2206 1598 2277 βαθεῖαν
1627 2208 1743 2261 δια-

161 2294 468 2367 νοούμενοι,
509 2296 606 2349 καὶ
655 2294 748 2349 τὸν
784 2295 918 2350 Θεὸν
960 2297 1196 2367 οίόμενοι
1226 2290 1445 2367 ἀγνοεῖν
1465 2298 1535 2353 τὰ
1579 2299 1636 2352 ὲν
1663 2298 1742 2369 τῷ

163 2385 341 2455 σκότῳ
375 2384 728 2457 πραττόμενα
754 2386 937 2450 αὐτοῖς
958 2385 1116 2458 ἔργα.

234 2496 257 2530 ί
280 2478 487 2533 Οὐκέτι
517 2476 709 2549 μικρὸν
736 2478 835 2532 καὶ
868 2479 1288 2551 μετατεθήσεται
1317 2483 1347 2535 ό
1378 2480 1632 2546 Λίϐανος,
1665 2482 1740 2545 ὼς

162 2567 223 2632 τὺ
251 2566 383 2639 ὅρος
412 2567 478 2622 τὺ
499 2566 738 2639 Χέρμελ,
760 2569 855 2623 καὶ
884 2568 945 2623 τὸ
989 2570 1209 2641 Χέρμελ
1238 2572 1318 2634 είς
1362 2570 1564 2641 δρυμὸν
1596 2571 1743 2641 λογι-

164 2659 423 2731 σθήσεται
448 2676 464 2725 ;
491 2678 511 2711 ι
545 2658 773 2714 Λίϐανον
797 2658 896 2730 μὲν
924 2658 1017 2713 τὸν
1042 2660 1106 2725 ἐξ
1137 2660 1304 2715 ἐθνῶν
1329 2662 1478 2726 λαδν,
1510 2661 1741 2734 Κάρμη-

162 2750 328 2806 λονδὶ
353 2751 418 2806 τὸ
430 2750 697 2805 Ἰουδαίων
730 2750 880 2814 ἔθνος
901 2749 1033 2823 (35).
1056 2752 1312 2807 Ἔσεσθαι
1330 2754 1509 2809 τοίνυν
1530 2771 1743 2828 προφη-

161 2843 309 2897 τεύει
333 2842 398 2896 τὸ
418 2843 520 2914 μὲν
561 2841 827 2897 Ἰουδαίων
866 2842 1017 2909 ἔθνος
1048 2838 1158 2897 οἷόν
1193 2862 1316 2899 τινα
1344 2846 1546 2917 δρυμὸν
1568 2848 1741 2914 ξύλων

161 2935 373 3005 ἀγρίων
405 2935 501 2987 καὶ
543 2932 827 3005 ἀκάρπων·
876 2935 969 2989 τὸν
1007 2935 1066 2989 δὲ
1097 2934 1264 2990 πάλαι
1308 2936 1499 3009 δρυμῷ
1530 2938 1741 2992 ἐοικότα

161 3021 419 3085 Λίϐανον,
448 3020 540 3075 τὸν
570 3020 630 3086 ἑξ
661 3021 829 3076 ἐθνῶν
877 3022 1026 3086 λαὸν,
1077 3026 1258 3088 ὁποῖος
1285 3020 1353 3097 ἦν
1385 3043 1516 3080 ποτε
1542 3028 1572 3079 ὁ
1614 3029 1741 3081 Ἰου-

160 3110 325 3165 δαίων
347 3111 499 3176 λαὸς,
532 3112 955 3185 attingunt»;
979 3114 1208 3187 δένδρων
1233 3117 1452 3186 ἀγαθῶν
1482 3120 1576 3173 καὶ
1604 3137 1739 3173 παν-

162 3204 323 3259 τοίων
356 3204 539 3273 φυτῶν
562 3221 623 3257 τε
644 3204 738 3259 καὶ
759 3204 1007 3277 καρπῶν.

236 3401 258 3435 ι
280 3382 395 3436 Καὶ
422 3381 744 3437 ἀκούσονται
768 3384 829 3437 ιν
858 3386 923 3457 τῇ
943 3385 1124 3457 ἡμέρᾳ
1150 3387 1330 3460 ἐκείνῃ
1356 3388 1529 3459 κωφοὶ
1554 3389 1741 3458 λόγους

164 3473 397 3544 fumeo,
428 3476 531 3541 ,καὶ
555 3477 604 3529 si
623 3476 682 3530 sv
705 3475 787 3546 τῷ
823 3478 1024 3544 σκότει,
1054 3481 1150 3533 καὶ
1168 3481 1218 3533 oi
1252 3481 1311 3535 ὲν
1342 3483 1409 3553 τῇ
1434 3481 1656 3553 ὁμίχλῃ·
1685 3482 1741 3533 ό-

163 3566 404 3637 φθαλμοὶ
432 3565 649 3636 τυφλῶν
687 3567 923 3636 ὄψονται.
956 3588 975 3622 t
1019 3570 1186 3634 Ποίας
1221 3571 1279 3625 δὲ
1315 3571 1575 3644 amoma
1606 3574 1739 3629 ταύ-

161 3676 259 3731 της
280 3659 456 3729 αὺτῆξ
471 3659 572 3730 τῆς
595 3661 730 3731 μετὰ
742 3648 1100 3733 χεῖρας.’περι
1123 3657 1191 3734 ἧς
1213 3663 1470 3736 ἀνωτέρω
1489 3666 1737 3735 ἐλέγετο·

171 3770 190 3804 t
211 3752 379 3823 Ὑμῖν
407 3752 481 3806 τά
510 3754 731 3825 ῥήματα
748 3752 920 3809 ταῦτα
949 3756 1147 3824 πάντα,
1190 3758 1267 3821 ὼς
1290 3761 1339 3813 οἱ
1366 3758 1515 3829 λόγοι
1542 3760 1636 3814 τοῦ
1657 3760 1740 3832 βι-

162 3842 312 3897 ϐλίου
336 3843 434 3898 τοῦ
466 3847 900 3917 ἐσφραγισμένοι)
920 3848 1129 3905 τούτου.
1152 3869 1172 3904 ι
1218 3850 1380 3907 Ἀλλά
1405 3852 1484 3923 τῷ
1517 3852 1617 3924 μέν
1644 3872 1741 3909 πο-

160 3952 219 3988 τε
251 3934 558 4007 Καρμήλῳ,
584 3937 969 4010 μεταϐληθέντι
1000 3939 1059 3993 δὲ
1092 3942 1171 4005 εἰς
1202 3942 1427 4015 δρυμὸν,
1456 3944 1666 4000 ἔσονται
1688 3949 1738 3999 οἱ

160 4025 308 4095 λόγοι
352 4026 451 4080 τοῦ
496 4026 700 4096 βιϐλίου
750 4029 848 4100 τῆς
896 4028 1231 4102 προφητείας
1275 4036 1736 4109 ισφραγισμένοι·

159 4121 273 4181 τοῖς
301 4118 558 4172 semei
589 4121 809 4188 τυφλοίς
850 4121 946 4176 καὶ
973 4124 1031 4176 ἑν
1058 4122 1138 4195 τῷ
1162 4124 1351 4197 δρυμῷ
1384 4126 1479 4181 τοῦ
1507 4128 1739 4183 Λιϐάνου

158 4207 584 4278 λελογισμένοις,
622 4210 1032 4283 μεταϐληθεὼιν
1055 4213 1147 4267 επὶ
1170 4215 1231 4268 τὺ
1254 4216 1459 4287 ἥμερον
1492 4218 1587 4272 καὶ
1606 4235 1742 4290 καρ-

159 4299 423 4369 ποςρόρον,
472 4300 727 4355 ἀκουστοὶ
769 4304 1087 4374 γενήσονται
1134 4306 1185 4359 οί
1237 4305 1381 4375 λόγοι
1404 4306 1513 4361 τῶν
1566 4308 1725 4384 θείων

158 4394 538 4465 γραμμάτων·
576 4394 669 4448 καὶ
703 4394 754 4447 οἱ
782 4395 949 4449 πάλαι
969 4395 1025 4450 δὲ
1053 4396 1204 4461 ὄντες
1240 4400 1297 4452 ὲν
1326 4398 1405 4469 τῷ
1442 4400 1622 4453 σκότει
1649 4400 1743 4454 καὶ

156 4487 216 4537 ὲν
253 4488 322 4555 τῇ
371 4485 592 4558 ὁμίχλῃ,
619 4485 760 4565 ὥστε
791 4486 865 4559 μὴ
895 4486 1111 4557 βλέπειν
1136 4492 1276 4559 μήτε
1306 4489 1569 4557 συνιέναι,
1602 4492 1739 4562 μήτε

1774 1884 1822 1942 Β

1849 649 1983 717 Quis
2007 650 2143 707 vidit
2168 667 2269 709 nos
2301 654 2327 708 τ
2357 662 2452 709 aut
2480 653 2604 724 quis
2651 667 2756 708 nos
2803 663 3129 724 cognoscet,
3175 663 3273 709 aut
3306 670 3427 724 quae

1850 754 1951 795 nos
1979 741 2253 824 facimus?
2282 762 2303 796 ι
2331 742 2536 801 Deinde
2567 742 2695 814 quia
2729 757 2792 800 se
2829 743 2999 799 Deum
3038 745 3218 801 colere
3266 744 3428 801 labiis

1849 829 2186 902 proﬁtentes,
2236 834 2291 888 in
2335 832 2550 890 occulto
2586 832 2822 903 pessima
2867 848 3099 906 quasque
3138 846 3424 905 perpetra-

1848 922 2001 989 bant,
2034 922 2088 978 in
2114 922 2409 989 veneﬁciis,
2454 923 2834 988 immunditiis,
2867 934 2927 979 et
2972 925 3249 981 sexcentis
3302 922 3426 979 aliis

1851 1014 2073 1071 nefariis
2095 1016 2263 1085 gestis
2287 1013 2762 1072 sessvolutantes:
2799 1017 3022 1086 haecque
3046 1016 3233 1071 omnia
3264 1013 3424 1085 quasi

1850 1122 1961 1163 non
2008 1109 2371 1181 prospiciente
2418 1110 2530 1167 Deo
2564 1109 2945 1185 peragebant;
2991 1111 3119 1183 jure
3165 1110 3288 1168 illos
3333 1109 3424 1166 his

1849 1198 2031 1254 verbis
2057 1199 2290 1256 miseros
2312 1200 2645 1272 depraedlcat
2683 1219 2699 1256 :

1923 1289 2086 1346 Vna.
2116 1290 2204 1345 l6.
2244 1309 2264 1343 ι
2298 1289 2488 1350 Nonne
2516 1302 2578 1347 ut
2605 1292 2778 1348 lutum
2811 1293 2959 1365 ﬁguli
2992 1291 3377 1365 reputabimini
3397 1292 3423 1346 τ

1848 1376 1987 1433 Num
2019 1379 2166 1435 dicet
2195 1379 2510 1449 ﬁgmentum
2534 1381 2711 1438 lictori
2752 1397 2872 1450 suo,
2898 1381 2983 1437 Tn
3006 1397 3094 1439 me
3115 1396 3225 1438 non
3260 1382 3422 1438 ﬁnxi-

1848 1469 1960 1525 sti?
1988 1478 2086 1526 aut
2120 1485 2259 1540 opus
2312 1471 2513 1542 opiﬁci,
2531 1471 2611 1528 Tu
2637 1489 2724 1529 me
2749 1488 2857 1530 non
2885 1476 3156 1545 sapienter
3172 1474 3415 1532 fecistth

1849 1560 1919 1614 At
1944 1562 2087 1616 enim
2123 1562 2171 1618 si
2208 1576 2398 1619 omnes
2437 1563 2683 1620 homlnes
2720 1564 2789 1619 ob
2818 1564 3025 1621 luteum
3057 1579 3258 1636 corpus
3301 1564 3417 1622 luto

1849 1652 1996 1725 ﬁguli
2022 1655 2229 1713 similes
2253 1670 2466 1720 sumus,
2492 1658 2594 1729 qui
2615 1670 2725 1726 non
2745 1669 3143 1728 consequenter
3167 1669 3419 1730 putemus

1849 1758 1955 1799 non
1975 1756 2139 1813 posse
2156 1743 2402 1814 opiﬁcem
2436 1745 2627 1814 latere,
2649 1762 2785 1819 quas
2798 1757 3143 1820 operatzoues
3159 1749 3280 1808 edat
3296 1748 3420 1820 opi-

1850 1833 2039 1891 ﬁcium
2076 1837 2275 1893 suum?
2305 1836 2440 1906 Quis
2463 1838 2646 1896 dicere
2670 1840 2841 1911 possit
2866 1840 2949 1896 vel
2969 1843 3185 1907 audeat,
3218 1858 3280 1898 se
3307 1858 3417 1899 non

1847 1939 1879 1980 a
1911 1925 2020 1981 Deo
2039 1925 2380 1983 eﬁ'ortnatutn
2404 1932 2559 1987 esse?
2577 1932 2729 1999 Quod
2762 1932 2807 1987 si
2838 1932 2891 1987 id
2925 1933 3089 2004 ﬁgulo
3111 1933 3415 2004 subjectum

1848 2014 1951 2087 ipsi
1987 2016 2159 2074 lutum
2206 2033 2483 2093 nunquam
2512 2021 2749 2090 dixerit;
2783 2022 2959 2092 palam
2998 2037 3145 2081 certe
3174 2034 3259 2081 est
3286 2024 3416 2081 futi-

1846 2106 1927 2169 les
1962 2118 2019 2165 et
2059 2124 2229 2167 vanos
2266 2125 2391 2169 esse
2425 2127 2616 2170 omnes
2642 2115 2745 2185 qui
2790 2116 2941 2173 intus
2974 2115 3029 2172 in
3072 2119 3260 2173 animo
3288 2133 3417 2189 pro-

1845 2198 2009 2254 funds
2028 2200 2257 2259 consilia
2304 2201 2514 2269 ineunt,
2540 2213 2597 2259 et
2635 2219 2759 2276 qua
2788 2205 2892 2277 ipsi
2929 2206 2983 2262 in
3014 2206 3252 2265 tenebris
3275 2207 3416 2266 iaci-

1846 2306 1980 2347 non
2016 2293 2206 2357 edunt,
2243 2293 2411 2349 Deum
2453 2296 2705 2368 ignorare
2741 2300 3077 2355 existimant.

1918 2461 2084 2519 Vsus.
2124 2465 2213 2521 17.
2258 2485 2278 2518 ι
2325 2464 2517 2527 Nonne
2552 2470 2727 2527 adhuc
2761 2472 3056 2543 paululum,
3089 2485 3145 2531 et
3182 2477 3414 2535 transfe-

1846 2563 1998 2609 retur
2031 2554 2270 2612 Libanus
2304 2560 2450 2614 sicut
2486 2576 2641 2618 mons
2677 2562 2944 2627 Chermel.
2979 2575 3034 2620 et
3071 2566 3320 2625 Chermel
3360 2572 3415 2628 in

1847 2646 2040 2703 saltum
2080 2649 2420 2720 reputabitur
2453 2653 2478 2708 ἳ
2522 2672 2541 2707 t
2598 2653 2863 2711 Libanum
2903 2660 3117 2728 quidem
3158 2663 3413 2732 populum

1846 2752 1913 2794 ex
1954 2740 2224 2810 gentibus,
2253 2742 2559 2799 Carmelum
2598 2760 2727 2803 vero
2761 2746 3040 2804 Judaicam
3074 2762 3287 2822 gentem
3322 2769 3418 2809 vo-

1848 2840 1956 2885 cat.
1997 2830 2109 2887 Ceu
2138 2837 2426 2901 quemdam
2474 2836 2673 2891 saltum
2713 2840 3006 2909 agrestium
3033 2854 3091 2898 et
3118 2842 3419 2901 inlructuo-

1846 2937 2028 2978 sarum
2057 2926 2314 2979 arborum
2342 2924 2459 2981 fore
2483 2925 2767 2983 Iudaicum
2792 2930 3046 2999 pupulum
3062 2932 3413 2989 vaticinatur.

1845 3016 2111 3073 Libanum
2147 3029 2347 3084 autem,
2370 3022 2463 3090 qui
2498 3022 2626 3075 olim
2672 3024 2830 3077 saltui
2857 3025 3051 3080 similis
3078 3038 3217 3091 erat,
3246 3042 3416 3096 popu-

1846 3106 1958 3161 lum
1983 3108 2237 3165 videlicet
2264 3124 2333 3164 ex
2358 3112 2634 3181 gentibus,
2676 3112 2914 3169 futurum
2945 3116 3042 3180 ait,
3073 3118 3247 3187 qualis
3282 3119 3414 3173 olim

1845 3205 1964 3253 erat
2006 3196 2263 3255 Judaicus
2308 3203 2573 3270 populus,
2630 3204 2847 3273 plenum
2900 3207 3057 3264 bonis
3106 3207 3412 3275 arboribus,

1842 3290 2191 3360 omniumque
2217 3305 2471 3362 generum
2505 3292 2706 3362 plantis
2726 3304 2777 3347 et
2801 3293 3089 3354 fructibus.

1913 3379 2077 3437 Vens.
2108 3380 2193 3436 l8.
2232 3400 2250 3434 ι
2285 3380 2351 3436 Ει
2374 3381 2594 3437 audient
2631 3383 2685 3438 in
2714 3384 2921 3443 dieTilla
2949 3388 3095 3443 surdi
3125 3403 3411 3448 sermones

1842 3471 1987 3537 libri,
2016 3484 2070 3528 et
2105 3474 2199 3543 qui
2240 3474 2293 3529 in
2334 3476 2608 3542 tenebris,
2648 3488 2702 3532 et
2740 3480 2830 3547 qui
2867 3480 2919 3533 iu
2960 3479 3227 3552 caligine;
3265 3482 3412 3538 oculi

1842 3577 2106 3619 caecorum
2164 3565 2443 3619 videbunt.
2496 3584 2517 3617 ι
2561 3565 2728 3636 Cujus
2781 3566 2950 3633 libri.
2994 3570 3097 3625 nisi
3152 3570 3402 3641 hujusce,

1841 3668 1998 3723 quem
2038 3668 2149 3723 pra
2190 3654 2435 3710 manibus
2470 3653 2768 3722 habemus,
2807 3660 2875 3714 de
2912 3673 3022 3729 quo
3060 3675 3223 3729 supra
3260 3660 3410 3716 dice-

1841 3747 2033 3813 batur,
2072 3766 2092 3798 t
2130 3746 2299 3804 Vobis
2334 3748 2497 3803 verba
2536 3747 2652 3803 haec
2686 3749 2867 3804 omnia
2891 3789 2908 3815 ,
2948 3750 3096 3805 velut
3131 3766 3414 3807 sermones

1842 3840 2040 3910 signati
2080 3842 2203 3897 libri
2254 3842 2455 3911 hujus?
2493 3862 2513 3896 ι
2552 3839 2750 3899 Verum
2792 3842 2841 3899 ei
2887 3844 2979 3913 qui
3029 3844 3157 3899 olim
3196 3844 3412 3913 quidem

1842 3931 2142 4002 Carmelus,
2174 3936 2269 3990 sed
2295 3934 2408 4005 jam
2434 3944 2674 3991 mutatus
2696 3945 2780 3991 est
2806 3936 2860 3990 in
2886 3935 3106 4003 saltum,
3128 3943 3293 3991 erunt
3318 3936 3414 3989 ltu-

1837 4024 1993 4094 jusce
2040 4025 2161 4081 libri
2211 4036 2268 4082 et
2318 4027 2619 4098 prophetiae
2661 4042 2941 4084 sermones
2992 4028 3413 4100 obsignatiﬁlli

1842 4128 1972 4170 vero
2009 4114 2102 4185 qui
2139 4116 2267 4173 olim
2305 4119 2456 4181 caeci,
2494 4126 2551 4172 et
2588 4117 2641 4171 in
2679 4115 3049 4172 saltu-Libani
3088 4116 3415 4187 reputaban-

1845 4212 1932 4259 tur
1970 4220 2111 4270 esse,
2151 4216 2439 4276 postquam
2487 4205 2557 4262 ad
2601 4217 2939 4262 mansuetum
2972 4217 3030 4263 et
3068 4206 3412 4263 fructuosum

1842 4308 2048 4350 morem
2065 4296 2306 4350 translati
2318 4295 2540 4362 fuerint,
2557 4295 2865 4352 divinarum
2881 4297 3158 4368 Scriptura
3167 4312 3284 4352 rutn
3296 4311 3414 4353 ser-

1842 4401 2033 4444 mones
2066 4390 2327 4455 audient;
2367 4399 2421 4444 et
2456 4392 2546 4461 qui
2580 4389 2709 4446 olim
2743 4391 2797 4446 in
2829 4391 3067 4447 tenebris
3098 4400 3155 4446 et
3180 4391 3414 4462 caligine

1844 4482 2222 4546 versabantur,
2279 4482 2353 4536 ita
2383 4492 2441 4535 ut
2482 4496 2589 4537 non
2617 4482 2895 4545 viderent,
2929 4496 3105 4552 neque
3149 4481 3415 4552 intellige-

156 4552 325 4640 νοεῖν,
588 4552 820 4645 τυςρλοὺς
846 4552 989 4647 ἀίειν
1032 4552 1160 4642 τοὺς
1199 4552 1533 4649 όφθαλμοὺς,
1556 4552 1734 4647 ὀὲτὸι,

1846 4579 1985 4636 rent,
2020 4587 2195 4642 neque
2218 4573 2554 4641 cogitarent,
2585 4576 2712 4641 quia
2742 4573 2917 4628 oculis
2943 4576 3073 4628 caici
3097 4583 3256 4628 erant
3281 4613 3297 4639 ,
3324 4574 3412 4629 in-

157 4668 465 4741 παραδόξου
499 4669 799 4739 μεταϐολῆς
827 4668 1162 4735 ἀξιωθέντες,
1201 4668 1395 4740 θεωροὶ
1420 4673 1736 4743 γενήσονται
1773 4718 1777 4721 γ

158 4761 266 4813 τῶν
283 4758 714 4829 ὲναποκειμένων
728 4760 905 4823 ἐντοῖς
924 4758 1088 4824 θείοις
1101 4759 1386 4831 γράμμασι
1408 4776 1580 4833 μυστη
1590 4763 1737 4834 ρίων.

232 4870 253 4903 ‹
272 4852 386 4905 Καὶ
421 4849 835 4919 ἀγαλλιάσονται
858 4852 1063 4922 πτωχοὶ
1092 4850 1180 4905 διὰ
1215 4852 1419 4924 Κύριον
1440 4852 1499 4905 ὲν
1537 4854 1735 4925 εὐφρο-

158 4941 316 5015 σύνῃ,
361 4941 457 4995 καὶ
499 4943 550 4993 ol
603 4941 1004 5013 άπηλπισμένοι
1052 4942 1160 4996 τῶν
1196 4942 1496 5014 ἀνθρώπων
1523 4946 1735 5018 ἐμπλη-

157 5035 451 5106 σθήσονται
480 5033 834 5106 εὐφροσύνης.
862 5054 881 5087 ι
936 5036 1033 5100 Τίς
1056 5035 1164 5108 γὰρ
1200 5036 1296 5090 καὶ
1335 5036 1581 5111 διενοήθη
1618 5042 1735 5094 πώ-

154 5143 289 5180 ποτε
311 5127 439 5189 τοὺς
463 5127 529 5179 ὲκ
559 5126 807 5198 πατέριον
826 5127 1233 5201 είδωλολάτρας,
1256 5130 1449 5195 ἀθέους
1463 5132 1620 5198 ὄντας
1641 5135 1736 5187 καὶ

154 5217 375 5281 ἀσεϐεῖς
420 5218 514 5269 καὶ
545 5216 855 5289 ἀλλοτρίους
906 5218 1005 5289 τῆς
1046 5219 1299 5289 γνώσεως
1332 5222 1426 5277 τοῦ
1472 5223 1627 5288 Θεοῦ,
1660 5226 1741 5289 είς

78 5310 85 5313 ⁷
150 5308 411 5379 τοιαύτην
440 5308 593 5378 ἥξειν
622 5308 843 5373 ἐλπίδας
875 5309 1066 5379 Ὅμως
1095 5311 1141 5364 δ’
1167 5307 1262 5366 οὖν
1304 5314 1398 5366 καὶ
1431 5332 1449 5365 t
1479 5316 1529 5366 oi
1565 5316 1740 5387 ἀπηλ-

153 5398 434 5471 πισμένοι,
507 5400 668 5469 φησὶ,
722 5397 833 5453 τῶν
873 5400 1178 5472 ἀνθρώπων
1249 5404 1727 5476 ὲμπλησθήσονται

153 5490 517 5563 εὐφροσύνης.
541 5510 561 5542 ι

229 5602 250 5635 t
274 5581 552 5648 Ἐξέλιπεν
574 5582 795 5653 ἄνομος,
829 5584 925 5638 καὶ
963 5583 1211 5638 ἀπώλετο
1243 5586 1611 5659 ὑπερήφανος,
1638 5588 1732 5641 καὶ

1844 4672 2156 4731 exspectata
2187 4664 2487 4719 mutatione
2524 4664 2763 4733 dignati,
2798 4665 3175 4736 mysteriorum
3214 4665 3270 4719 in
3318 4679 3411 4721 sa-

1843 4756 1954 4811 cris
1987 4755 2182 4811 litteris
2215 4756 2619 4813 reconditorum
2647 4756 3017 4829 speculatores
3049 4766 3230 4812 erunt.

1913 4845 2080 4903 Vsus.
2129 4848 2216 4906 i9.
2287 4870 2306 4902 ε
2346 4849 2413 4903 Ει
2461 4851 2811 4908 ελειιιιοιιυηι
2856 4867 3118 4923 pauperes
3186 4862 3413 4923 propter

1844 4937 2130 4995 Dominum
2156 4942 2209 4996 in
2244 4940 2451 5009 latitia,
2491 4954 2546 4998 et
2567 4958 2664 5013 spe
2713 4944 2957 5001 destituti
3002 4944 3273 5010 homines,
3309 4946 3415 5000 im-

1842 5030 2133 5101 plebuntur
2160 5033 2364 5089 laetitia.
2403 5054 2423 5088 ι
2452 5033 2585 5101 Quis
2638 5034 2782 5090 enim
2826 5050 3069 5105 unquam
3118 5035 3414 5106 cogitasset

1844 5136 1959 5187 eos,
1994 5125 2085 5192 qui
2118 5139 2148 5178 a
2178 5126 2476 5195 majoribus
2508 5124 2826 5191 idololatria,
2861 5126 3007 5180 athei
3035 5135 3091 5181 et
3115 5126 3302 5196 impii,
3334 5136 3417 5181 at-

1844 5230 1948 5284 que
1976 5231 2006 5269 a
2038 5216 2130 5271 Dei
2158 5218 2469 5287 cognitione
2492 5216 2654 5273 alieni
2694 5228 2881 5285 erant,
2931 5228 3135 5273 tantam
3164 5219 3219 5273 in
3259 5235 3410 5289 spem

1843 5319 2103 5363 venturos
2119 5306 2613 5373 fuisse?Attamen,
2637 5310 2735 5376 ait,
2753 5311 2916 5365 etiam
2934 5310 2997 5374 ii,
3017 5312 3109 5380 qui
3133 5330 3151 5362 ι
3181 5327 3278 5381 spe
3318 5314 3414 5368 de-

1845 5400 2021 5456 stituti
2049 5409 2209 5454 erant
2237 5401 2505 5464 homines,
2541 5400 2911 5471 implebuutur
2940 5402 3145 5456 laetitia.
3190 5421 3211 5454 ι

1906 5581 2072 5637 Vens.
2106 5582 2198 5637 ao.
2229 5600 2249 5635 ι
2288 5582 2502 5638 Deiecit
2539 5582 2781 5653 iniquus,
2822 5592 2879 5637 et
2913 5583 3077 5653 periit
3119 5543 3412 5654 superbus,

157 5673 632 5747 ἑξωλοθρεύθησαν
665 5674 717 5727 oi
748 5674 1076 5745 άνομοῦντες
1110 5676 1205 5729 ἐπὶ
1237 5676 1422 5748 κακίᾳ.
1450 5697 1468 5730 ι
1513 5678 1732 5731 Τούτων

1845 5683 1895 5729 ει
1925 5675 2087 5731 deleti
2134 5682 2265 5730 sunt
2306 5673 2494 5744 inique
2545 5685 2769 5745 agentes
2820 5689 2933 5743 pm
2964 5675 3195 5730 malitia.
3243 5694 3264 5727 ι
3314 5676 3411 5731 His

155 5765 557 5820 ἀπολαύσουσιν
590 5757 737 5819 οὗτοι
778 5765 998 5832 πάντες,
1029 5767 1215 5835 ἐπειδὴ
1247 5770 1277 5822 ό
1305 5768 1472 5823 πάλαι
1516 5768 1733 5841 κρατῶν

1845 5765 2089 5822 fruentur
2122 5766 2180 5823 hi
2211 5778 2437 5834 omnes,
2461 5766 2588 5836 quia
2620 5765 2667 5822 is
2703 5765 2797 5835 qui
2837 5764 2968 5823 olim
3015 5766 3306 5837 imperium
3355 5776 3412 5822 et

224 5878 340 5951 (35)
382 5880 589 5938 Deesse-
612 5875 829 5936 videtur
864 5877 1081 5951 aliquod
1117 5881 1367 5950 verbum,
1401 5896 1452 5939 v.
1478 5896 1556 5954 3.,
1585 5881 1758 5973 καλεῖ.
1790 5880 1949 5940 Eorr.
