4042 6470
621 465 722 518 503

1271 459 1533 516 EUSEBII
1571 457 2048 514 CASSARIENSIS
2087 455 2237 511 OPP.
2279 455 2458 510 PARS
2496 456 2584 511 Ill.
2627 490 2694 500 ——
2733 457 3141 514 EXEGETICA.

3760 465 3861 517 σοι

621 573 951 644 tyrannidem
981 574 1031 626 in
1049 587 1148 628 eos
1171 575 1468 640 obtinebat,
1499 577 1711 645 iniquus
1738 586 1791 630 et
1825 577 2019 645 impius
2049 577 2163 644 qui-

2275 574 2452 625 αὐτῶν
2500 576 2591 626 καὶ
2629 575 2925 643 τυραννῶν,
2993 576 3190 645 ἅνομός
3228 594 3310 639 τις
3360 577 3453 630 καὶ
3506 577 3709 646 ἀσεϐὴς
3763 579 3860 648 ἅρ-

615 666 734 718 ιιιιιη
765 664 1047 733 princeps,
1084 665 1330 719 diabolus
1364 668 1582 736 inquam
1611 707 1626 732 ,
1674 667 1876 722 defecit
1913 679 1968 722 et
2015 668 2173 736 periit

614 756 768 825 longe
798 755 1072 826 depulsus,
1109 756 1372 823 superbus
1401 758 1506 817 ille.
1538 759 1632 826 qui
1664 760 1789 811 olim
1813 760 1959 828 ipsos
1980 759 2033 812 in
2060 773 2172 813 ser-

611 848 836 900 vitntem
868 849 1166 916 redegerat.
1191 846 1301 900 lmo
1317 849 1477 900 etiam
1501 850 1592 916 qui
1612 850 1710 903 sub
1739 850 1978 917 eoimpie
1996 851 2170 903 clini-

611 953 717 1007 que
738 939 984 1008 agebant,
1005 938 1158 992 deleti
1175 947 1330 1004 sunt;
1365 938 1586 1006 maligni
1606 939 1853 995 videlicet
1880 941 2166 996 dtemones.

681 1029 845 1084 Vens.
874 1029 962 1082 2i.
999 1045 1018 1079 ι
1057 1027 1156 1094 Qui
1189 1042 1418 1096 peccare
1441 1029 1650 1083 faciunt
1682 1030 1928 1085 homines
1971 1031 2024 1084 in
2059 1046 2173 1085 ser-

609 1135 790 1174 mone.
825 1119 1023 1174 Omnes
1058 1127 1238 1171 autem
1271 1127 1559 1188 arguentes
1593 1121 1646 1172 in
1680 1121 1851 1189 portis
1878 1121 2171 1176 olfendicu-

612 1211 720 1264 lum
753 1219 954 1280 ponent
999 1226 1012 1260 :
1050 1211 1303 1279 quoniam
1341 1211 1695 1265 detorserunt
1734 1212 1802 1265 ad
1833 1212 2032 1281 injusta
2081 1215 2171 1283 ju-

609 1311 771 1354 stum.
810 1318 830 1352 ι
865 1300 995 1354 Nam
1029 1301 1306 1369 prophetis
1336 1316 1393 1355 se
1424 1316 1605 1356 coram
1647 1305 2000 1373 arguentibus
2025 1343 2040 1369 ,
2082 1319 2168 1358 se-

609 1406 714 1462 que
743 1407 771 1445 a
806 1393 1067 1462 peccandi
1090 1392 1480 1447 consuetudine
1513 1395 1920 1458 avertentibus,
1953 1396 2172 1465 laqueos

609 1484 918 1547 tendebant,
944 1484 1256 1538 occasiones
1286 1484 1541 1540 adversus
1562 1500 1656 1540 eos
1685 1496 1982 1554 captantes,
2016 1496 2073 1541 ut
2093 1489 2174 1557 ip-

606 1587 699 1628 sos
737 1574 1038 1641 perderent.

681 1664 846 1719 Vens.
891 1665 1082 1728 22,25.
1128 1683 1147 1716 ι
1200 1664 1494 1735 Propterea
1550 1667 1662 1721 ha:c
1726 1668 1854 1722 dicit
1913 1669 2172 1725 Dominus

609 1774 770 1828 super
804 1760 1017 1812 domum
1053 1757 1242 1822 Jacob,
1285 1773 1444 1826 quam
1470 1759 1744 1828 separavit
1767 1774 1834 1814 ex
1863 1760 2166 1814 Abraham:

608 1849 723 1903 Non
762 1863 902 1902 nunc
938 1847 1295 1902 confundetur
1327 1845 1528 1914 Jacob,
1582 1863 1756 1917 neque
1794 1864 1936 1903 nunc
1970 1850 2163 1904 faciem

2275 682 2404 731 χων,
2443 665 2583 731 λέγω
2628 664 2692 734 δὴ
2744 665 2902 726 αὐτὸς
2944 666 2972 716 6
3023 665 3286 732 διάϐολος,
3336 665 3582 730 ἐξέλιπεν
3621 667 3718 720 καὶ
3757 669 3838 718 ἀπ

2274 752 2440 806 ώλετο
2455 755 2670 824 μακρὰν
2696 755 2960 824 διωχθεὶς,
2977 756 3005 805 6
3031 755 3196 807 πάλαι
3219 757 3764 826 καταδουλωσάμενος
3775 756 3866 810 αὑ-

2271 847 2396 908 τοὺς
2413 846 2512 898 ύπε
2522 848 2776 917 ρήφανος·
2796 847 2929 900 ἀλλά
2945 849 3038 899 καὶ
3051 850 3098 900 οἱ
3117 848 3220 900 ὑπὸ
3235 849 3407 918 τούτῳ
3424 849 3750 911 ἀσεϐοῦντες
3770 850 3864 902 ἐπὶ

2272 936 2453 1007 ἀδικίᾳ
2496 937 2987 1008 ἐξωλοθρεύθησαν,
3019 938 3217 1008 δηλαδὴ
3251 940 3300 990 οἱ
3326 940 3550 1009 πονηροὶ
3581 939 3856 1008 δαίμονες.

2348 1045 2365 1076 ι
2394 1028 2455 1079 Οἱ
2512 1026 2790 1090 ποιοῦντες
2839 1027 3156 1099 ἀνθρώπους
3208 1030 3542 1098 ἁμαρτάνειν
3585 1031 3642 1082 ἐν
3689 1030 3856 1099 λόγῳ.

2273 1116 2554 1180 Πάνταςδέ
2583 1119 2708 1180 τοὺς
2740 1119 3057 1188 ἐλέγχοντας
3091 1120 3147 1172 ἐν
3177 1119 3372 1181 πύλαις
3404 1121 3739 1190 πρόσκομμα
3761 1120 3860 1190 θή-

2274 1225 2452 1261 σουσιν
2473 1226 2485 1237 ·
2516 1209 2597 1260 ὅτι
2643 1208 2980 1276 ἐπλαγίασαν
3038 1210 3122 1261 ἐπ’
3151 1209 3358 1271 ἀδίκοις
3407 1211 3631 1263 δίκαιον.
3661 1230 3681 1260 ι
3716 1211 3859 1273 Τοὺς

2271 1299 2379 1369 γὰρ
2404 1301 2684 1370 προφήτας
2711 1301 2792 1361 εἰς
2825 1301 3112 1369 πρόσωπον
3150 1301 3345 1364 αὐτοὺς
3385 1301 3728 1371 ἐλέγχοντας,
3765 1305 3861 1355 καὶ

2270 1390 2377 1441 τῶν
2429 1390 2842 1460 ἁμαρτημάτων
2879 1390 3306 1462 ἐπιστρέφοντας
3339 1392 3478 1461 (56),
3509 1393 3853 1459 ἐπαγίδευον,

2272 1479 2441 1544 λαϐάς
2464 1482 2584 1533 κατ’
2601 1481 2778 1533 αὐτῶν
2795 1480 3120 1551 θηρώμενοι,
3137 1484 3284 1545 ὅπως
3307 1484 3500 1546 αὐτοὺς
3521 1484 3854 1539 ἀπολέσωσι.

2349 1681 2366 1711 ι
2388 1662 2486 1714 Διά
2525 1661 2680 1714 τοῦτο
2711 1662 2834 1715 τάδε
2878 1663 3023 1730 λέγει
3055 1663 3254 1731 Κύριος
3291 1663 3383 1715 ἐτιί
3413 1664 3503 1714 τὸν
3557 1658 3707 1716 οἷκον
3749 1665 3856 1717 Ἰα-

2272 1751 2406 1816 κὼϐ,
2433 1753 2491 1805 ὃν
2519 1753 2792 1823 ἀφώρισεν
2823 1752 2882 1816 ἐξ
2919 1753 3198 1823 Ἀϐραάμσ
3221 1755 3294 1806 Ού
3321 1754 3416 1806 νῦν
3431 1755 3857 1826 αἰσχυνθήσεται

2269 1844 2485 1908 Ἰακὼϐ,
2530 1845 2650 1897 οὐδὲ
2704 1845 2796 1898 νῦν
2858 1845 2918 1897 τὸ
2955 1846 3242 1915 πρόσωπον
3285 1847 3618 1916 μεταϐαλεῖ·
3661 1849 3776 1901 ἀλλ’
3801 1850 3862 1900 ὅ·

607 1938 836 1994 mutabit
868 1955 878 1989 :
906 1941 1000 1991 sed
1049 1937 1266 2006 quando
1306 1938 1564 1992 videbunt
1623 1938 1718 1992 filii
1755 1953 1942 1993 eorum
1999 1954 2161 2008 opera

2268 1955 2361 1991 ταν
2391 1939 2540 1991 ἴδωσι
2568 1939 2635 1990 τὰ
2659 1940 2822 1991 τέκνα
2847 1939 3025 1991 αὐτῶν
3054 1939 3122 1990 τὰ
3143 1938 3279 2008 ἔργα
3305 1957 3426 2008 μου,
3460 1939 3530 1990 δι’
3568 1939 3670 2010 ἐμὲ
3693 1941 3858 2007 ἁγιά-

606 2046 752 2095 mea,
789 2039 1010 2100 propter
1042 2044 1130 2084 me
1165 2031 1575 2085 sanetitieabunt
1620 2044 1814 2085 nomen
1863 2044 2076 2098 meum,
2111 2041 2165 2087 et

609 2120 1302 2178 sanctilicabuntSanctum
1329 2123 1516 2188 Jacob,
1548 2133 1601 2176 et
1627 2122 1791 2178 Deum
1819 2122 1978 2177 Israel
2012 2125 2166 2178 time-

606 2216 761 2270 bunt.
805 2235 823 2269 ι
862 2215 966 2271 Vos
988 2217 1126 2279 dico,
1159 2217 1372 2269 domum
1396 2212 1560 2268 Jacob
1592 2223 1810 2268 vocatos
1851 2233 1865 2268 :
1908 2230 2068 2283 quam
2111 2223 2167 2268 ut

606 2309 860 2378 religioso
905 2309 993 2362 illo
1041 2307 1353 2362 Abrahamo
1421 2306 1694 2375 indignam
1771 2308 2070 2375 separavit,
2115 2317 2168 2361 et

606 2403 812 2456 alienos
845 2401 968 2456 illos
1010 2401 1191 2471 posuit
1223 2399 1398 2463 Deus;
1444 2399 1568 2467 quia
1616 2412 1674 2452 se
1714 2413 1819 2452 non
1859 2399 2166 2451 Abrahamo

610 2496 797 2562 dignos
841 2508 960 2549 esse
1014 2494 1269 2562 operibus
1331 2491 1677 2545 exhibebant.
1742 2489 1807 2542 At
1866 2490 2009 2541 enim
2073 2489 2163 2543 lilii

608 2588 840 2640 Abrahm
865 2587 1118 2655 operibus
1147 2594 1442 2639 noscuntur
1463 2623 1477 2648 ,
1511 2590 1569 2636 ut
1598 2581 1778 2636 docuit
1800 2581 2056 2635 Servator
2081 2583 2166 2637 his

607 2677 819 2731 verbis:
861 2697 877 2726 ι
920 2677 973 2729 Si
1030 2675 1124 2729 ﬁlii
1181 2675 1407 2728 Abrahae
1458 2673 1666 2734 essetis,
1720 2686 1883 2739 opera
1939 2672 2166 2726 Abrahre

604 2761 852 2816 faceretis
876 2761 940 2810 ’⁷.
976 2779 995 2811 ι
1031 2760 1308 2825 Quodnam
1358 2772 1490 2811 vero
1540 2767 1751 2825 tempus
1798 2755 1929 2808 illud
1976 2755 2161 2816 luerit,

602 2853 704 2905 nisi
735 2865 840 2920 quo
873 2850 1033 2904 verba
1066 2863 1183 2905 mea
1211 2850 1626 2918 complebuntur
1649 2888 1663 2911 ,
1702 2864 1820 2904 cum
1861 2848 1955 2903 ﬁlii
1999 2850 2163 2903 vestri

602 2943 932 3013 alienigenas
958 2951 1013 2997 et
1043 2941 1227 3011 generi
1259 2951 1439 2995 vestro
1463 2951 1752 2995 extraneos
1791 2955 1985 2996 nomen
2021 2941 2167 2995 cele~

601 3030 762 3084 brare
796 3046 970 3084 meum
1006 3029 1304 3083 videbunt?
1333 3030 1484 3083 Tunc
1535 3030 1677 3082 enim
1709 3031 1810 3098 ipsi
1855 3030 1948 3083 lilii
1996 3031 2166 3084 vestri

600 3120 991 3173 confundentur
1014 3129 1069 3174 et
1092 3121 1409 3174 erubescent
1433 3160 1447 3183 ,
1477 3121 1797 3188 stnpendam
1844 3119 1991 3174 illam
2022 3134 2158 3189 gen-

601 3213 735 3264 tium
769 3211 1118 3264 mutationem
1154 3219 1473 3274 cernentes,
1519 3211 1925 3280 conspicatique
1974 3211 2162 3265 alieni-

601 3317 764 3373 genas
822 3303 1065 3355 homines
1120 3301 1376 3355 Sanetum
1438 3301 1600 3356 lsrael
1654 3311 1706 3355 et
1769 3304 1934 3356 Deum
1987 3301 2163 3357 Jacob

600 3395 962 3458 sanctilicare,
991 3409 1055 3447 ac
1083 3394 1176 3448 Dei
1213 3393 1584 3449 universorum
1618 3395 1810 3449 timore
1838 3391 1998 3448 allici.

671 3577 832 3632 Vens.
857 3577 945 3630 24.
993 3594 1010 3626 ι
1043 3576 1104 3629 Ει
1134 3577 1306 3631 scient
1331 3578 1420 3644 qui
1452 3588 1634 3630 errant
1673 3577 1869 3646 spiritu
1892 3617 1910 3644 ,
1960 3577 2159 3632 intelli-

599 3668 832 3738 gentiam
878 3686 890 3721 :
928 3669 1016 3736 qui
1051 3678 1231 3722 autem
1269 3670 1682 3721 ohmurmurant
1707 3709 1723 3732 ,
1772 3669 1982 3724 discent
2033 3671 2162 3723 obe-

600 3760 882 3824 dientiam,
907 3770 963 3814 et
991 3759 1183 3828 lingua:
1209 3757 1570 3811 balbutientes
1605 3758 1814 3811 discent
1866 3758 2011 3827 loqui
2060 3744 2159 3828 p5-

595 3864 736 3905 cem.
777 3869 795 3901 ι
831 3849 1050 3920 Lingua:
1089 3849 1464 3914 balbutientes,
1497 3862 1613 3916 quae
1649 3850 1780 3903 nihil
1819 3851 1998 3915 clare,
2025 3851 2159 3905 nihil

597 3957 724 3997 vere
775 3941 917 4008 loqui
972 3948 1244 4009 poterant,
1301 3939 1365 3992 ad
1401 3947 1645 3993 naturam
1681 3930 2154 4010 regressze'suam,

592 4032 900 4085 clarissime
926 4029 1233 4098 loquentur,
1275 4028 1423 4096 pacis
1462 4042 1745 4085 sermones
1790 4027 2033 4094 edoctae;
2067 4038 2156 4082 ut-

597 4132 726 4191 pote
757 4135 881 4189 qua:
920 4128 974 4174 et
1003 4118 1145 4174 bello
1179 4117 1363 4172 liberae
1383 4159 1398 4183 ,
1425 4129 1480 4173 et
1505 4134 1691 4188 pacem
1731 4133 1854 4173 cum
1896 4118 2004 4173 Deo
2036 4134 2157 4174 am-

597 4213 769 4281 plcxae
793 4212 918 4265 sint.

1173 4300 1401 4355 CAPUT
1433 4301 1599 4355 XXX.

670 4397 831 4457 Vens.
866 4395 980 4450 1-5.
1017 4394 1126 4460 Vm,
1167 4394 1257 4448 filii
1296 4396 1638 4457 desertores,
1689 4394 1818 4448 dicit
1877 4395 2153 4452 Dominus.

595 4489 802 4543 iniistis
833 4487 1139 4549 consilium,
1169 4501 1271 4539 non
1303 4500 1396 4554 per
1420 4500 1504 4539 me
1546 4503 1561 4551 ;
1597 4494 1649 4539 et
1688 4496 1841 4553 pacta
1868 4526 1882 4548 ,
1929 4502 2033 4540 non
2064 4503 2158 4556 per

2269 2047 2418 2082 σουσι
2443 2029 2504 2080 τὸ
2533 2029 2704 2099 ὄνομά
2737 2048 2860 2098 μου,
2891 2030 2986 2082 καὶ
3013 2030 3298 2097 ἀγιάσουσι
3314 2030 3403 2083 τὸν
3421 2031 3609 2098 ’Ἂγιον
3631 2031 3855 2097 Ἰακὼϐ,

2267 2120 2474 2173 καὶτὸν
2499 2120 2630 2172 Θεὸν
2686 2120 2779 2172 τοῦ
2824 2120 3037 2192 Ἰσραὴλ
3087 2121 3504 2192 φοϐηθήσονται.
3526 2141 3545 2173 ι
3592 2122 3768 2194 ’Υμᾶς
3797 2124 3858 2176 δὲ

2266 2213 2426 2278 λέγω,
2459 2213 2549 2265 τὸν
2607 2213 2940 2283 καλούμενον
2992 2211 3136 2266 οἷκον
3177 2214 3389 2279 Ἰακὼϐ,
3440 2214 3498 2267 ὃν
3549 2216 3651 2268 οὐκ
3701 2215 3860 2282 ἄξιον

2265 2305 2391 2356 ὄντα
2435 2303 2529 2356 τοῦ
2577 2303 2855 2371 θεοφιλοῦς
2899 2306 3106 2357 ἐκείνου
3150 2305 3398 2376 Ἀϐραὰμ
3453 2306 3718 2376 ἀφώρισε,
3758 2308 3858 2361 καὶ

2265 2393 2703 2464 ἀπηλλοτρίωσεν
2734 2395 2930 2458 αύτούς
2964 2398 2992 2447 6
3022 2394 3170 2458 Θεὸς,
3198 2396 3286 2448 διὰ
3329 2397 3386 2448 τὸ
3421 2397 3496 2468 μὴ
3524 2400 3636 2460 τοῖς
3670 2399 3858 2469 ἔργοις

2264 2485 2444 2550 ἀξίους
2475 2485 2569 2536 τοῦ
2608 2485 2854 2556 Ἀϐραὰμ
2880 2486 3216 2556 καταστῆσαι
3247 2487 3491 2550 ἑαυτούς.
3525 2488 3608 2541 Τὰ
3628 2489 3738 2561 γὰρ
3765 2491 3858 2543 τέ·

2265 2594 2367 2628 κνα
2392 2575 2486 2628 τοῦ
2527 2577 2775 2647 Ἀϐραὰμ
2803 2578 2890 2631 διά
2924 2578 3030 2630 τῶν
3061 2578 3232 2650 ἔργων
3268 2581 3606 2649 γνωρίζεται,
3640 2581 3716 2643 ὼς
3747 2583 3862 2636 ἐδί-

2263 2668 2418 2731 δαξεν
2449 2671 2475 2720 6
2505 2668 2691 2739 Σωτὴρ
2727 2667 2923 2720 εἰπών·
2977 2690 2993 2719 ι
3020 2671 3082 2722 El
3120 2670 3282 2722 τέκνα
3314 2672 3409 2723 τοῦ
3452 2672 3704 2743 Ἀϐραὰμ
3731 2670 3856 2744 ἦτε,

2262 2759 2329 2812 τὰ
2358 2758 2492 2828 ἔργα
2522 2762 2615 2812 τοῦ
2665 2760 2912 2829 Ἀϐραὰμ
2945 2762 3197 2816 ἐποιεῖτε.
3227 2783 3246 2814 ι
3284 2764 3378 2826 Τίς
3417 2765 3459 2817 δ’
3484 2766 3550 2818 ἂν
3579 2766 3663 2837 εἴη
3700 2762 3859 2832 οὗτος

2263 2855 2289 2904 6
2314 2853 2522 2923 καιρὸς,
2554 2852 2586 2921 ἢ
2622 2853 2764 2922 ὁτῆς
2794 2853 3072 2916 ἐκϐάσεως
3097 2853 3202 2906 τῶν
3234 2854 3380 2922 ἐμῶν
3407 2855 3600 2924 λόγων,
3641 2858 3763 2909 καθ’
3797 2859 3859 2912 ὃν

2263 2945 2331 2997 τά
2358 2946 2522 2997 τέκνα
2550 2943 2618 2996 τὰ
2653 2944 2893 3013 ύμέτερα
2932 2945 3055 3006 τοὺς
3079 2945 3378 3013 ἀλλογενεῖς
3419 2948 3514 3000 καὶ
3542 2947 3859 3019 ἀλλοτρίους

2263 3036 2356 3088 τοῦ
2389 3035 2657 3105 ἡμετέρου
2687 3035 2876 3103 γένους
2906 3037 3125 3104 ὄψονται
3155 3036 3471 3103 δοξάζοντας
3499 3040 3555 3091 τὸ
3585 3041 3718 3111 ἐμὸν
3739 3043 3862 3096 ὅνο-

2270 3143 2381 3195 μα,
2415 3127 2548 3179 Τότε
2578 3127 2685 3198 γὰρ
2715 3125 2857 3178 αὐτὰ
2887 3125 2954 3178 τὰ
2983 3127 3227 3198 ὑμέτερα
3254 3129 3416 3181 τέκνα
3446 3132 3856 3203 καταισχυνθή-

2266 3235 2418 3272 σεται
2449 3220 2540 3270 καὶ
2580 3219 3028 3290 διατραπήσεται,
3071 3221 3280 3290 ὁρῶντα
3325 3224 3386 3276 τὸ
3417 3225 3721 3296 παράδοξον
3753 3228 3857 3298 τῆς

2264 3309 2369 3362 τῶν
2398 3310 2561 3363 ἐθνῶν
2601 3312 2920 3382 μεταϐολῆς,
2952 3313 3044 3365 καὶ
3072 3314 3146 3375 ὼς
3171 3314 3450 3384 ἀλλόφυλοί
3486 3335 3628 3381 τινες
3661 3319 3858 3390 ἄνδρες

2272 3399 2361 3449 τὸν
2383 3400 2566 3466 ’Ἄγιον
2583 3400 2675 3452 τοῦ
2712 3402 2924 3473 Ἰσραὴλ
2955 3405 3048 3457 καὶ
3076 3404 3164 3457 τὸν
3192 3406 3321 3457 Θεὸν
3338 3407 3430 3459 τοῦ
3471 3407 3663 3460 Ἰακὼϐ
3695 3411 3860 3478 ἀγιάο

2264 3489 2430 3552 ζουσι,
2449 3492 2540 3543 καὶ
2562 3493 2722 3559 φόϐον
2736 3494 3089 3547 ἀναλάϐονται
3108 3497 3218 3567 (57)
3236 3496 3330 3549 τοῦ
3346 3499 3438 3551 ἐπὶ
3457 3498 3675 3552 πάντων
3689 3494 3853 3558 Θεοῦ.

2337 3600 2355 3633 ι
2383 3584 2490 3634 Καὶ
2521 3583 2818 3650 γνώσονται
2843 3588 2892 3639 οἱ
2933 3588 3274 3658 πλανώμενοι
3299 3590 3374 3659 τῷ
3404 3592 3674 3662 πνεύματι
3735 3594 3860 3650 σύν-

2261 3691 2376 3726 εσιν
2399 3692 2411 3704 °
2459 3677 2508 3727 οἱ
2538 3677 2594 3728 δὲ
2622 3679 2981 3746 γογγύζοντες
3013 3681 3345 3753 μαθήσονται
3403 3685 3718 3751 ὑπακούειν,
3754 3689 3857 3742 καὶ

2261 3768 2317 3817 αἱ
2357 3766 2596 3834 γλῶσσαι
2632 3771 2688 3822 αἱ
2720 3771 3061 3839 ψελλίζουσαι
3116 3775 3448 3847 μαθήσονται
3491 3779 3672 3833 λαλεῖν
3697 3782 3859 3852 εἰρή-

2262 3875 2378 3927 νην.
2407 3877 2423 3908 ι
2474 3861 2537 3911 Αἰ
2569 3861 2812 3926 γλῶσσαι
2847 3867 2904 3916 αἱ
2941 3865 3284 3933 ψελλίζουσαι
3316 3868 3410 3922 καὶ
3454 3871 3618 3945 μηδὲν
3649 3875 3855 3943 τρανὸν

2267 3949 2399 4019 μηδὲ
2428 3952 2625 4022 ἀληθὲς
2655 3955 2831 4008 λαλεῖν
2864 3957 3174 4027 δυνάμεναι,
3217 3961 3298 4022 είς
3319 3963 3379 4013 τὸ
3405 3953 3733 4032 κατὰφύσιν
3755 3965 3852 4018 ἐλ-

2263 4038 2475 4107 θοῦσαι,
2515 4047 2832 4116 τρανώτατα
2860 4048 3171 4118 λαλήσουσι,
3216 4051 3481 4119 μαθοῦσαι
3515 4057 3734 4128 εἰρήνης
3762 4057 3856 4109 16-

2260 4147 2410 4197 γους,
2436 4135 2511 4198 ώς
2551 4137 2616 4190 ἂν
2654 4140 2850 4202 παντὸς
2884 4141 3296 4212 ἀπηλλαγμέναι
3337 4144 3596 4215 πολέμου,
3628 4148 3721 4201 καὶ
3747 4162 3854 4220 την

2263 4224 2398 4292 πρὸς
2430 4226 2564 4280 Θεὸν
2593 4230 2814 4300 εἰρήνην
2840 4230 3248 4303 ἀσπασάμεναι.

2794 4324 3190 4377 ΚΕΦΛΛΑΙΟΝ
3219 4327 3295 4378 A'.

2335 4429 2352 4460 ι
2376 4411 2510 4463 Οὐαὶ
2535 4412 2700 4463 τέκνα
2729 4412 3049 4476 ἀποστάται,
3076 4414 3222 4483 λέγει
3253 4417 3472 4486 Κύριος.
3521 4419 3848 4490 Ἐποιήσατε

2262 4504 2471 4574 βουλὴν,
2498 4505 2556 4556 ού
2579 4506 2644 4557 δι’
2672 4505 2827 4573 ἐμοῦ,
2857 4507 2949 4559 καὶ
2982 4508 3271 4577 συνθήκας,
3301 4509 3360 4560 οὐ
3381 4509 3467 4561 διὰ
3486 4508 3578 4561 τοῦ
3605 4510 3851 4582 πνεύμα-

595 4580 844 4649 spiritum
871 4591 1080 4639 meum;
1108 4583 1165 4627 ιιι
1198 4574 1466 4628 adderetis
1493 4582 1712 4641 peccata
1745 4577 1981 4642 peccatis
2023 4593 2036 4629 :
2066 4576 2156 4643 qui

2268 4597 2350 4658 τός
2383 4614 2503 4666 μου,
2527 4597 2840 4666 προσθεῖναι
2882 4574 3158 4670 ἁμαρτίας
3211 4600 3294 4666 ἐφ’
3333 4601 3626 4670 ἁμαρτίας,
3661 4604 3708 4654 οἱ
3742 4574 3845 4656 πο-

595 4673 803 4725 vadunt
860 4678 915 4720 et
986 4667 1318 4720 descendunt
1379 4666 1432 4718 in
1484 4664 1809 4734 IEgyptum,
1850 4681 1934 4718 me
1982 4677 2157 4721 autem

598 4779 703 4817 non
732 4763 1156 4828 interrogarunt,
1179 4767 1238 4810 ut
1265 4757 1517 4810 auxilium
1543 4758 1778 4810 habeant
1804 4772 1830 4809 a
1855 4755 2156 4822 Pharaone,

597 4866 653 4911 et
695 4862 1042 4924 protegantur
1074 4851 1142 4903 ab
1186 4848 1473 4919 Egyptiis.
1506 4850 1624 4904 Erit
1674 4851 1818 4904 enim
1853 4851 2006 4906 vobis
2035 4867 2158 4920 pro-

598 4951 762 5004 lectio
796 4947 1094 5000 Pharaonis
1126 4947 1180 4998 in
1228 4944 1620 5008 confusionem,
1655 4955 1708 5000 et
1758 4947 1823 5002 iis
1849 4948 1942 5015 qui
1990 4949 2159 5000 confio

597 5045 732 5095 dunt
776 5040 830 5094 in
886 5039 1157 5107 Egypto,
1195 5038 1542 5105 opprobrium
1575 5055 1587 5089 :
1621 5039 1874 5106 quoniam
1926 5051 2054 5093 sunt
2106 5041 2157 5093 in

599 5131 730 5185 Tani
753 5131 1040 5199 principes,
1064 5129 1234 5198 angeli
1260 5129 1405 5184 mali.
1435 5129 1649 5184 Frustra
1677 5131 1998 5185 laborabunt
2020 5135 2159 5201 apud

597 5224 877 5292 pOpulnm,
904 5221 993 5288 qui
1020 5221 1097 5274 eis
1130 5236 1232 5273 non
1263 5221 1501 5287 proderit
1528 5223 1593 5274 ad
1626 5224 1884 5276 auxilium
1911 5265 1926 5287 ,
1971 5225 2064 5278 sed
2091 5226 2156 5276 ad

602 5313 969 5366 confusionem
992 5312 1435 5380 etopprobrium.
1470 5331 1488 5362 ι
1524 5316 1718 5379 Aperte
1746 5314 2007 5375 declarat,
2035 5325 2160 5368 tunc

601 5403 876 5454 daemonas
918 5398 972 5452 in
1022 5399 1256 5469 [Egypto
1298 5400 1484 5463 fuisse,
1535 5417 1672 5470 quos
1716 5405 1939 5473 angelos
1988 5405 2159 5459 malos

601 5496 905 5556 nuncupat,
939 5486 1030 5555 qui
1058 5488 1224 5541 multa
1273 5490 1636 5557 operabantnr
1697 5492 1748 5546 in
1795 5493 1886 5546 illa
1937 5493 2157 5564 IEgyp‘ti

601 5581 814 5634 civitate
857 5596 975 5649 qua:
1014 5581 1213 5635 dicitur
1235 5581 1397 5636 Tanis
1423 5624 1436 5647 ,
1471 5585 1558 5639 ubi
1593 5584 1681 5638 illo
1729 5594 1966 5654 tempore
2011 5589 2156 5656 regia

668 5697 709 5725 ²⁷
735 5695 888 5750 Joan.
917 5715 1030 5763 vnt,
1055 5700 1142 5753 '50.

670 5790 777 5866 (ξεῖ)
820 5792 1024 5866 Mallem
1059 5795 1233 5866 legere
1259 5797 1715 5866 ἀποστρέψοντας.
1747 5800 1902 5854 Εοιτ.

2269 4688 2544 4757 ρευόμενοι
2587 4689 2890 4759 καταϐῆναι
2940 4693 3017 4752 εἰς
3050 4692 3340 4759 Αἴγυπτον.
3382 4693 3478 4763 ἐμὲ
3512 4693 3570 4746 δὲ
3613 4695 3712 4748 οὐκ
3745 4696 3852 4748 ἐπ-

2266 4776 2573 4849 ηρώτησαν,
2616 4779 2707 4831 τοῦ
2742 4778 2998 4850 βοηθῆναι
3021 4766 3127 4832 ὑπὸ
3171 4781 3388 4849 Φαραὼ,
3415 4783 3506 4834 καὶ
3530 4783 3850 4854 σκεπασθῆ-

2266 4885 2352 4920 ναι
2403 4870 2505 4921 ὑπὸ
2531 4871 2861 4937 Αἰγυπτίων,
2910 4871 3099 4924 Ἔσται
3130 4871 3236 4941 γὰρ
3276 4873 3401 4941 ύμῖν
3431 4872 3604 4942 σκέπη
3642 4874 3848 4945 Φαραὼ

2267 4962 2344 5021 εἰς
2376 4961 2655 5032 αἰσχύνην,
2693 4965 2786 5014 καὶ
2818 4965 2928 5026 τοῖς
2966 4963 3274 5016 πεποιθόσιν
3300 4966 3385 5016 ἐπ’
3410 4965 3685 5030 Αἴγυπτον
3711 4966 3848 5019 ὅνέι-

2266 5047 2384 5109 δοςο
2428 5051 2508 5102 ὃτι
2565 5052 2702 5103 εἰσὶν
2736 5055 2792 5104 ἐν
2825 5053 2983 5105 Τάνει
3015 5053 3264 5122 ἀρχηγοὶ,
3321 5053 3538 5121 ἄγγελοι
3590 5056 3838 5126 πονηροίέ

2267 5139 2455 5209 Μάτην
2482 5142 2802 5193 κοπιάσουσι
2828 5143 2960 5213 πρὸς
2987 5143 3133 5204 λαὸν,
3160 5143 3216 5205 ὃς
3231 5145 3331 5194 οὐκ
3353 5143 3620 5212 ὠφελήσει
3644 5145 3847 5207 αὐτοὺς

2265 5231 2343 5290 εἰς
2377 5229 2647 5300 βοήθειαν,
2679 5232 2812 5284 ἀλλά
2837 5236 2914 5296 εἰς
2941 5235 3199 5304 αἰσχύνην
3228 5237 3319 5287 καὶ
3349 5235 3565 5298 ὄνειδος.
3594 5256 3610 5287 ι
3645 5238 3845 5306 Σαφῶς

2267 5325 2507 5392 παριστᾷ
2535 5325 2812 5390 γεγονέναι
2850 5327 2969 5378 τότε
3021 5327 3148 5397 παρ’
3193 5328 3510 5394 Αἰγυπτίοις
3543 5328 3839 5397 δαίμονας,

2265 5411 2525 5479 ἀγγέλους
2553 5418 2816 5486 πονηροὺς
2839 5418 3090 5488 ὀνομάζει
3116 5420 3330 5484 αὐτοὺς,
3361 5421 3409 5472 οἳ
3433 5420 3664 5488 μάλιστα
3689 5425 3842 5494 ἐνήρ-

2266 5519 2392 5567 γουν
2417 5505 2482 5557 τὰ
2515 5508 2680 5561 πολλά
2707 5512 2763 5560 ἐν
2802 5512 2865 5580 τῇ
2895 5511 3198 5581 καλουμένῃ
3234 5511 3384 5563 πόλει
3421 5514 3518 5582 τῆς
3555 5513 3841 5580 Αἰγύπτου

2266 5594 2446 5661 Τάνει,
2469 5598 2597 5652 ἔνθα
2609 5601 2666 5652 τὸ
2685 5601 2948 5669 βασίλειον
2965 5603 3057 5656 τοῦ
3077 5603 3274 5673 Φαραὼ
3297 5603 3416 5656 κατ’
3432 5606 3608 5656 ἐκεῖνο
3629 5605 3840 5675 ἵδρυτο.

668 5862 778 5928 (57)
825 5863 932 5915 Vox
989 5864 1338 5919 ἁναλάϐονται
1381 5862 1560 5925 merus
1616 5880 1698 5927 est
1735 5870 2133 5938 barbarismus,

2276 5889 2334 5930 us
2367 5874 2481 5931 loco
2517 5874 2794 5944 legendum
2837 5878 3328 5949 ἁναλαμϐάνονται.
3376 5877 3533 5934 Εθιτ.
