4042 6390
196 401 307 458 505

1139 397 1640 457 COMMENTARIA
1680 396 1746 451 IN
1787 395 2046 452 ISAIAM.
2087 424 2157 440 -—-
2193 393 2350 450 CAP.
2392 393 2558 449 XXX;

3371 397 3480 452 506

200 520 349 590 Πλὴν
383 520 525 576 ἀλλὰ
563 521 659 574 καὶ
688 511 859 586 οὗτῦἰ,
895 517 1081 588 φησὶν,
1134 518 1186 571 οἱ
1221 519 1280 571 ἐν
1339 517 1503 571 Τάνει
1537 517 1768 588 ἀρχηγοὶ

1897 513 2201 568 PharaOnis
2232 520 2372 569 erat.
2396 512 2670 567 Cmtetum
2697 511 2754 565 hi
2784 525 3035 581 quoque,
3067 507 3143 564 ait
3162 550 3177 576 ,
3201 510 3479 582 principes

199 618 426 684 ἄγγελοι
481 616 710 686 πονηροὶ
737 613 889 666 οὐδὲν
917 611 1287 686 ᾠφελήσουσιν
1313 614 1394 674 είς
1429 610 1490 663 τὸ
1517 608 1794 679 ἐπαμῦναι

199 709 312 773 τοῖς
349 684 763 779 προσφυγοῦσιν
787 684 990 769 αύτοῗς,
1020 703 1112 764 καὶ
1129 702 1226 773 τὴν
1249 699 1310 766 ἐξ
1332 699 1509 754 αὐτῶν
1545 699 1794 770 βοήθειαν

199 799 729 870 ἁνακαλεσαμὲνοις.
778 796 888 849 Καὶ
915 797 1098 859 αὐτοῖς
1128 795 1310 866 ἔργοις
1349 792 1651 864 ἐπληροῦτο
1670 792 1792 844 καθ’

196 892 256 944 ὃν
304 892 500 962 χρόνον
542 891 570 953 ό
616 889 723 942 τῶν
773 887 1131 942 Βαϐυλωνίων
1165 885 1440 957 βασιλεὺς,
1483 885 1793 955 ὑποχείριον

200 982 570 1054 ποιησάμενος
624 980 724 1051 τὴν
754 979 1046 1048 Αἴγυπτον,
1095 977 1158 1030 οὐ
1194 976 1388 1048 μόνους
1441 974 1789 1044 Αἰγυπτίους,

196 1075 332 1130 ἀλλὰ
358 1072 586 1128 καὶτῶν
619 1072 885 1125 Ἰουδαίων
906 1071 1033 1134 τοὺς
1059 1069 1383 1142 πρόσφυγας
1407 1067 1604 1130 αὐτοὺς
1633 1083 1790 1135 γενο-

199 1168 412 1237 μένους,
443 1165 696 1236 πολεμῶν
722 1164 858 1235 ὁμοῦ
895 1161 1403 1234 ἐξηνδραποδίσατο.
1432 1160 1505 1214 Τὸ
1533 1158 1792 1229 τηνικαῦ-

194 1276 260 1312 τα
286 1261 395 1330 γὰρ
423 1262 457 1328 ή
487 1259 581 1311 ἐπὶ
612 1256 814 1328 Φαραὼ
842 1255 949 1309 τῶν
996 1254 1264 1308 Ἰουδαίων
1300 1255 1455 1317 ἐλπὶς
1493 1254 1574 1315 εἰς
1596 1250 1788 1323 αἰσχύο

194 1369 290 1424 νην
321 1351 417 1405 καὶ
443 1349 643 1412 ὄνειδος
665 1350 850 1410 αὐτοῖς
884 1345 1251 1417 περιετράπη.

268 1444 376 1499 ιΉ
405 1443 600 1513 ὅρασις
654 1439 764 1493 τῶν
791 1437 1135 1509 τετραπόδων
1185 1435 1293 1488 τῶν
1349 1436 1408 1487 ἐν
1456 1436 1520 1504 τῇ
1572 1435 1784 1505 ἐρήμῳ.

192 1533 533 1603 (Σύμμαχος,
550 1529 765 1599 Λῆμμα
792 1526 1028 1596 κτηνῶν
1050 1528 1289 1594 Νότου.)
1308 1526 1395 1601 Ἐν
1421 1527 1485 1596 τῇ
1508 1524 1789 1594 θλίψεικαὶ

191 1629 254 1696 τῇ
291 1623 624 1694 στενοχωρίᾳ
652 1621 788 1674 λέων
814 1620 909 1673 καὶ
940 1619 1178 1688 σκύμνος
1202 1618 1434 1681 λέοντος,
1462 1616 1670 1671 ἐκεῖθεν
1696 1618 1789 1670 καὶ

189 1717 418 1778 ἀσπίδες
443 1716 536 1768 καὶ
559 1715 759 1782 ἔκγονα
783 1712 1024 1766 ἀσπίδων
1051 1710 1382 1781 πετομένων,
1406 1710 1455 1762 οἳ
1479 1709 1671 1779 ἔφερον
1696 1709 1790 1760 ἐπὶ

187 1812 323 1864 ὄνων
355 1811 452 1862 καὶ
488 1807 750 1879 καμήλων
782 1806 872 1859 τὸν
898 1803 1124 1857 πλοῦτον
1169 1803 1348 1858 αὐτῶν
1378 1803 1512 1874 πρὸς
1547 1801 1718 1866 ἔθνος,
1759 1801 1786 1854 ὃ

183 1901 285 1954 οὐκ
314 1899 589 1970 ὠφελήσει
648 1894 878 1958 αὐτούς’
904 1913 922 1945 ι
958 1893 1046 1947 διὰ
1088 1894 1149 1945 τὸ
1176 1893 1382 1964 ἔρημον
1433 1888 1570 1945 εἶναι
1604 1895 1783 1944 πᾶσαν

185 1983 344 2058 Θεοῦ,
385 1989 776 2061 πεπληρῶσθαι
803 1988 859 2041 δὲ
893 1987 1237 2058 τετραπόδων
1281 1987 1390 2040 τῶν
1438 1985 1568 2056 παρ’
1600 1986 1782 2047 αὐτοῖς

184 2083 640 2154 θεοποιουμὲνων,
674 2081 896 2135 καὶτῶν
923 2081 1051 2150 παρ’
1068 2080 1251 2142 αὐτοῖς
1275 2078 1641 2150 ἐνεργούντων
1668 2077 1784 2131 δαι-

186 2179 388 2248 μόνων.
434 2174 585 2244 Αὕτη
643 2174 821 2227 τοίνυν
855 2175 888 2243 ή
923 2175 1111 2244 ὅρασις
1149 2171 1258 2224 τῶν
1285 2170 1628 2242 τετραπόδων
1672 2171 1781 2225 τῶν

183 2271 242 2321 ὲν
269 2271 338 2339 τῇ
373 2266 688 2335 Αἰγυπτίων
723 2267 928 2337 ἐρημία
964 2265 1248 2336 ὲθεωρεῖτο
1271 2265 1348 2335 τῷ
1382 2265 1660 2335 προφήτῃ,
1686 2265 1782 2317 καὶ

185 2359 405 2431 τούτοις
443 2359 493 2414 οἱ
520 2357 833 2428 πρόσφυγες
872 2356 979 2409 τῶν
1021 2355 1288 2408 Ἰουδαίων
1319 2354 1648 2424 ἐπεκόμιζον
1688 2353 1778 2406 τὸν

180 2449 398 2505 ἑαυτῶν
432 2449 662 2504 πλοῦτον
683 2467 696 2478 ·
737 2448 804 2502 τὰ
831 2449 941 2521 γὰρ
972 2451 1197 2519 ταμιεῖα
1227 2447 1328 2517 τῆς
1369 2447 1575 2500 ἑαυτῶν
1601 2447 1778 2519 ψυχῆς

179 2545 245 2613 τῇ
280 2543 630 2612 Αἰγυπτιακῇ
663 2541 970 2612 παρέδοσαν
1004 2539 1196 2612 πλάνῃ.

256 2651 276 2682 ι
301 2630 594 2698 Αἰγύπτιοι
638 2632 847 2701 μάωια
888 2633 982 2684 καὶ
1025 2631 1158 2684 κενά
1204 2630 1577 2701 ὠφελήσουσιν
1608 2632 1772 2702 ὑμᾶς.

191 2722 551 2791 Ἀπάγγειλον
578 2723 782 2789 αὐτοῖς,
810 2724 913 2787 ὅτι,
945 2721 1210 2792 Ματαίαή
1242 2723 1588 2794 παράκλησις
1620 2724 1774 2794 ὑμῶν

176 2812 342 2884 αὕτη.
369 2813 486 2868 Νῦν
508 2810 599 2866 οὖν
625 2813 854 2877 καθίσας
885 2814 1092 2886 γράψον
1123 2816 1215 2867 ἐπὶ
1243 2815 1432 2882 πυξίου
1465 2815 1655 2882 ταῦτα,
1681 2819 1775 2871 καὶ

177 2906 260 2967 εὶς
284 2903 514 2973 βιϐλίον,
547 2906 630 2958 ὅτι
685 2905 839 2957 ἔσται
871 2907 950 2968 εἰς
998 2906 1212 2977 ἡμέρας
1244 2907 1419 2961 ταῦτα
1450 2908 1647 2978 καιρῷ,
1681 2911 1774 2962 καὶ

177 2995 284 3057 ἕως
309 2994 403 3048 τὸν
437 2995 609 3048 αἰῶνα
631 3013 642 3024 ·
681 2996 766 3048 ὃτι
798 2998 826 3050 ὁ
875 2995 1000 3059 λαὸς
1035 2998 1268 3068 ἀπειθὴς
1309 2999 1473 3062 ἐστιν,
1507 3000 1612 3051 υἱοὶ
1645 3001 1774 3068 ψευ-

175 3086 307 3155 δεῖς,
336 3086 385 3138 οἳ
424 3087 524 3140 ούκ
561 3087 849 3156 ἠϐούλοντο
876 3088 1095 3142 ἀκούειν
1128 3090 1216 3142 τὸν
1249 3091 1410 3162 νόμον
1435 3092 1528 3144 τοῦ
1555 3091 1688 3144 Θεοῦ
1711 3111 1722 3121 ·
1749 3111 1766 3143 ι

174 3180 274 3246 τῆς
337 3177 562 3246 ἀλογίας
601 3180 694 3233 καὶ
747 3179 1058 3251 ἀφροσύνης
1098 3182 1276 3235 αὐτῶν
1324 3183 1468 3238 οὕτω
1515 3203 1632 3248 πως
1677 3186 1771 3257 δη-
1804 3223 1846 3278 C

176 3270 468 3341 λουμένης.
530 3269 669 3324 Οὗτε
720 3271 830 3343 γὰρ
875 3275 923 3325 οἱ
976 3273 1227 3344 αἰσθητοὶ
1289 3277 1598 3345 Αἰγύπτιοι,
1651 3278 1775 3332 οὔτε

171 3363 220 3413 oi.
275 3361 490 3414 τούτων
527 3362 870 3433 νομιζόμενοι
906 3364 1039 3428 θεοὶ,
1080 3365 1370 3437 βοηθήσειν
1423 3368 1646 3438 ἔμελλον
1697 3373 1775 3442 τῷ

186 3453 562 3524 προσφυγόντι
585 3454 767 3517 αὐτοῖς
806 3455 1071 3510 Ἰουδαίων
1101 3457 1234 3526 λαῷ.
1267 3459 1423 3513 Κατὰ
1445 3462 1554 3532 γὰρ
1578 3462 1773 3534 πολλὴν

188 3543 558 3614 στενοχωρίαν
579 3544 757 3615 ψυχῆς
783 3545 877 3597 καὶ
912 3545 1032 3598 καθ’
1065 3547 1372 3619 ὑπερϐολὴν
1395 3549 1624 3621 θλίψεως
1649 3556 1774 3617 τοὺς

174 3636 307 3705 παρ’
337 3635 521 3696 αὐτοῖς
560 3636 887 3706 ἀνηγόρευον
938 3637 1093 3702 θεούς
1135 3657 1146 3669 ·
1179 3641 1378 3704 αὐτοὺς
1420 3642 1482 3713 δὴ
1534 3646 1775 3709 ἐκείνους

175 3730 305 3790 τοὺς
329 3727 430 3790 τὰς
455 3727 630 3797 ψυχὰς
670 3729 848 3782 αὐτῶν
877 3730 1155 3786 θλίϐοντας
1186 3733 1279 3784 καὶ
1308 3736 1772 3805 στενοχωροῦντας

173 3821 452 3889 πονηροὺς
484 3819 744 3889 δαίμονας
767 3837 780 3851 ⁸
813 3823 869 3874 ἐν
891 3817 971 3885 οἷς
1000 3818 1139 3893 ἦσαν
1171 3822 1385 3888 λέοντες
1413 3826 1506 3880 καὶ
1527 3829 1769 3893 ἀσπίδεςν

173 3913 269 3966 καὶ
292 3909 501 3963 τούτων
529 3910 750 3978 ἔκγονα,
777 3914 870 3965 καὶ
901 3914 1071 3981 ὄφεις,
1099 3916 1192 3969 καὶ
1220 3916 1356 3969 ἄλλα
1379 3918 1545 3988 μυρία
1570 3921 1773 3989 ἑρπετά

172 4017 231 4052 τε
267 4001 364 4052 καὶ
410 3999 608 4069 θηρίαο
646 3994 718 4052 ὧν
751 4001 956 4066 εἰκόνες
985 3999 1124 4072 ἦσαν
1159 4006 1254 4058 καὶ
1294 4007 1362 4059 τὰ
1394 4008 1628 4079 αἰσθητά
1656 4011 1770 4074 ζῶα

174 4090 299 4143 καθ’
327 4090 457 4161 ὅλης
481 4093 578 4161 τῆς
610 4093 885 4159 Αἰγύπτου
917 4093 1327 4167 θεοποιούμενα.
1359 4101 1466 4152 Καὶ
1489 4101 1596 4172 γὰρ
1621 4102 1770 4154 λέον-

172 4199 271 4245 τας
296 4181 515 4251 ἀληθῶς
546 4183 637 4234 καὶ
676 4183 929 4248 ἀσπίδας,
978 4187 1071 4239 καὶ
1110 4187 1261 4256 ὄφεις
1303 4195 1398 4242 καὶ
1430 4192 1563 4244 ἄλλα
1603 4195 1772 4264 μυρία

171 4269 261 4326 οἷα
289 4273 448 4336 θεοὺς
466 4275 812 4344 τετιμήκασι.
853 4276 990 4346 Ἤδη
1015 4278 1145 4346 γοῦν
1167 4281 1275 4332 ἀπὸ
1291 4282 1390 4350 τῆς
1422 4283 1529 4336 τῶν
1552 4284 1769 4355 νομιζοο

176 4367 358 4437 μένων
383 4367 568 4430 αὐτοῖς
583 4368 720 4421 θεῶν
743 4371 1059 4440 ἐπωνυμίας
1077 4373 1280 4436 καὶτὰς
1298 4374 1480 4438 πόλεις
1503 4379 1772 4450 κεκλήκα-

175 4476 282 4522 σιν,
309 4461 420 4511 ἀπὺ
446 4460 537 4512 τοῦ
559 4460 791 4524 λέοντος,
813 4461 911 4533 τὴν
931 4464 1165 4529 Λεοντὼ,
1183 4467 1290 4519 ἀπὸ
1307 4468 1363 4519 δὲ
1379 4468 1471 4521 τοῦ
1493 4472 1652 4534 κυνὸς
1672 4473 1769 4543 τὴν

1900 601 2111 656 Taneos
2133 643 2149 667 ,
2175 601 2354 670 angeli
2382 600 2544 667 mali,
2575 601 2708 655 nihil
2730 601 2997 670 juvabunt
3026 613 3120 655 eos
3139 639 3155 664 ,
3183 601 3277 670 qui
3316 603 3382 655 ad
3419 617 3479 656 se

1896 694 2242 764 confugient,
2266 703 2322 748 et
2347 708 2504 763 opem
2532 693 2772 762 ipsorum
2807 691 3196 760 implorabunt.
3227 691 3386 758 Quod
3415 707 3478 746 re

1895 787 2010 854 ipsa
2045 795 2172 840 tunc
2212 785 2494 854 impletum
2535 794 2664 849 est,
2717 800 2842 840 cum
2884 796 2981 838 rex
3028 782 3475 855 Babyloniorum.

1895 879 2128 948 Egypto
2163 886 2318 945 capta
2342 917 2358 943 ,
2393 891 2501 932 non
2539 885 2747 930 tantum
2795 874 3119 947 :‘Egyptios,
3163 876 3257 931 sed
3285 877 3476 944 {etiam

1893 969 2150 1040 profugos
2177 969 2391 1025 Iudaeos
2430 984 2537 1024 una
2567 968 2850 1024 debellans
2871 1008 2889 1031 ,
2931 969 3177 1039 captivos
3221 968 3471 1024 abduxit.

1895 1060 2045 1116 Tunc
2073 1063 2215 1116 enim
2247 1060 2554 1117 Iudaeorum
2583 1077 2708 1130 spes
2746 1058 2802 1115 in
2824 1058 3176 1144 Pharaonem
3207 1074 3363 1117 versa
3391 1066 3477 1114 est

1895 1153 2006 1209 illis
2032 1154 2085 1208 in
2118 1155 2490 1211 confusionem
2521 1164 2576 1211 et
2606 1156 2658 1210 in
2686 1153 3059 1226 opprobrium.

1897 1422 1900 1424 ’
1967 1425 2126 1480 Vens.
2193 1425 2248 1482 6.
2320 1444 2339 1477 ι
2411 1426 2566 1483 Visio
2628 1425 3038 1496 quadrupedum
3107 1425 3162 1480 in
3229 1426 3469 1483 deserto.

1891 1514 2324 1586 (Symachus,
2374 1516 2677 1586 Assumptio
2725 1518 3091 1587 jumentorum
3125 1515 3378 1586 Austri.)
3411 1516 3470 1572 ln

1893 1608 2245 1665 tribulatione
2278 1617 2333 1666 et
2367 1609 2618 1680 angustia
2643 1609 2748 1677 leo,
2791 1618 2847 1665 et
2869 1609 3087 1665 catulus
3116 1608 3308 1674 leonis,
3343 1610 3477 1666 inde
3555 1614 3571 1633 ⁵

1889 1713 1943 1758 et
1993 1702 2248 1771 aspides,
2282 1711 2336 1756 et
2377 1702 2667 1772 progenies
2708 1703 2958 1772 aspidum
3002 1703 3331 1772 volantium,
3375 1706 3469 1774 qui

1892 1794 2139 1850 ferebant
2179 1809 2341 1862 super
2373 1794 2562 1849 asinos
2588 1802 2643 1849 et
2677 1794 2919 1850 camelos
2969 1794 3194 1850 divitias
3234 1811 3362 1851 suas
3399 1797 3470 1851 ad

1889 1894 2101 1957 gentem
2133 1900 2254 1955 quae
2289 1882 2400 1939 illis
2431 1899 2537 1939 non
2575 1884 2837 1955 proderit.
2878 1904 2900 1939 ι
2950 1883 3086 1952 Quia
3120 1885 3330 1941 scilicet
3355 1895 3467 1940 tota

1890 1981 2000 2035 Deo
2025 1993 2196 2032 vacua
2226 1987 2367 2043 erat,
2401 1977 2717 2048 repletaque
2747 1978 3206 2048 quadrupedibus,
3237 1992 3377 2049 quos
3410 1987 3469 2031 ut

1850 2108 1867 2121 .
1888 2068 2017 2122 deos
2049 2065 2324 2131 colebant,
2359 2080 2570 2120 necnon
2615 2065 2951 2122 daemonibus
2993 2080 3164 2135 penes
3207 2066 3356 2137 ipsos
3384 2068 3468 2120 vi—

1887 2157 2162 2229 gentibus.
2224 2156 2351 2211 Hzec
2396 2156 2564 2226 igitur
2616 2157 2895 2227 prepbetae
2953 2155 3138 2213 oblata
3193 2168 3277 2213 est
3331 2159 3468 2214 visio

1899 2250 2345 2321 quadrupedum,
2399 2249 2453 2304 in
2499 2248 2876 2320 [Egyptiorum
2926 2247 3221 2305 solitudine
3253 2265 3468 2305 moran-

1888 2347 2047 2412 tium,
2074 2345 2231 2413 queis
2259 2343 2470 2415 profugi
2501 2342 2811 2398 Iudaeorum
2861 2358 2992 2414 opes
3040 2358 3167 2398 suas
3217 2344 3463 2414 deporta-

1883 2437 2017 2492 bant
2045 2455 2059 2492 :
2089 2451 2214 2491 nam
2240 2436 2434 2491 anima:
2485 2450 2598 2491 suae
2635 2436 2898 2506 penuaria
2927 2433 3253 2506 [Egyptiaco
3285 2438 3463 2492 errori

1882 2531 2229 2587 dediderant.

1953 2621 2120 2677 Vens.
2155 2620 2275 2677 7-9.
2312 2639 2332 2674 ι
2372 2619 2612 2692 Ailgyptli
2644 2620 2844 2676 frustra
2877 2629 2932 2676 et
2968 2621 3200 2676 inaniter
3227 2621 3460 2676 auxilia-

1880 2716 2083 2771 buntur
2115 2716 2285 2770 vobis.
2334 2713 2609 2768 Aitnuntia
2635 2715 2713 2768 eis
2740 2752 2755 2778 ,
2779 2714 2925 2783 quia,
2959 2710 3106 2768 Vana
3153 2721 3238 2768 est
3266 2728 3462 2768 conso-

1879 2809 2011 2864 latio
2037 2818 2216 2865 vestra
2239 2809 2373 2863 lucc.
2409 2806 2564 2862 Nunc
2598 2806 2762 2878 igitur
2786 2807 2985 2861 sedens
3024 2807 3201 2861 scribe
3235 2805 3289 2860 in
3318 2808 3460 2861 buxo

1881 2901 2016 2963 haec,
2047 2910 2101 2954 et
2135 2901 2191 2954 in
2226 2900 2386 2966 libro,
2425 2900 2552 2970 quia
2576 2906 2734 2953 erunt
2771 2898 2824 2951 in
2861 2898 2978 2952 dies
3026 2899 3140 2952 haec
3193 2907 3457 2966 tempore,

1879 3002 1935 3047 et
1966 3007 2139 3062 usque
2181 2992 2236 3045 in
2287 2992 2547 3046 saeculum
2598 3007 2612 3044 :
2648 2992 2772 3059 quia
2802 2990 3030 3060 populus
3079 2990 3460 3060 immorigerus

1878 3095 1985 3151 est,
2020 3086 2115 3139 lilii
2171 3085 2498 3147 mendaces,
2533 3083 2625 3153 qui
2686 3083 2975 3138 noluerunt
3036 3083 3225 3137 audire
3286 3082 3460 3152 legem

1882 3181 1998 3234 Dei.
2040 3198 2057 3231 ι
2102 3178 2194 3232 Sic
2246 3192 2433 3233 eorum
2483 3178 2707 3232 stultitia
2766 3187 2821 3231 et
2885 3175 3093 3230 insania
3149 3185 3458 3230 enarratur.

1878 3270 2063 3340 Neque
2097 3271 2240 3327 enim
2293 3269 2522 3325 sensiles
2570 3267 2648 3322 illi
2690 3265 2931 3337 Egyptii
2958 3307 2974 3333 ,
3018 3281 3192 3336 neque
3239 3266 3335 3331 illi,
3368 3266 3458 3335 qui

1878 3375 2044 3429 penes
2096 3374 2192 3416 eos
2234 3359 2307 3413 dii
2357 3359 2784 3429 reputabantur,
2819 3358 3137 3427 opitulaturi
3176 3358 3459 3416 erantJu-

1876 3449 2118 3504 timorum
2170 3449 2399 3519 populo,
2454 3449 2519 3501 ad
2566 3448 2713 3517 ipsos
2767 3447 3125 3517 confugienti.
3179 3448 3459 3517 Siquidem

1877 3557 1988 3610 prae
2028 3556 2222 3609 magna
2254 3540 2419 3593 animi
2447 3540 2743 3602 anxietate,
2779 3555 2840 3594 ac
2870 3554 2979 3608 prae
3008 3539 3316 3596 aﬂlicliouis
3347 3541 3462 3595 vio-

1876 3634 2061 3698 lentia,
2093 3633 2471 3703 ZEgyptiorum
2503 3631 2634 3685 deos
2669 3631 3056 3698 celebrabant;
3107 3634 3256 3704 ipsos
3307 3637 3461 3690 vide-

1877 3725 2003 3780 licet
2034 3726 2308 3779 dmmonas
2339 3723 2628 3792 malignos,
2685 3724 2921 3778 animam
2970 3741 3124 3780 suam
3183 3729 3234 3780 in
3288 3743 3460 3797 angu-

1875 3817 2010 3872 stias
2037 3825 2092 3870 et
2123 3830 2395 3870 :erumnas
2425 3815 2778 3884 conjicientes
2806 3833 2820 3881 ;
2852 3817 2904 3870 in
2938 3818 3136 3887 quibus
3164 3830 3319 3872 crant
3346 3820 3458 3874 leo—

1876 3925 1973 3965 nes
2007 3919 2061 3965 et
2093 3910 2310 3978 aspides
2337 3950 2351 3974 ,
2377 3923 2673 3979 eorumque
2701 3910 3012 3979 progenies,
3056 3925 3120 3965 ac
3149 3922 3456 3978 serpentes,

1874 4012 1929 4057 et
1958 4003 2062 4056 alia
2098 4013 2357 4057 sexcenta
2384 4002 2596 4070 reptilia
2627 4013 2788 4071 atque
2813 4002 2961 4067 ferte,
2989 4019 3217 4072 quorum
3248 4004 3455 4072 icones,

1875 4111 2086 4150 necnon
2116 4097 2229 4164 ipsa
2264 4094 2485 4148 sensilia
2521 4095 2778 4147 animalia
2809 4111 2908 4164 per
2959 4105 3127 4149 totam
3160 4095 3458 4166 Egyptutn

1875 4204 1973 4258 pro
1999 4189 2102 4242 diis
2129 4188 2469 4243 colebantur.
2500 4186 2716 4240 Atenim
2747 4188 2933 4241 leones
2961 4204 3147 4242 revera
3171 4229 3187 4252 ,
3215 4190 3455 4259 aspides,

1875 4287 2182 4347 serpentes,
2213 4287 2266 4331 et
2295 4276 2402 4330 alia
2433 4285 2690 4330 sexcenta
2748 4293 2846 4345 pro
2895 4278 3001 4330 diis
3031 4281 3452 4333 venerabantur.

1872 4372 1940 4426 Et
1966 4385 2100 4425 sane
2134 4385 2346 4434 eorum,
2381 4386 2519 4439 quos
2551 4369 2680 4424 deos
2707 4371 2993 4438 putabant,
3041 4371 3261 4425 nomine
3293 4372 3456 4426 urbes

1873 4481 2000 4520 suas
2024 4464 2407 4532 appellarunt;
2445 4479 2474 4515 a
2507 4465 2660 4518 leone
2695 4464 2921 4527 scilicet,
2953 4463 3188 4528 Leonte;
3236 4480 3268 4518 a
3294 4479 3452 4529 cana,

174 4551 379 4614 Κυνὼ,
430 4553 524 4604 καὶ
571 4553 680 4606 ἀπὸ
719 4553 877 4607 ἄλλου
924 4555 1086 4609 πάλιν
1130 4556 1296 4628 θηρὸς
1327 4561 1537 4631 ’ἑτέραν
1585 4561 1758 4614 πόλιν.

1880 4559 2035 4628 Byno,
2068 4559 2135 4611 ab
2168 4557 2270 4610 alia
2311 4557 2446 4610 item
2472 4555 2582 4608 fera
2632 4556 2791 4608 aliam
2829 4557 3124 4608 civltatcm.

248 4667 266 4699 ι
297 4648 363 4699 Οἱ
400 4647 648 4714 λέγοντες
696 4651 808 4710 τοῖς
870 4651 1216 4720 προφήταις,
1257 4651 1349 4720 Μὴ
1412 4653 1773 4721 ἀναγγέλλετε

173 4742 305 4809 ἡμῖν
331 4756 344 4768 ’
365 4740 590 4801 καὶτοῖς
609 4740 862 4808 ὁράματα
885 4741 1080 4811 ὁρῶσι,
1105 4743 1197 4812 Μὴ
1215 4744 1426 4796 λαλεῖτε
1449 4746 1578 4814 ἡμῖν
1598 4765 1611 4777 ·
1638 4748 1774 4802 ἀλλὰ

172 4833 304 4900 ἡμῖν
326 4829 540 4882 λαλεῖτε
587 4832 679 4881 καὶ
718 4833 1075 4900 ἀναγγέλλετε
1097 4837 1227 4904 ἡμῖν
1255 4835 1444 4905 ἑτέραν
1473 4837 1737 4909 πλάνησιν
1755 4859 1766 4869 ”

171 4924 267 4974 καὶ
306 4922 687 4992 ἀποστρέψατε
733 4924 878 4993 ἡμᾶς
912 4925 1019 4976 ἀπὸ
1051 4927 1149 4994 τῆς
1181 4925 1302 4977 ὀδοῦ
1352 4928 1574 4998 ταύτης.
1617 4933 1771 5000 Ἀφε-

168 5013 292 5066 λετε
319 5015 416 5082 ἀφ’
455 5013 614 5083 ἡμῶν
644 5015 732 5067 τὸν
769 5015 953 5087 τρίϐον
987 5017 1197 5077 τοῦτον,
1241 5021 1332 5072 καὶ
1390 5021 1617 5088 ἀφέλετε
1670 5026 1761 5093 ἀφ’

171 5105 331 5173 ἡμῶν
364 5106 427 5156 τὸ
459 5104 636 5172 λόγιον
678 5105 770 5157 τοῦ
815 5106 1047 5175 Ἰσραήλ.
1086 5127 1103 5157 ι
1167 5107 1351 5160 Ταῦτα
1409 5109 1517 5179 γὰρ
1575 5112 1623 5161 οἱ
1689 5113 1761 5182 μὴ

171 5195 568 5256 πιστεύσαντες
591 5199 708 5258 ταῖς
740 5196 833 5248 τοῦ
870 5198 1132 5268 Ἰερεμίου
1174 5201 1378 5267 φωναῖς
1412 5199 1548 5270 πρὸς
1603 5202 1762 5254 αὑτὸν

170 5287 266 5340 καὶ
287 5289 415 5348 τοὺς
446 5285 513 5337 τὰ
545 5287 706 5354 ὃμοια
729 5287 875 5355 αὐτῷ
910 5288 1239 5359 φρονοῦντας
1271 5291 1473 5358 ἔλεγον.

249 5398 268 5428 ε
302 5378 402 5427 Διὰ
434 5375 592 5428 τοῦτο
619 5377 746 5430 τάδε
796 5376 945 5445 λέγει
997 5380 1198 5450 Κύριος
1225 5384 1252 5433 ὁ
1306 5382 1460 5450 ἅγιος
1509 5384 1757 5454 Ἰσραήλ·

173 5470 296 5520 Ὅτι
321 5468 658 5538 ἠπειθήσατε
685 5472 795 5532 τοῖς
831 5469 1011 5537 λόγοις
1058 5472 1285 5538 τούτοις,
1348 5475 1440 5526 καὶ
1489 5475 1758 5544 ἠλπίσατε

170 5562 262 5612 ἐπὶ
287 5560 498 5629 ψεύδει,
530 5561 621 5612 καὶ
651 5563 731 5614 ὅτι
774 5563 1101 5631 ἐγόγγυσας,
1139 5566 1231 5617 καὶ
1265 5567 1538 5628 πεποιθὼς
1573 5569 1756 5635 ἐγένου

171 5652 262 5704 επὶ
287 5651 367 5720 τῷ
405 5651 551 5719 λόγῳ
577 5653 779 5722 τούτῳ·
815 5653 904 5707 διὰ
920 5655 1078 5706 τοῦτο
1103 5654 1253 5708 ἔσται
1294 5658 1421 5726 ὑμῖν
1518 5659 1759 5731 ἁμαρτία

173 5744 309 5804 αὕτη
345 5745 420 5807 ὡς
449 5748 629 5814 τεῖχος
681 5747 877 5800 πῖπτον
922 5751 1260 5820 παραχρῆμα
1310 5751 1512 5812 πόλεως
1557 5755 1757 5821 ὀχυρᾶς

178 5836 504 5902 ἑαλωκυίας,
536 5832 599 5908 ἧς
629 5841 959 5911 παραχρῆμα
981 5843 1206 5911 πάρεστι
1227 5843 1283 5896 τὸ
1318 5844 1510 5914 πτῶμα
1581 5846 1670 5896 καὶ
1702 5847 1744 5878 ’λ

1943 4653 2110 4706 Vens.
2141 4652 2228 4715 10,
2262 4651 2348 4704 ll.
2376 4649 2474 4715 Qui
2507 4651 2690 4702 dicunt
2713 4648 3012 4717 prophetis,
3052 4648 3128 4702 Ne
3161 4648 3453 4702 annuntio-

1875 4743 1941 4796 tis
1971 4743 2146 4807 nobis,
2184 4750 2236 4795 et
2262 4741 2574 4795 videntibus
2606 4741 2862 4803 visiones,
2905 4740 2982 4794 Nc
3022 4739 3310 4808 loquamini
3349 4756 3451 4796 no-

1870 4833 1955 4887 bis
1985 4852 1998 4887 :
2035 4837 2128 4886 sed
2157 4830 2643 4899 nobis.loquimini,
2678 4840 2733 4885 et
2759 4833 3079 4886 annuntiate
3104 4833 3258 4886 nobis
3287 4833 3452 4888 alium

1871 4941 2111 4980 errorem
2157 4943 2169 4978 :
2209 4935 2263 4976 et
2310 4926 2540 4979 avertite
2594 4941 2692 4978 nos
2742 4925 2807 4977 ab
2861 4927 2962 4980 hac
3015 4928 3119 4980 via.
3159 4926 3381 4981 Auferte
3421 4944 3450 4980 a

1872 5018 2029 5074 nobis
2059 5018 2311 5071 semitam
2358 5017 2501 5070 hanc
2529 5057 2542 5080 ,
2573 5027 2627 5071 et
2671 5019 2880 5071 auferte
2912 5036 2938 5071 a
2988 5020 3140 5071 nobis
3170 5020 3448 5071 oraculum

1871 5109 2060 5163 Israel.
2103 5127 2120 5158 ι
2157 5107 2280 5160 llazc
2317 5109 2516 5176 quippe
2551 5109 2801 5162 Jcremia:
2825 5151 2838 5171 ,
2875 5119 2930 5162 et
2983 5113 3131 5177 paria
3192 5126 3315 5162 cum
3360 5111 3450 5163 illo

1871 5200 2232 5255 sentientibus
2271 5200 2546 5264 dicebant,
2583 5201 2671 5268 qui
2707 5215 2896 5254 eorum
2926 5203 3148 5256 vocibus
3193 5219 3295 5254 non
3332 5219 3450 5256 cre-

1869 5295 2089 5348 debaut.

1940 5381 2103 5436 VERS.
2134 5382 2316 5436 12-16.
2363 5407 2381 5434 ι
2426 5383 2550 5438 Ideo
2581 5386 2695 5438 ltzec
2727 5385 2858 5437 dicit
2891 5386 3171 5450 Dominus,
3217 5387 3451 5440 Sanctus

1869 5476 2032 5532 Israel
2062 5493 2075 5528 :
2111 5479 2244 5542 Quia
2296 5494 2400 5532 non
2443 5477 2863 5545 obtemperastis
2923 5479 3008 5531 his
3078 5479 3447 5542 sermonibus,

1871 5569 1964 5622 sed
1995 5569 2252 5637 Sperastis
2280 5569 2330 5620 in
2362 5569 2644 5623 mendacio
2670 5609 2684 5632 ,
2722 5582 2774 5624 et
2821 5571 2946 5637 quia
2979 5570 3363 5632 murmurasti,
3398 5581 3447 5623 et

1868 5661 2144 5713 credidisti
2177 5663 2412 5714 sermoni
2456 5662 2615 5727 huic;
2668 5663 2868 5715 idcirco
2912 5663 3019 5714 erit
3052 5661 3206 5715 vobis
3251 5676 3446 5728 pecca-

1869 5760 1982 5803 tum
2020 5751 2121 5805 boc
2159 5752 2311 5818 quasi
2353 5767 2540 5806 murus
2577 5755 2778 5807 cadens
2815 5755 2993 5807 subito
3039 5754 3184 5807 urbis
3228 5765 3449 5807 munita:

1868 5855 2207 5914 expttguata',
2233 5847 2384 5916 cujus
2419 5848 2594 5904 subito
2629 5850 2774 5906 adest
2811 5849 2962 5906 ruina
3001 5866 3015 5903 :
3065 5859 3114 5904 et
3149 5850 3299 5903 ruina
3333 5848 3447 5916 ejus
