4042 6390
610 379 720 435 507

1279 374 1543 436 EUSEBli
1578 356 2045 434 mammas
2077 372 2175 432 om

2275 375 2445 433 PARS
2479 374 2572 433 III.
2612 405 2680 417 —
2716 371 3130 431 HBGE‘I'ICA.

605 496 716 553 erit
740 492 894 564 quasi
950 492 1203 549 contritio
1238 493 1384 550 vasis
1434 494 1654 550 testacei
1696 509 1764 550 ea
1806 492 2043 560 oﬂlciua,
2092 494 2165 547 ita

2275 495 2469 565 πτῶμα
2497 495 2667 567 αὐτῆς
2691 495 2842 551 ἔσται
2868 495 2945 559 ὡς
2991 493 3305 565 σύντριμμα
3336 493 3560 563 ἀγγείου
3578 494 3842 567 ὀστρακί-

608 584 923 641 comminuti
984 594 1044 645 ut
1094 599 1200 641 non
1264 584 1573 647 inveniatur
1618 586 1673 641 in
1710 586 1792 641 eis
1844 594 2017 650 testa,
2061 599 2167 654 qua

606 676 790 745 ignem
815 676 982 741 feras,
1004 686 1063 731 et
1088 676 1305 748 paulum
1332 692 1491 745 aqua:
1517 678 1759 733 haurias.
1792 676 1884 733 Sic
1904 676 2039 731 dicit
2064 675 2169 730 Do-

606 766 788 822 minus
824 767 1100 831 Dominus,
1128 765 1359 822 Sanctus
1385 765 1551 823 Israel
1579 784 1594 821 :
1620 767 1755 823 Cum
1807 780 2055 823 reversus
2094 766 2171 819 ln-

607 858 895 924 geminet-is,
927 864 1055 912 tunc
1079 854 1260 911 salvus
1273 856 1409 921 eris.
1437 866 1495 912 et
1533 856 1674 911 scies
1692 855 1782 911 ubi
1810 853 2003 917 fueris.
2036 869 2159 910 cum

608 945 916 1003 conﬁdebas
945 958 1109 1013 super
1150 945 1305 1001 vanis
1346 959 1359 996 :
1402 959 1538 999 vana
1584 944 1723 999 facta
1771 951 1857 999 est
1902 941 2165 998 fortitudo

610 1049 809 1106 vestra,
838 1047 893 1095 et
914 1038 1159 1096 noluistis
1179 1039 1396 1105 audire;
1422 1038 1518 1094 sed
1536 1036 1770 1101 diaiStis.
1796 1035 1962 1107 Equis
1982 1034 2165 1107 fugie-

609 1139 773 1185 mus:
819 1138 1100 1199 propterea
1136 1128 1395 1198 fugietis:
1439 1138 1497 1184 et
1537 1126 1811 1186 velocibus
1854 1126 2167 1183 cursoribus

609 1220 977 1277 inaldebimus.
1018 1238 1040 1272 ι
1070 1219 1310 1289 [fugietis
1337 1219 1590 1291 quidem;
1637 1219 1733 1275 sed
1778 1232 1889 1289 quo
1932 1215 2168 1289 eduxere

614 1310 864 1367 valebitis
902 1310 1323 1383 Babyloniorum
1363 1324 1614 1374 manum,
1659 1323 1781 1380 qua
1828 1322 1923 1364 vos
1975 1322 2167 1379 appre-

614 1398 821 1454 hendet
836 1408 891 1454 et
911 1398 965 1455 iu
991 1413 1053 1456 se
1072 1398 1371 1455 detinebit?
1404 1416 1425 1450 ι
1452 1396 1745 1469 Propterea
1775 1395 1981 1453 celeres
2008 1404 2168 1453 erunt

610 1490 710 1560 qui
736 1498 1129 1560 persequentur
1154 1502 1271 1544 vos.
1305 1507 1326 1540 ι

687 1666 854 1723 Vna.
888 1666 977 1724 i7.
1012 1684 1032 1717 ι
1064 1664 1146 1720 Ad
1173 1680 1360 1721 vocem
1384 1664 1545 1720 unius
1572 1663 1779 1735 fugient
1810 1663 1989 1729 mille,
2019 1672 2075 1719 et
2094 1664 2163 1721 ad

612 1771 800 1813 vocem
828 1757 1066 1826 quinque
1100 1755 1305 1827 fugient
1334 1754 1487 1810 multi
1524 1772 1540 1809 :
1570 1755 1742 1810 donec
1784 1753 2163 1823 relinquamini

611 1846 770 1915 Quasi
800 1822 1235 1902 m'alus—uavis'in
1267 1854 1471 1910 monte,
1492 1854 1547 1900 et
1569 1846 1723 1916 quasi
1746 1822 1961 1914 signum
1986 1845 2167 1901 ferens
2197 1822 2238 1877 Β

611 1951 774 2006 super
790 1935 1006 1992 collem.
1046 1954 1067 1989 s
1108 1936 1567 2003 Quemadmodum
1607 1935 1759 1993 navis
1791 1937 1843 1991 in
1871 1938 2004 1991 mari
2048 1952 2169 2008 per-

610 2015 737 2080 ditae
766 2039 829 2081 ac
853 2027 1112 2081 demersa:
1151 2026 1360 2095 signum
1395 2036 1478 2081 est
1516 2025 1755 2081 malusin
1778 2028 1980 2082 vertice
2015 2041 2170 2082 mon-

614 2118 683 2171 tis
702 2115 932 2185 positus,
956 2117 1099 2186 quod
1128 2132 1231 2171 non
1265 2116 1401 2170 ultra
1444 2116 1538 2172 illo
1562 2117 1631 2172 sit
1655 2132 1827 2187 opus;
1852 2120 1926 2172 ita
1952 2118 2169 2188 conspi-

611 2219 769 2259 cuam
801 2203 917 2260 fore
964 2205 1041 2260 ait
1084 2214 1497 2261 memoratorum
1535 2207 1811 2261 hominum
1841 2207 2157 2277 perniciem.

610 2286 812 2344 Verum
841 2304 945 2345 non
972 2305 1161 2348 omnes
1189 2292 1431 2348 funditus
1469 2296 1735 2362 perituros
1766 2309 1885 2351 esse
1921 2296 2030 2362 ait;
2063 2295 2161 2352 sed

612 2380 871 2448 quosdam
902 2396 1128 2437 numero
1158 2397 1358 2452 paucos
1389 2384 1631 2439 relictum
1663 2384 1750 2450 iri,
1776 2400 1911 2452 quos
1935 2386 2164 2443 misera-

617 2482 707 2526 tus
734 2469 894 2539 Deus,
923 2474 1100 2529 salvos
1136 2472 1322 2542 faciet,
1345 2474 1416 2529 ob
1445 2474 1869 2529 misericordiam
1900 2475 2031 2546 ipsis
2066 2490 2166 2532 ex-

612 2562 843 2618 hibitam
871 2562 1166 2619 laudandus
1188 2579 1254 2619 ac
1281 2564 1679 2620 celebrandas:
1712 2564 1794 2620 sic
1830 2564 1977 2619 enim
2012 2565 2166 2622 illum

610 2651 810 2719 justum
852 2650 1085 2720 iudicem
1133 2668 1271 2719 esse,
1322 2662 1380 2708 ut
1413 2655 1602 2726 dignos
1642 2656 1858 2725 quidem
1904 2657 2169 2727 supplicio

615 2742 843 2813 plectat;
895 2758 988 2799 eos
1041 2753 1254 2807 autem,
1296 2745 1386 2811 qui
1441 2747 1865 2801 misericordiam
1912 2750 2167 2819 consequi

614 2832 818 2898 valent,
849 2834 1023 2890 salute
1050 2835 1298 2907 dignetur
1326 2850 1440 2889 sua.
1468 2836 1645 2902 Quare
1673 2837 1749 2890 ait
1778 2852 1795 2890 :

687 2925 851 2981 Vsus.
874 2925 963 2982 l8.
1009 2944 1029 2978 ι
1063 2924 1129 2979 Ει
1154 2941 1368 2997 rursum
1404 2938 1681 2997 exspectat
1712 2927 1851 2983 Deus
1872 2968 1888 2993 ,
1917 2938 1977 2982 ut
2014 2929 2172 2985 mise-

618 3026 805 3073 reatur
834 3019 997 3074 vestri
1031 3035 1047 3073 :
1080 3028 1135 3073 et
1165 2995 1445 3089 propterea
1476 3021 1767 3075 extolletur
1787 3063 1803 3087 ,
1830 3030 1888 3077 ut
1910 3023 2173 3077 miserea-

619 3120 709 3204 tur
751 3111 918 3204 vestri
947 3128 962 3164 :
988 3112 1240 3204 quoniam
1281 3113 1448 3204 ludes
1495 3113 1751 3169 Dominus
1798 3114 1942 3170 Deus
1984 3116 2168 3170 vestri.
2196 3146 2241 3204 ο

616 3201 766 3257 Beati
782 3203 873 3273 qui
893 3210 1108 3257 manent
1144 3202 1196 3257 in
1218 3217 1305 3258 eo.
1336 3222 1356 3256 ι
1391 3201 1525 3257 Nam
1548 3219 1667 3259 cum
1693 3204 1873 3273 justus
1890 3206 1961 3260 sit
1982 3204 2168 3274 judex,

622 3294 815 3363 dignos
835 3293 1051 3364 quidem
1071 3292 1366 3363 captivitati
1397 3294 1617 3349 tradidit
1646 3310 1660 3345 :
1686 3308 1821 3363 quos
1857 3299 2035 3351 autem
2066 3296 2169 3349 mi-

616 3384 793 3439 serari
817 3399 917 3455 par
946 3392 1087 3459 erat.
1118 3398 1212 3439 eos
1236 3383 1413 3439 salvos
1450 3384 1583 3439 fecit
1610 3401 1623 3436 :
1654 3385 1797 3439 unde
1837 3385 2053 3440 beatum
2089 3394 2173 3442 est

616 3474 671 3530 in
701 3474 792 3531 illo
819 3489 1070 3540 manere;
1105 3474 1219 3530 sive
1249 3485 1307 3529 ut
1334 3474 1693 3546 Symmachus
1713 3476 1901 3540 edidit,
1938 3494 1960 3528 :
1998 3475 2171 3547 ipsum

618 3565 904 3621 sustinere.
943 3585 962 3618 ι
1014 3566 1441 3622 Consentaneum
1487 3566 1686 3636 quippe
1744 3574 1830 3620 est
1883 3566 2172 3621 stationem

621 3671 729 3712 non
753 3657 1026 3723 deserere,
1052 3671 1153 3713 nec
1174 3657 1241 3712 de
1275 3655 1476 3710 auxilio
1506 3655 1598 3712 Dei
1626 3657 1915 3726 desperare
1945 3656 1997 3710 in
2027 3658 2172 3712 cala—

619 3748 894 3804 mitatibus
946 3749 1373 3805 occurrentibus.
1416 3748 1487 3805 Ut
1514 3749 1697 3819 justus
1742 3748 1926 3819 itaque
1978 3749 2170 3819 iudex,

620 3848 676 3894 et
698 3848 877 3910 utpote
898 3840 1095 3901 bonus.
1130 3839 1503 3904 miserebitur;
1538 3840 1613 3910 ita
1635 3849 1696 3895 ut
1722 3839 1852 3895 Sion
1878 3849 1933 3894 et
1960 3838 2175 3894 Jerusa-

622 3930 726 3985 lem
758 3904 940 3987 dzuuo
972 3930 1322 3996 aediﬁcentur,
1363 3940 1418 3987 et
1450 3930 1506 3985 in
1550 3908 1644 3987 illa
1690 3945 1906 3987 rursum
1947 3931 2177 4001 populus

628 4020 854 4075 habitet.

702 4108 859 4165 Vsus.
889 4110 978 4166 iii.
1018 4112 1275 4177 Quoniam
1298 4114 1521 4184 populus
1552 4122 1775 4169 sanctus
1804 4116 1858 4171 in
1897 4116 2026 4171 Sion
2076 4116 2179 4170 ha-

625 4202 837 4268 bitabit,
858 4210 912 4258 et
926 4201 1221 4257 Jerusalem
1243 4202 1366 4258 ﬂetu
1395 4219 1497 4258 non
1524 4203 1689 4260 ﬂevit.
1738 4204 1998 4261 Miserere
2028 4206 2129 4259 mei
2163 4223 2177 4259 :

623 4293 968 4348 miserebitur
992 4294 1091 4349 tui.
1124 4291 1323 4349 Vocem
1370 4294 1626 4351 clamoris
1652 4299 1727 4350 tui
1763 4297 1980 4366 quando
2028 4295 2178 4361 vidit,

623 4383 899 4439 exaudivit
924 4392 996 4438 te.
1034 4402 1055 4436 ι
1088 4383 1163 4439 Ita
1189 4385 1331 4439 enim
1355 4384 1618 4441 Hebraica
1642 4384 1800 4442 lectio
1836 4386 2177 4443 circumfert:

2267 602 2359 639 νου
2398 587 2464 639 εκ
2513 568 2780 657 κεραμίου
2806 585 3001 650 λεπτὰ,
3033 586 3176 641 ὥστε
3206 585 3282 658 μὴ
3313 586 3493 657 εύρεῖν
3548 586 3613 640 ιν
3657 585 3845 650 αὐτοῖς

2264 674 2552 745 δστρακον,
2582 675 2642 729 έν
2664 667 2711 743 ᾧ
2735 675 2847 746 πῦρ
2880 675 3052 747 ἀρεῖς,
3075 675 3172 729 καὶ
3200 675 3261 728 ιν
3290 668 3337 743 ᾧ
3355 674 3671 744 ἀποσυριεῖς
3695 673 3847 745 ὕδωρ

2268 764 2483 838 μικρόν.
2537 764 2694 819 Οὕτω
2749 766 2894 836 λέγει
2942 766 3148 837 Κύριος
3188 765 3413 837 Κύριος,
3439 768 3469 821 ὸ
3507 768 3701 836 ’Δγιος
3744 764 3846 820 τοῦ

2278 856 2495 927 Ἰσραήλ
2514 872 2531 887 ο
2555 855 2723 909 Ὅταν
2742 856 3107 933 ἀποστραφεὶς
3129 854 3410 928 στενάξῃς,
3441 856 3565 910 τότε
3593 855 3845 929 σωθήσῃ.

2265 945 2563 1019 καὶγνὼσῃ
2596 945 2701 1001 ποῦ
2742 943 2905 1019 ἦσθα,
2935 949 3023 1001 ὅτε
3061 945 3371 1010 έπεποίθεις
3407 948 3503 1002 επὶ
3563 951 3679 1011 τοῖς
3739 965 3849 1019 μα-

2264 1040 2437 1105 ταίοις
2454 1056 2468 1071 ’
2507 1038 2712 1112 ματαία
2732 1042 2767 1111 ἠ
2796 1041 2949 1111 ἰσχὺς
2970 1038 3124 1110 ὑμῶν
3150 1038 3383 1111 ἱγενήθη
3401 1057 3416 1073 ο
3432 1040 3527 1094 καὶ
3548 1040 3653 1093 οὐκ
3678 1038 3849 1109 ἠϐού-

2265 1127 2422 1182 λεσθε
2437 1127 2654 1181 ἀκούειν
2677 1144 2691 1157 ·
2722 1127 2837 1181 ἀλλ’
2872 1127 3095 1192 εἴπατε,
3140 1127 3255 1197 Ἐφ’
3283 1126 3467 1182 ἵππων
3495 1126 3807 1199 φευξόμεθα
3826 1144 3847 1161 ·

2263 1218 2351 1275 διά
2390 1217 2549 1274 τοῦτο
2582 1217 2871 1289 φεύξεσθν
2894 1220 2989 1273 καὶ
3020 1219 3111 1273 ἐπὶ
3148 1218 3373 1287 κούφοις
3392 1219 3693 1285 ἀναϐἀιταις
3726 1220 3851 1275 ἰσό-

2267 1312 2424 1385 μεθα.
2460 1332 2479 1365 ι
2504 1311 2765 1376 θεύξεσθε
2801 1312 2901 1382 μέν
2924 1329 2937 1342 ’
2980 1311 3083 1366 ποῦ
3116 1312 3223 1382 μὴν
3239 1312 3521 1382 διαφυγεῖν
3548 1312 3850 1385 δυνήσεσθε

2263 1402 2363 1474 τὴν
2417 1401 2531 1456 τῶν
2558 1400 2912 1455 Βαϐυλωνίων
2966 1404 3143 1473 χεῖρα,
3178 1402 3635 1475 καταληψομένην
3674 1404 3853 1475 ύμάς,

2264 1494 2358 1547 καὶ
2394 1494 2451 1547 έν
2477 1493 2613 1563 αὐτῇ
2658 1492 2921 1561 έχουσανς
2954 1512 2973 1545 ι
3011 1492 3111 1547 Διά
3136 1491 3293 1546 τοῦτο
3316 1491 3507 1564 κοῦφοι
3548 1493 3763 1548 ἔσονται
3796 1495 3852 1549 oi

2263 1584 2544 1648 διώκοντες
2574 1583 2734 1653 ὑμᾶς.
2780 1600 2801 1635 ι

2340 1694 2359 1724 ε
2396 1673 2569 1727 xum
2607 1671 2697 1726 διὰ
2729 1672 2910 1744 φωνὴν
2938 1673 3055 1737 ἑνὸς
3085 1670 3390 1741 φεύξονται,
3416 1672 3512 1726 καὶ
3540 1670 3630 1726 διά
3662 1670 3855 1744 φωνὴν

2267 1766 2425 1820 πέντε
2441 1764 2721 1835 φεύξονται
2745 1764 3064 1827 πολλοὶ,ῑως
3087 1764 3154 1819 ἂν
3170 1763 3569 1835 καταλειφθῖβε
3593 1764 3672 1828 ὡς
3701 1765 3855 1829 lci-sb;

2267 1858 2651 1930 έπ*δρους,καὶ
2674 1855 3001 1927 ὼςσημαίαν
3016 1855 3196 1927 φέρων
3224 1857 3316 1909 ἐπὶ
3344 1854 3554 1926 βουνοῦ.
3584 1875 3604 1907 ι
3634 1856 3854 1928 Ὠσπερ

2269 1950 2396 2021 νηὸς
2423 1948 2847 2019 παραπεσούσης
2874 1949 2968 2001 καὶ
2996 1947 3339 2018 ἀπολομένης
3381 1949 3439 2000 ἐν
3468 1946 3708 2022 θαλάττῃ
3743 1963 3852 2020 ση-

2271 2043 2420 2112 μεῖον
2444 2040 2702 2109 τυγχάνει
2732 2038 3015 2103 ἀποτεθεὶς
3042 2040 3129 2093 ἐπ’
3162 2038 3332 2108 ἀκρου
3360 2038 3518 2109 δρους
3553 2036 3718 2102 ἱστὸς,
3749 2034 3852 2089 τοῦ

2271 2131 2464 2204 μηκέτι
2498 2128 2663 2184 αὐτοῦ
2709 2129 2897 2201 χρείαν
2945 2124 3113 2182 εἷναν
3163 2127 3337 2191 οὕτως
3389 2125 3853 2199 έπίσημονγενή-

2271 2223 2457 2277 σεσθαι
2480 2222 2575 2293 τὴν
2600 2222 2871 2275 ἀπώλειαν
2899 2220 3005 2273 τῶν
3028 2219 3399 2290 δηλουμένων·
3419 2217 3558 2289 πλὴν
3583 2218 3643 2271 ού
3665 2217 3851 2289 πάντη

2268 2317 2474 2380 πάντας
2494 2314 2806 2368 ἀπολεῖσθαί
2823 2330 2975 2383 φησι,
3002 2310 3515 2384 περιλειφθήσεσθαι
3533 2310 3591 2364 δι
3623 2309 3853 2381 βραχεῖς

2268 2424 2440 2471 τινας,
2467 2406 2560 2470 οὓς
2592 2407 2816 2479 ἐλεήσας
2845 2408 2874 2459 ὁ
2890 2404 3151 2469 Θεὸς,κα“ι
3176 2399 3355 2458 οἶκτον
3388 2402 3570 2455 λαϐὼν
3590 2400 3852 2466 διασώζει

2267 2497 2649 2569 δοξαζόμενος,
2699 2499 2792 2551 καὶ
2828 2496 3131 2567 ύψούμενος
3189 2494 3278 2549 διά
3336 2493 3431 2548 τοῦ
3461 2494 3681 2564 ὲλεῆσαι
3744 2492 3853 2547 αὑ-

2266 2590 2394 2655 τούς
2414 2609 2427 2622 ·
2458 2590 2600 2644 οὕτω
2619 2589 2727 2662 γὰρ
2755 2588 2916 2643 αὑτὸν
2953 2588 3143 2659 κριτὴν
3166 2586 3372 2641 δίκαιον
3399 2582 3559 2652 εἶναι,
3587 2586 3665 2649 ὡς
3718 2585 3855 2649 τοὺς

2271 2683 2369 2753 μὲν
2395 2681 2577 2747 ἀξίους
2616 2679 2887 2751 τιμωρίας
2916 2676 3188 2741 κολάζειν,
3236 2678 3363 2740 τοὺς
3408 2676 3467 2730 δὲ
3512 2674 3853 2747 δυναμένους

2268 2773 2420 2828 έλέου
2450 2774 2655 2843 τυχεῖν,
2686 2772 2786 2842 τῆς
2820 2772 2949 2843 παρ’
2982 2768 3147 2824 αὑτοῦ
3195 2766 3485 2831 καταξιοῦν
3548 2767 3850 2839 σωτηρίας.

2270 2863 2361 2916 Διό
2394 2879 2529 2933 φησι
2548 2879 2563 2892 ·

2345 2974 2365 3006 ι
2407 2954 2517 3008 Καὶ
2572 2952 2733 3007 πάλιν
2766 2953 2916 3023 μένει
2942 2952 2972 3004 ὁ
2990 2951 3122 3015 Θεὸς
3148 2949 3243 3004 τοῦ
3272 2950 3609 3022 οἰκτειρῆσαι
3656 2949 3804 3021 ὑμᾶς
3831 2964 3848 2982 ο

2271 3045 2366 3098 καὶ
2381 3043 2471 3097 διὰ
2502 3042 2661 3097 τοῦτο
2695 3044 3034 3112 ὑψωθήσεται
3065 3041 3161 3096 τοῦ
3214 3041 3437 3111 ἐλεῆσαι
3490 3041 3667 3111 ὑμᾶς·
3708 3039 3849 3094 διότι

2272 3134 2464 3207 κριτὴς
2483 3136 2686 3208 Κύριος
2712 3134 2741 3185 δ
2777 3134 2909 3197 Θεὸς
2942 3134 3111 3202 ὑμῶν.
3140 3132 3415 3205 Μακάριοι
3442 3133 3490 3185 oi
3516 3130 3851 3202 ἐμμένοντες

2271 3224 2330 3277 εν
2355 3223 2522 3296 αύτῷ.
2560 3243 2579 3275 ι
2605 3223 2822 3285 Δίκαιος
2849 3221 2957 3292 γὰρ
2988 3220 3064 3273 ὢν
3120 3221 3334 3291 κριτὴς,
3362 3220 3489 3283 τοὺς
3517 3221 3615 3289 μὲν
3660 3218 3848 3284 ἀξίους

2272 3314 2615 3385 αἰχμαλωσίᾳ
2636 3312 2915 3385 παρεδίδου
2931 3329 2945 3342 ·
2979 3311 3073 3375 οὓς
3094 3311 3150 3365 δὲ
3174 3311 3380 3364 δίκαιον
3394 3309 3583 3373 ἐλεεῖν,
3609 3303 3849 3376 ἔσωζενο

2271 3402 2395 3458 ὅθεν
2430 3401 2523 3455 καὶ
2554 3401 2820 3474 μακάριόν
2851 3403 2965 3454 ἐστι
2987 3400 3047 3453 τὸ
3065 3399 3323 3470 ἐμμένειν
3352 3400 3411 3453 ὲν
3433 3398 3610 3470 αὐτῷ’
3637 3398 3671 3469 ἢ
3705 3398 3851 3453 κατά

2272 3492 2363 3545 τὸν
2386 3492 2697 3563 Σύμμαχον,
2736 3510 2757 3543 ι
2796 3490 3085 3561 ὑπομένειν
3118 3489 3297 3543 αὐτόν.
3344 3509 3362 3540 ι
3394 3490 3575 3543 Καλὸν
3618 3488 3726 3561 γάρ
3786 3490 3853 3544 τὸ

2254 3584 2351 3656 ,μὴ
2372 3584 2770 3647 λειποτακτεῖν,
2802 3583 2897 3636 καὶ
2924 3582 2998 3653 μὴ
3029 3582 3427 3649 ἀπογινώσκειν
3460 3582 3558 3653 τὴν
3586 3581 3680 3635 τοῦ
3709 3581 3848 3636 Θεοῦ

2277 3670 2529 3745 βοήθειαν
2565 3674 2623 3726 ὲν
2670 3675 2789 3736 ταῖς
2820 3670 3357 3742 καταλαμϐανούσαις
3387 3673 3711 3741 συμφοραῖς.
3759 3672 3851 3737 Ὠς

2274 3764 2480 3827 δίκαιος
2522 3762 2803 3835 τοιγαροῦν
2844 3761 3054 3834 κριτὴς,
3104 3762 3201 3816 καὶ
3224 3762 3302 3826 ὡς
3336 3754 3537 3830 ἀγαθὸς
3585 3762 3745 3816 πάλιν
3772 3764 3853 3815 ol-

2277 3856 2551 3925 κτειρήσει
2575 3870 2588 3884 ο
2621 3854 2696 3917 ὼς
2726 3854 2822 3925 τὴν
2854 3852 2990 3907 Σιὼν
3016 3854 3110 3907 καὶ
3147 3853 3245 3924 τὴν
3288 3854 3641 3925 Ἰερουσαλὴμ
3669 3854 3855 3908 δεύτε-

2281 3961 2372 4015 ρον
2423 3942 2875 4015 οἰκοδομηθῆναι,
2918 3945 3012 3998 καὶ
3041 3940 3198 4007 αὖθις
3236 3945 3294 3997 ὲν
3345 3943 3482 4015 αὐτῇ
3526 3944 3853 4015 κατοικῆσαι

2277 4030 2425 4083 λαόν.

2351 4142 2369 4173 ι
2403 4121 2545 4175 Διότι
2573 4121 2700 4185 λαὸς
2722 4121 2875 4190 ἀγιος
2905 4124 2963 4175 ἐν
3021 4123 3161 4177 Σιὼν
3184 4125 3417 4194 οἰκήσει,
3448 4124 3543 4178 καὶ
3580 4124 3853 4197 Ἰερουσα-

2278 4212 2389 4283 λὴμ
2427 4212 2687 4284 κλαυθμῷ
2711 4214 2813 4267 οὐκ
2855 4213 3138 4269 ἔκλαυσεν.
3184 4215 3433 4286 Ἐλέησόν
3486 4232 3585 4287 με’
3637 4217 3856 4287 ἐλεήσει

2281 4317 2360 4353 σε.
2387 4300 2496 4371 Τὴν
2520 4302 2702 4372 φωνὴν
2735 4302 2835 4372 τῆς
2883 4302 3133 4371 κραυγῆς
3171 4320 3265 4356 σου
3296 4304 3458 4374 ἡνίκα
3523 4298 3683 4369 εἶδεν,
3751 4306 3854 4357 ἑπ-

2281 4389 2479 4460 ήκουσέ
2503 4406 2616 4443 σου.
2656 4410 2673 4441 ι
2727 4391 2883 4444 υύτω
2905 4391 3014 4462 γὰρ
3042 4393 3284 4462 περιέχει
3308 4395 3341 4463 ὴ
3385 4393 3645 4464 Ἐϐραῖκὴ
3672 4393 3819 4461 λέξις
3837 4413 3850 4425 ·

624 4492 790 4544 quare
817 4476 1169 4547 Symmachus
1195 4478 1274 4533 sic
1299 4478 1479 4542 habet,
1521 4499 1541 4531 ι
1566 4479 1887 4543 Jerusalem,
1918 4479 2042 4533 ﬂetu
2079 4494 2175 4531 non

2285 4478 2365 4531 διὸ
2409 4479 2548 4532 κατά
2586 4478 2678 4532 τὸν
2736 4479 3033 4549 Σύμμαχον
3094 4480 3339 4551 εἴρηταιο
3401 4498 3420 4530 ι
3465 4479 3854 4551 Ἰερουσαλὴμ,

626 4568 813 4631 ﬂebis;
842 4587 861 4619 ι
894 4568 1188 4624 Theod0tio
1209 4570 1479 4635 similiter,
1506 4590 1523 4622 ι
1548 4572 1607 4624 ιιι
1627 4570 2055 4626 Jerusalemﬂetu
2084 4588 2189 4623 non

627 4660 859 4715 ﬂebitur.
887 4677 907 4711 ι
950 4659 1227 4727 Siquidem
1284 4674 1390 4715 non
1439 4660 1598 4715 flendi
1639 4670 1847 4729 tempus
1890 4661 2075 4714 aderat
2122 4662 2188 4713 iis

629 4752 718 4820 qui
745 4768 810 4807 ex
831 4751 1199 4806 misericordia
1222 4749 1310 4805 Dei
1326 4762 1605 4819 paternum
1629 4752 1800 4807 solum
1826 4751 2185 4821 repetierant;

629 4844 833 4911 quique
860 4858 921 4897 ea
945 4842 1011 4897 de
1029 4855 1188 4896 causa
1208 4842 1511 4911 gaudebant
1536 4854 1595 4898 et
1634 4842 1982 4905 laetabantur,
2016 4851 2074 4895 ut
2107 4843 2189 4895 di-

630 4935 851 4988 cituru
886 4933 1176 4988 Venientes
1220 4943 1400 4987 autem
1447 4937 1663 4989 venient
1706 4936 1758 4988 in
1808 4936 2183 4999 exsultatione,

633 5034 907 5093 portantes
934 5024 1230 5092 manipulos
1254 5040 1381 5079 suos
1406 5026 1472 5079 ".
1514 5046 1531 5076 ι
1565 5026 1794 5079 Sanctos
1841 5040 2003 5093 porro
2034 5035 2185 5077 vocat

632 5132 728 5169 eos
756 5116 847 5184 qui
913 5117 1229 5183 Pmuitentia
1274 5117 1613 5171 sanctitatem
1662 5117 1761 5170 sibi
1804 5126 2182 5185 procurarunt.

636 5206 1059 5275 Hierosolymam
1093 5223 1219 5262 vero
1256 5208 1465 5262 ﬂentem
1490 5208 1696 5263 inducit
1726 5211 2003 5279 prOphcta,
2044 5210 2185 5277 quod

636 5297 1111 5350 commiseratione
1146 5306 1318 5351 motus
1349 5297 1509 5351 talem
1551 5298 1692 5351 illam
1721 5313 1837 5353 esse
1872 5300 1971 5353 sibi
2006 5308 2187 5353 mente

636 5385 964 5441 formaverit.
1007 5387 1110 5440 Pro
1160 5387 1247 5441 illo
1283 5396 1479 5454 autem,
1535 5407 1554 5440 ι
1593 5391 1788 5445 Vocem
1828 5391 2076 5446 clamoris
2112 5392 2186 5444 tui

636 5480 849 5543 quando
872 5478 1026 5542 vidit.
1053 5478 1325 5533 exaudivit
1354 5489 1427 5544 te,
1461 5498 1480 5532 ι
1526 5478 1880 5549 Symmachus
1904 5482 2000 5543 ait,
2037 5500 2056 5532 ι
2083 5482 2186 5537 Vo-

639 5582 755 5622 cem
786 5570 1038 5626 clamoris
1066 5572 1164 5637 tui,
1192 5573 1330 5628 sicut
1366 5571 1609 5629 auditum
1638 5570 1819 5638 fuerit,
1856 5573 2037 5629 audiet
2063 5583 2132 5629 ιο.
2166 5595 2184 5626 ι

710 5744 753 5781 ’⁸
783 5744 924 5801 Psai.
951 5759 1111 5811 cxxv,
1136 5748 1188 5801 ϐ.

2290 4570 2557 4639 κλαυθμὸν
2578 4571 2638 4621 οὐ
2665 4570 2917 4634 κλαύσεις
2937 4587 2950 4600 ο
2986 4590 3005 4621 ι
3032 4570 3232 4639 ὁμοίως
3250 4569 3307 4622 δὲ
3334 4571 3425 4623 καὶ
3448 4570 3587 4624 κατά
3607 4571 3702 4623 τὸν
3729 4570 3857 4625 Θεο-

2288 4662 2509 4715 δοτίωνα
2551 4660 2793 4731 εἴρηται·
2844 4680 2862 4711 ι
2916 4661 3004 4712 Ἐν
3061 4660 3407 4731 Ἰερουσαλὴμ
3464 4660 3739 4731 κλαυθμὸς
3792 4663 3854 4715 ού

2289 4752 2705 4822 κλαυσθήσεται.
2732 4771 2749 4801 ι
2786 4751 2979 4804 Οὐκέτι
3002 4750 3109 4821 γὰρ
3128 4747 3198 4821 ἦν
3231 4752 3418 4823 καιρὸς
3434 4750 3714 4821 κλαυθμοῦ
3743 4755 3856 4815 τοῖς

2287 4844 2372 4897 διὰ
2398 4843 2487 4897 τὸν
2510 4843 2655 4895 ἔλεον
2677 4842 2770 4895 τοῦ
2802 4842 2934 4894 Θεοῦ
2967 4842 3295 4896 ἀπολαϐοῦσι
3332 4844 3390 4895 τὸ
3433 4843 3684 4913 πατρῷον
3738 4843 3856 4896 ἑδα-

2289 4952 2403 5003 φος,
2434 4935 2525 4988 καὶ
2550 4935 2642 4987 ἐπὶ
2658 4934 2831 5003 τούτῳ
2846 4934 3093 5003 χαίρουσι
3120 4936 3213 4987 καὶ
3238 4936 3697 5004 εύφραινομὲνοις,
3717 4935 3856 4989 κατά

2288 5026 2347 5077 τὸ
2373 5025 2655 5096 είρημένον
2674 5042 2685 5053 ·
2712 5043 2730 5074 ι
2780 5025 3085 5095 Ἐρχόμενοι
3109 5026 3165 5079 δὲ
3186 5027 3401 5097 ἥξουσιν
3427 5030 3484 5079 ἐν
3517 5027 3853 5094 ἀγαλλιάσει,

2291 5116 2531 5185 αἴροντες
2577 5117 2644 5169 τὰ
2676 5116 2965 5186 δράγματα
3026 5117 3223 5172 αὐτῶν.
3272 5137 3289 5169 ι
3334 5119 3547 5185 Ἀγίους
3593 5117 3648 5171 δὲ
3705 5119 3858 5172 καλεῖ

2292 5209 2416 5269 τοὺς
2437 5208 2525 5259 διὰ
2561 5208 2661 5275 τῆς
2698 5206 2979 5275 μετανοίας
3034 5208 3124 5261 τὸν
3172 5210 3439 5277 ἁγιασμὸν
3483 5208 3854 5278 ἐφελκυσαμέ-

2294 5315 2434 5359 νους.
2474 5297 2778 5351 Κλαίουσαν
2809 5301 2863 5352 δὲ
2889 5302 2988 5371 τὴν
3033 5300 3382 5372 Ἰερουσαλὴμ
3409 5299 3613 5365 εἰσάγει
3644 5300 3673 5350 ὁ
3723 5317 3857 5369 προ-

2294 5389 2508 5457 φήτης,
2566 5391 2957 5459 προανατυπῶν
3012 5391 3181 5462 αὐτὴν
3242 5388 3497 5459 τοιαύτην
3547 5389 3684 5441 κατὰ
3736 5390 3859 5445 νοῦν

2295 5480 2483 5533 ἑαυτοῦ
2502 5484 2613 5543 τοῖς
2641 5481 2738 5550 τῆς
2764 5481 3100 5551 συμπαθείας
3133 5482 3472 5550 σπλάγχνοις.
3492 5481 3635 5533 Ἀντὶ
3656 5481 3713 5533 δὲ
3741 5480 3856 5538 τοῦ.

2295 5590 2312 5621 ι
2351 5572 2461 5643 Τὴν
2483 5573 2666 5643 φωνὴν
2688 5573 2788 5643 τῆς
2820 5573 3062 5645 κραυγῆς
3106 5590 3200 5625 σου
3233 5572 3394 5642 ἡνίκα
3420 5568 3556 5625 εἶδεν
3575 5612 3588 5637 ,
3617 5573 3853 5641 ἐπήκου-
