4042 6392
577 399 673 453 511

1254 393 1521 450 EUSEBll
1556 392 2030 450 CESARRENSIS
2066 392 2211 449 OPP.
2253 392 2431 449 PARS
2470 392 2556 448 Ill.
2594 422 2666 433 —
2698 389 3104 449 EXEGETICA.

652 517 816 571 Vens.
844 515 936 579 26,
970 514 1060 568 27.
1099 532 1119 565 ι
1163 514 1227 567 Et
1245 514 1350 568 erit
1378 512 1465 565 lux
1491 512 1652 578 luna,
1680 515 1832 583 quasi
1863 515 1949 568 lux
1978 516 2131 579 solis,

2305 533 2323 564 ι
2362 514 2471 567 Καὶ
2500 512 2650 566 ἔσται
2695 512 2755 565 τδ
2788 513 2903 583 φῶς
2952 512 3052 583 τῆς
3080 510 3310 582 σελήνης
3337 510 3417 573 ὡς
3443 510 3505 564 τδ
3544 508 3665 582 φῶς
3708 514 3808 567 τοῦ

581 608 737 662 etlux
769 606 901 661 solis
926 607 1030 661 erit
1054 603 1477 674 scptempliciter
1505 606 1559 659 in
1607 606 1718 670 die,
1741 621 1865 660 cum
1906 621 2134 661 sanave-

488 698 494 705 ”
583 698 653 750 rit
679 696 941 763 Dominus
976 694 1357 750 contritiouem
1404 694 1585 764 populi
1638 697 1754 759 sui,
1787 705 1844 751 et
1893 695 2135 751 dolorem

583 788 752 857 plaga
795 796 898 841 tua
924 785 1157 841 curabit.
1193 784 1329 839 Ecce
1360 800 1553 840 nomen
1588 785 1797 839 Domini
1844 785 1994 851 venit
2042 800 2139 857 per

584 878 811 932 multum
832 888 1038 947 tempus
1066 877 1295 931 :ardens
1321 876 1471 930 furor
1493 890 1613 931 cum
1639 877 1828 945 gloria.
1853 877 2135 946 Eloquium

588 970 853 1025 labiorum
878 969 1013 1039 ejus,
1036 966 1307 1036 eloquium
1333 967 1426 1022 ira
1457 966 1696 1035 plenum,
1727 977 1783 1020 et
1831 968 1911 1021 ira
1938 966 2136 1020 furoris

585 1063 706 1130 rjus
755 1062 893 1116 sicut
946 1059 1084 1128 ignis
1135 1058 1380 1113 devorat.
1411 1077 1431 1110 ι
1495 1059 1600 1114 Pro
1648 1061 1793 1113 dicto
1824 1059 1937 1123 illo,
1978 1078 1997 1111 ι
2040 1075 2137 1130 per

585 1152 811 1205 umltum
841 1160 1072 1220 tempus,
1114 1171 1133 1204 ι
1173 1151 1363 1221 reliqui
1392 1153 1738 1219 interpretes,
1774 1168 1794 1201 ι
1828 1152 1893 1206 de
1920 1152 2130 1221 longe,»

582 1245 892 1299 ediderunt.
917 1241 1185 1299 Observes
1215 1259 1378 1313 porro
1402 1242 1581 1308 velim,
1624 1257 1728 1297 non
1758 1243 1929 1311 ipsum
1955 1243 2137 1298 Domi-

586 1350 713 1388 num
772 1343 1056 1389 venturum
1112 1334 1245 1402 dici,
1310 1336 1405 1390 sed
1463 1349 1660 1391 nomen
1724 1334 1976 1409 Domini,
2028 1350 2137 1405 quo

580 1426 828 1481 Christus
865 1426 1279 1491 subindicatur;
1315 1428 1383 1480 de
1436 1426 1525 1482 illo
1562 1428 1758 1495 quippe
1786 1425 1993 1480 dictum
2029 1435 2134 1493 est,

583 1536 600 1567 ι
643 1517 963 1571 Benedictus
988 1518 1076 1581 qul
1101 1515 1247 1569 venit
1270 1516 1323 1569 in
1349 1517 1565 1571 nomine
1597 1518 1829 1584 Domini,
1860 1518 1998 1574 Deus
2031 1518 2135 1574 Do-

579 1608 759 1661 minus
798 1614 854 1659 et
915 1605 1085 1658 illuxit
1119 1603 1275 1659 nobis
1294 1606 1361 1660 ”.
1401 1626 1420 1658 ι
1458 1607 1590 1661 Cum
1618 1610 2138 1673 veneritautem,ac

580 1698 877 1751 secundum
906 1696 1309 1766 gloriosumque
1340 1698 1625 1753 adventum
1668 1712 1826 1754 suum
1878 1701 2138 1755 exhibue-

583 1790 675 1851 rit,
696 1789 1093 1856 subsequentur
1115 1787 1340 1842 ultrices
1374 1790 1621 1855 virtutes,
1651 1806 1746 1861 per
1774 1808 1908 1862 quas
1936 1795 2139 1865 suppli-

581 1883 663 1931 cia
695 1878 873 1946 impiis
904 1876 1229 1943 inferentur,
1258 1892 1392 1945 quas
1423 1881 1535 1935 hac
1576 1881 1857 1953 Scriptura
1895 1882 2135 1940 furorem

589 1969 833 2036 iramque
855 1978 1013 2022 vocat
1049 1985 1063 2021 :
1096 1968 1359 2036 siquidem
1384 1980 1503 2037 post
1531 1972 1789 2039 prolatam
1816 1978 2135 2031 sententiain

581 2057 846 2127 supplicio
870 2057 1046 2128 dignis
1068 2058 1200 2113 ultio
1231 2056 1513 2117 inferetur.

645 2415 808 2469 Vens.
844 2414 929 2469 28.
970 2433 989 2465 ι
1024 2414 1089 2469 Et
1124 2414 1351 2483 spiritus
1405 2412 1520 2480 eius
1559 2408 1699 2469 sicut
1728 2428 1863 2481 aqua
1893 2413 1948 2467 in
2000 2412 2139 2467 valle

577 2507 819 2568 trahens,
869 2507 1048 2561 veniet
1105 2520 1277 2574 usque
1313 2505 1381 2560 ad
1411 2504 1641 2570 collum,
1674 2515 1729 2560 et
1777 2506 2068 2560 dividetur.
2114 2524 2133 2557 ι

580 2597 679 2655 Hic
721 2599 948 2669 spiritus
982 2596 1129 2651 ultor
1160 2596 1356 2650 multas
1392 2596 1446 2649 in
1494 2604 1676 2665 partes
1699 2596 1985 2661 dividetur,
2011 2598 2138 2666 quia

579 2693 806 2747 multum
838 2692 1085 2746 estinter
1116 2686 1420 2757 puniendos
1464 2686 1776 2743 discrimen.
1809 2704 1829 2737 ι
1868 2688 1936 2742 Ut
1960 2689 2139 2743 turbet

577 2793 766 2851 gentes
794 2796 953 2851 super
987 2795 1172 2836 errore
1217 2795 1389 2846 vano,
1416 2788 1471 2853 et
1506 2788 1859 2849 persequetur
1903 2794 1995 2834 eos
2050 2795 2139 2833 er-

582 2890 691 2938 ror,
715 2884 769 2928 et
788 2874 965 2944 capiet
990 2889 1082 2929 eos
1119 2874 1172 2928 in
1217 2881 1507 2943 conspectu
1550 2887 1760 2927 eorum.
1809 2891 1828 2924 ι
1884 2872 1985 2927 Hic
2038 2872 2135 2927 Dei

576 2967 837 3035 inspectio
873 2966 941 3020 ad
987 2966 1169 3021 omnia
1195 2975 1417 3020 extensa
1464 2964 1809 3029 declaratur;
1858 2964 1985 3034 quia
2028 2980 2137 3021 non

578 3058 628 3108 in
663 3058 744 3110 his
779 3064 985 3109 tantum
1027 3058 1293 3111 consistet
1327 3056 1403 3109 ira
1427 3098 1443 3121 ,
1494 3056 1587 3110 sed
1630 3064 1819 3126 gentes
1877 3057 2138 3125 pervadet

578 3150 729 3203 ultio.
759 3149 974 3203 Atenim
999 3158 1176 3202 utnon
1211 3154 1431 3215 possent
1460 3146 1737 3211 Israelita,
1787 3147 1885 3202 soli
1936 3162 1967 3201 a
2028 3148 2139 3203 Deo

577 3236 911 3305 reprehensi,
960 3237 1173 3300 dicere,
1206 3236 1372 3288 Deum
1419 3249 1516 3289 sua
1576 3244 1806 3299 tantum,
1855 3251 1961 3292 non
2012 3251 2139 3292 vero

2236 603 2408 673 ἡλίου,
2440 603 2533 655 καὶ
2552 603 2612 655 τὸ
2644 603 2757 671 φῶς
2782 601 2876 655 τοῦ
2908 602 3061 673 ἡλίου
3085 601 3238 655 ἔσται
3264 601 3631 657 ἃπταπλάσιον
3654 603 3714 657 ὲν
3738 607 3809 675 τῇ
3854 638 3857 641 -

2235 694 2438 765 ἡμέρα,
2458 694 2587 747 ὅταν
2613 694 2829 764 ίάσηται
2867 693 3074 763 Κύριος
3104 693 3167 746 τὸ
3200 692 3514 765 σύντριμμα
3546 692 3643 746 τοῦ
3673 694 3811 748 λαοῦ

2236 783 2423 849 αὐτοῦ,
2470 784 2562 836 καὶ
2616 785 2715 856 τὴν
2762 785 2955 854 ὀδύνην
3008 785 3109 855 τῆς
3162 785 3375 856 πληγῆς
3430 802 3524 839 σου
3574 786 3808 840 ίάσεται.

2249 874 2378 926 Ἰδού
2402 874 2463 926 τὸ
2497 872 2669 943 ὄνομα
2697 874 2901 944 Κυρίου
2935 874 3151 946 ἔρχεται
3204 875 3294 930 διὰ
3344 875 3538 930 πολλοῦ
3589 876 3809 947 χρόνου,

2237 964 2522 1035 καιόμενος
2556 964 2727 1035 θυμὸς
2762 966 2898 1035 μετά
2932 965 3110 1036 δόξης.
3129 966 3206 1019 Τὸ
3244 967 3422 1035 λόγιον
3450 968 3560 1023 τῶν
3586 967 3811 1037 χειλέων

2237 1058 2417 1121 αὐτοῦ,
2449 1056 2630 1125 λόγιον
2652 1056 2825 1127 ὀργῆς
2857 1056 3081 1129 πλῆρες,
3109 1057 3203 1111 καὶ
3232 1058 3266 1129 ή
3314 1059 3449 1129 ὀργὴ
3482 1058 3573 1113 τοῦ
3632 1058 3810 1128 θυμοῦ

2237 1148 2401 1202 αὐτοῦ
2450 1149 2525 1212 ὡς
2574 1149 2685 1221 πῦρ
2744 1150 2937 1204 ἔδεται.
2971 1169 2991 1201 ι
3036 1149 3182 1203 Ἀντὶ
3204 1150 3261 1203 δὲ
3288 1149 3402 1213 τοῦ,
3432 1170 3449 1205 ι
3491 1150 3579 1204 διὰ
3610 1150 3812 1204 πολλοῦ

2238 1242 2485 1312 χρόνου,›
2521 1243 2571 1295 oi
2601 1242 2777 1297 λοιποὶ
2814 1244 3142 1315 ὲρμηνευταὶ
3169 1283 3185 1308 ,
3225 1262 3245 1295 ι
3276 1243 3565 1316 μακρόθεν.
3590 1264 3610 1296 ι
3659 1244 3815 1314 είρή-

2238 1351 2383 1387 κασι.
2418 1334 2526 1388 Καὶ
2552 1335 2725 1405 τήρει,
2760 1336 2836 1398 ὼς
2858 1337 2957 1388 οὐκ
2992 1335 3058 1389 ἂν
3086 1335 3248 1390 αὐτόν
3284 1353 3417 1407 φησι
3457 1336 3549 1389 τὸν
3604 1336 3815 1409 Κύριον

2239 1428 2511 1499 ἔρχεσθαι,
2537 1428 2673 1481 ἀλλὰ
2695 1428 2755 1481 τὸ
2781 1428 2951 1499 ὄνομα
2987 1428 3213 1500 Κυρίου,
3260 1428 3351 1481 τὸν
3378 1428 3608 1499 Χριστὸν
3641 1430 3815 1483 αίνιτ-

2237 1519 2482 1587 τόμενος,
2509 1519 2637 1589 περὶ
2667 1534 2728 1572 ου
2755 1519 2969 1587 εῐρηται
2989 1537 3001 1548 ·
3038 1537 3058 1570 ι
3090 1516 3466 1588 Εὐλογημένος
3504 1522 3533 1572 ὁ
3584 1520 3816 1589 ἐρχόμε-

2238 1625 2327 1672 νος
2348 1610 2404 1663 ἐν
2428 1608 2649 1679 ὀνόματι
2691 1609 3068 1679 Κυρίου,Θεδς
3124 1609 3328 1679 Κύριος
3393 1611 3487 1661 καὶ
3546 1610 3817 1678 ὲπέφανεν

2238 1702 2387 1768 ἡμῖν·
2432 1718 2451 1751 ν
2503 1699 2827 1770 Ἐρχομένου
2858 1700 2914 1753 δὲ
2949 1700 3045 1753 καὶ
3074 1699 3172 1770 τὴν
3212 1700 3469 1774 δευτέραν
3518 1701 3684 1754 αὐτοῦ
3725 1702 3815 1755 ἔν-

2238 1788 2387 1854 δοξον
2408 1789 2707 1859 παρουσίαν
2738 1788 3084 1858 ποιουμένου,
3110 1786 3603 1859 ὲπακολουθήσουσι
3644 1806 3821 1859 τιμω-

2248 1880 2465 1948 ρητικαὶ
2496 1879 2783 1949 δυνάμεις.
2830 1879 2899 1932 δι’
2924 1872 2999 1933 ὧν
3026 1881 3081 1932 αί
3129 1879 3382 1944 κολάσεις
3412 1884 3523 1944 τοῖς
3561 1880 3821 1933 ἀσεϐέσιν

2240 1970 2656 2039 ὲπαχθήσονται,
2690 1970 2756 2033 ἃς
2782 1972 2815 2039 ἡ
2870 1969 3119 2041 παροῦσα
3147 1971 3336 2042 Γραφὴ
3370 1971 3537 2041 θυμὸν
3573 1971 3667 2025 καὶ
3724 1971 3822 2041 ὀρ-

2237 2061 2341 2132 γὴν
2365 2060 2619 2133 ὀνομάζει
2639 2078 2653 2091 ’
2686 2060 2992 2124 ἀκολούθως
3015 2061 3123 2131 γὰρ
3142 2064 3206 2131 τῇ
3233 2060 3327 2113 τοῦ
3360 2061 3517 2131 λόγου
3542 2061 3822 2129 ἀποφάσει

2238 2152 2305 2205 τὰ
2358 2152 2457 2224 τῆς
2509 2154 2679 2224 ὀργῆς
2738 2154 2851 2216 τοῖς
2918 2152 3405 2223 κολασθησομένοις
3461 2151 3821 2224 ἐπενεχθησο-

2237 2261 2349 2298 ται.

2312 2438 2331 2472 ι
2364 2422 2471 2475 Καὶ
2485 2422 2545 2475 τὸ
2565 2422 2781 2492 πνεῦμα
2803 2422 2988 2487 αὐτοῦ,
3007 2422 3083 2486 ὡς
3109 2422 3255 2493 ὕδωρ
3278 2423 3337 2477 ὲν
3355 2424 3599 2495 φάραγγι
3628 2421 3820 2495 σύρον,

2234 2509 2353 2580 ἥξει
2381 2511 2484 2575 ἕως
2510 2511 2603 2565 τοῦ
2634 2514 2928 2583 τραχήλου,
2948 2515 3041 2567 καὶ
3054 2514 3471 2585 διαιρεθήσεται.
3504 2534 3525 2569 ι
3543 2514 3656 2567 Καὶ
3685 2514 3824 2569 διαι-

2238 2600 2523 2671 ρεθήσεται
2538 2602 2597 2654 τὸ
2611 2603 2927 2658 κολαστικὸν
2940 2604 3099 2657 τοῦτο
3113 2604 3330 2675 πνεῦμα
3360 2606 3441 2667 είς
3456 2603 3656 2667 πολλὰς
3680 2602 3824 2657 διαι-

2240 2690 2435 2760 ρέσεις,
2466 2690 2555 2744 διὰ
2576 2691 2636 2744 τό
2657 2691 2914 2763 πλείστην
2937 2689 3073 2747 εἶναι
3089 2692 3197 2746 τῶν
3216 2692 3592 2763 κολαζομένων
3622 2693 3816 2762 διαφο-

2239 2782 2358 2851 ράν.
2406 2800 2424 2832 ι
2453 2781 2557 2834 Τοῦ
2590 2783 2821 2854 ταράξαι
2856 2782 2981 2854 ἔθνη
3010 2784 3101 2836 ἐπὶ
3122 2783 3385 2857 πλανήσει
3443 2784 3669 2855 ματαία,
3723 2783 3822 2838 καὶ

2236 2871 2482 2937 διώξεται
2516 2873 2711 2937 αὐτοὺς
2735 2874 3017 2945 πλάνησις,
3049 2876 3144 2928 καὶ
3190 2874 3419 2945 λήψεται
3446 2876 3644 2939 αὐτοὺς
3674 2874 3820 2929 κατὰ

2238 2964 2525 3035 πρόσωπον
2552 2965 2748 3019 αὐτῶν.
2788 2983 2807 3017 ι
2845 2967 2957 3036 Τὴν
2985 2965 3127 3019 κατὰ
3159 2966 3374 3020 πάντων
3419 2966 3677 3019 θεοπτίαν
3724 2968 3823 3020 καὶ

2236 3056 2395 3109 τοῦτο
2412 3057 2699 3121 δείκνυσιν,
2726 3059 2807 3111 ὅτι
2829 3060 2929 3112 οὐκ
2952 3058 3061 3111 ἔσω
3093 3057 3299 3111 τούτων
3334 3060 3589 3129 στήσεται
3616 3057 3685 3112 τὰ
3715 3059 3822 3129 τῆς

2238 3148 2407 3217 ὀργῆς
2431 3166 2444 3177 ·
2476 3146 2862 3217 διαϐήσεταιδὲ
2887 3148 2981 3201 καὶ
3003 3149 3082 3211 εἰς
3103 3149 3172 3202 τὰ
3194 3148 3319 3220 ἔθνη
3349 3150 3382 3220 ὴ
3412 3149 3670 3220 τιμωρία.
3699 3150 3822 3203 Ἵνα

2240 3239 2348 3309 γὰρ
2380 3240 2453 3310 μὴ
2482 3240 2573 3311 ear;
2612 3244 2723 3305 τοῖς
2764 3241 3151 3311 Ἰσραηλίταις,
3194 3242 3376 3314 μόνοις
3407 3243 3514 3296 ὐπὸ
3543 3243 3638 3295 τοῦ
3680 3242 3823 3297 Θεοῦ

577 3327 817 3393 gentium
874 3335 1091 3395 peccata
1130 3325 1338 3395 punire,
1374 3326 1680 3379 necessario
1722 3325 2017 3380 vindictam
2077 3327 2131 3381 iu

2240 3330 2629 3400 ἐλεγχομένοις,
2648 3332 2827 3401 λέγειν
2851 3333 3046 3396 αὐτοὺς
3074 3333 3232 3403 μόνον
3263 3333 3353 3387 τὸν
3381 3334 3514 3387 Θεὸν
3566 3335 3660 3389 ἐπὶ
3703 3336 3824 3398 τοῖς

574 3424 762 3483 gentes
789 3427 1006 3483 quoque
1028 3413 1379 3466 transituram
1409 3412 1683 3475 declarat,
1722 3420 1888 3481 atque
1928 3413 2133 3468 erroris

578 3502 830 3555 ultionem
863 3503 1008 3569 ipsos
1039 3502 1353 3554 invasuram
1371 3514 1490 3555 esse
1515 3500 1779 3567 pradicit.

2237 3422 2595 3492 ἁμαρτήμασι
2628 3423 3126 3496 τιμωρηθήσεσθαι,
3154 3425 3276 3495 οὐχὶ
3314 3426 3371 3479 δὲ
3409 3428 3503 3480 καὶ
3544 3426 3615 3480 τὰ
3662 3425 3819 3497 ἔθνη,

2240 3511 2551 3579 ἀναγκαίως
2576 3515 2669 3567 καὶ
2699 3514 2799 3585 τὴν
2830 3515 2925 3568 ἐπὶ
2954 3515 3022 3569 τὰ
3051 3514 3177 3587 ἔθνη
3202 3516 3552 3587 διαϐήσεσθαι
3572 3516 3824 3571 ἐκδικίαν

579 3596 808 3660 φάσκει,
860 3592 953 3644 καὶ
986 3589 1388 3661 καταλήψεσθαι
1430 3592 1530 3659 τὴν
1582 3592 1646 3642 ἐκ
1700 3592 1801 3661 τῆς
1850 3591 2166 3663 πλανήσεως
2205 3598 2357 3670 δίκην
2379 3604 2758 3674 προαγορεύει.

652 3768 809 3821 Vens.
831 3766 917 3823 29-
933 3767 1020 3821 52.
1044 3786 1064 3819 ι
1086 3766 1335 3836 Nunquid
1365 3780 1576 3835 semper
1597 3776 1806 3835 oportet
1832 3782 1925 3823 vos
1942 3768 2137 3839 latari,

582 3871 638 3911 et
672 3872 884 3927 semper
914 3859 1120 3928 ingredi
1146 3858 1196 3912 in
1221 3868 1406 3912 sancta
1454 3873 1595 3923 mea,
1635 3859 1785 3926 quasi
1818 3858 1952 3913 festa
1985 3862 2130 3916 cele-

575 3952 814 4013 brantes,
847 3952 999 4020 quasi
1039 3951 1287 4005 latantes
1322 3951 1529 4018 ingredi
1566 3966 1689 4005 cum
1726 3952 1855 4005 tibia
1888 3954 1954 4005 ad
1984 3968 2137 4007 mon-

579 4054 686 4093 tcm
720 4041 953 4103 Domini,
995 4042 1062 4095 ad
1109 4040 1276 4096 Deum
1328 4040 1528 4095 lsrael?
1574 4041 1638 4096 Et
1688 4044 1933 4097 auditam
1980 4043 2138 4099 faciet

581 4132 839 4187 Dominus
902 4133 1128 4201 gloriam
1166 4136 1314 4188 vocis
1361 4149 1495 4200 sua,
1533 4143 1588 4189 et
1637 4133 1873 4190 furorem
1925 4137 2136 4191 brachii

575 4224 683 4286 Siti,
718 4233 776 4276 nt
806 4225 1057 4278 ostendat
1085 4240 1207 4278 cum
1236 4224 1414 4279 furore
1438 4239 1493 4281 et
1521 4228 1598 4279 ira
1622 4236 1675 4281 et
1718 4226 1932 4281 ﬂamma
1968 4229 2134 4284 devo-

576 4326 752 4379 nunc,
815 4315 1123 4371 fulminabit
1156 4316 1523 4382 vehementer,
1581 4331 1633 4373 et
1685 4322 1824 4375 sicut
1878 4337 2013 4391 aqua
2082 4331 2137 4376 et

577 4406 803 4473 giantlo,
850 4420 966 4474 qua
998 4409 1049 4460 vi
1093 4406 1341 4459 deorsum
1383 4406 1574 4461 fertur.
1626 4407 1725 4462 Per
1758 4424 1943 4463 vocem
1988 4409 2133 4463 enim

576 4496 788 4550 Domini
817 4500 1211 4565 superabuntur
1238 4498 1446 4564 Assyrii
1495 4498 1675 4568 plaga,
1716 4514 1818 4567 qua
1871 4502 2138 4568 percutiet

576 4603 669 4639 eos
705 4606 718 4640 :
749 4599 801 4641 et
826 4589 931 4641 erit
960 4588 1008 4642 ei
1040 4589 1091 4640 in
1137 4588 1393 4643 circuitu.
1437 4608 1454 4640 ι
1496 4590 1665 4655 Tunc,
1698 4593 1791 4656 ait,
1823 4594 1853 4643 ii
1891 4594 1980 4660 qui
2014 4608 2137 4660 per-

576 4678 852 4731 cutiebant
880 4688 933 4732 et
979 4678 1335 4733 verberabant
1371 4695 1485 4742 eos,
1522 4695 1710 4747 ρωιιιιε
1754 4682 1953 4734 dabunt
1985 4698 1998 4734 :
2031 4683 2135 4736 da-

576 4783 763 4820 moncs
788 4770 927 4821 enim
951 4770 1409 4825 circumsistentes
1432 4770 1549 4823 illos
1581 4772 1857 4840 suppliciis
1884 4774 2131 4827 alliciant.

577 4856 805 4919 Quinam
836 4872 960 4909 vero
1006 4858 1113 4910 sint
1149 4858 1221 4909 illi
1267 4874 1387 4911 mox
1438 4861 1613 4927 aperit
1660 4862 1876 4914 dicens:
1916 4881 1934 4911 σ
1985 4864 2137 4917 Unde

577 4958 693 5001 erat
732 4948 837 5000 illis
866 4965 988 5015 spes
1016 4949 1221 5010 auxilii,
1255 4950 1304 5001 in
1338 4965 1441 5017 quo
1491 4952 1601 5018 ipse
1650 4952 1979 5007 confidebat.
2033 4954 2132 5020 lpsi

2306 3794 2324 3827 ι
2380 3776 2471 3847 Μὴ
2514 3778 2601 3829 διὰ
2656 3780 2853 3843 παντὸς
2902 3780 2981 3833 δεῖ
3031 3783 3175 3852 ὑμᾶς
3233 3782 3663 3853 εὐφραίνεσθαι,
3720 3786 3825 3838 καὶ

2239 3865 2655 3937 εἰσπορεύεσθαι
2683 3869 2761 3931 εἰς
2778 3871 2846 3921 τὰ
2871 3870 2999 3937 ἆγιά
3021 3889 3120 3941 μου
3144 3871 3452 3937 διαπαντὸς,
3475 3872 3607 3924 ὡσεὶ
3627 3874 3823 3944 ὲορτάρ-

2240 3952 2451 4018 ζοντας,
2485 3955 2617 4008 ὡσεὶ
2640 3958 3095 4029 εὐφραινομένους
3118 3961 3377 4013 εἰσελθεῖν
3412 3964 3529 4031 μετ’
3546 3962 3708 4015 αὐλοῦ
3733 3965 3821 4027 είς

2237 4042 2298 4095 τὸ
2354 4043 2479 4112 ὅρος
2525 4046 2727 4116 Κυρίου
2785 4050 2920 4117 πρὸς
2975 4050 3065 4103 τὸν
3118 4051 3247 4104 Θεὸν
3273 4051 3366 4104 τοῦ
3425 4052 3672 4123 Ἰσραὴλς
3704 4054 3821 4107 Καὶ

2238 4134 2507 4205 ἀκουστήν
2539 4137 2754 4207 ποιήσει
2780 4139 2982 4209 Κύριος
3017 4143 3115 4213 τὴν
3155 4142 3309 4207 δόξαν
3362 4147 3459 4214 τῆς
3489 4146 3671 4214 φωνῆς
3714 4145 3820 4198 αὐ-

2236 4225 2352 4288 τοῦ,
2384 4229 2476 4280 καὶ
2508 4227 2600 4280 τὸν
2629 4227 2796 4298 θυμὸν
2826 4230 2919 4282 τοῦ
2944 4231 3224 4302 βραχίονος
3248 4232 3435 4292 αὐτοῦ,
3466 4233 3633 4300 δεῖξαι
3674 4237 3817 4305 μετὰ

2238 4318 2409 4387 θυμοῦ
2438 4321 2528 4372 καὶ
2560 4321 2729 4392 ὀργῆς
2774 4324 2866 4375 καὶ
2906 4323 3098 4391 φλογὸς
3145 4325 3555 4396 κατεσθιούσης,
3610 4344 3817 4399 κεραυ-

2238 4405 2395 4459 νὼσει
2423 4406 2628 4475 βιαίως,
2654 4410 2745 4461 καὶ
2770 4410 2843 4473 ὡς
2871 4410 3013 4481 ὕδωρ
3047 4413 3140 4465 καὶ
3169 4414 3376 4483 χάλαζα
3404 4432 3819 4489 συγκαταφερο-

2242 4498 2375 4565 μένη
2402 4498 2509 4569 βίᾳ.
2546 4502 2641 4551 Διά
2668 4500 2775 4571 γὰρ
2806 4503 2905 4571 τῆς
2936 4506 3116 4572 φωνῆς
3165 4505 3368 4575 Κυρίου
3416 4506 3817 4578 ἡττηθήσονται

2254 4589 2520 4658 Ἀσσύριοι
2547 4595 2611 4661 τῇ
2648 4594 2847 4662 πληγῇ,
2944 4595 3008 4648 ἂν
3038 4596 3248 4667 πατάξῃ
3272 4597 3465 4661 αὐτούς
3489 4615 3501 4627 ·
3541 4598 3634 4651 καὶ
3657 4598 3815 4653 ἔσται

2240 4680 2385 4748 αὐτῷ
2409 4682 2685 4735 κυκλόθεν.
2721 4704 2737 4733 ι
2771 4684 2902 4736 Τότε
2930 4686 3015 4754 δὴ,
3053 4689 3233 4757 φησὶν,
3256 4690 3305 4739 οἱ
3339 4689 3587 4752 παίοντες
3612 4690 3816 4755 αὐτοὺς

2240 4773 2329 4822 καὶ
2354 4771 2642 4836 τύπτοντες
2674 4771 3144 4847 τιμωρηθήσονται
3169 4797 3182 4809 ’
3227 4780 3475 4850 δαίμονες
3522 4781 3653 4851 γὰρ,
3712 4800 3804 4835 κυ-

2239 4864 2423 4915 κλόθεν
2481 4870 2676 4930 αὐτοὺς
2736 4872 3278 4941 περιστοιχησάμενοι
3311 4914 3323 4933 ,
3382 4874 3481 4936 τὰς
3537 4877 3813 4946 τιμωρίας

2239 4954 2511 5017 ἐπάξουσι.
2538 4958 2693 5021 Τίνες
2748 4959 2802 5011 δέ
2858 4964 2992 5012 εἰςιν
3046 4956 3190 5014 οὗτοι
3240 4964 3491 5032 διασαφεῖ
3546 4967 3807 5033 φάσκων

572 5054 694 5089 cum
722 5040 985 5105 tympanis
1011 5046 1061 5091 ct
1092 5039 1301 5090 cithara
1349 5041 1677 5105 pugnabunt.
1718 5060 1745 5113 ιλ
1778 5039 1961 5108 Impiis
2009 5059 2131 5110 spes

2241 5063 2257 5092 ι
2298 5044 2555 5117 Ὅθενόἧν
2588 5050 2829 5121 αὐτοῖςή
2891 5052 3041 5115 ἐλπὶς
3086 5054 3185 5122 τῆς
3239 5054 3487 5124 βοηθείας
3515 5095 3529 5117 ,
3586 5058 3670 5124 ἐφ’
3737 5054 3811 5129 ἧς

574 5132 762 5183 auxilii
790 5141 957 5183 erata
998 5132 1099 5183 diis
1130 5132 1261 5191 suis,
1308 5133 1636 5185 adversariis
1672 5149 1861 5201 nempe
1896 5146 2133 5201 putcsta-
2166 5165 2178 5179 -

578 5224 739 5282 tibus,
775 5233 828 5274 et
866 5224 1118 5289 malignis
1144 5224 1442 5288 spiritibus.
1485 5223 1790 5294 llisquippe
1828 5230 1981 5293 quasi
2030 5228 2132 5279 diis

574 5316 940 5379 adlnurebant,
968 5332 1031 5368 ac
1056 5332 1202 5382 Spem
1248 5317 1434 5367 auxilii
1486 5317 1535 5367 in
1576 5317 1639 5369 iis
1668 5317 1939 5385 locarant;
1978 5321 2130 5387 igno-

574 5413 757 5458 rantes
792 5406 933 5471 ipSOs
965 5416 1195 5459 tortores
1232 5410 1331 5461 sibi
1370 5409 1595 5462 futuros.
1632 5407 1761 5472 Nam
1788 5410 1866 5461 ira
1899 5422 1951 5463 et
1985 5412 2133 5463 furor

573 5506 759 5547 contra
790 5498 982 5563 impios
1028 5498 1299 5553 immissus
1355 5518 1447 5567 per
1496 5500 1715 5566 angelos
1769 5502 1939 5555 malus
1992 5502 2133 5555 infc-

576 5593 787 5635 rt-tur.t
824 5584 926 5651 Ipsi
979 5600 1100 5638 cum
1145 5590 1411 5655 tympanis
1458 5600 1509 5642 ct
1562 5589 1767 5643 cithara
1813 5592 2131 5660 pugnabunt

648 5789 688 5818 “
733 5788 869 5844 I‘sal.
912 5807 1068 5849 LX'y’ii,
1110 5795 1281 5851 210.137

2240 5137 2396 5199 αὐτὸς
2420 5139 2714 5191 ἐπεποίθει.
2748 5142 2909 5193 Αὐτοὶ
2935 5141 3071 5211 μετὰ
3093 5148 3387 5212 τυμπάνων
3430 5148 3523 5198 καὶ
3575 5146 3811 5216 κιθάρας

2241 5229 2685 5300 πολεμήσουσιν.»
2725 5234 2905 5297 Ἐλπὶς
2924 5239 3033 5298 τοῖς
3061 5238 3277 5289 ἀσεϐέσι
3312 5237 3559 5307 βοηθείας
3586 5236 3653 5308 ἦν
3698 5243 3811 5295 ἀπὸ

2240 5319 2345 5372 τῶν
2367 5322 2503 5373 θεῶν
2524 5324 2720 5385 αὐτῶν,
2749 5325 2854 5376 τῶν
2875 5327 3259 5396 ἀντικειμένων
3291 5328 3488 5399 δηλαδὴ
3504 5328 3809 5399 δυνάμεων,

2242 5410 2331 5461 καὶ
2362 5410 2469 5463 τῶν
2508 5413 2756 5483 πονηρῶν
2792 5414 3135 5483 πνευμάτων.
3172 5415 3395 5478 Τούτοις
3432 5416 3539 5486 γὰρ
3565 5417 3639 5479 ὡς
3665 5417 3809 5482 θεοῖς

2242 5504 2539 5571 προσεῖχον,
2572 5506 2664 5557 καὶ
2681 5505 2779 5576 τὴν
2805 5504 2990 5557 ἐλπίδα
3010 5506 3108 5575 τῆς
3130 5505 3376 5576 βοηθείας
3395 5509 3459 5559 ὲκ
3488 5507 3691 5561 τούτων
3709 5511 3810 5563 αὐ·-

2241 5596 2345 5656 rei;
2380 5594 2591 5650 ἔσεσθαι
2622 5595 2866 5667 ἤλπιζον,
2888 5598 2986 5650 οὐκ
3023 5597 3239 5662 εἰδότες,
3273 5594 3510 5652 ὅτιοῖδτοι
3546 5600 3809 5653 κολασταὶ
