  <div class='ocr_page' id='page_1' title='image "/cluster/home/n/w/nwhite01/storage/ocr_20150623/24/ien.35556001660497/168.png"; bbox 0 0 4042 6394; ppageno 0'>
   <div class='ocr_carea' id='block_1_1' title="bbox 201 447 304 502">
    <p class='ocr_par' dir='ltr' id='par_1_1' title="bbox 201 447 304 502">
     <span class='ocr_line' id='line_1_1' title="bbox 201 447 304 502; baseline 0 -1"><span class='ocrx_word' id='word_1_1' title='bbox 201 447 304 502; x_wconf 68' lang='grc'><strong>315</strong></span> 
     </span>
    </p>
   </div>
   <div class='ocr_carea' id='block_1_2' title="bbox 1084 431 2538 499">
    <p class='ocr_par' dir='ltr' id='par_1_2' title="bbox 1084 431 2538 499">
     <span class='ocr_line' id='line_1_2' title="bbox 1084 431 2538 499; baseline -0.009 -3"><span class='ocrx_word' id='word_1_2' title='bbox 1084 437 1593 496; x_wconf 73' lang='lat' dir='ltr'><strong>COMMENTARIA</strong></span> <span class='ocrx_word' id='word_1_3' title='bbox 1632 437 1702 499; x_wconf 81' lang='lat' dir='ltr'><strong>IN</strong></span> <span class='ocrx_word' id='word_1_4' title='bbox 1742 437 1999 493; x_wconf 71' lang='lat' dir='ltr'><strong>lSAlAﬂ.</strong></span> <span class='ocrx_word' id='word_1_5' title='bbox 2042 470 2109 478; x_wconf 93' lang='lat'><strong>—</strong></span> <span class='ocrx_word' id='word_1_6' title='bbox 2147 435 2303 493; x_wconf 78' lang='lat' dir='ltr'><strong>CAP.</strong></span> <span class='ocrx_word' id='word_1_7' title='bbox 2341 431 2538 488; x_wconf 74' lang='lat' dir='ltr'><strong><em>XXXI.</em></strong></span> 
     </span>
    </p>
   </div>
   <div class='ocr_carea' id='block_1_3' title="bbox 3368 437 3477 493">
    <p class='ocr_par' dir='ltr' id='par_1_3' title="bbox 3368 437 3477 493">
     <span class='ocr_line' id='line_1_3' title="bbox 3368 437 3477 493; baseline 0.037 -4"><span class='ocrx_word' id='word_1_8' title='bbox 3368 437 3477 493; x_wconf 76' lang='lat' dir='ltr'><strong>3H</strong></span> 
     </span>
    </p>
   </div>
   <div class='ocr_carea' id='block_1_4' title="bbox 202 545 1764 627">
    <p class='ocr_par' dir='ltr' id='par_1_4' title="bbox 202 552 1764 627">
     <span class='ocr_line' id='line_1_4' title="bbox 202 552 1764 627; baseline -0.007 -12"><span class='ocrx_word' id='word_1_9' title='bbox 202 560 383 615; x_wconf 79' lang='grc' dir='ltr'>αὐτῶν</span> <span class='ocrx_word' id='word_1_10' title='bbox 408 559 644 613; x_wconf 73' lang='grc' dir='ltr'>ἔσονται.</span> <span class='ocrx_word' id='word_1_11' title='bbox 690 558 756 611; x_wconf 84' lang='grc' dir='ltr'><strong>Ἦ</strong></span> <span class='ocrx_word' id='word_1_12' title='bbox 787 556 896 626; x_wconf 78' lang='grc' dir='ltr'>γὰρ</span> <span class='ocrx_word' id='word_1_13' title='bbox 922 555 1057 627; x_wconf 83' lang='grc' dir='ltr'>ὀργὴ</span> <span class='ocrx_word' id='word_1_14' title='bbox 1088 557 1183 609; x_wconf 72' lang='grc' dir='ltr'>καὶ</span> <span class='ocrx_word' id='word_1_15' title='bbox 1215 558 1244 608; x_wconf 87' lang='grc' dir='ltr'>ὁ</span> <span class='ocrx_word' id='word_1_16' title='bbox 1290 555 1460 624; x_wconf 74' lang='grc' dir='ltr'>θυμὸς</span> <span class='ocrx_word' id='word_1_17' title='bbox 1483 553 1625 606; x_wconf 87' lang='grc' dir='ltr'><strong>κατά</strong></span> <span class='ocrx_word' id='word_1_18' title='bbox 1680 552 1764 605; x_wconf 55' lang='grc' dir='ltr'><strong>τῶε</strong></span> 
     </span>
    </p>
   </div>
   <div class='ocr_carea' id='block_1_5' title="bbox 1872 545 3480 627">
    <p class='ocr_par' dir='ltr' id='par_1_5' title="bbox 1893 545 3480 616">
     <span class='ocr_line' id='line_1_5' title="bbox 1893 545 3480 616; baseline 0.001 -10"><span class='ocrx_word' id='word_1_19' title='bbox 1893 560 2084 606; x_wconf 80' lang='lat' dir='ltr'><strong>contra</strong></span> <span class='ocrx_word' id='word_1_20' title='bbox 2107 566 2235 604; x_wconf 89' lang='lat' dir='ltr'><strong>eum</strong></span> <span class='ocrx_word' id='word_1_21' title='bbox 2274 563 2341 602; x_wconf 80' lang='lat' dir='ltr'><strong>ex</strong></span> <span class='ocrx_word' id='word_1_22' title='bbox 2377 545 2841 609; x_wconf 87' lang='lat' dir='ltr'><strong>commutatione;</strong></span> <span class='ocrx_word' id='word_1_23' title='bbox 2871 563 2890 598; x_wconf 80' lang='grc' dir='ltr'><strong>ι</strong></span> <span class='ocrx_word' id='word_1_24' title='bbox 2936 554 3122 616; x_wconf 87' lang='lat' dir='ltr'><strong>utpote</strong></span> <span class='ocrx_word' id='word_1_25' title='bbox 3153 549 3244 616; x_wconf 89' lang='lat' dir='ltr'><strong>qui</strong></span> <span class='ocrx_word' id='word_1_26' title='bbox 3282 550 3480 609; x_wconf 83' lang='lat' dir='ltr'><strong>alienis</strong></span> 
     </span>
    </p>
   </div>
   <div class='ocr_carea' id='block_1_6' title="bbox 203 644 1788 717">
    <p class='ocr_par' dir='ltr' id='par_1_6' title="bbox 203 644 1788 717">
     <span class='ocr_line' id='line_1_6' title="bbox 203 644 1788 717; baseline -0.007 -13"><span class='ocrx_word' id='word_1_27' title='bbox 203 651 417 705; x_wconf 75' lang='grc' dir='ltr'>ἀσεϐῶν</span> <span class='ocrx_word' id='word_1_28' title='bbox 456 648 918 717; x_wconf 81' lang='grc' dir='ltr'><strong>ἀποστελλόμενος</strong></span> <span class='ocrx_word' id='word_1_29' title='bbox 964 647 1030 701; x_wconf 88' lang='grc' dir='ltr'><strong>δι’</strong></span> <span class='ocrx_word' id='word_1_30' title='bbox 1080 644 1328 712; x_wconf 86' lang='grc' dir='ltr'>ἀγγέλων</span> <span class='ocrx_word' id='word_1_31' title='bbox 1363 645 1652 712; x_wconf 85' lang='grc' dir='ltr'>γενήσεται</span> <span class='ocrx_word' id='word_1_32' title='bbox 1698 659 1788 693; x_wconf 91' lang='grc' dir='ltr'>πο-</span> 
     </span>
    </p>
   </div>
   <div class='ocr_carea' id='block_1_7' title="bbox 1895 636 3403 710">
    <p class='ocr_par' dir='ltr' id='par_1_7' title="bbox 1895 636 3403 710">
     <span class='ocr_line' id='line_1_7' title="bbox 1895 636 3403 710; baseline -0.001 -14"><span class='ocrx_word' id='word_1_33' title='bbox 1895 643 2055 696; x_wconf 86' lang='lat' dir='ltr'><strong>malis</strong></span> <span class='ocrx_word' id='word_1_34' title='bbox 2097 642 2370 710; x_wconf 85' lang='lat' dir='ltr'><strong>gaudeant</strong></span> <span class='ocrx_word' id='word_1_35' title='bbox 2401 653 2565 694; x_wconf 87' lang='lat' dir='ltr'><strong>:nam</strong></span> <span class='ocrx_word' id='word_1_36' title='bbox 2594 651 2660 691; x_wconf 79' lang='lat' dir='ltr'><strong>cx</strong></span> <span class='ocrx_word' id='word_1_37' title='bbox 2696 636 2890 691; x_wconf 84' lang='lat' dir='ltr'><strong>amicis</strong></span> <span class='ocrx_word' id='word_1_38' title='bbox 2915 638 3122 691; x_wconf 88' lang='lat' dir='ltr'><strong>inimici</strong></span> <span class='ocrx_word' id='word_1_39' title='bbox 3145 642 3403 695; x_wconf 83' lang='lat' dir='ltr'><strong>evadent.</strong></span> 
     </span>
    </p>
   </div>
   <div class='ocr_carea' id='block_1_8' title="bbox 201 732 3478 814">
    <p class='ocr_par' dir='ltr' id='par_1_8' title="bbox 201 732 3478 814">
     <span class='ocr_line' id='line_1_8' title="bbox 201 732 3478 814; baseline -0.002 -18"><span class='ocrx_word' id='word_1_40' title='bbox 201 746 400 814; x_wconf 77' lang='grc' dir='ltr'>γηρῶν,</span> <span class='ocrx_word' id='word_1_41' title='bbox 431 763 451 795; x_wconf 71' lang='grc' dir='ltr'><strong>ι</strong></span> <span class='ocrx_word' id='word_1_42' title='bbox 486 745 649 797; x_wconf 77' lang='grc' dir='ltr'>Αὐτοὶ</span> <span class='ocrx_word' id='word_1_43' title='bbox 682 742 818 812; x_wconf 86' lang='grc' dir='ltr'><strong>μετά</strong></span> <span class='ocrx_word' id='word_1_44' title='bbox 853 741 1151 811; x_wconf 82' lang='grc' dir='ltr'><strong>τυμπάνων</strong></span> <span class='ocrx_word' id='word_1_45' title='bbox 1191 742 1287 793; x_wconf 79' lang='grc' dir='ltr'>καὶ</span> <span class='ocrx_word' id='word_1_46' title='bbox 1321 739 1547 808; x_wconf 75' lang='grc' dir='ltr'>κιθάρας</span> <span class='ocrx_word' id='word_1_47' title='bbox 1576 737 1975 807; x_wconf 79' lang='grc' dir='ltr'>πολεμήσουσιν</span> <span class='ocrx_word' id='word_1_48' title='bbox 1998 737 2160 789; x_wconf 79' lang='grc' dir='ltr'>αὐτὸν</span> <span class='ocrx_word' id='word_1_49' title='bbox 2198 737 2262 788; x_wconf 74' lang='grc' dir='ltr'>ἐκ</span> <span class='ocrx_word' id='word_1_50' title='bbox 2287 733 2590 804; x_wconf 74' lang='grc' dir='ltr'>μεταὸολῆς</span> <span class='ocrx_word' id='word_1_51' title='bbox 2611 749 2622 761; x_wconf 80' lang='grc'><em>’</em></span> <span class='ocrx_word' id='word_1_52' title='bbox 2659 751 2677 784; x_wconf 75' lang='grc' dir='ltr'><strong>ι</strong></span> <span class='ocrx_word' id='word_1_53' title='bbox 2713 732 2809 784; x_wconf 84' lang='grc' dir='ltr'>ἆτε</span> <span class='ocrx_word' id='word_1_54' title='bbox 2838 733 3309 803; x_wconf 76' lang='grc' dir='ltr'>ὲπιχαιρεσίκακοί</span> <span class='ocrx_word' id='word_1_55' title='bbox 3331 753 3478 802; x_wconf 87' lang='grc' dir='ltr'>τινες</span> 
     </span>
    </p>
   </div>
   <div class='ocr_carea' id='block_1_9' title="bbox 200 843 384 904">
    <p class='ocr_par' dir='ltr' id='par_1_9' title="bbox 200 843 384 904">
     <span class='ocr_line' id='line_1_9' title="bbox 200 843 384 904; baseline -0.005 -10"><span class='ocrx_word' id='word_1_56' title='bbox 200 843 349 904; x_wconf 72' lang='grc' dir='ltr'>ὄντες</span> <span class='ocrx_word' id='word_1_57' title='bbox 372 861 384 870; x_wconf 87' lang='grc'><strong>·</strong></span> 
     </span>
    </p>
   </div>
   <div class='ocr_carea' id='block_1_10' title="bbox 266 957 1784 1038">
    <p class='ocr_par' dir='ltr' id='par_1_10' title="bbox 266 957 1784 1038">
     <span class='ocr_line' id='line_1_10' title="bbox 266 957 1784 1038; baseline -0.001 -28"><span class='ocrx_word' id='word_1_58' title='bbox 266 980 283 1010; x_wconf 83' lang='grc'><strong>‹</strong></span> <span class='ocrx_word' id='word_1_59' title='bbox 329 963 402 1014; x_wconf 67' lang='grc' dir='ltr'>Σὺ</span> <span class='ocrx_word' id='word_1_60' title='bbox 430 960 673 1038; x_wconf 46' lang='grc' dir='ltr'>γάρφρὸ</span> <span class='ocrx_word' id='word_1_61' title='bbox 717 959 939 1030; x_wconf 82' lang='grc' dir='ltr'>ἡμερῶν</span> <span class='ocrx_word' id='word_1_62' title='bbox 997 958 1374 1030; x_wconf 82' lang='grc' dir='ltr'>άπαιτηθήσῃ.</span> <span class='ocrx_word' id='word_1_63' title='bbox 1407 959 1499 1028; x_wconf 84' lang='grc' dir='ltr'><strong>Μὴ</strong></span> <span class='ocrx_word' id='word_1_64' title='bbox 1554 958 1650 1010; x_wconf 57' lang='grc' dir='ltr'><strong>καὶ⁸</strong></span> <span class='ocrx_word' id='word_1_65' title='bbox 1702 957 1784 1008; x_wconf 76' lang='grc' dir='ltr'>σοὶ</span> 
     </span>
    </p>
   </div>
   <div class='ocr_carea' id='block_1_11' title="bbox 200 1047 1784 1120">
    <p class='ocr_par' dir='ltr' id='par_1_11' title="bbox 200 1047 1784 1120">
     <span class='ocr_line' id='line_1_11' title="bbox 200 1047 1784 1120; baseline -0.002 -20"><span class='ocrx_word' id='word_1_66' title='bbox 200 1051 506 1120; x_wconf 80' lang='grc' dir='ltr'>ἡτοιμάσθη</span> <span class='ocrx_word' id='word_1_67' title='bbox 539 1049 875 1118; x_wconf 87' lang='grc' dir='ltr'>βασιλεύειν;</span> <span class='ocrx_word' id='word_1_68' title='bbox 918 1069 935 1099; x_wconf 75' lang='grc' dir='ltr'><strong>ι</strong></span> <span class='ocrx_word' id='word_1_69' title='bbox 976 1049 1162 1102; x_wconf 79' lang='grc' dir='ltr'>Ταῦτα</span> <span class='ocrx_word' id='word_1_70' title='bbox 1182 1049 1260 1107; x_wconf 81' lang='grc' dir='ltr'><strong>δὲ,</strong></span> <span class='ocrx_word' id='word_1_71' title='bbox 1297 1049 1449 1117; x_wconf 75' lang='grc' dir='ltr'>φησὶ,</span> <span class='ocrx_word' id='word_1_72' title='bbox 1511 1047 1572 1099; x_wconf 84' lang='grc' dir='ltr'>σὲ</span> <span class='ocrx_word' id='word_1_73' title='bbox 1631 1063 1784 1116; x_wconf 87' lang='grc' dir='ltr'>περι-</span> 
     </span>
    </p>
   </div>
   <div class='ocr_carea' id='block_1_12' title="bbox 203 1138 1786 1211">
    <p class='ocr_par' dir='ltr' id='par_1_12' title="bbox 203 1138 1786 1211">
     <span class='ocr_line' id='line_1_12' title="bbox 203 1138 1786 1211; baseline -0.001 -20"><span class='ocrx_word' id='word_1_74' title='bbox 203 1140 371 1209; x_wconf 80' lang='grc' dir='ltr'>μένει,</span> <span class='ocrx_word' id='word_1_75' title='bbox 391 1142 485 1193; x_wconf 84' lang='grc' dir='ltr'><strong>τὸν</strong></span> <span class='ocrx_word' id='word_1_76' title='bbox 513 1140 964 1211; x_wconf 72' lang='grc' dir='ltr'>πάλαιτρυφερὸν</span> <span class='ocrx_word' id='word_1_77' title='bbox 992 1141 1083 1192; x_wconf 68' lang='grc' dir='ltr'><strong>καὶ</strong></span> <span class='ocrx_word' id='word_1_78' title='bbox 1104 1141 1468 1210; x_wconf 70' lang='grc' dir='ltr'>ὑπερήφανον*</span> <span class='ocrx_word' id='word_1_79' title='bbox 1498 1141 1545 1191; x_wconf 82' lang='grc' dir='ltr'><strong>εί</strong></span> <span class='ocrx_word' id='word_1_80' title='bbox 1577 1138 1650 1208; x_wconf 77' lang='grc' dir='ltr'><strong>μὴ</strong></span> <span class='ocrx_word' id='word_1_81' title='bbox 1678 1138 1786 1208; x_wconf 79' lang='grc' dir='ltr'>ἄρα</span> 
     </span>
    </p>
   </div>
   <div class='ocr_carea' id='block_1_13' title="bbox 202 1229 1786 1301">
    <p class='ocr_par' dir='ltr' id='par_1_13' title="bbox 202 1229 1786 1301">
     <span class='ocr_line' id='line_1_13' title="bbox 202 1229 1786 1301; baseline 0.001 -21"><span class='ocrx_word' id='word_1_82' title='bbox 202 1231 394 1282; x_wconf 79' lang='grc' dir='ltr'>σαυτὸν</span> <span class='ocrx_word' id='word_1_83' title='bbox 411 1231 639 1282; x_wconf 82' lang='grc' dir='ltr'>ἀπατῶν</span> <span class='ocrx_word' id='word_1_84' title='bbox 664 1231 970 1301; x_wconf 78' lang='grc' dir='ltr'>προσδοκᾷς</span> <span class='ocrx_word' id='word_1_85' title='bbox 1001 1232 1081 1282; x_wconf 79' lang='grc' dir='ltr'><strong>ὅτι</strong></span> <span class='ocrx_word' id='word_1_86' title='bbox 1102 1232 1196 1283; x_wconf 72' lang='grc' dir='ltr'>καὶ</span> <span class='ocrx_word' id='word_1_87' title='bbox 1227 1233 1306 1282; x_wconf 69' lang='grc' dir='ltr'><strong>σοι</strong></span> <span class='ocrx_word' id='word_1_88' title='bbox 1325 1229 1628 1299; x_wconf 81' lang='grc' dir='ltr'>βασιλεύειν</span> <span class='ocrx_word' id='word_1_89' title='bbox 1645 1232 1786 1300; x_wconf 77' lang='grc' dir='ltr'>ἡτοί-</span> 
     </span>
    </p>
   </div>
   <div class='ocr_carea' id='block_1_14' title="bbox 202 1317 1779 1388">
    <p class='ocr_par' dir='ltr' id='par_1_14' title="bbox 202 1317 1779 1388">
     <span class='ocr_line' id='line_1_14' title="bbox 202 1317 1779 1388; baseline 0.002 -20"><span class='ocrx_word' id='word_1_90' title='bbox 202 1335 399 1386; x_wconf 82' lang='grc' dir='ltr'>μασται</span> <span class='ocrx_word' id='word_1_91' title='bbox 428 1318 631 1388; x_wconf 62' lang='grc' dir='ltr'>δμοίως</span> <span class='ocrx_word' id='word_1_92' title='bbox 655 1322 766 1380; x_wconf 89' lang='grc' dir='ltr'>τοῖς</span> <span class='ocrx_word' id='word_1_93' title='bbox 801 1319 990 1387; x_wconf 81' lang='grc' dir='ltr'>στενὴν</span> <span class='ocrx_word' id='word_1_94' title='bbox 1021 1320 1114 1370; x_wconf 74' lang='grc' dir='ltr'><strong>καὶ</strong></span> <span class='ocrx_word' id='word_1_95' title='bbox 1140 1317 1508 1388; x_wconf 84' lang='grc' dir='ltr'>τεθλιμμένην</span> <span class='ocrx_word' id='word_1_96' title='bbox 1524 1319 1779 1371; x_wconf 82' lang='grc' dir='ltr'>ὁδεύσασι</span> 
     </span>
    </p>
   </div>
   <div class='ocr_carea' id='block_1_15' title="bbox 197 1387 1780 1477">
    <p class='ocr_par' dir='ltr' id='par_1_15' title="bbox 197 1387 1780 1477">
     <span class='ocr_line' id='line_1_15' title="bbox 197 1387 1780 1477; baseline 0.003 -21"><span class='ocrx_word' id='word_1_97' title='bbox 197 1407 400 1475; x_wconf 75' lang='grc' dir='ltr'>τρίϐον,</span> <span class='ocrx_word' id='word_1_98' title='bbox 435 1387 529 1458; x_wconf 64' lang='grc' dir='ltr'><strong>καὶ</strong></span> <span class='ocrx_word' id='word_1_99' title='bbox 578 1411 812 1477; x_wconf 81' lang='grc' dir='ltr'>πτωχοῖς</span> <span class='ocrx_word' id='word_1_100' title='bbox 844 1407 931 1460; x_wconf 82' lang='grc' dir='ltr'>διὰ</span> <span class='ocrx_word' id='word_1_101' title='bbox 969 1406 1099 1460; x_wconf 81' lang='grc' dir='ltr'>Θεὸν</span> <span class='ocrx_word' id='word_1_102' title='bbox 1134 1408 1446 1477; x_wconf 86' lang='grc' dir='ltr'>γενομένοις</span> <span class='ocrx_word' id='word_1_103' title='bbox 1464 1387 1663 1460; x_wconf 13' lang='grc' dir='ltr'>Ῠένεκεν</span> <span class='ocrx_word' id='word_1_104' title='bbox 1697 1407 1780 1460; x_wconf 71' lang='grc' dir='ltr'>διο</span> 
     </span>
    </p>
   </div>
   <div class='ocr_carea' id='block_1_16' title="bbox 197 1498 1776 1570">
    <p class='ocr_par' dir='ltr' id='par_1_16' title="bbox 197 1498 1776 1570">
     <span class='ocr_line' id='line_1_16' title="bbox 197 1498 1776 1570; baseline 0.001 -20"><span class='ocrx_word' id='word_1_105' title='bbox 197 1498 509 1568; x_wconf 84' lang='grc' dir='ltr'>καιοσύνης.</span> <span class='ocrx_word' id='word_1_106' title='bbox 547 1501 686 1552; x_wconf 76' lang='grc' dir='ltr'>Πᾶσι</span> <span class='ocrx_word' id='word_1_107' title='bbox 716 1501 823 1570; x_wconf 77' lang='grc' dir='ltr'><strong>γὰρ</strong></span> <span class='ocrx_word' id='word_1_108' title='bbox 855 1501 1081 1561; x_wconf 84' lang='grc' dir='ltr'>ἐκείνοις</span> <span class='ocrx_word' id='word_1_109' title='bbox 1108 1500 1432 1570; x_wconf 77' lang='grc' dir='ltr'>ἡτοίμασται</span> <span class='ocrx_word' id='word_1_110' title='bbox 1458 1500 1776 1570; x_wconf 84' lang='grc' dir='ltr'>ήβασιλεία,</span> 
     </span>
    </p>
   </div>
   <div class='ocr_carea' id='block_1_17' title="bbox 195 1590 1780 1662">
    <p class='ocr_par' dir='ltr' id='par_1_17' title="bbox 195 1590 1780 1662">
     <span class='ocr_line' id='line_1_17' title="bbox 195 1590 1780 1662; baseline 0.001 -21"><span class='ocrx_word' id='word_1_111' title='bbox 195 1591 306 1641; x_wconf 74' lang='grc' dir='ltr'>ἀλλ’</span> <span class='ocrx_word' id='word_1_112' title='bbox 321 1592 380 1641; x_wconf 71' lang='grc' dir='ltr'><strong>οὐ</strong></span> <span class='ocrx_word' id='word_1_113' title='bbox 406 1591 491 1641; x_wconf 65' lang='grc' dir='ltr'><strong>σοι</strong></span> <span class='ocrx_word' id='word_1_114' title='bbox 509 1590 585 1660; x_wconf 80' lang='grc' dir='ltr'><strong>τῷ</strong></span> <span class='ocrx_word' id='word_1_115' title='bbox 599 1592 695 1660; x_wconf 80' lang='grc' dir='ltr'>τὴν</span> <span class='ocrx_word' id='word_1_116' title='bbox 710 1591 966 1642; x_wconf 78' lang='grc' dir='ltr'>πλατεῖαν</span> <span class='ocrx_word' id='word_1_117' title='bbox 984 1593 1077 1643; x_wconf 79' lang='grc' dir='ltr'><strong>καὶ</strong></span> <span class='ocrx_word' id='word_1_118' title='bbox 1093 1591 1404 1662; x_wconf 81' lang='grc' dir='ltr'>εὐρύχωρον</span> <span class='ocrx_word' id='word_1_119' title='bbox 1414 1592 1533 1644; x_wconf 86' lang='grc' dir='ltr'>ὁδὸν</span> <span class='ocrx_word' id='word_1_120' title='bbox 1552 1608 1780 1660; x_wconf 78' lang='grc' dir='ltr'>πορευο-</span> 
     </span>
    </p>
   </div>
   <div class='ocr_carea' id='block_1_18' title="bbox 197 1677 1775 1754">
    <p class='ocr_par' dir='ltr' id='par_1_18' title="bbox 197 1677 1775 1754">
     <span class='ocr_line' id='line_1_18' title="bbox 197 1677 1775 1754; baseline 0.003 -21"><span class='ocrx_word' id='word_1_121' title='bbox 197 1683 361 1749; x_wconf 70' lang='grc' dir='ltr'>μένῳ.</span> <span class='ocrx_word' id='word_1_122' title='bbox 396 1701 413 1731; x_wconf 75' lang='grc' dir='ltr'><strong>ι</strong></span> <span class='ocrx_word' id='word_1_123' title='bbox 439 1682 697 1751; x_wconf 78' lang='grc' dir='ltr'><strong>Φάραγγα</strong></span> <span class='ocrx_word' id='word_1_124' title='bbox 717 1682 953 1750; x_wconf 84' lang='grc' dir='ltr'>βαθεῖαν,</span> <span class='ocrx_word' id='word_1_125' title='bbox 977 1682 1106 1745; x_wconf 78' lang='grc' dir='ltr'>ξύλα</span> <span class='ocrx_word' id='word_1_126' title='bbox 1123 1677 1370 1753; x_wconf 77' lang='grc' dir='ltr'>κείμενα,</span> <span class='ocrx_word' id='word_1_127' title='bbox 1391 1684 1500 1754; x_wconf 84' lang='grc' dir='ltr'>πῦρ</span> <span class='ocrx_word' id='word_1_128' title='bbox 1521 1685 1614 1736; x_wconf 79' lang='grc' dir='ltr'>καὶ</span> <span class='ocrx_word' id='word_1_129' title='bbox 1643 1684 1775 1749; x_wconf 80' lang='grc' dir='ltr'>ξύλα</span> 
     </span>
    </p>
   </div>
   <div class='ocr_carea' id='block_1_19' title="bbox 194 1773 1772 1844">
    <p class='ocr_par' dir='ltr' id='par_1_19' title="bbox 194 1773 1772 1844">
     <span class='ocr_line' id='line_1_19' title="bbox 194 1773 1772 1844; baseline 0.004 -22"><span class='ocrx_word' id='word_1_130' title='bbox 194 1774 380 1826; x_wconf 75' lang='grc' dir='ltr'>πολλά.</span> <span class='ocrx_word' id='word_1_131' title='bbox 429 1776 488 1825; x_wconf 87' lang='grc' dir='ltr'><strong>Ὀ</strong></span> <span class='ocrx_word' id='word_1_132' title='bbox 521 1773 688 1842; x_wconf 82' lang='grc' dir='ltr'>θυμὸς</span> <span class='ocrx_word' id='word_1_133' title='bbox 716 1775 920 1844; x_wconf 81' lang='grc' dir='ltr'>Κυρίου</span> <span class='ocrx_word' id='word_1_134' title='bbox 954 1775 1028 1836; x_wconf 84' lang='grc' dir='ltr'>ὡς</span> <span class='ocrx_word' id='word_1_135' title='bbox 1053 1774 1270 1844; x_wconf 77' lang='grc' dir='ltr'>φάραγξ</span> <span class='ocrx_word' id='word_1_136' title='bbox 1301 1776 1403 1827; x_wconf 87' lang='grc' dir='ltr'><strong>ὑπὸ</strong></span> <span class='ocrx_word' id='word_1_137' title='bbox 1432 1775 1574 1828; x_wconf 89' lang='grc' dir='ltr'>θείου</span> <span class='ocrx_word' id='word_1_138' title='bbox 1618 1795 1772 1830; x_wconf 79' lang='grc' dir='ltr'><strong>καιο⁴</strong></span> 
     </span>
    </p>
   </div>
   <div class='ocr_carea' id='block_1_20' title="bbox 194 1863 1774 1937">
    <p class='ocr_par' dir='ltr' id='par_1_20' title="bbox 194 1863 1774 1937">
     <span class='ocr_line' id='line_1_20' title="bbox 194 1863 1774 1937; baseline 0.004 -24"><span class='ocrx_word' id='word_1_139' title='bbox 194 1863 348 1932; x_wconf 77' lang='grc' dir='ltr'>μένη.</span> <span class='ocrx_word' id='word_1_140' title='bbox 397 1883 414 1914; x_wconf 85' lang='grc'><strong>›</strong></span> <span class='ocrx_word' id='word_1_141' title='bbox 445 1864 598 1916; x_wconf 84' lang='grc' dir='ltr'>Θεῖον</span> <span class='ocrx_word' id='word_1_142' title='bbox 627 1864 852 1933; x_wconf 77' lang='grc' dir='ltr'>καὶπῦρ</span> <span class='ocrx_word' id='word_1_143' title='bbox 882 1866 1232 1917; x_wconf 78' lang='grc' dir='ltr'>ὑποκαίουσιν</span> <span class='ocrx_word' id='word_1_144' title='bbox 1273 1869 1351 1928; x_wconf 85' lang='grc' dir='ltr'>εἰς</span> <span class='ocrx_word' id='word_1_145' title='bbox 1383 1867 1479 1937; x_wconf 75' lang='grc' dir='ltr'><strong>τὴν</strong></span> <span class='ocrx_word' id='word_1_146' title='bbox 1519 1867 1626 1919; x_wconf 88' lang='grc' dir='ltr'><strong>τῶν</strong></span> <span class='ocrx_word' id='word_1_147' title='bbox 1675 1865 1774 1920; x_wconf 77' lang='grc' dir='ltr'>αύ-</span> 
     </span>
    </p>
   </div>
   <div class='ocr_carea' id='block_1_21' title="bbox 451 837 1868 910">
    <p class='ocr_par' dir='ltr' id='par_1_21' title="bbox 451 837 1868 910">
     <span class='ocr_line' id='line_1_21' title="bbox 451 837 1868 910; baseline -0.008 -15"><span class='ocrx_word' id='word_1_148' title='bbox 451 841 573 894; x_wconf 78' lang='grc' dir='ltr'>ἀντὶ</span> <span class='ocrx_word' id='word_1_149' title='bbox 627 839 737 910; x_wconf 79' lang='grc' dir='ltr'>γὰρ</span> <span class='ocrx_word' id='word_1_150' title='bbox 795 839 904 892; x_wconf 89' lang='grc' dir='ltr'><strong>τῶν</strong></span> <span class='ocrx_word' id='word_1_151' title='bbox 962 838 1132 907; x_wconf 84' lang='grc' dir='ltr'>φίλων</span> <span class='ocrx_word' id='word_1_152' title='bbox 1181 837 1364 907; x_wconf 78' lang='grc' dir='ltr'>ἐχθροὶ</span> <span class='ocrx_word' id='word_1_153' title='bbox 1413 837 1868 904; x_wconf 85' lang='grc' dir='ltr'>καταστήσονται.</span> 
     </span>
    </p>
   </div>
   <div class='ocr_carea' id='block_1_22' title="bbox 1963 946 3475 1007">
    <p class='ocr_par' dir='ltr' id='par_1_22' title="bbox 1963 946 3475 1007">
     <span class='ocr_line' id='line_1_22' title="bbox 1963 946 3475 1007; baseline -0.005 0"><span class='ocrx_word' id='word_1_154' title='bbox 1963 953 2129 1007; x_wconf 69' lang='lat' dir='ltr'><strong>Vens.</strong></span> <span class='ocrx_word' id='word_1_155' title='bbox 2155 952 2243 1005; x_wconf 79' lang='lat'><strong>35.</strong></span> <span class='ocrx_word' id='word_1_156' title='bbox 2285 969 2302 1000; x_wconf 73' lang='grc' dir='ltr'><strong>ι</strong></span> <span class='ocrx_word' id='word_1_157' title='bbox 2339 949 2417 1003; x_wconf 92' lang='lat' dir='ltr'><strong>Tu</strong></span> <span class='ocrx_word' id='word_1_158' title='bbox 2449 949 2596 1003; x_wconf 89' lang='lat' dir='ltr'><strong>enim</strong></span> <span class='ocrx_word' id='word_1_159' title='bbox 2630 957 2756 1001; x_wconf 87' lang='lat' dir='ltr'><strong>ante</strong></span> <span class='ocrx_word' id='word_1_160' title='bbox 2789 946 2905 1000; x_wconf 83' lang='lat' dir='ltr'><strong>dies</strong></span> <span class='ocrx_word' id='word_1_161' title='bbox 2932 947 3203 1000; x_wconf 91' lang='lat' dir='ltr'><strong>rationem</strong></span> <span class='ocrx_word' id='word_1_162' title='bbox 3246 947 3475 1001; x_wconf 82' lang='lat' dir='ltr'><strong>reddere</strong></span> 
     </span>
    </p>
   </div>
   <div class='ocr_carea' id='block_1_23' title="bbox 1888 1037 3467 1113">
    <p class='ocr_par' dir='ltr' id='par_1_23' title="bbox 1888 1037 3467 1113">
     <span class='ocr_line' id='line_1_23' title="bbox 1888 1037 3467 1113; baseline -0.004 -16"><span class='ocrx_word' id='word_1_163' title='bbox 1888 1046 2122 1113; x_wconf 81' lang='lat' dir='ltr'><strong>cogeris.</strong></span> <span class='ocrx_word' id='word_1_164' title='bbox 2158 1042 2427 1110; x_wconf 82' lang='lat' dir='ltr'><strong>Numquid</strong></span> <span class='ocrx_word' id='word_1_165' title='bbox 2449 1043 2614 1094; x_wconf 88' lang='lat' dir='ltr'><strong>etiam</strong></span> <span class='ocrx_word' id='word_1_166' title='bbox 2648 1037 2744 1093; x_wconf 84' lang='lat' dir='ltr'><strong>tibi</strong></span> <span class='ocrx_word' id='word_1_167' title='bbox 2774 1049 3024 1108; x_wconf 88' lang='lat' dir='ltr'><strong>paratum</strong></span> <span class='ocrx_word' id='word_1_168' title='bbox 3063 1049 3148 1093; x_wconf 90' lang='lat' dir='ltr'><strong>est</strong></span> <span class='ocrx_word' id='word_1_169' title='bbox 3177 1040 3467 1106; x_wconf 62' lang='lat' dir='ltr'><strong>regnare?»</strong></span> 
     </span>
    </p>
   </div>
   <div class='ocr_carea' id='block_1_24' title="bbox 1888 1131 3475 1203">
    <p class='ocr_par' dir='ltr' id='par_1_24' title="bbox 1888 1131 3475 1203">
     <span class='ocr_line' id='line_1_24' title="bbox 1888 1131 3475 1203; baseline -0.004 -12"><span class='ocrx_word' id='word_1_170' title='bbox 1888 1136 2037 1200; x_wconf 61' lang='grc' dir='ltr'>Πίος,</span> <span class='ocrx_word' id='word_1_171' title='bbox 2073 1136 2267 1203; x_wconf 82' lang='lat' dir='ltr'><strong>inquit,</strong></span> <span class='ocrx_word' id='word_1_172' title='bbox 2295 1145 2348 1187; x_wconf 92' lang='lat' dir='ltr'><strong>te</strong></span> <span class='ocrx_word' id='word_1_173' title='bbox 2401 1132 2531 1187; x_wconf 94' lang='lat' dir='ltr'><strong>olim</strong></span> <span class='ocrx_word' id='word_1_174' title='bbox 2579 1131 2944 1201; x_wconf 87' lang='lat' dir='ltr'><strong>voluptarium</strong></span> <span class='ocrx_word' id='word_1_175' title='bbox 2969 1140 3023 1183; x_wconf 93' lang='lat' dir='ltr'><strong>et</strong></span> <span class='ocrx_word' id='word_1_176' title='bbox 3048 1131 3348 1197; x_wconf 90' lang='lat' dir='ltr'><strong>superbum</strong></span> <span class='ocrx_word' id='word_1_177' title='bbox 3383 1146 3475 1184; x_wconf 78' lang='lat' dir='ltr'><strong>ex-</strong></span> 
     </span>
    </p>
   </div>
   <div class='ocr_carea' id='block_1_25' title="bbox 1889 1220 3473 1298">
    <p class='ocr_par' dir='ltr' id='par_1_25' title="bbox 1889 1220 3473 1298">
     <span class='ocr_line' id='line_1_25' title="bbox 1889 1220 3473 1298; baseline -0.006 -16"><span class='ocrx_word' id='word_1_178' title='bbox 1889 1237 2186 1298; x_wconf 84' lang='lat' dir='ltr'><strong>spectant:</strong></span> <span class='ocrx_word' id='word_1_179' title='bbox 2223 1227 2322 1279; x_wconf 86' lang='lat' dir='ltr'><strong>nisi</strong></span> <span class='ocrx_word' id='word_1_180' title='bbox 2367 1225 2600 1279; x_wconf 79' lang='lat' dir='ltr'><strong>fortasse</strong></span> <span class='ocrx_word' id='word_1_181' title='bbox 2645 1224 2879 1292; x_wconf 90' lang='lat' dir='ltr'><strong>teipsnm</strong></span> <span class='ocrx_word' id='word_1_182' title='bbox 2914 1220 3215 1289; x_wconf 88' lang='lat' dir='ltr'><strong>decipiens,</strong></span> <span class='ocrx_word' id='word_1_183' title='bbox 3278 1236 3473 1288; x_wconf 75' lang='lat' dir='ltr'><strong>exspe—</strong></span> 
     </span>
    </p>
   </div>
   <div class='ocr_carea' id='block_1_26' title="bbox 1889 1313 3474 1386">
    <p class='ocr_par' dir='ltr' id='par_1_26' title="bbox 1889 1313 3474 1386">
     <span class='ocr_line' id='line_1_26' title="bbox 1889 1313 3474 1386; baseline -0.006 -10"><span class='ocrx_word' id='word_1_184' title='bbox 1889 1332 2006 1376; x_wconf 88' lang='lat' dir='ltr'><strong>ctas</strong></span> <span class='ocrx_word' id='word_1_185' title='bbox 2049 1318 2144 1372; x_wconf 87' lang='lat' dir='ltr'><strong>tibi</strong></span> <span class='ocrx_word' id='word_1_186' title='bbox 2210 1333 2427 1386; x_wconf 89' lang='lat' dir='ltr'><strong>quoque</strong></span> <span class='ocrx_word' id='word_1_187' title='bbox 2485 1324 2735 1386; x_wconf 84' lang='lat' dir='ltr'><strong>paratum</strong></span> <span class='ocrx_word' id='word_1_188' title='bbox 2791 1330 3014 1383; x_wconf 78' lang='lat' dir='ltr'><strong>regnum</strong></span> <span class='ocrx_word' id='word_1_189' title='bbox 3061 1327 3205 1377; x_wconf 90' lang='lat' dir='ltr'><strong>esse,</strong></span> <span class='ocrx_word' id='word_1_190' title='bbox 3245 1313 3474 1380; x_wconf 84' lang='lat' dir='ltr'><strong>perinde</strong></span> 
     </span>
    </p>
   </div>
   <div class='ocr_carea' id='block_1_27' title="bbox 1888 1403 3468 1477">
    <p class='ocr_par' dir='ltr' id='par_1_27' title="bbox 1888 1403 3468 1477">
     <span class='ocr_line' id='line_1_27' title="bbox 1888 1403 3468 1477; baseline -0.007 -13"><span class='ocrx_word' id='word_1_191' title='bbox 1888 1422 2050 1477; x_wconf 85' lang='lat' dir='ltr'><strong>atque</strong></span> <span class='ocrx_word' id='word_1_192' title='bbox 2091 1411 2176 1471; x_wconf 79' lang='lat' dir='ltr'><strong>iis,</strong></span> <span class='ocrx_word' id='word_1_193' title='bbox 2215 1409 2306 1477; x_wconf 84' lang='lat' dir='ltr'><strong>qui</strong></span> <span class='ocrx_word' id='word_1_194' title='bbox 2363 1409 2413 1460; x_wconf 91' lang='lat' dir='ltr'><strong>in</strong></span> <span class='ocrx_word' id='word_1_195' title='bbox 2462 1416 2688 1476; x_wconf 83' lang='lat' dir='ltr'><strong>angusta</strong></span> <span class='ocrx_word' id='word_1_196' title='bbox 2714 1415 2766 1459; x_wconf 89' lang='lat' dir='ltr'><strong>et</strong></span> <span class='ocrx_word' id='word_1_197' title='bbox 2793 1416 2942 1458; x_wconf 85' lang='lat' dir='ltr'><strong>arcta</strong></span> <span class='ocrx_word' id='word_1_198' title='bbox 2973 1405 3056 1457; x_wconf 86' lang='lat' dir='ltr'><strong>via</strong></span> <span class='ocrx_word' id='word_1_199' title='bbox 3103 1403 3468 1464; x_wconf 87' lang='lat' dir='ltr'><strong>incesserunt,</strong></span> 
     </span>
    </p>
   </div>
   <div class='ocr_carea' id='block_1_28' title="bbox 1886 1493 3470 1570">
    <p class='ocr_par' dir='ltr' id='par_1_28' title="bbox 1886 1493 3470 1570">
     <span class='ocr_line' id='line_1_28' title="bbox 1886 1493 3470 1570; baseline -0.007 -15"><span class='ocrx_word' id='word_1_200' title='bbox 1886 1513 1940 1555; x_wconf 91' lang='lat' dir='ltr'><strong>et</strong></span> <span class='ocrx_word' id='word_1_201' title='bbox 1994 1515 2260 1570; x_wconf 77' lang='lat' dir='ltr'><strong>pauperes</strong></span> <span class='ocrx_word' id='word_1_202' title='bbox 2315 1509 2537 1568; x_wconf 76' lang='lat' dir='ltr'><strong>propter</strong></span> <span class='ocrx_word' id='word_1_203' title='bbox 2587 1497 2756 1551; x_wconf 86' lang='lat' dir='ltr'><strong>Deum</strong></span> <span class='ocrx_word' id='word_1_204' title='bbox 2819 1506 3152 1564; x_wconf 89' lang='lat' dir='ltr'><strong>propterque</strong></span> <span class='ocrx_word' id='word_1_205' title='bbox 3199 1493 3470 1562; x_wconf 79' lang='lat' dir='ltr'><strong>justitiam</strong></span> 
     </span>
    </p>
   </div>
   <div class='ocr_carea' id='block_1_29' title="bbox 1887 1588 3469 1658">
    <p class='ocr_par' dir='ltr' id='par_1_29' title="bbox 1887 1588 3469 1658">
     <span class='ocr_line' id='line_1_29' title="bbox 1887 1588 3469 1658; baseline -0.005 -12"><span class='ocrx_word' id='word_1_206' title='bbox 1887 1593 2063 1647; x_wconf 62' lang='lat' dir='ltr'><strong>effecti</strong></span> <span class='ocrx_word' id='word_1_207' title='bbox 2096 1601 2242 1646; x_wconf 88' lang='lat' dir='ltr'><strong>sunt.</strong></span> <span class='ocrx_word' id='word_1_208' title='bbox 2291 1590 2388 1643; x_wconf 84' lang='lat' dir='ltr'><strong>llis</strong></span> <span class='ocrx_word' id='word_1_209' title='bbox 2420 1591 2622 1658; x_wconf 89' lang='lat' dir='ltr'><strong>quippe</strong></span> <span class='ocrx_word' id='word_1_210' title='bbox 2649 1588 2901 1642; x_wconf 86' lang='lat' dir='ltr'><strong>omnibus</strong></span> <span class='ocrx_word' id='word_1_211' title='bbox 2957 1599 3203 1656; x_wconf 80' lang='lat' dir='ltr'><strong>paratum</strong></span> <span class='ocrx_word' id='word_1_212' title='bbox 3244 1601 3469 1654; x_wconf 84' lang='lat' dir='ltr'><strong>regnum</strong></span> 
     </span>
    </p>
   </div>
   <div class='ocr_carea' id='block_1_30' title="bbox 1884 1676 3470 1751">
    <p class='ocr_par' dir='ltr' id='par_1_30' title="bbox 1884 1676 3470 1751">
     <span class='ocr_line' id='line_1_30' title="bbox 1884 1676 3470 1751; baseline -0.004 -13"><span class='ocrx_word' id='word_1_213' title='bbox 1884 1694 1987 1743; x_wconf 85' lang='lat' dir='ltr'><strong>est.</strong></span> <span class='ocrx_word' id='word_1_214' title='bbox 2023 1700 2128 1737; x_wconf 86' lang='lat' dir='ltr'><strong>non</strong></span> <span class='ocrx_word' id='word_1_215' title='bbox 2183 1683 2299 1742; x_wconf 86' lang='lat' dir='ltr'><strong>tibi.</strong></span> <span class='ocrx_word' id='word_1_216' title='bbox 2337 1684 2430 1751; x_wconf 90' lang='lat' dir='ltr'><strong>qui</strong></span> <span class='ocrx_word' id='word_1_217' title='bbox 2472 1683 2522 1734; x_wconf 92' lang='lat' dir='ltr'><strong>in</strong></span> <span class='ocrx_word' id='word_1_218' title='bbox 2561 1683 2664 1733; x_wconf 81' lang='lat' dir='ltr'><strong>lata</strong></span> <span class='ocrx_word' id='word_1_219' title='bbox 2705 1691 2766 1733; x_wconf 56' lang='lat' dir='ltr'><strong>et.</strong></span> <span class='ocrx_word' id='word_1_220' title='bbox 2818 1681 3058 1749; x_wconf 87' lang='lat' dir='ltr'><strong>spatiosa</strong></span> <span class='ocrx_word' id='word_1_221' title='bbox 3103 1680 3189 1732; x_wconf 84' lang='lat' dir='ltr'><strong>via</strong></span> <span class='ocrx_word' id='word_1_222' title='bbox 3241 1676 3470 1732; x_wconf 88' lang='lat' dir='ltr'><strong>incedis.</strong></span> 
     </span>
    </p>
   </div>
   <div class='ocr_carea' id='block_1_31' title="bbox 1889 1770 3472 1843">
    <p class='ocr_par' dir='ltr' id='par_1_31' title="bbox 1889 1770 3472 1843">
     <span class='ocr_line' id='line_1_31' title="bbox 1889 1770 3472 1843; baseline -0.003 -14"><span class='ocrx_word' id='word_1_223' title='bbox 1889 1797 1907 1828; x_wconf 78' lang='lat' dir='ltr'><strong>t</strong></span> <span class='ocrx_word' id='word_1_224' title='bbox 1951 1776 2152 1829; x_wconf 72' lang='lat' dir='ltr'><strong>Vallem</strong></span> <span class='ocrx_word' id='word_1_225' title='bbox 2183 1775 2532 1843; x_wconf 81' lang='lat' dir='ltr'><strong>profundam,</strong></span> <span class='ocrx_word' id='word_1_226' title='bbox 2569 1773 2709 1842; x_wconf 81' lang='lat' dir='ltr'><strong>ligna</strong></span> <span class='ocrx_word' id='word_1_227' title='bbox 2749 1771 3009 1839; x_wconf 76' lang='lat' dir='ltr'><strong>iacentia,</strong></span> <span class='ocrx_word' id='word_1_228' title='bbox 3043 1773 3218 1840; x_wconf 80' lang='lat' dir='ltr'><strong>ignem</strong></span> <span class='ocrx_word' id='word_1_229' title='bbox 3244 1779 3296 1824; x_wconf 90' lang='lat' dir='ltr'><strong>et</strong></span> <span class='ocrx_word' id='word_1_230' title='bbox 3326 1770 3472 1839; x_wconf 86' lang='lat' dir='ltr'><strong>ligna</strong></span> 
     </span>
    </p>
   </div>
   <div class='ocr_carea' id='block_1_32' title="bbox 1883 1863 3467 1932">
    <p class='ocr_par' dir='ltr' id='par_1_32' title="bbox 1883 1863 3467 1932">
     <span class='ocr_line' id='line_1_32' title="bbox 1883 1863 3467 1932; baseline -0.004 -12"><span class='ocrx_word' id='word_1_231' title='bbox 1883 1867 2076 1920; x_wconf 85' lang='lat' dir='ltr'><strong>multa.</strong></span> <span class='ocrx_word' id='word_1_232' title='bbox 2109 1867 2285 1920; x_wconf 86' lang='lat' dir='ltr'><strong>Furor</strong></span> <span class='ocrx_word' id='word_1_233' title='bbox 2312 1865 2523 1918; x_wconf 87' lang='lat' dir='ltr'><strong>Domini</strong></span> <span class='ocrx_word' id='word_1_234' title='bbox 2561 1864 2873 1918; x_wconf 87' lang='lat' dir='ltr'><strong>sicutvallis</strong></span> <span class='ocrx_word' id='word_1_235' title='bbox 2898 1863 3156 1932; x_wconf 85' lang='lat' dir='ltr'><strong>sulphure</strong></span> <span class='ocrx_word' id='word_1_236' title='bbox 3178 1876 3467 1916; x_wconf 65' lang='lat' dir='ltr'><strong>accensa.)</strong></span> 
     </span>
    </p>
   </div>
   <div class='ocr_carea' id='block_1_33' title="bbox 189 1932 1764 2028">
    <p class='ocr_par' dir='ltr' id='par_1_33' title="bbox 189 1932 1764 2028">
     <span class='ocr_line' id='line_1_33' title="bbox 189 1932 1764 2028; baseline 0.003 -23"><span class='ocrx_word' id='word_1_237' title='bbox 189 1955 302 2006; x_wconf 63' lang='grc' dir='ltr'>τόθι</span> <span class='ocrx_word' id='word_1_238' title='bbox 333 1932 887 2026; x_wconf 83' lang='grc' dir='ltr'>κατακριθησομένων</span> <span class='ocrx_word' id='word_1_239' title='bbox 922 1958 1160 2010; x_wconf 79' lang='grc' dir='ltr'>κόλασιν.</span> <span class='ocrx_word' id='word_1_240' title='bbox 1203 1932 1451 2010; x_wconf 80' lang='grc' dir='ltr'>Τοσαῦτα</span> <span class='ocrx_word' id='word_1_241' title='bbox 1479 1959 1534 2010; x_wconf 81' lang='grc' dir='ltr'><strong>δὲ</strong></span> <span class='ocrx_word' id='word_1_242' title='bbox 1565 1959 1652 2011; x_wconf 81' lang='grc' dir='ltr'><strong>διά</strong></span> <span class='ocrx_word' id='word_1_243' title='bbox 1680 1959 1764 2028; x_wconf 85' lang='grc' dir='ltr'><strong>μέ-</strong></span> 
     </span>
    </p>
   </div>
   <div class='ocr_carea' id='block_1_34' title="bbox 1872 1932 3470 2028">
    <p class='ocr_par' dir='ltr' id='par_1_34' title="bbox 1880 1953 3470 2028">
     <span class='ocr_line' id='line_1_34' title="bbox 1880 1953 3470 2028; baseline -0.004 -15"><span class='ocrx_word' id='word_1_244' title='bbox 1880 1959 2121 2028; x_wconf 69' lang='grc' dir='ltr'>Βῑτρὶιιιι·</span> <span class='ocrx_word' id='word_1_245' title='bbox 2177 1968 2232 2013; x_wconf 89' lang='lat' dir='ltr'><strong>et</strong></span> <span class='ocrx_word' id='word_1_246' title='bbox 2289 1958 2472 2025; x_wconf 83' lang='lat' dir='ltr'><strong>ignem</strong></span> <span class='ocrx_word' id='word_1_247' title='bbox 2530 1955 2891 2020; x_wconf 86' lang='lat' dir='ltr'><strong>succendunt,</strong></span> <span class='ocrx_word' id='word_1_248' title='bbox 2955 1955 3020 2005; x_wconf 91' lang='lat' dir='ltr'><strong>ad</strong></span> <span class='ocrx_word' id='word_1_249' title='bbox 3095 1969 3308 2017; x_wconf 90' lang='lat' dir='ltr'><strong>eorum,</strong></span> <span class='ocrx_word' id='word_1_250' title='bbox 3375 1953 3470 2021; x_wconf 89' lang='lat' dir='ltr'><strong>qui</strong></span> 
     </span>
    </p>
   </div>
   <div class='ocr_carea' id='block_1_35' title="bbox 190 2045 1777 2119">
    <p class='ocr_par' dir='ltr' id='par_1_35' title="bbox 190 2045 1777 2119">
     <span class='ocr_line' id='line_1_35' title="bbox 190 2045 1777 2119; baseline 0.004 -25"><span class='ocrx_word' id='word_1_251' title='bbox 190 2059 284 2095; x_wconf 71' lang='lat' dir='ltr'><strong>duo</strong></span> <span class='ocrx_word' id='word_1_252' title='bbox 319 2045 512 2104; x_wconf 81' lang='grc' dir='ltr'>είπὼν,</span> <span class='ocrx_word' id='word_1_253' title='bbox 544 2046 913 2115; x_wconf 73' lang='grc' dir='ltr'>ἀναλαμϐάνει</span> <span class='ocrx_word' id='word_1_254' title='bbox 941 2049 1039 2116; x_wconf 84' lang='grc' dir='ltr'>τὴν</span> <span class='ocrx_word' id='word_1_255' title='bbox 1092 2049 1227 2119; x_wconf 82' lang='grc' dir='ltr'>πρὸς</span> <span class='ocrx_word' id='word_1_256' title='bbox 1250 2051 1375 2111; x_wconf 80' lang='grc' dir='ltr'>τοὺς</span> <span class='ocrx_word' id='word_1_257' title='bbox 1405 2050 1777 2118; x_wconf 82' lang='grc' dir='ltr'>καταφεύγον-</span> 
     </span>
    </p>
   </div>
   <div class='ocr_carea' id='block_1_36' title="bbox 188 2137 1086 2209">
    <p class='ocr_par' dir='ltr' id='par_1_36' title="bbox 188 2137 1086 2209">
     <span class='ocr_line' id='line_1_36' title="bbox 188 2137 1086 2209; baseline 0.004 -22"><span class='ocrx_word' id='word_1_258' title='bbox 188 2150 284 2196; x_wconf 77' lang='grc' dir='ltr'><strong>τας</strong></span> <span class='ocrx_word' id='word_1_259' title='bbox 317 2137 398 2199; x_wconf 81' lang='grc' dir='ltr'><strong>εἰς</strong></span> <span class='ocrx_word' id='word_1_260' title='bbox 421 2137 696 2205; x_wconf 78' lang='grc' dir='ltr'>Αἴγυπτον</span> <span class='ocrx_word' id='word_1_261' title='bbox 730 2140 1086 2209; x_wconf 67' lang='grc' dir='ltr'>προφητείαν.</span> 
     </span>
    </p>
   </div>
   <div class='ocr_carea' id='block_1_37' title="bbox 703 2383 1257 2438">
    <p class='ocr_par' dir='ltr' id='par_1_37' title="bbox 703 2383 1257 2438">
     <span class='ocr_line' id='line_1_37' title="bbox 703 2383 1257 2438; baseline -0.004 -1"><span class='ocrx_word' id='word_1_262' title='bbox 703 2383 1100 2438; x_wconf 77' lang='grc' dir='ltr'><strong>ΚΕΦΑΛΑΙΟΝ</strong></span> <span class='ocrx_word' id='word_1_263' title='bbox 1133 2385 1257 2436; x_wconf 78' lang='grc' dir='ltr'>ΛΑ’.</span> 
     </span>
    </p>
   </div>
   <div class='ocr_carea' id='block_1_38' title="bbox 261 2495 1770 2570">
    <p class='ocr_par' dir='ltr' id='par_1_38' title="bbox 261 2495 1770 2570">
     <span class='ocr_line' id='line_1_38' title="bbox 261 2495 1770 2570; baseline 0.003 -23"><span class='ocrx_word' id='word_1_264' title='bbox 261 2513 279 2547; x_wconf 77' lang='lat' dir='ltr'><strong>t</strong></span> <span class='ocrx_word' id='word_1_265' title='bbox 307 2495 447 2547; x_wconf 75' lang='grc' dir='ltr'>Οὐαὶ</span> <span class='ocrx_word' id='word_1_266' title='bbox 466 2495 516 2547; x_wconf 80' lang='grc' dir='ltr'>οἱ</span> <span class='ocrx_word' id='word_1_267' title='bbox 541 2495 960 2560; x_wconf 77' lang='grc' dir='ltr'>καταϐαίνοντες</span> <span class='ocrx_word' id='word_1_268' title='bbox 981 2498 1059 2558; x_wconf 80' lang='grc' dir='ltr'>εἰς</span> <span class='ocrx_word' id='word_1_269' title='bbox 1088 2497 1359 2563; x_wconf 81' lang='grc' dir='ltr'>Αἴγυπτον</span> <span class='ocrx_word' id='word_1_270' title='bbox 1383 2499 1474 2551; x_wconf 76' lang='grc' dir='ltr'>ἐπὶ</span> <span class='ocrx_word' id='word_1_271' title='bbox 1498 2498 1770 2570; x_wconf 83' lang='grc' dir='ltr'>βοήθειαν,</span> 
     </span>
    </p>
   </div>
   <div class='ocr_carea' id='block_1_39' title="bbox 183 2586 1770 2659">
    <p class='ocr_par' dir='ltr' id='par_1_39' title="bbox 183 2586 1770 2659">
     <span class='ocr_line' id='line_1_39' title="bbox 183 2586 1770 2659; baseline 0.003 -23"><span class='ocrx_word' id='word_1_272' title='bbox 183 2588 232 2637; x_wconf 76' lang='grc' dir='ltr'><strong>οἱ</strong></span> <span class='ocrx_word' id='word_1_273' title='bbox 260 2586 343 2653; x_wconf 78' lang='grc' dir='ltr'><strong>ἐφ’</strong></span> <span class='ocrx_word' id='word_1_274' title='bbox 381 2586 570 2650; x_wconf 81' lang='grc' dir='ltr'>ἵπποις</span> <span class='ocrx_word' id='word_1_275' title='bbox 599 2588 917 2650; x_wconf 79' lang='grc' dir='ltr'>πεποιθότες</span> <span class='ocrx_word' id='word_1_276' title='bbox 947 2590 1038 2641; x_wconf 78' lang='grc' dir='ltr'><strong>καὶ</strong></span> <span class='ocrx_word' id='word_1_277' title='bbox 1065 2589 1150 2657; x_wconf 79' lang='grc' dir='ltr'><strong>ἐφ’</strong></span> <span class='ocrx_word' id='word_1_278' title='bbox 1180 2589 1438 2658; x_wconf 82' lang='grc' dir='ltr'>ἅρμασιν.</span> <span class='ocrx_word' id='word_1_279' title='bbox 1482 2591 1637 2641; x_wconf 85' lang='grc' dir='ltr'>Ἐστι</span> <span class='ocrx_word' id='word_1_280' title='bbox 1665 2589 1770 2659; x_wconf 82' lang='grc' dir='ltr'>γὰρ</span> 
     </span>
    </p>
   </div>
   <div class='ocr_carea' id='block_1_40' title="bbox 181 2676 1772 2750">
    <p class='ocr_par' dir='ltr' id='par_1_40' title="bbox 181 2676 1772 2750">
     <span class='ocr_line' id='line_1_40' title="bbox 181 2676 1772 2750; baseline 0.003 -22"><span class='ocrx_word' id='word_1_281' title='bbox 181 2676 373 2741; x_wconf 76' lang='grc' dir='ltr'>πολλὰ,</span> <span class='ocrx_word' id='word_1_282' title='bbox 404 2678 500 2730; x_wconf 78' lang='grc' dir='ltr'>καὶ</span> <span class='ocrx_word' id='word_1_283' title='bbox 530 2678 614 2746; x_wconf 77' lang='grc' dir='ltr'><strong>ἐφ’</strong></span> <span class='ocrx_word' id='word_1_284' title='bbox 650 2679 836 2742; x_wconf 81' lang='grc' dir='ltr'>ἵπποις</span> <span class='ocrx_word' id='word_1_285' title='bbox 871 2680 1071 2749; x_wconf 74' lang='grc' dir='ltr'>πλῆθος</span> <span class='ocrx_word' id='word_1_286' title='bbox 1101 2681 1324 2749; x_wconf 81' lang='grc' dir='ltr'>σφόδρα.</span> <span class='ocrx_word' id='word_1_287' title='bbox 1361 2683 1471 2734; x_wconf 73' lang='grc' dir='ltr'>Καὶ</span> <span class='ocrx_word' id='word_1_288' title='bbox 1503 2683 1603 2733; x_wconf 77' lang='grc' dir='ltr'><strong>οὐκ</strong></span> <span class='ocrx_word' id='word_1_289' title='bbox 1630 2677 1772 2750; x_wconf 80' lang='grc' dir='ltr'>ἦσαν</span> 
     </span>
    </p>
   </div>
   <div class='ocr_carea' id='block_1_41' title="bbox 180 2767 1771 2840">
    <p class='ocr_par' dir='ltr' id='par_1_41' title="bbox 180 2767 1771 2840">
     <span class='ocr_line' id='line_1_41' title="bbox 180 2767 1771 2840; baseline 0.004 -23"><span class='ocrx_word' id='word_1_290' title='bbox 180 2767 507 2830; x_wconf 83' lang='grc' dir='ltr'>πεποιθότες</span> <span class='ocrx_word' id='word_1_291' title='bbox 540 2768 635 2820; x_wconf 74' lang='grc' dir='ltr'>ἐπὶ</span> <span class='ocrx_word' id='word_1_292' title='bbox 669 2769 760 2820; x_wconf 82' lang='grc' dir='ltr'><strong>τὸν</strong></span> <span class='ocrx_word' id='word_1_293' title='bbox 792 2767 984 2835; x_wconf 70' lang='grc' dir='ltr'>’Ἂγιον</span> <span class='ocrx_word' id='word_1_294' title='bbox 1017 2768 1111 2822; x_wconf 84' lang='grc' dir='ltr'>τοῦ</span> <span class='ocrx_word' id='word_1_295' title='bbox 1154 2770 1391 2840; x_wconf 80' lang='grc' dir='ltr'>Ἰσραὴλ,</span> <span class='ocrx_word' id='word_1_296' title='bbox 1419 2773 1512 2823; x_wconf 72' lang='grc' dir='ltr'><strong>καὶ</strong></span> <span class='ocrx_word' id='word_1_297' title='bbox 1539 2772 1630 2824; x_wconf 79' lang='grc' dir='ltr'><strong>τὸν</strong></span> <span class='ocrx_word' id='word_1_298' title='bbox 1658 2773 1771 2823; x_wconf 85' lang='grc' dir='ltr'><strong>Κύ-</strong></span> 
     </span>
    </p>
   </div>
   <div class='ocr_carea' id='block_1_42' title="bbox 184 2859 1770 2934">
    <p class='ocr_par' dir='ltr' id='par_1_42' title="bbox 184 2859 1770 2934">
     <span class='ocr_line' id='line_1_42' title="bbox 184 2859 1770 2934; baseline 0.005 -22"><span class='ocrx_word' id='word_1_299' title='bbox 184 2877 298 2928; x_wconf 88' lang='grc' dir='ltr'>ριον</span> <span class='ocrx_word' id='word_1_300' title='bbox 327 2861 430 2913; x_wconf 82' lang='grc' dir='ltr'><strong>οὐκ</strong></span> <span class='ocrx_word' id='word_1_301' title='bbox 456 2861 745 2932; x_wconf 80' lang='grc' dir='ltr'>ἐζήτησαν.</span> <span class='ocrx_word' id='word_1_302' title='bbox 778 2864 885 2915; x_wconf 75' lang='grc' dir='ltr'><strong>Καὶ</strong></span> <span class='ocrx_word' id='word_1_303' title='bbox 913 2862 1075 2927; x_wconf 84' lang='grc' dir='ltr'>αὐτὸς</span> <span class='ocrx_word' id='word_1_304' title='bbox 1105 2864 1283 2932; x_wconf 84' lang='grc' dir='ltr'>σοφῶς</span> <span class='ocrx_word' id='word_1_305' title='bbox 1305 2859 1438 2934; x_wconf 81' lang='grc' dir='ltr'>ἦγεν</span> <span class='ocrx_word' id='word_1_306' title='bbox 1462 2866 1546 2917; x_wconf 73' lang='grc' dir='ltr'><strong>ἐπ’</strong></span> <span class='ocrx_word' id='word_1_307' title='bbox 1573 2867 1770 2930; x_wconf 76' lang='grc' dir='ltr'>αὐτοὺς</span> 
     </span>
    </p>
   </div>
   <div class='ocr_carea' id='block_1_43' title="bbox 183 2952 1770 3026">
    <p class='ocr_par' dir='ltr' id='par_1_43' title="bbox 183 2952 1770 3026">
     <span class='ocr_line' id='line_1_43' title="bbox 183 2952 1770 3026; baseline 0.003 -22"><span class='ocrx_word' id='word_1_308' title='bbox 183 2953 352 3015; x_wconf 81' lang='grc' dir='ltr'>κακά,</span> <span class='ocrx_word' id='word_1_309' title='bbox 401 2953 495 3005; x_wconf 73' lang='grc' dir='ltr'>καὶ</span> <span class='ocrx_word' id='word_1_310' title='bbox 533 2955 560 3005; x_wconf 89' lang='grc' dir='ltr'><strong>ό</strong></span> <span class='ocrx_word' id='word_1_311' title='bbox 588 2952 742 3020; x_wconf 87' lang='grc' dir='ltr'>λόγος</span> <span class='ocrx_word' id='word_1_312' title='bbox 779 2952 943 3006; x_wconf 77' lang='grc' dir='ltr'>αὑτοῦ</span> <span class='ocrx_word' id='word_1_313' title='bbox 989 2955 1050 3006; x_wconf 84' lang='grc' dir='ltr'><strong>οὐ</strong></span> <span class='ocrx_word' id='word_1_314' title='bbox 1097 2955 1170 3024; x_wconf 83' lang='grc' dir='ltr'>μὴ</span> <span class='ocrx_word' id='word_1_315' title='bbox 1212 2955 1473 3026; x_wconf 85' lang='grc' dir='ltr'>ἀθετηθῇ,</span> <span class='ocrx_word' id='word_1_316' title='bbox 1539 2957 1635 3010; x_wconf 72' lang='grc' dir='ltr'>καὶ</span> <span class='ocrx_word' id='word_1_317' title='bbox 1673 2959 1770 3009; x_wconf 82' lang='grc' dir='ltr'><strong>ὲπ-</strong></span> 
     </span>
    </p>
   </div>
   <div class='ocr_carea' id='block_1_44' title="bbox 177 3043 1770 3117">
    <p class='ocr_par' dir='ltr' id='par_1_44' title="bbox 177 3043 1770 3117">
     <span class='ocr_line' id='line_1_44' title="bbox 177 3043 1770 3117; baseline 0.004 -23"><span class='ocrx_word' id='word_1_318' title='bbox 177 3046 546 3112; x_wconf 78' lang='grc' dir='ltr'>ἀναστήσεται</span> <span class='ocrx_word' id='word_1_319' title='bbox 579 3045 665 3096; x_wconf 83' lang='grc' dir='ltr'>ἐπ’</span> <span class='ocrx_word' id='word_1_320' title='bbox 698 3043 878 3106; x_wconf 79' lang='grc' dir='ltr'>οἴκους</span> <span class='ocrx_word' id='word_1_321' title='bbox 904 3044 1206 3114; x_wconf 81' lang='grc' dir='ltr'>ἀνθρώπων</span> <span class='ocrx_word' id='word_1_322' title='bbox 1253 3047 1530 3117; x_wconf 78' lang='grc' dir='ltr'>πονηρῶν,</span> <span class='ocrx_word' id='word_1_323' title='bbox 1568 3051 1660 3101; x_wconf 73' lang='grc' dir='ltr'><strong>καὶ</strong></span> <span class='ocrx_word' id='word_1_324' title='bbox 1678 3049 1770 3100; x_wconf 74' lang='grc' dir='ltr'>ἐπὶ</span> 
     </span>
    </p>
   </div>
   <div class='ocr_carea' id='block_1_45' title="bbox 178 3133 1768 3208">
    <p class='ocr_par' dir='ltr' id='par_1_45' title="bbox 178 3133 1768 3208">
     <span class='ocr_line' id='line_1_45' title="bbox 178 3133 1768 3208; baseline 0.004 -23"><span class='ocrx_word' id='word_1_325' title='bbox 178 3134 278 3203; x_wconf 81' lang='grc' dir='ltr'>τὴν</span> <span class='ocrx_word' id='word_1_326' title='bbox 304 3133 498 3186; x_wconf 78' lang='grc' dir='ltr'>ἐλπίδα</span> <span class='ocrx_word' id='word_1_327' title='bbox 527 3134 702 3189; x_wconf 82' lang='grc' dir='ltr'>αὐτῶν</span> <span class='ocrx_word' id='word_1_328' title='bbox 735 3136 832 3205; x_wconf 76' lang='grc' dir='ltr'>τὴν</span> <span class='ocrx_word' id='word_1_329' title='bbox 875 3136 1130 3206; x_wconf 87' lang='grc' dir='ltr'>ματαίαν,</span> <span class='ocrx_word' id='word_1_330' title='bbox 1158 3138 1452 3206; x_wconf 75' lang='grc' dir='ltr'>Αἰγύπτιον</span> <span class='ocrx_word' id='word_1_331' title='bbox 1483 3139 1768 3208; x_wconf 85' lang='grc' dir='ltr'>ἄνθρωπον</span> 
     </span>
    </p>
   </div>
   <div class='ocr_carea' id='block_1_46' title="bbox 178 3225 1767 3301">
    <p class='ocr_par' dir='ltr' id='par_1_46' title="bbox 178 3225 1767 3301">
     <span class='ocr_line' id='line_1_46' title="bbox 178 3225 1767 3301; baseline 0.004 -23"><span class='ocrx_word' id='word_1_332' title='bbox 178 3226 272 3279; x_wconf 71' lang='grc' dir='ltr'><strong>καὶ</strong></span> <span class='ocrx_word' id='word_1_333' title='bbox 306 3227 368 3277; x_wconf 80' lang='grc' dir='ltr'><strong>οὐ</strong></span> <span class='ocrx_word' id='word_1_334' title='bbox 393 3225 547 3289; x_wconf 80' lang='grc' dir='ltr'>Θεὸν,</span> <span class='ocrx_word' id='word_1_335' title='bbox 577 3227 758 3279; x_wconf 80' lang='grc' dir='ltr'>ἵππων</span> <span class='ocrx_word' id='word_1_336' title='bbox 791 3229 996 3298; x_wconf 79' lang='grc' dir='ltr'>σάρκας</span> <span class='ocrx_word' id='word_1_337' title='bbox 1028 3230 1119 3281; x_wconf 73' lang='grc' dir='ltr'><strong>καὶ</strong></span> <span class='ocrx_word' id='word_1_338' title='bbox 1150 3229 1250 3281; x_wconf 83' lang='grc' dir='ltr'><strong>οὐκ</strong></span> <span class='ocrx_word' id='word_1_339' title='bbox 1280 3229 1395 3282; x_wconf 74' lang='grc' dir='ltr'>ἐστι</span> <span class='ocrx_word' id='word_1_340' title='bbox 1429 3229 1669 3301; x_wconf 85' lang='grc' dir='ltr'>βοήθεια.</span> <span class='ocrx_word' id='word_1_341' title='bbox 1710 3233 1767 3284; x_wconf 84' lang='grc' dir='ltr'><strong>Ὀ</strong></span> 
     </span>
    </p>
   </div>
   <div class='ocr_carea' id='block_1_47' title="bbox 177 3316 1762 3389">
    <p class='ocr_par' dir='ltr' id='par_1_47' title="bbox 177 3316 1762 3389">
     <span class='ocr_line' id='line_1_47' title="bbox 177 3316 1762 3389; baseline 0.002 -18"><span class='ocrx_word' id='word_1_342' title='bbox 177 3317 232 3371; x_wconf 61' lang='grc' dir='ltr'>ἃ</span> <span class='ocrx_word' id='word_1_343' title='bbox 274 3316 485 3386; x_wconf 85' lang='grc' dir='ltr'>Κύριος</span> <span class='ocrx_word' id='word_1_344' title='bbox 517 3317 713 3384; x_wconf 79' lang='grc' dir='ltr'>ἐπάγει</span> <span class='ocrx_word' id='word_1_345' title='bbox 753 3318 850 3387; x_wconf 76' lang='grc' dir='ltr'>τὴν</span> <span class='ocrx_word' id='word_1_346' title='bbox 891 3322 1044 3389; x_wconf 87' lang='grc' dir='ltr'>χεῖρα</span> <span class='ocrx_word' id='word_1_347' title='bbox 1088 3319 1256 3372; x_wconf 80' lang='grc' dir='ltr'>αὐτοῦ</span> <span class='ocrx_word' id='word_1_348' title='bbox 1290 3323 1376 3373; x_wconf 74' lang='grc' dir='ltr'><strong>ἐπ’</strong></span> <span class='ocrx_word' id='word_1_349' title='bbox 1406 3322 1623 3385; x_wconf 80' lang='grc' dir='ltr'>αὐτοὺς,</span> <span class='ocrx_word' id='word_1_350' title='bbox 1669 3323 1762 3374; x_wconf 83' lang='grc' dir='ltr'><strong>καὶ</strong></span> 
     </span>
    </p>
   </div>
   <div class='ocr_carea' id='block_1_48' title="bbox 178 3406 1763 3478">
    <p class='ocr_par' dir='ltr' id='par_1_48' title="bbox 178 3406 1763 3478">
     <span class='ocr_line' id='line_1_48' title="bbox 178 3406 1763 3478; baseline 0.004 -20"><span class='ocrx_word' id='word_1_351' title='bbox 178 3406 536 3458; x_wconf 83' lang='grc' dir='ltr'>κοπιάσουσιν</span> <span class='ocrx_word' id='word_1_352' title='bbox 596 3408 643 3457; x_wconf 76' lang='lat' dir='ltr'><strong>oi</strong></span> <span class='ocrx_word' id='word_1_353' title='bbox 690 3406 1038 3476; x_wconf 77' lang='grc' dir='ltr'>βοηθοῦντες,</span> <span class='ocrx_word' id='word_1_354' title='bbox 1094 3409 1187 3461; x_wconf 77' lang='grc' dir='ltr'><strong>καὶ</strong></span> <span class='ocrx_word' id='word_1_355' title='bbox 1233 3409 1348 3478; x_wconf 77' lang='grc' dir='ltr'><strong>ἅμα</strong></span> <span class='ocrx_word' id='word_1_356' title='bbox 1401 3410 1604 3474; x_wconf 86' lang='grc' dir='ltr'>πάντες</span> <span class='ocrx_word' id='word_1_357' title='bbox 1659 3413 1763 3464; x_wconf 86' lang='grc' dir='ltr'>ἀπ-</span> 
     </span>
    </p>
   </div>
   <div class='ocr_carea' id='block_1_49' title="bbox 175 3495 1760 3567">
    <p class='ocr_par' dir='ltr' id='par_1_49' title="bbox 175 3495 1760 3567">
     <span class='ocr_line' id='line_1_49' title="bbox 175 3495 1760 3567; baseline 0.004 -19"><span class='ocrx_word' id='word_1_358' title='bbox 175 3495 429 3550; x_wconf 71' lang='grc' dir='ltr'>ολοῦνται</span> <span class='ocrx_word' id='word_1_359' title='bbox 471 3496 732 3566; x_wconf 80' lang='grc' dir='ltr'>μαχαίρᾳ.</span> <span class='ocrx_word' id='word_1_360' title='bbox 775 3515 795 3548; x_wconf 88' lang='grc'><strong><em>›</em></strong></span> <span class='ocrx_word' id='word_1_361' title='bbox 830 3498 1119 3567; x_wconf 80' lang='grc' dir='ltr'>Μέμφεται</span> <span class='ocrx_word' id='word_1_362' title='bbox 1161 3499 1358 3562; x_wconf 80' lang='grc' dir='ltr'>αὐτοὺς</span> <span class='ocrx_word' id='word_1_363' title='bbox 1388 3503 1416 3552; x_wconf 84' lang='grc' dir='ltr'>ὁ</span> <span class='ocrx_word' id='word_1_364' title='bbox 1457 3501 1632 3567; x_wconf 83' lang='grc' dir='ltr'>λόγος,</span> <span class='ocrx_word' id='word_1_365' title='bbox 1657 3503 1760 3565; x_wconf 78' lang='grc' dir='ltr'>ὅτι,</span> 
     </span>
    </p>
   </div>
   <div class='ocr_carea' id='block_1_50' title="bbox 179 3585 1765 3660">
    <p class='ocr_par' dir='ltr' id='par_1_50' title="bbox 179 3585 1765 3660">
     <span class='ocr_line' id='line_1_50' title="bbox 179 3585 1765 3660; baseline 0.004 -22"><span class='ocrx_word' id='word_1_366' title='bbox 179 3589 253 3657; x_wconf 81' lang='grc' dir='ltr'><strong>μὴ</strong></span> <span class='ocrx_word' id='word_1_367' title='bbox 280 3585 604 3649; x_wconf 79' lang='grc' dir='ltr'>πεποιθότες</span> <span class='ocrx_word' id='word_1_368' title='bbox 636 3588 728 3639; x_wconf 75' lang='grc' dir='ltr'>ἐπὶ</span> <span class='ocrx_word' id='word_1_369' title='bbox 753 3588 843 3640; x_wconf 82' lang='grc' dir='ltr'><strong>τὸν</strong></span> <span class='ocrx_word' id='word_1_370' title='bbox 869 3589 1058 3656; x_wconf 76' lang='grc' dir='ltr'>’Ἃγιον</span> <span class='ocrx_word' id='word_1_371' title='bbox 1089 3589 1182 3643; x_wconf 74' lang='grc' dir='ltr'>τοῦ</span> <span class='ocrx_word' id='word_1_372' title='bbox 1212 3590 1446 3660; x_wconf 79' lang='grc' dir='ltr'>Ἰσραὴλ,</span> <span class='ocrx_word' id='word_1_373' title='bbox 1479 3594 1560 3656; x_wconf 76' lang='grc' dir='ltr'><strong>εἰς</strong></span> <span class='ocrx_word' id='word_1_374' title='bbox 1597 3595 1765 3660; x_wconf 82' lang='grc' dir='ltr'>Αἰγυ-</span> 
     </span>
    </p>
   </div>
   <div class='ocr_carea' id='block_1_51' title="bbox 176 3678 1761 3755">
    <p class='ocr_par' dir='ltr' id='par_1_51' title="bbox 176 3678 1761 3755">
     <span class='ocr_line' id='line_1_51' title="bbox 176 3678 1761 3755; baseline 0.006 -26"><span class='ocrx_word' id='word_1_375' title='bbox 176 3680 367 3740; x_wconf 82' lang='grc' dir='ltr'>πτίους</span> <span class='ocrx_word' id='word_1_376' title='bbox 396 3678 723 3746; x_wconf 69' lang='grc' dir='ltr'>κατέφυγον·</span> <span class='ocrx_word' id='word_1_377' title='bbox 748 3679 827 3732; x_wconf 82' lang='grc' dir='ltr'>διὸ</span> <span class='ocrx_word' id='word_1_378' title='bbox 855 3682 948 3733; x_wconf 77' lang='grc' dir='ltr'><strong>καὶ</strong></span> <span class='ocrx_word' id='word_1_379' title='bbox 970 3683 1371 3753; x_wconf 80' lang='grc' dir='ltr'>καταλήψεσθαι</span> <span class='ocrx_word' id='word_1_380' title='bbox 1399 3685 1595 3748; x_wconf 74' lang='grc' dir='ltr'>αὐτοὺς</span> <span class='ocrx_word' id='word_1_381' title='bbox 1625 3684 1660 3738; x_wconf 79' lang='grc' dir='ltr'>ἃ</span> <span class='ocrx_word' id='word_1_382' title='bbox 1689 3685 1761 3755; x_wconf 80' lang='grc' dir='ltr'><strong>μή</strong></span> 
     </span>
    </p>
   </div>
   <div class='ocr_carea' id='block_1_52' title="bbox 175 3771 1759 3843">
    <p class='ocr_par' dir='ltr' id='par_1_52' title="bbox 175 3771 1759 3843">
     <span class='ocr_line' id='line_1_52' title="bbox 175 3771 1759 3843; baseline 0.005 -23"><span class='ocrx_word' id='word_1_383' title='bbox 175 3771 587 3840; x_wconf 79' lang='grc' dir='ltr'>προσεδόκησαν</span> <span class='ocrx_word' id='word_1_384' title='bbox 616 3772 760 3825; x_wconf 86' lang='grc' dir='ltr'><strong>κακά</strong></span> <span class='ocrx_word' id='word_1_385' title='bbox 786 3773 872 3824; x_wconf 79' lang='grc' dir='ltr'><strong>ἐπ’</strong></span> <span class='ocrx_word' id='word_1_386' title='bbox 897 3774 1064 3843; x_wconf 79' lang='grc' dir='ltr'>αὐτῆς</span> <span class='ocrx_word' id='word_1_387' title='bbox 1091 3774 1190 3843; x_wconf 79' lang='grc' dir='ltr'>τῆς</span> <span class='ocrx_word' id='word_1_388' title='bbox 1219 3776 1491 3843; x_wconf 74' lang='grc' dir='ltr'>Αἰγύπτου</span> <span class='ocrx_word' id='word_1_389' title='bbox 1526 3777 1759 3828; x_wconf 81' lang='grc' dir='ltr'>ἀπειλεῖ.</span> 
     </span>
    </p>
   </div>
   <div class='ocr_carea' id='block_1_53' title="bbox 177 3862 1761 3950">
    <p class='ocr_par' dir='ltr' id='par_1_53' title="bbox 177 3862 1761 3950">
     <span class='ocr_line' id='line_1_53' title="bbox 177 3862 1761 3950; baseline -0.001 -37"><span class='ocrx_word' id='word_1_390' title='bbox 177 3863 428 3916; x_wconf 80' lang='grc' dir='ltr'>Διδάσκει</span> <span class='ocrx_word' id='word_1_391' title='bbox 455 3862 520 3914; x_wconf 87' lang='grc' dir='ltr'>δι’</span> <span class='ocrx_word' id='word_1_392' title='bbox 545 3863 672 3931; x_wconf 82' lang='grc' dir='ltr'>ὅλης</span> <span class='ocrx_word' id='word_1_393' title='bbox 697 3865 796 3933; x_wconf 83' lang='grc' dir='ltr'>τῆς</span> <span class='ocrx_word' id='word_1_394' title='bbox 834 3866 1203 3937; x_wconf 82' lang='grc' dir='ltr'>προκειμένης</span> <span class='ocrx_word' id='word_1_395' title='bbox 1250 3868 1488 3936; x_wconf 84' lang='grc' dir='ltr'>ἱστορίας</span> <span class='ocrx_word' id='word_1_396' title='bbox 1527 3871 1555 3920; x_wconf 78' lang='grc' dir='ltr'>ὁ</span> <span class='ocrx_word' id='word_1_397' title='bbox 1584 3869 1761 3950; x_wconf 65' lang='grc' dir='ltr'>λόγος,</span> 
     </span>
    </p>
   </div>
   <div class='ocr_carea' id='block_1_54' title="bbox 176 3950 1761 4024">
    <p class='ocr_par' dir='ltr' id='par_1_54' title="bbox 176 3950 1761 4024">
     <span class='ocr_line' id='line_1_54' title="bbox 176 3950 1761 4024; baseline 0.008 -26"><span class='ocrx_word' id='word_1_398' title='bbox 176 3950 233 3999; x_wconf 78' lang='grc' dir='ltr'><strong>ἐν</strong></span> <span class='ocrx_word' id='word_1_399' title='bbox 257 3951 374 4011; x_wconf 84' lang='grc' dir='ltr'>τοῖς</span> <span class='ocrx_word' id='word_1_400' title='bbox 407 3952 615 4018; x_wconf 84' lang='grc' dir='ltr'>καιροῖς</span> <span class='ocrx_word' id='word_1_401' title='bbox 646 3951 753 4002; x_wconf 89' lang='grc' dir='ltr'><strong>τῶν</strong></span> <span class='ocrx_word' id='word_1_402' title='bbox 782 3952 1056 4021; x_wconf 87' lang='grc' dir='ltr'>διωγμῶν,</span> <span class='ocrx_word' id='word_1_403' title='bbox 1086 3954 1140 4005; x_wconf 79' lang='grc' dir='ltr'>ετ</span> <span class='ocrx_word' id='word_1_404' title='bbox 1162 3951 1290 4007; x_wconf 57' lang='grc' dir='ltr'>ποίεε</span> <span class='ocrx_word' id='word_1_405' title='bbox 1323 3959 1557 4024; x_wconf 84' lang='grc' dir='ltr'>κρινεῖεν</span> <span class='ocrx_word' id='word_1_406' title='bbox 1579 3959 1761 4022; x_wconf 78' lang='grc' dir='ltr'>ό,Θεὸς</span> 
     </span>
    </p>
   </div>
   <div class='ocr_carea' id='block_1_55' title="bbox 171 4037 1759 4120">
    <p class='ocr_par' dir='ltr' id='par_1_55' title="bbox 171 4037 1759 4120">
     <span class='ocr_line' id='line_1_55' title="bbox 171 4037 1759 4120; baseline 0.009 -33"><span class='ocrx_word' id='word_1_407' title='bbox 171 4037 262 4088; x_wconf 81' lang='grc' dir='ltr'><strong>τὸν</strong></span> <span class='ocrx_word' id='word_1_408' title='bbox 287 4037 419 4090; x_wconf 83' lang='grc' dir='ltr'>λαὸν</span> <span class='ocrx_word' id='word_1_409' title='bbox 449 4037 636 4102; x_wconf 75' lang='grc' dir='ltr'>αὑτοῦ,</span> <span class='ocrx_word' id='word_1_410' title='bbox 674 4040 706 4110; x_wconf 84' lang='grc' dir='ltr'>ἢ</span> <span class='ocrx_word' id='word_1_411' title='bbox 748 4041 840 4092; x_wconf 73' lang='grc' dir='ltr'><strong>καὶ</strong></span> <span class='ocrx_word' id='word_1_412' title='bbox 878 4043 976 4112; x_wconf 82' lang='grc' dir='ltr'><strong>τὴν</strong></span> <span class='ocrx_word' id='word_1_413' title='bbox 1017 4043 1342 4115; x_wconf 74' lang='grc' dir='ltr'>Ἐκκλησίαν</span> <span class='ocrx_word' id='word_1_414' title='bbox 1368 4048 1532 4100; x_wconf 76' lang='grc' dir='ltr'>αὑτοῦ</span> <span class='ocrx_word' id='word_1_415' title='bbox 1578 4066 1759 4120; x_wconf 87' lang='grc' dir='ltr'>παρα-</span> 
     </span>
    </p>
   </div>
   <div class='ocr_carea' id='block_1_56' title="bbox 170 4126 1760 4208">
    <p class='ocr_par' dir='ltr' id='par_1_56' title="bbox 170 4126 1760 4208">
     <span class='ocr_line' id='line_1_56' title="bbox 170 4126 1760 4208; baseline 0.009 -30"><span class='ocrx_word' id='word_1_416' title='bbox 170 4126 352 4179; x_wconf 70' lang='grc' dir='ltr'>δοῦναι</span> <span class='ocrx_word' id='word_1_417' title='bbox 399 4131 511 4192; x_wconf 84' lang='grc' dir='ltr'>τοῖς</span> <span class='ocrx_word' id='word_1_418' title='bbox 544 4130 642 4199; x_wconf 78' lang='grc' dir='ltr'>τὴν</span> <span class='ocrx_word' id='word_1_419' title='bbox 685 4131 991 4186; x_wconf 75' lang='grc' dir='ltr'>θεοσέϐειαν</span> <span class='ocrx_word' id='word_1_420' title='bbox 1023 4135 1326 4201; x_wconf 79' lang='grc' dir='ltr'>ἐλαύνουσι,</span> <span class='ocrx_word' id='word_1_421' title='bbox 1375 4138 1447 4208; x_wconf 82' lang='grc' dir='ltr'>μὴ</span> <span class='ocrx_word' id='word_1_422' title='bbox 1489 4139 1596 4190; x_wconf 88' lang='grc' dir='ltr'>δεῖν</span> <span class='ocrx_word' id='word_1_423' title='bbox 1629 4142 1760 4194; x_wconf 84' lang='grc' dir='ltr'>ἀνα-</span> 
     </span>
    </p>
   </div>
   <div class='ocr_carea' id='block_1_57' title="bbox 170 4219 1757 4298">
    <p class='ocr_par' dir='ltr' id='par_1_57' title="bbox 170 4219 1757 4298">
     <span class='ocr_line' id='line_1_57' title="bbox 170 4219 1757 4298; baseline 0.01 -30"><span class='ocrx_word' id='word_1_424' title='bbox 170 4221 371 4287; x_wconf 85' lang='grc' dir='ltr'>χωρεῖν</span> <span class='ocrx_word' id='word_1_425' title='bbox 407 4219 510 4288; x_wconf 78' lang='grc' dir='ltr'>τῆς</span> <span class='ocrx_word' id='word_1_426' title='bbox 544 4221 726 4275; x_wconf 74' lang='grc' dir='ltr'>ἐνθέου</span> <span class='ocrx_word' id='word_1_427' title='bbox 767 4242 1029 4290; x_wconf 88' lang='grc' dir='ltr'>πιστεως,</span> <span class='ocrx_word' id='word_1_428' title='bbox 1073 4227 1206 4298; x_wconf 78' lang='grc' dir='ltr'>μηδὲ</span> <span class='ocrx_word' id='word_1_429' title='bbox 1235 4231 1335 4298; x_wconf 85' lang='grc' dir='ltr'>τῆς</span> <span class='ocrx_word' id='word_1_430' title='bbox 1369 4231 1461 4282; x_wconf 75' lang='grc' dir='ltr'><strong>ἐπὶ</strong></span> <span class='ocrx_word' id='word_1_431' title='bbox 1499 4231 1592 4282; x_wconf 81' lang='grc' dir='ltr'><strong>τὸν</strong></span> <span class='ocrx_word' id='word_1_432' title='bbox 1625 4231 1757 4284; x_wconf 83' lang='grc' dir='ltr'>Θεὸν</span> 
     </span>
    </p>
   </div>
   <div class='ocr_carea' id='block_1_58' title="bbox 170 4309 1757 4389">
    <p class='ocr_par' dir='ltr' id='par_1_58' title="bbox 170 4309 1757 4389">
     <span class='ocr_line' id='line_1_58' title="bbox 170 4309 1757 4389; baseline 0.01 -29"><span class='ocrx_word' id='word_1_433' title='bbox 170 4309 559 4381; x_wconf 84' lang='grc' dir='ltr'>πεποιθήσεως</span> <span class='ocrx_word' id='word_1_434' title='bbox 604 4314 968 4382; x_wconf 79' lang='grc' dir='ltr'>ἀφίστασθαι,</span> <span class='ocrx_word' id='word_1_435' title='bbox 1023 4320 1157 4389; x_wconf 81' lang='grc' dir='ltr'>μηδὲ</span> <span class='ocrx_word' id='word_1_436' title='bbox 1211 4321 1609 4388; x_wconf 85' lang='grc' dir='ltr'>ἀπογινώσκειν</span> <span class='ocrx_word' id='word_1_437' title='bbox 1660 4324 1757 4388; x_wconf 79' lang='grc' dir='ltr'>τὰς</span> 
     </span>
    </p>
   </div>
   <div class='ocr_carea' id='block_1_59' title="bbox 168 4403 1756 4484">
    <p class='ocr_par' dir='ltr' id='par_1_59' title="bbox 168 4403 1756 4484">
     <span class='ocr_line' id='line_1_59' title="bbox 168 4403 1756 4484; baseline 0.01 -31"><span class='ocrx_word' id='word_1_438' title='bbox 168 4403 363 4456; x_wconf 83' lang='grc' dir='ltr'>τούτου</span> <span class='ocrx_word' id='word_1_439' title='bbox 395 4405 709 4474; x_wconf 82' lang='grc' dir='ltr'>διαλλαγὰς,</span> <span class='ocrx_word' id='word_1_440' title='bbox 735 4410 872 4478; x_wconf 79' lang='grc' dir='ltr'>μηδὲ</span> <span class='ocrx_word' id='word_1_441' title='bbox 898 4408 989 4464; x_wconf 52' lang='grc' dir='ltr'><strong>εει</strong></span> <span class='ocrx_word' id='word_1_442' title='bbox 1015 4412 1103 4463; x_wconf 85' lang='grc' dir='ltr'><strong>τὸν</strong></span> <span class='ocrx_word' id='word_1_443' title='bbox 1127 4415 1492 4480; x_wconf 66' lang='grc' dir='ltr'>Αἰγυπτιακόν</span> <span class='ocrx_word' id='word_1_444' title='bbox 1517 4416 1630 4484; x_wconf 87' lang='grc' dir='ltr'>βίον</span> <span class='ocrx_word' id='word_1_445' title='bbox 1660 4417 1756 4468; x_wconf 81' lang='grc' dir='ltr'>αύ-</span> 
     </span>
    </p>
   </div>
   <div class='ocr_carea' id='block_1_60' title="bbox 167 4493 1752 4579">
    <p class='ocr_par' dir='ltr' id='par_1_60' title="bbox 167 4493 1752 4579">
     <span class='ocr_line' id='line_1_60' title="bbox 167 4493 1752 4579; baseline 0.011 -35"><span class='ocrx_word' id='word_1_446' title='bbox 167 4493 442 4562; x_wconf 83' lang='grc' dir='ltr'>τομολεῖν,</span> <span class='ocrx_word' id='word_1_447' title='bbox 471 4495 615 4564; x_wconf 77' lang='grc' dir='ltr'>λέγω</span> <span class='ocrx_word' id='word_1_448' title='bbox 637 4498 702 4568; x_wconf 78' lang='grc' dir='ltr'>δὴ</span> <span class='ocrx_word' id='word_1_449' title='bbox 731 4499 819 4551; x_wconf 80' lang='grc' dir='ltr'><strong>τὸν</strong></span> <span class='ocrx_word' id='word_1_450' title='bbox 845 4500 952 4555; x_wconf 75' lang='grc' dir='ltr'><strong>τῶν</strong></span> <span class='ocrx_word' id='word_1_451' title='bbox 977 4501 1391 4573; x_wconf 85' lang='grc' dir='ltr'>εἰδωλολατρῶν.</span> <span class='ocrx_word' id='word_1_452' title='bbox 1425 4506 1616 4559; x_wconf 77' lang='grc' dir='ltr'>Πολλοὶ</span> <span class='ocrx_word' id='word_1_453' title='bbox 1645 4509 1752 4579; x_wconf 81' lang='grc' dir='ltr'>γὰρ</span> 
     </span>
    </p>
   </div>
   <div class='ocr_carea' id='block_1_61' title="bbox 1879 2046 3470 2116">
    <p class='ocr_par' dir='ltr' id='par_1_61' title="bbox 1879 2046 3470 2116">
     <span class='ocr_line' id='line_1_61' title="bbox 1879 2046 3470 2116; baseline -0.005 -11"><span class='ocrx_word' id='word_1_454' title='bbox 1879 2052 2001 2106; x_wconf 88' lang='lat' dir='ltr'><strong>istic</strong></span> <span class='ocrx_word' id='word_1_455' title='bbox 2038 2049 2568 2109; x_wconf 87' lang='lat' dir='ltr'><strong>condemnabuntur,</strong></span> <span class='ocrx_word' id='word_1_456' title='bbox 2624 2047 2973 2116; x_wconf 75' lang='lat' dir='ltr'><strong>supplicium.</strong></span> <span class='ocrx_word' id='word_1_457' title='bbox 3033 2046 3130 2100; x_wconf 88' lang='lat' dir='ltr'><strong>llis</strong></span> <span class='ocrx_word' id='word_1_458' title='bbox 3174 2062 3340 2116; x_wconf 91' lang='lat' dir='ltr'><strong>porro</strong></span> <span class='ocrx_word' id='word_1_459' title='bbox 3372 2047 3470 2098; x_wconf 89' lang='lat' dir='ltr'><strong>ad-</strong></span> 
     </span>
    </p>
   </div>
   <div class='ocr_carea' id='block_1_62' title="bbox 1875 2139 3467 2209">
    <p class='ocr_par' dir='ltr' id='par_1_62' title="bbox 1875 2139 3467 2209">
     <span class='ocr_line' id='line_1_62' title="bbox 1875 2139 3467 2209; baseline -0.003 -13"><span class='ocrx_word' id='word_1_460' title='bbox 1875 2145 2058 2197; x_wconf 81' lang='lat' dir='ltr'><strong>ductis</strong></span> <span class='ocrx_word' id='word_1_461' title='bbox 2097 2143 2153 2197; x_wconf 91' lang='lat' dir='ltr'><strong>in</strong></span> <span class='ocrx_word' id='word_1_462' title='bbox 2210 2142 2469 2206; x_wconf 89' lang='lat' dir='ltr'><strong>medium,</strong></span> <span class='ocrx_word' id='word_1_463' title='bbox 2533 2141 2880 2209; x_wconf 83' lang='lat' dir='ltr'><strong>prophetiam</strong></span> <span class='ocrx_word' id='word_1_464' title='bbox 2929 2153 3095 2206; x_wconf 88' lang='lat' dir='ltr'><strong>super</strong></span> <span class='ocrx_word' id='word_1_465' title='bbox 3146 2140 3234 2203; x_wconf 88' lang='lat' dir='ltr'><strong>iis,</strong></span> <span class='ocrx_word' id='word_1_466' title='bbox 3270 2139 3363 2208; x_wconf 92' lang='lat' dir='ltr'><strong>qui</strong></span> <span class='ocrx_word' id='word_1_467' title='bbox 3412 2139 3467 2192; x_wconf 93' lang='lat' dir='ltr'><strong>in</strong></span> 
     </span>
    </p>
   </div>
   <div class='ocr_carea' id='block_1_63' title="bbox 1876 2231 2902 2304">
    <p class='ocr_par' dir='ltr' id='par_1_63' title="bbox 1876 2231 2902 2304">
     <span class='ocr_line' id='line_1_63' title="bbox 1876 2231 2902 2304; baseline -0.005 -15"><span class='ocrx_word' id='word_1_468' title='bbox 1876 2233 2172 2304; x_wconf 68' lang='lat' dir='ltr'><strong>Algyptum</strong></span> <span class='ocrx_word' id='word_1_469' title='bbox 2200 2231 2609 2301; x_wconf 79' lang='lat' dir='ltr'><strong>confugiebant,</strong></span> <span class='ocrx_word' id='word_1_470' title='bbox 2653 2231 2902 2284; x_wconf 88' lang='lat' dir='ltr'><strong>resumit.</strong></span> 
     </span>
    </p>
   </div>
   <div class='ocr_carea' id='block_1_64' title="bbox 2440 2382 2901 2440">
    <p class='ocr_par' dir='ltr' id='par_1_64' title="bbox 2440 2382 2901 2440">
     <span class='ocr_line' id='line_1_64' title="bbox 2440 2382 2901 2440; baseline -0.004 0"><span class='ocrx_word' id='word_1_471' title='bbox 2440 2383 2671 2440; x_wconf 83' lang='lat' dir='ltr'><strong>CAPUT</strong></span> <span class='ocrx_word' id='word_1_472' title='bbox 2706 2382 2901 2439; x_wconf 82' lang='lat' dir='ltr'><strong><em>XXXI.</em></strong></span> 
     </span>
    </p>
   </div>
   <div class='ocr_carea' id='block_1_65' title="bbox 1945 2493 3465 2563">
    <p class='ocr_par' dir='ltr' id='par_1_65' title="bbox 1945 2493 3465 2563">
     <span class='ocr_line' id='line_1_65' title="bbox 1945 2493 3465 2563; baseline -0.003 -12"><span class='ocrx_word' id='word_1_473' title='bbox 1945 2498 2109 2551; x_wconf 74' lang='lat' dir='ltr'><strong>Vens.</strong></span> <span class='ocrx_word' id='word_1_474' title='bbox 2129 2497 2242 2550; x_wconf 77' lang='lat'><strong>1-3.</strong></span> <span class='ocrx_word' id='word_1_475' title='bbox 2281 2495 2404 2550; x_wconf 69' lang='lat' dir='ltr'><strong>«Vae</strong></span> <span class='ocrx_word' id='word_1_476' title='bbox 2423 2496 2512 2563; x_wconf 92' lang='lat' dir='ltr'><strong>qui</strong></span> <span class='ocrx_word' id='word_1_477' title='bbox 2533 2496 2872 2549; x_wconf 88' lang='lat' dir='ltr'><strong>descendunt</strong></span> <span class='ocrx_word' id='word_1_478' title='bbox 2894 2495 2945 2547; x_wconf 93' lang='lat' dir='ltr'><strong>in</strong></span> <span class='ocrx_word' id='word_1_479' title='bbox 2966 2493 3259 2563; x_wconf 62' lang='lat' dir='ltr'><strong>Egyptnm</strong></span> <span class='ocrx_word' id='word_1_480' title='bbox 3279 2494 3345 2546; x_wconf 82' lang='lat' dir='ltr'><strong>ad</strong></span> <span class='ocrx_word' id='word_1_481' title='bbox 3363 2507 3465 2546; x_wconf 89' lang='lat' dir='ltr'><strong>au-</strong></span> 
     </span>
    </p>
   </div>
   <div class='ocr_carea' id='block_1_66' title="bbox 1876 2583 3468 2657">
    <p class='ocr_par' dir='ltr' id='par_1_66' title="bbox 1876 2583 3468 2657">
     <span class='ocr_line' id='line_1_66' title="bbox 1876 2583 3468 2657; baseline -0.004 -15"><span class='ocrx_word' id='word_1_482' title='bbox 1876 2591 2090 2652; x_wconf 76' lang='lat' dir='ltr'><strong>xilium,</strong></span> <span class='ocrx_word' id='word_1_483' title='bbox 2117 2590 2206 2657; x_wconf 90' lang='lat' dir='ltr'><strong>qui</strong></span> <span class='ocrx_word' id='word_1_484' title='bbox 2261 2587 2541 2642; x_wconf 85' lang='lat' dir='ltr'><strong>confidunt</strong></span> <span class='ocrx_word' id='word_1_485' title='bbox 2575 2589 2626 2640; x_wconf 93' lang='lat' dir='ltr'><strong>in</strong></span> <span class='ocrx_word' id='word_1_486' title='bbox 2662 2588 2821 2654; x_wconf 89' lang='lat' dir='ltr'><strong>equis</strong></span> <span class='ocrx_word' id='word_1_487' title='bbox 2853 2595 2906 2640; x_wconf 90' lang='lat' dir='ltr'><strong>et</strong></span> <span class='ocrx_word' id='word_1_488' title='bbox 2939 2588 2990 2639; x_wconf 92' lang='lat' dir='ltr'><strong>in</strong></span> <span class='ocrx_word' id='word_1_489' title='bbox 3019 2584 3290 2639; x_wconf 89' lang='lat' dir='ltr'><strong>curribus.</strong></span> <span class='ocrx_word' id='word_1_490' title='bbox 3327 2583 3468 2638; x_wconf 89' lang='lat' dir='ltr'><strong>Sunt</strong></span> 
     </span>
    </p>
   </div>
   <div class='ocr_carea' id='block_1_67' title="bbox 1874 2675 3465 2746">
    <p class='ocr_par' dir='ltr' id='par_1_67' title="bbox 1874 2675 3465 2746">
     <span class='ocr_line' id='line_1_67' title="bbox 1874 2675 3465 2746; baseline -0.003 -14"><span class='ocrx_word' id='word_1_491' title='bbox 1874 2680 2014 2734; x_wconf 86' lang='lat' dir='ltr'><strong>enim</strong></span> <span class='ocrx_word' id='word_1_492' title='bbox 2037 2679 2213 2742; x_wconf 90' lang='lat' dir='ltr'><strong>multi,</strong></span> <span class='ocrx_word' id='word_1_493' title='bbox 2232 2688 2287 2732; x_wconf 92' lang='lat' dir='ltr'><strong>et</strong></span> <span class='ocrx_word' id='word_1_494' title='bbox 2311 2680 2362 2730; x_wconf 90' lang='lat' dir='ltr'><strong>in</strong></span> <span class='ocrx_word' id='word_1_495' title='bbox 2389 2679 2543 2746; x_wconf 90' lang='lat' dir='ltr'><strong>equis</strong></span> <span class='ocrx_word' id='word_1_496' title='bbox 2563 2676 2849 2730; x_wconf 89' lang='lat' dir='ltr'><strong>mttltitudo</strong></span> <span class='ocrx_word' id='word_1_497' title='bbox 2872 2676 3084 2745; x_wconf 80' lang='lat' dir='ltr'><strong>ingens.</strong></span> <span class='ocrx_word' id='word_1_498' title='bbox 3116 2675 3179 2726; x_wconf 80' lang='lat' dir='ltr'><strong>Et</strong></span> <span class='ocrx_word' id='word_1_499' title='bbox 3203 2691 3306 2727; x_wconf 90' lang='lat' dir='ltr'><strong>non</strong></span> <span class='ocrx_word' id='word_1_500' title='bbox 3327 2690 3465 2728; x_wconf 88' lang='lat' dir='ltr'><strong>con-</strong></span> 
     </span>
    </p>
   </div>
   <div class='ocr_carea' id='block_1_68' title="bbox 1874 2766 3464 2835">
    <p class='ocr_par' dir='ltr' id='par_1_68' title="bbox 1874 2766 3464 2835">
     <span class='ocr_line' id='line_1_68' title="bbox 1874 2766 3464 2835; baseline -0.004 -10"><span class='ocrx_word' id='word_1_501' title='bbox 1874 2773 1954 2826; x_wconf 80' lang='lat' dir='ltr'><strong>fisi</strong></span> <span class='ocrx_word' id='word_1_502' title='bbox 1973 2773 2166 2826; x_wconf 90' lang='lat' dir='ltr'><strong>suntin</strong></span> <span class='ocrx_word' id='word_1_503' title='bbox 2183 2769 2385 2824; x_wconf 86' lang='lat' dir='ltr'><strong>Sancto</strong></span> <span class='ocrx_word' id='word_1_504' title='bbox 2404 2769 2588 2835; x_wconf 90' lang='lat' dir='ltr'><strong>Israel,</strong></span> <span class='ocrx_word' id='word_1_505' title='bbox 2608 2777 2662 2821; x_wconf 92' lang='lat' dir='ltr'><strong>et</strong></span> <span class='ocrx_word' id='word_1_506' title='bbox 2679 2768 2965 2821; x_wconf 89' lang='lat' dir='ltr'><strong>Dominum</strong></span> <span class='ocrx_word' id='word_1_507' title='bbox 2987 2783 3089 2819; x_wconf 91' lang='lat' dir='ltr'><strong>non</strong></span> <span class='ocrx_word' id='word_1_508' title='bbox 3108 2766 3464 2834; x_wconf 64' lang='lat' dir='ltr'><strong>quiesicrunt.</strong></span> 
     </span>
    </p>
   </div>
   <div class='ocr_carea' id='block_1_69' title="bbox 1875 2857 3464 2932">
    <p class='ocr_par' dir='ltr' id='par_1_69' title="bbox 1875 2857 3464 2932">
     <span class='ocr_line' id='line_1_69' title="bbox 1875 2857 3464 2932; baseline -0.004 -14"><span class='ocrx_word' id='word_1_509' title='bbox 1875 2865 1940 2918; x_wconf 87' lang='lat' dir='ltr'><strong>Et</strong></span> <span class='ocrx_word' id='word_1_510' title='bbox 1970 2865 2083 2932; x_wconf 91' lang='lat' dir='ltr'><strong>ipse</strong></span> <span class='ocrx_word' id='word_1_511' title='bbox 2105 2862 2380 2931; x_wconf 87' lang='lat' dir='ltr'><strong>sapienter</strong></span> <span class='ocrx_word' id='word_1_512' title='bbox 2401 2861 2613 2914; x_wconf 77' lang='lat' dir='ltr'><strong>induxit</strong></span> <span class='ocrx_word' id='word_1_513' title='bbox 2635 2876 2798 2928; x_wconf 89' lang='lat' dir='ltr'><strong>super</strong></span> <span class='ocrx_word' id='word_1_514' title='bbox 2818 2875 2912 2914; x_wconf 85' lang='lat' dir='ltr'><strong>eos</strong></span> <span class='ocrx_word' id='word_1_515' title='bbox 2955 2860 3118 2920; x_wconf 89' lang='lat' dir='ltr'><strong>mala,</strong></span> <span class='ocrx_word' id='word_1_516' title='bbox 3156 2868 3210 2912; x_wconf 91' lang='lat' dir='ltr'><strong>et</strong></span> <span class='ocrx_word' id='word_1_517' title='bbox 3239 2857 3464 2911; x_wconf 85' lang='lat' dir='ltr'><strong>verbum</strong></span> 
     </span>
    </p>
   </div>
   <div class='ocr_carea' id='block_1_70' title="bbox 1873 2952 3463 3024">
    <p class='ocr_par' dir='ltr' id='par_1_70' title="bbox 1873 2952 3463 3024">
     <span class='ocr_line' id='line_1_70' title="bbox 1873 2952 3463 3024; baseline -0.005 -14"><span class='ocrx_word' id='word_1_518' title='bbox 1873 2957 1988 3024; x_wconf 82' lang='lat' dir='ltr'><strong>ejus</strong></span> <span class='ocrx_word' id='word_1_519' title='bbox 2005 2970 2109 3009; x_wconf 92' lang='lat' dir='ltr'><strong>non</strong></span> <span class='ocrx_word' id='word_1_520' title='bbox 2133 2955 2508 3016; x_wconf 88' lang='lat' dir='ltr'><strong>frustrabitur,</strong></span> <span class='ocrx_word' id='word_1_521' title='bbox 2533 2963 2589 3006; x_wconf 83' lang='lat' dir='ltr'><strong>et</strong></span> <span class='ocrx_word' id='word_1_522' title='bbox 2613 2953 2859 3021; x_wconf 88' lang='lat' dir='ltr'><strong>insurget</strong></span> <span class='ocrx_word' id='word_1_523' title='bbox 2896 2952 2948 3004; x_wconf 91' lang='lat' dir='ltr'><strong>in</strong></span> <span class='ocrx_word' id='word_1_524' title='bbox 2974 2953 3163 3003; x_wconf 84' lang='lat' dir='ltr'><strong>domos</strong></span> <span class='ocrx_word' id='word_1_525' title='bbox 3183 2952 3463 3003; x_wconf 84' lang='lat' dir='ltr'><strong>hominum</strong></span> 
     </span>
    </p>
   </div>
   <div class='ocr_carea' id='block_1_71' title="bbox 1873 3045 3459 3115">
    <p class='ocr_par' dir='ltr' id='par_1_71' title="bbox 1873 3045 3459 3115">
     <span class='ocr_line' id='line_1_71' title="bbox 1873 3045 3459 3115; baseline -0.002 -13"><span class='ocrx_word' id='word_1_526' title='bbox 1873 3049 2159 3108; x_wconf 85' lang='lat' dir='ltr'><strong>malorum.</strong></span> <span class='ocrx_word' id='word_1_527' title='bbox 2195 3058 2247 3102; x_wconf 91' lang='lat' dir='ltr'><strong>et</strong></span> <span class='ocrx_word' id='word_1_528' title='bbox 2285 3048 2336 3099; x_wconf 90' lang='lat' dir='ltr'><strong>in</strong></span> <span class='ocrx_word' id='word_1_529' title='bbox 2362 3063 2509 3115; x_wconf 87' lang='lat' dir='ltr'><strong>spem</strong></span> <span class='ocrx_word' id='word_1_530' title='bbox 2533 3061 2719 3099; x_wconf 90' lang='lat' dir='ltr'><strong>eorum</strong></span> <span class='ocrx_word' id='word_1_531' title='bbox 2751 3062 2965 3110; x_wconf 82' lang='lat' dir='ltr'><strong>vanam,</strong></span> <span class='ocrx_word' id='word_1_532' title='bbox 3008 3045 3324 3113; x_wconf 66' lang='lat' dir='ltr'><strong>Egyptium</strong></span> <span class='ocrx_word' id='word_1_533' title='bbox 3355 3046 3459 3099; x_wconf 88' lang='lat' dir='ltr'><strong>ho—</strong></span> 
     </span>
    </p>
   </div>
   <div class='ocr_carea' id='block_1_72' title="bbox 1874 3137 3465 3206">
    <p class='ocr_par' dir='ltr' id='par_1_72' title="bbox 1874 3137 3465 3206">
     <span class='ocr_line' id='line_1_72' title="bbox 1874 3137 3465 3206; baseline 0.001 -16"><span class='ocrx_word' id='word_1_534' title='bbox 1874 3140 2072 3191; x_wconf 89' lang='lat' dir='ltr'><strong>minem</strong></span> <span class='ocrx_word' id='word_1_535' title='bbox 2122 3147 2175 3190; x_wconf 90' lang='lat' dir='ltr'><strong>et</strong></span> <span class='ocrx_word' id='word_1_536' title='bbox 2205 3152 2309 3188; x_wconf 90' lang='lat' dir='ltr'><strong>non</strong></span> <span class='ocrx_word' id='word_1_537' title='bbox 2371 3137 2564 3200; x_wconf 89' lang='lat' dir='ltr'><strong>Deum,</strong></span> <span class='ocrx_word' id='word_1_538' title='bbox 2597 3151 2859 3206; x_wconf 89' lang='lat' dir='ltr'><strong>equorum</strong></span> <span class='ocrx_word' id='word_1_539' title='bbox 2903 3152 3119 3201; x_wconf 87' lang='lat' dir='ltr'><strong>carnes,</strong></span> <span class='ocrx_word' id='word_1_540' title='bbox 3148 3148 3204 3191; x_wconf 89' lang='lat' dir='ltr'><strong>et</strong></span> <span class='ocrx_word' id='word_1_541' title='bbox 3244 3153 3349 3192; x_wconf 90' lang='lat' dir='ltr'><strong>non</strong></span> <span class='ocrx_word' id='word_1_542' title='bbox 3380 3149 3465 3194; x_wconf 91' lang='lat' dir='ltr'><strong>est</strong></span> 
     </span>
    </p>
   </div>
   <div class='ocr_carea' id='block_1_73' title="bbox 1873 3227 3462 3285">
    <p class='ocr_par' dir='ltr' id='par_1_73' title="bbox 1873 3227 3462 3285">
     <span class='ocr_line' id='line_1_73' title="bbox 1873 3227 3462 3285; baseline 0.002 -3"><span class='ocrx_word' id='word_1_543' title='bbox 1873 3229 2159 3282; x_wconf 76' lang='lat' dir='ltr'><strong>auxilium.</strong></span> <span class='ocrx_word' id='word_1_544' title='bbox 2193 3227 2456 3282; x_wconf 89' lang='lat' dir='ltr'><strong>Dominus</strong></span> <span class='ocrx_word' id='word_1_545' title='bbox 2493 3238 2675 3282; x_wconf 88' lang='lat' dir='ltr'><strong>autem</strong></span> <span class='ocrx_word' id='word_1_546' title='bbox 2713 3229 2929 3282; x_wconf 85' lang='lat' dir='ltr'><strong>inducet</strong></span> <span class='ocrx_word' id='word_1_547' title='bbox 2971 3244 3186 3282; x_wconf 91' lang='lat' dir='ltr'><strong>manum</strong></span> <span class='ocrx_word' id='word_1_548' title='bbox 3224 3245 3378 3284; x_wconf 86' lang='lat' dir='ltr'><strong>suam</strong></span> <span class='ocrx_word' id='word_1_549' title='bbox 3402 3231 3462 3285; x_wconf 91' lang='lat' dir='ltr'><strong>in</strong></span> 
     </span>
    </p>
   </div>
   <div class='ocr_carea' id='block_1_74' title="bbox 1872 3320 3462 3388">
    <p class='ocr_par' dir='ltr' id='par_1_74' title="bbox 1872 3320 3462 3388">
     <span class='ocr_line' id='line_1_74' title="bbox 1872 3320 3462 3388; baseline 0.003 -16"><span class='ocrx_word' id='word_1_550' title='bbox 1872 3335 1984 3379; x_wconf 88' lang='lat' dir='ltr'><strong>eos.</strong></span> <span class='ocrx_word' id='word_1_551' title='bbox 2017 3329 2072 3373; x_wconf 91' lang='lat' dir='ltr'><strong>et</strong></span> <span class='ocrx_word' id='word_1_552' title='bbox 2108 3320 2540 3388; x_wconf 88' lang='lat' dir='ltr'><strong>laborabuntqui</strong></span> <span class='ocrx_word' id='word_1_553' title='bbox 2571 3321 2926 3384; x_wconf 78' lang='lat' dir='ltr'><strong>auxiliantur,</strong></span> <span class='ocrx_word' id='word_1_554' title='bbox 2980 3330 3036 3373; x_wconf 89' lang='lat' dir='ltr'><strong>et</strong></span> <span class='ocrx_word' id='word_1_555' title='bbox 3079 3320 3240 3373; x_wconf 88' lang='lat' dir='ltr'><strong>simul</strong></span> <span class='ocrx_word' id='word_1_556' title='bbox 3265 3327 3462 3377; x_wconf 80' lang='lat' dir='ltr'><strong>omnes</strong></span> 
     </span>
    </p>
   </div>
   <div class='ocr_carea' id='block_1_75' title="bbox 1873 3407 3459 3480">
    <p class='ocr_par' dir='ltr' id='par_1_75' title="bbox 1873 3407 3459 3480">
     <span class='ocr_line' id='line_1_75' title="bbox 1873 3407 3459 3480; baseline 0.003 -19"><span class='ocrx_word' id='word_1_557' title='bbox 1873 3409 2123 3477; x_wconf 88' lang='lat' dir='ltr'><strong>peribunt</strong></span> <span class='ocrx_word' id='word_1_558' title='bbox 2157 3409 2355 3479; x_wconf 82' lang='lat' dir='ltr'><strong>gladio.</strong></span> <span class='ocrx_word' id='word_1_559' title='bbox 2385 3427 2404 3460; x_wconf 73' lang='grc' dir='ltr'><strong>ι</strong></span> <span class='ocrx_word' id='word_1_560' title='bbox 2445 3407 2594 3476; x_wconf 88' lang='lat' dir='ltr'><strong>Ipsos</strong></span> <span class='ocrx_word' id='word_1_561' title='bbox 2618 3409 2884 3480; x_wconf 77' lang='lat' dir='ltr'><strong>coarguit,</strong></span> <span class='ocrx_word' id='word_1_562' title='bbox 2909 3408 3035 3477; x_wconf 88' lang='lat' dir='ltr'><strong>quia</strong></span> <span class='ocrx_word' id='word_1_563' title='bbox 3063 3409 3266 3464; x_wconf 87' lang='lat' dir='ltr'><strong>Sancto</strong></span> <span class='ocrx_word' id='word_1_564' title='bbox 3291 3408 3459 3465; x_wconf 85' lang='lat' dir='ltr'><strong>Israel</strong></span> 
     </span>
    </p>
   </div>
   <div class='ocr_carea' id='block_1_76' title="bbox 1874 3497 3458 3569">
    <p class='ocr_par' dir='ltr' id='par_1_76' title="bbox 1874 3497 3458 3569">
     <span class='ocr_line' id='line_1_76' title="bbox 1874 3497 3458 3569; baseline 0.004 -18"><span class='ocrx_word' id='word_1_565' title='bbox 1874 3515 1979 3551; x_wconf 87' lang='lat' dir='ltr'><strong>non</strong></span> <span class='ocrx_word' id='word_1_566' title='bbox 2023 3498 2270 3563; x_wconf 83' lang='lat' dir='ltr'><strong>ﬁdentes,</strong></span> <span class='ocrx_word' id='word_1_567' title='bbox 2311 3499 2377 3551; x_wconf 92' lang='lat' dir='ltr'><strong>ad</strong></span> <span class='ocrx_word' id='word_1_568' title='bbox 2403 3497 2688 3568; x_wconf 59' lang='lat' dir='ltr'><strong>{Egyptios</strong></span> <span class='ocrx_word' id='word_1_569' title='bbox 2713 3499 3081 3567; x_wconf 81' lang='lat' dir='ltr'><strong>confugerunt</strong></span> <span class='ocrx_word' id='word_1_570' title='bbox 3117 3519 3130 3555; x_wconf 96' lang='lat'>:</span> <span class='ocrx_word' id='word_1_571' title='bbox 3188 3504 3458 3569; x_wconf 82' lang='lat' dir='ltr'><strong>quamob~</strong></span> 
     </span>
    </p>
   </div>
   <div class='ocr_carea' id='block_1_77' title="bbox 1873 3591 3462 3662">
    <p class='ocr_par' dir='ltr' id='par_1_77' title="bbox 1873 3591 3462 3662">
     <span class='ocr_line' id='line_1_77' title="bbox 1873 3591 3462 3662; baseline 0.004 -17"><span class='ocrx_word' id='word_1_572' title='bbox 1873 3591 2159 3660; x_wconf 59' lang='lat' dir='ltr'><strong>remlipsps</strong></span> <span class='ocrx_word' id='word_1_573' title='bbox 2179 3591 2565 3657; x_wconf 80' lang='lat' dir='ltr'><strong>inexspectatis</strong></span> <span class='ocrx_word' id='word_1_574' title='bbox 2592 3591 2749 3646; x_wconf 89' lang='lat' dir='ltr'><strong>malis</strong></span> <span class='ocrx_word' id='word_1_575' title='bbox 2774 3593 2826 3645; x_wconf 91' lang='lat' dir='ltr'><strong>in</strong></span> <span class='ocrx_word' id='word_1_576' title='bbox 2852 3591 3090 3662; x_wconf 63' lang='lat' dir='ltr'><strong>Egypto</strong></span> <span class='ocrx_word' id='word_1_577' title='bbox 3121 3595 3462 3651; x_wconf 81' lang='lat' dir='ltr'><strong>invadendos</strong></span> 
     </span>
    </p>
   </div>
   <div class='ocr_carea' id='block_1_78' title="bbox 1869 3684 3457 3753">
    <p class='ocr_par' dir='ltr' id='par_1_78' title="bbox 1869 3684 3457 3753">
     <span class='ocr_line' id='line_1_78' title="bbox 1869 3684 3457 3753; baseline 0.004 -17"><span class='ocrx_word' id='word_1_578' title='bbox 1869 3698 1989 3737; x_wconf 87' lang='lat' dir='ltr'><strong>esse</strong></span> <span class='ocrx_word' id='word_1_579' title='bbox 2013 3684 2398 3736; x_wconf 84' lang='lat' dir='ltr'><strong>comminatur.</strong></span> <span class='ocrx_word' id='word_1_580' title='bbox 2427 3684 2487 3737; x_wconf 88' lang='lat' dir='ltr'><strong>In</strong></span> <span class='ocrx_word' id='word_1_581' title='bbox 2504 3694 2614 3736; x_wconf 84' lang='lat' dir='ltr'><strong>tota</strong></span> <span class='ocrx_word' id='word_1_582' title='bbox 2643 3685 2810 3753; x_wconf 74' lang='lat' dir='ltr'><strong>igitur</strong></span> <span class='ocrx_word' id='word_1_583' title='bbox 2828 3689 3082 3753; x_wconf 73' lang='lat' dir='ltr'><strong>prtesenti</strong></span> <span class='ocrx_word' id='word_1_584' title='bbox 3109 3689 3333 3742; x_wconf 84' lang='lat' dir='ltr'><strong>historia</strong></span> <span class='ocrx_word' id='word_1_585' title='bbox 3357 3690 3457 3743; x_wconf 82' lang='lat' dir='ltr'><strong>do-</strong></span> 
     </span>
    </p>
   </div>
   <div class='ocr_carea' id='block_1_79' title="bbox 1866 3775 3457 3851">
    <p class='ocr_par' dir='ltr' id='par_1_79' title="bbox 1866 3775 3457 3851">
     <span class='ocr_line' id='line_1_79' title="bbox 1866 3775 3457 3851; baseline 0.004 -23"><span class='ocrx_word' id='word_1_586' title='bbox 1866 3785 1952 3828; x_wconf 78' lang='grc' dir='ltr'>(τοι</span> <span class='ocrx_word' id='word_1_587' title='bbox 1977 3814 1991 3838; x_wconf 93' lang='grc'><strong>,</strong></span> <span class='ocrx_word' id='word_1_588' title='bbox 2025 3775 2070 3829; x_wconf 92' lang='lat' dir='ltr'><strong>si</strong></span> <span class='ocrx_word' id='word_1_589' title='bbox 2103 3777 2318 3844; x_wconf 87' lang='lat' dir='ltr'><strong>quando</strong></span> <span class='ocrx_word' id='word_1_590' title='bbox 2365 3775 2542 3830; x_wconf 87' lang='lat' dir='ltr'><strong>visum</strong></span> <span class='ocrx_word' id='word_1_591' title='bbox 2583 3777 2692 3831; x_wconf 91' lang='lat' dir='ltr'><strong>Deo</strong></span> <span class='ocrx_word' id='word_1_592' title='bbox 2727 3776 2914 3843; x_wconf 89' lang='lat' dir='ltr'><strong>fuerit,</strong></span> <span class='ocrx_word' id='word_1_593' title='bbox 2969 3781 3224 3851; x_wconf 90' lang='lat' dir='ltr'><strong>p0pulum</strong></span> <span class='ocrx_word' id='word_1_594' title='bbox 3260 3796 3457 3847; x_wconf 84' lang='lat' dir='ltr'><strong>suum,</strong></span> 
     </span>
    </p>
   </div>
   <div class='ocr_carea' id='block_1_80' title="bbox 1863 3867 3457 3941">
    <p class='ocr_par' dir='ltr' id='par_1_80' title="bbox 1863 3867 3457 3941">
     <span class='ocr_line' id='line_1_80' title="bbox 1863 3867 3457 3941; baseline 0.004 -20"><span class='ocrx_word' id='word_1_595' title='bbox 1863 3869 1977 3921; x_wconf 91' lang='lat' dir='ltr'><strong>sive</strong></span> <span class='ocrx_word' id='word_1_596' title='bbox 2003 3867 2302 3922; x_wconf 87' lang='lat' dir='ltr'><strong>Ecclesiam</strong></span> <span class='ocrx_word' id='word_1_597' title='bbox 2343 3869 2963 3937; x_wconf 82' lang='lat' dir='ltr'><strong>suam,.persecutionis</strong></span> <span class='ocrx_word' id='word_1_598' title='bbox 3017 3879 3260 3940; x_wconf 88' lang='lat' dir='ltr'><strong>tempore</strong></span> <span class='ocrx_word' id='word_1_599' title='bbox 3308 3873 3457 3941; x_wconf 87' lang='lat' dir='ltr'><strong>piam</strong></span> 
     </span>
    </p>
   </div>
   <div class='ocr_carea' id='block_1_81' title="bbox 1861 3957 3458 4027">
    <p class='ocr_par' dir='ltr' id='par_1_81' title="bbox 1861 3957 3458 4027">
     <span class='ocr_line' id='line_1_81' title="bbox 1861 3957 3458 4027; baseline 0.007 -19"><span class='ocrx_word' id='word_1_600' title='bbox 1861 3957 2177 4026; x_wconf 82' lang='lat' dir='ltr'><strong>religionem</strong></span> <span class='ocrx_word' id='word_1_601' title='bbox 2208 3961 2534 4016; x_wconf 78' lang='lat' dir='ltr'><strong>vexantibus</strong></span> <span class='ocrx_word' id='word_1_602' title='bbox 2564 3962 2799 4027; x_wconf 89' lang='lat' dir='ltr'><strong>tradere,</strong></span> <span class='ocrx_word' id='word_1_603' title='bbox 2839 3978 2868 4015; x_wconf 92' lang='lat' dir='ltr'><strong>a</strong></span> <span class='ocrx_word' id='word_1_604' title='bbox 2917 3963 3100 4016; x_wconf 90' lang='lat' dir='ltr'><strong>divina</strong></span> <span class='ocrx_word' id='word_1_605' title='bbox 3147 3963 3252 4018; x_wconf 83' lang='lat' dir='ltr'><strong>fide</strong></span> <span class='ocrx_word' id='word_1_606' title='bbox 3302 3979 3458 4018; x_wconf 83' lang='lat' dir='ltr'><strong>rece-</strong></span> 
     </span>
    </p>
   </div>
   <div class='ocr_carea' id='block_1_82' title="bbox 1867 4049 3456 4127">
    <p class='ocr_par' dir='ltr' id='par_1_82' title="bbox 1867 4049 3456 4127">
     <span class='ocr_line' id='line_1_82' title="bbox 1867 4049 3456 4127; baseline 0.008 -27"><span class='ocrx_word' id='word_1_607' title='bbox 1867 4049 2104 4104; x_wconf 89' lang='lat' dir='ltr'><strong>dendum</strong></span> <span class='ocrx_word' id='word_1_608' title='bbox 2131 4067 2238 4105; x_wconf 89' lang='lat' dir='ltr'><strong>non</strong></span> <span class='ocrx_word' id='word_1_609' title='bbox 2257 4066 2402 4116; x_wconf 85' lang='lat' dir='ltr'><strong>esse,</strong></span> <span class='ocrx_word' id='word_1_610' title='bbox 2434 4067 2607 4121; x_wconf 89' lang='lat' dir='ltr'><strong>neque</strong></span> <span class='ocrx_word' id='word_1_611' title='bbox 2628 4054 3012 4108; x_wconf 85' lang='lat' dir='ltr'><strong>abstinendum</strong></span> <span class='ocrx_word' id='word_1_612' title='bbox 3042 4071 3072 4108; x_wconf 89' lang='lat' dir='ltr'><strong>a</strong></span> <span class='ocrx_word' id='word_1_613' title='bbox 3097 4054 3293 4111; x_wconf 79' lang='lat' dir='ltr'><strong>ﬁducia</strong></span> <span class='ocrx_word' id='word_1_614' title='bbox 3326 4072 3456 4127; x_wconf 81' lang='lat' dir='ltr'><strong>erga</strong></span> 
     </span>
    </p>
   </div>
   <div class='ocr_carea' id='block_1_83' title="bbox 1868 4141 3454 4217">
    <p class='ocr_par' dir='ltr' id='par_1_83' title="bbox 1868 4141 3454 4217">
     <span class='ocr_line' id='line_1_83' title="bbox 1868 4141 3454 4217; baseline 0.008 -24"><span class='ocrx_word' id='word_1_615' title='bbox 1868 4141 2057 4207; x_wconf 89' lang='lat' dir='ltr'><strong>Deum,</strong></span> <span class='ocrx_word' id='word_1_616' title='bbox 2108 4158 2211 4198; x_wconf 90' lang='lat' dir='ltr'><strong>nec</strong></span> <span class='ocrx_word' id='word_1_617' title='bbox 2255 4144 2322 4197; x_wconf 92' lang='lat' dir='ltr'><strong>de</strong></span> <span class='ocrx_word' id='word_1_618' title='bbox 2377 4145 2494 4212; x_wconf 79' lang='lat' dir='ltr'><strong>eius</strong></span> <span class='ocrx_word' id='word_1_619' title='bbox 2544 4147 2995 4202; x_wconf 87' lang='lat' dir='ltr'><strong>reconciliatione</strong></span> <span class='ocrx_word' id='word_1_620' title='bbox 3028 4150 3454 4217; x_wconf 82' lang='lat' dir='ltr'><strong>deSperandum,</strong></span> 
     </span>
    </p>
   </div>
   <div class='ocr_carea' id='block_1_84' title="bbox 1865 4237 3457 4309">
    <p class='ocr_par' dir='ltr' id='par_1_84' title="bbox 1865 4237 3457 4309">
     <span class='ocr_line' id='line_1_84' title="bbox 1865 4237 3457 4309; baseline 0.005 -21"><span class='ocrx_word' id='word_1_621' title='bbox 1865 4250 1966 4291; x_wconf 90' lang='lat' dir='ltr'><strong>nec</strong></span> <span class='ocrx_word' id='word_1_622' title='bbox 1997 4237 2380 4292; x_wconf 86' lang='lat' dir='ltr'><strong>declinandum</strong></span> <span class='ocrx_word' id='word_1_623' title='bbox 2415 4241 2480 4293; x_wconf 90' lang='lat' dir='ltr'><strong>ad</strong></span> <span class='ocrx_word' id='word_1_624' title='bbox 2522 4239 2902 4309; x_wconf 61' lang='lat' dir='ltr'><strong>Egyptiacam</strong></span> <span class='ocrx_word' id='word_1_625' title='bbox 2936 4241 3101 4293; x_wconf 87' lang='lat' dir='ltr'><strong>vitam</strong></span> <span class='ocrx_word' id='word_1_626' title='bbox 3133 4279 3148 4303; x_wconf 93' lang='lat'><strong>,</strong></span> <span class='ocrx_word' id='word_1_627' title='bbox 3198 4241 3457 4296; x_wconf 82' lang='lat' dir='ltr'><strong>videlicet</strong></span> 
     </span>
    </p>
   </div>
   <div class='ocr_carea' id='block_1_85' title="bbox 1862 4328 3454 4405">
    <p class='ocr_par' dir='ltr' id='par_1_85' title="bbox 1862 4328 3454 4405">
     <span class='ocr_line' id='line_1_85' title="bbox 1862 4328 3454 4405; baseline 0.007 -27"><span class='ocrx_word' id='word_1_628' title='bbox 1862 4329 1928 4378; x_wconf 90' lang='lat' dir='ltr'><strong>ad</strong></span> <span class='ocrx_word' id='word_1_629' title='bbox 1952 4328 2360 4384; x_wconf 86' lang='lat' dir='ltr'><strong>idololatrarum</strong></span> <span class='ocrx_word' id='word_1_630' title='bbox 2390 4332 2720 4386; x_wconf 91' lang='lat' dir='ltr'><strong>institutum.</strong></span> <span class='ocrx_word' id='word_1_631' title='bbox 2749 4333 2900 4386; x_wconf 83' lang='lat' dir='ltr'><strong>Multi</strong></span> <span class='ocrx_word' id='word_1_632' title='bbox 2925 4349 3162 4401; x_wconf 85' lang='lat' dir='ltr'><strong>namque</strong></span> <span class='ocrx_word' id='word_1_633' title='bbox 3194 4336 3244 4388; x_wconf 91' lang='lat' dir='ltr'><strong>in</strong></span> <span class='ocrx_word' id='word_1_634' title='bbox 3267 4334 3454 4405; x_wconf 83' lang='lat' dir='ltr'><strong>hujus-</strong></span> 
     </span>
    </p>
   </div>
   <div class='ocr_carea' id='block_1_86' title="bbox 1865 4422 3454 4493">
    <p class='ocr_par' dir='ltr' id='par_1_86' title="bbox 1865 4422 3454 4493">
     <span class='ocr_line' id='line_1_86' title="bbox 1865 4422 3454 4493; baseline 0.005 -21"><span class='ocrx_word' id='word_1_635' title='bbox 1865 4422 2006 4474; x_wconf 91' lang='lat' dir='ltr'><strong>modi</strong></span> <span class='ocrx_word' id='word_1_636' title='bbox 2035 4424 2370 4491; x_wconf 88' lang='lat' dir='ltr'><strong>temporibus</strong></span> <span class='ocrx_word' id='word_1_637' title='bbox 2403 4440 2429 4476; x_wconf 92' lang='lat' dir='ltr'><strong>a</strong></span> <span class='ocrx_word' id='word_1_638' title='bbox 2459 4425 2562 4493; x_wconf 66' lang='lat' dir='ltr'><strong>pia:</strong></span> <span class='ocrx_word' id='word_1_639' title='bbox 2596 4425 2874 4493; x_wconf 81' lang='lat' dir='ltr'><strong>religionis</strong></span> <span class='ocrx_word' id='word_1_640' title='bbox 2901 4427 3148 4478; x_wconf 85' lang='lat' dir='ltr'><strong>doctrina</strong></span> <span class='ocrx_word' id='word_1_641' title='bbox 3169 4427 3454 4480; x_wconf 87' lang='lat' dir='ltr'><strong>disceden-</strong></span> 
     </span>
    </p>
   </div>
   <div class='ocr_carea' id='block_1_87' title="bbox 1865 4517 3446 4581">
    <p class='ocr_par' dir='ltr' id='par_1_87' title="bbox 1865 4517 3446 4581">
     <span class='ocr_line' id='line_1_87' title="bbox 1865 4517 3446 4581; baseline 0.003 -16"><span class='ocrx_word' id='word_1_642' title='bbox 1865 4521 1963 4578; x_wconf 88' lang='lat' dir='ltr'><strong>tes,</strong></span> <span class='ocrx_word' id='word_1_643' title='bbox 1989 4529 2137 4581; x_wconf 86' lang='lat' dir='ltr'><strong>spem</strong></span> <span class='ocrx_word' id='word_1_644' title='bbox 2167 4532 2319 4569; x_wconf 90' lang='lat' dir='ltr'><strong>suam</strong></span> <span class='ocrx_word' id='word_1_645' title='bbox 2357 4517 2407 4569; x_wconf 91' lang='lat' dir='ltr'><strong>in</strong></span> <span class='ocrx_word' id='word_1_646' title='bbox 2445 4518 2852 4570; x_wconf 86' lang='lat' dir='ltr'><strong>idololatrarum</strong></span> <span class='ocrx_word' id='word_1_647' title='bbox 2873 4518 3074 4572; x_wconf 85' lang='lat' dir='ltr'><strong>auxilio</strong></span> <span class='ocrx_word' id='word_1_648' title='bbox 3111 4519 3446 4571; x_wconf 86' lang='lat' dir='ltr'><strong>locaverunt.</strong></span> 
     </span>
    </p>
   </div>
   <div class='ocr_carea' id='block_1_88' title="bbox 168 4585 3451 4682">
    <p class='ocr_par' dir='ltr' id='par_1_88' title="bbox 168 4585 3451 4682">
     <span class='ocr_line' id='line_1_88' title="bbox 168 4585 3451 4682; baseline 0.008 -44"><span class='ocrx_word' id='word_1_649' title='bbox 168 4585 227 4639; x_wconf 77' lang='grc' dir='ltr'>ἑν</span> <span class='ocrx_word' id='word_1_650' title='bbox 253 4591 370 4652; x_wconf 85' lang='grc' dir='ltr'>τοῖς</span> <span class='ocrx_word' id='word_1_651' title='bbox 397 4591 658 4655; x_wconf 88' lang='grc' dir='ltr'>τοιούτοις</span> <span class='ocrx_word' id='word_1_652' title='bbox 685 4599 916 4664; x_wconf 84' lang='grc' dir='ltr'>καιροῖς,</span> <span class='ocrx_word' id='word_1_653' title='bbox 951 4598 1358 4668; x_wconf 82' lang='grc' dir='ltr'>ἀποστήσαντες</span> <span class='ocrx_word' id='word_1_654' title='bbox 1424 4601 1519 4653; x_wconf 80' lang='grc' dir='ltr'>τοῦ</span> <span class='ocrx_word' id='word_1_655' title='bbox 1582 4605 1682 4674; x_wconf 78' lang='grc' dir='ltr'><strong>τῆς</strong></span> <span class='ocrx_word' id='word_1_656' title='bbox 1750 4605 2062 4672; x_wconf 74' lang='grc' dir='ltr'>θεοσεϐείας</span> <span class='ocrx_word' id='word_1_657' title='bbox 2103 4611 2283 4680; x_wconf 84' lang='grc' dir='ltr'>λόγου,</span> <span class='ocrx_word' id='word_1_658' title='bbox 2320 4611 2420 4674; x_wconf 79' lang='grc' dir='ltr'>τὰς</span> <span class='ocrx_word' id='word_1_659' title='bbox 2463 4612 2685 4675; x_wconf 75' lang='grc' dir='ltr'>ἐλπίδας</span> <span class='ocrx_word' id='word_1_660' title='bbox 2730 4614 3044 4682; x_wconf 83' lang='grc' dir='ltr'>ἀνήρτησαν</span> <span class='ocrx_word' id='word_1_661' title='bbox 3089 4612 3297 4664; x_wconf 77' lang='grc' dir='ltr'>ἑαυτῶν</span> <span class='ocrx_word' id='word_1_662' title='bbox 3351 4612 3451 4681; x_wconf 83' lang='grc' dir='ltr'><strong>τῆς</strong></span> 
     </span>
    </p>
   </div>
   <div class='ocr_carea' id='block_1_89' title="bbox 166 4683 1020 4759">
    <p class='ocr_par' dir='ltr' id='par_1_89' title="bbox 166 4683 1020 4759">
     <span class='ocr_line' id='line_1_89' title="bbox 166 4683 1020 4759; baseline 0.009 -25"><span class='ocrx_word' id='word_1_663' title='bbox 166 4684 277 4735; x_wconf 86' lang='grc' dir='ltr'><strong>τῶν</strong></span> <span class='ocrx_word' id='word_1_664' title='bbox 314 4683 716 4756; x_wconf 81' lang='grc' dir='ltr'>είδωλολατρῶν</span> <span class='ocrx_word' id='word_1_665' title='bbox 752 4687 1020 4759; x_wconf 81' lang='grc' dir='ltr'>βοηθείας.</span> 
     </span>
    </p>
   </div>
   <div class='ocr_carea' id='block_1_90' title="bbox 244 4799 1828 4880">
    <p class='ocr_par' dir='ltr' id='par_1_90' title="bbox 244 4799 1828 4880">
     <span class='ocr_line' id='line_1_90' title="bbox 244 4799 1828 4880; baseline 0.008 -26"><span class='ocrx_word' id='word_1_666' title='bbox 244 4823 261 4854; x_wconf 84' lang='grc'><strong><em>‹</em></strong></span> <span class='ocrx_word' id='word_1_667' title='bbox 313 4803 436 4855; x_wconf 71' lang='grc' dir='ltr'>Ὀτι</span> <span class='ocrx_word' id='word_1_668' title='bbox 474 4801 647 4865; x_wconf 65' lang='grc' dir='ltr'>οὕτως</span> <span class='ocrx_word' id='word_1_669' title='bbox 677 4799 797 4855; x_wconf 83' lang='grc' dir='ltr'><strong>εἷπέ</strong></span> <span class='ocrx_word' id='word_1_670' title='bbox 839 4822 927 4874; x_wconf 87' lang='grc' dir='ltr'><strong>μοι</strong></span> <span class='ocrx_word' id='word_1_671' title='bbox 974 4805 1203 4876; x_wconf 84' lang='grc' dir='ltr'>Κύριος·</span> <span class='ocrx_word' id='word_1_672' title='bbox 1249 4810 1342 4860; x_wconf 86' lang='grc' dir='ltr'>Ὃν</span> <span class='ocrx_word' id='word_1_673' title='bbox 1381 4811 1580 4880; x_wconf 78' lang='grc' dir='ltr'>τρόπον</span> <span class='ocrx_word' id='word_1_674' title='bbox 1626 4813 1752 4864; x_wconf 78' lang='grc' dir='ltr'>ὅταν</span> <span class='ocrx_word' id='word_1_675' title='bbox 1785 4816 1828 4871; x_wconf 89' lang='lat' dir='ltr'><strong>D</strong></span> 
     </span>
    </p>
   </div>
   <div class='ocr_carea' id='block_1_91' title="bbox 169 4891 1744 4972">
    <p class='ocr_par' dir='ltr' id='par_1_91' title="bbox 169 4891 1744 4972">
     <span class='ocr_line' id='line_1_91' title="bbox 169 4891 1744 4972; baseline 0.006 -27"><span class='ocrx_word' id='word_1_676' title='bbox 373 4893 402 4944; x_wconf 84' lang='grc' dir='ltr'>ὁ</span> <span class='ocrx_word' id='word_1_677' title='bbox 446 4892 603 4954; x_wconf 79' lang='grc' dir='ltr'>λέων,</span> <span class='ocrx_word' id='word_1_678' title='bbox 640 4893 672 4962; x_wconf 80' lang='grc' dir='ltr'>ἢ</span> <span class='ocrx_word' id='word_1_679' title='bbox 711 4894 739 4944; x_wconf 86' lang='grc' dir='ltr'><strong>ό</strong></span> <span class='ocrx_word' id='word_1_680' title='bbox 784 4895 1020 4963; x_wconf 82' lang='grc' dir='ltr'>σκύμνος</span> <span class='ocrx_word' id='word_1_681' title='bbox 1067 4899 1158 4949; x_wconf 77' lang='grc' dir='ltr'>ἐπὶ</span> <span class='ocrx_word' id='word_1_682' title='bbox 1191 4901 1256 4969; x_wconf 78' lang='grc' dir='ltr'>τῇ</span> <span class='ocrx_word' id='word_1_683' title='bbox 1309 4900 1448 4970; x_wconf 79' lang='grc' dir='ltr'>θήρᾳ</span> <span class='ocrx_word' id='word_1_684' title='bbox 1565 4902 1744 4963; x_wconf 74' lang='grc' dir='ltr'>ἔλαϐε,</span> 
     </span>
    </p>
   </div>
   <div class='ocr_carea' id='block_1_92' title="bbox 165 4983 1748 5062">
    <p class='ocr_par' dir='ltr' id='par_1_92' title="bbox 165 4983 1748 5062">
     <span class='ocr_line' id='line_1_92' title="bbox 165 4983 1748 5062; baseline 0.006 -27"><span class='ocrx_word' id='word_1_685' title='bbox 165 4987 258 5036; x_wconf 82' lang='grc' dir='ltr'><strong>καὶ</strong></span> <span class='ocrx_word' id='word_1_686' title='bbox 277 4983 530 5052; x_wconf 73' lang='grc' dir='ltr'>κεκράξῃ</span> <span class='ocrx_word' id='word_1_687' title='bbox 561 4986 643 5034; x_wconf 75' lang='grc' dir='ltr'>ἐπ’</span> <span class='ocrx_word' id='word_1_688' title='bbox 673 4983 841 5053; x_wconf 78' lang='grc' dir='ltr'>αὐτὴν</span> <span class='ocrx_word' id='word_1_689' title='bbox 873 4986 976 5048; x_wconf 69' lang='grc' dir='ltr'><strong>ἕως</strong></span> <span class='ocrx_word' id='word_1_690' title='bbox 1015 4987 1080 5039; x_wconf 85' lang='grc' dir='ltr'><strong>ἂν</strong></span> <span class='ocrx_word' id='word_1_691' title='bbox 1119 4989 1402 5059; x_wconf 79' lang='grc' dir='ltr'>ἐμπλησθῇ</span> <span class='ocrx_word' id='word_1_692' title='bbox 1437 4991 1504 5042; x_wconf 76' lang='grc' dir='ltr'><strong>τὰ</strong></span> <span class='ocrx_word' id='word_1_693' title='bbox 1527 4992 1624 5060; x_wconf 70' lang='grc' dir='ltr'>ὅρη</span> <span class='ocrx_word' id='word_1_694' title='bbox 1651 4994 1748 5062; x_wconf 77' lang='grc' dir='ltr'>τῆς</span> 
     </span>
    </p>
   </div>
   <div class='ocr_carea' id='block_1_93' title="bbox 166 5072 1748 5150">
    <p class='ocr_par' dir='ltr' id='par_1_93' title="bbox 166 5072 1748 5150">
     <span class='ocr_line' id='line_1_93' title="bbox 166 5072 1748 5150; baseline 0.006 -25"><span class='ocrx_word' id='word_1_695' title='bbox 166 5075 350 5143; x_wconf 73' lang='grc' dir='ltr'>φωνῆς</span> <span class='ocrx_word' id='word_1_696' title='bbox 379 5072 568 5136; x_wconf 76' lang='grc' dir='ltr'>αὑτοῦ,</span> <span class='ocrx_word' id='word_1_697' title='bbox 602 5075 693 5125; x_wconf 80' lang='grc' dir='ltr'><strong>καὶ</strong></span> <span class='ocrx_word' id='word_1_698' title='bbox 720 5076 1051 5147; x_wconf 79' lang='grc' dir='ltr'>ἡττήθησαν,</span> <span class='ocrx_word' id='word_1_699' title='bbox 1082 5081 1172 5131; x_wconf 76' lang='grc' dir='ltr'><strong>καὶ</strong></span> <span class='ocrx_word' id='word_1_700' title='bbox 1201 5081 1260 5131; x_wconf 81' lang='grc' dir='ltr'>τὸ</span> <span class='ocrx_word' id='word_1_701' title='bbox 1295 5081 1496 5150; x_wconf 80' lang='grc' dir='ltr'>πλῆθος</span> <span class='ocrx_word' id='word_1_702' title='bbox 1529 5084 1621 5134; x_wconf 77' lang='grc' dir='ltr'>τοῦ</span> <span class='ocrx_word' id='word_1_703' title='bbox 1658 5084 1748 5134; x_wconf 89' lang='grc' dir='ltr'><strong>Ου-</strong></span> 
     </span>
    </p>
   </div>
   <div class='ocr_carea' id='block_1_94' title="bbox 167 5165 1744 5243">
    <p class='ocr_par' dir='ltr' id='par_1_94' title="bbox 167 5165 1744 5243">
     <span class='ocr_line' id='line_1_94' title="bbox 167 5165 1744 5243; baseline 0.005 -25"><span class='ocrx_word' id='word_1_704' title='bbox 167 5167 266 5234; x_wconf 74' lang='grc' dir='ltr'>μοῦ</span> <span class='ocrx_word' id='word_1_705' title='bbox 296 5166 672 5236; x_wconf 68' lang='grc' dir='ltr'>ἐπτοήθησανο</span> <span class='ocrx_word' id='word_1_706' title='bbox 701 5165 870 5229; x_wconf 66' lang='grc' dir='ltr'>οὕτως</span> <span class='ocrx_word' id='word_1_707' title='bbox 899 5170 1266 5240; x_wconf 68' lang='grc' dir='ltr'>καταϐήσεται</span> <span class='ocrx_word' id='word_1_708' title='bbox 1294 5174 1494 5243; x_wconf 83' lang='grc' dir='ltr'>Κύριος</span> <span class='ocrx_word' id='word_1_709' title='bbox 1523 5175 1744 5226; x_wconf 69' lang='grc' dir='ltr'>Σαϐαὼθ</span> 
     </span>
    </p>
   </div>
   <div class='ocr_carea' id='block_1_95' title="bbox 164 5257 1748 5342">
    <p class='ocr_par' dir='ltr' id='par_1_95' title="bbox 164 5257 1748 5342">
     <span class='ocr_line' id='line_1_95' title="bbox 164 5257 1748 5342; baseline 0.007 -33"><span class='ocrx_word' id='word_1_710' title='bbox 164 5257 593 5328; x_wconf 73' lang='grc' dir='ltr'>ἐπιστρατεῦσαι</span> <span class='ocrx_word' id='word_1_711' title='bbox 627 5258 724 5310; x_wconf 71' lang='grc' dir='ltr'>ἐπὶ</span> <span class='ocrx_word' id='word_1_712' title='bbox 759 5258 820 5310; x_wconf 84' lang='grc' dir='ltr'><strong>τὸ</strong></span> <span class='ocrx_word' id='word_1_713' title='bbox 859 5259 982 5330; x_wconf 81' lang='grc' dir='ltr'>ὅρος</span> <span class='ocrx_word' id='word_1_714' title='bbox 1027 5263 1182 5326; x_wconf 84' lang='grc' dir='ltr'>Σιὼν,</span> <span class='ocrx_word' id='word_1_715' title='bbox 1231 5266 1323 5316; x_wconf 73' lang='grc' dir='ltr'><strong>ἐπὶ</strong></span> <span class='ocrx_word' id='word_1_716' title='bbox 1352 5266 1418 5318; x_wconf 77' lang='grc' dir='ltr'><strong>τὰ</strong></span> <span class='ocrx_word' id='word_1_717' title='bbox 1448 5267 1546 5342; x_wconf 74' lang='grc' dir='ltr'>ὅρη</span> <span class='ocrx_word' id='word_1_718' title='bbox 1580 5269 1748 5337; x_wconf 77' lang='grc' dir='ltr'>αὐτῆς</span> 
     </span>
    </p>
   </div>
   <div class='ocr_carea' id='block_1_96' title="bbox 162 5352 1748 5428">
    <p class='ocr_par' dir='ltr' id='par_1_96' title="bbox 162 5352 1748 5428">
     <span class='ocr_line' id='line_1_96' title="bbox 162 5352 1748 5428; baseline 0.008 -25"><span class='ocrx_word' id='word_1_719' title='bbox 162 5353 237 5412; x_wconf 79' lang='grc' dir='ltr'><strong>ὡς</strong></span> <span class='ocrx_word' id='word_1_720' title='bbox 266 5354 432 5421; x_wconf 72' lang='grc' dir='ltr'>ὄρνεα</span> <span class='ocrx_word' id='word_1_721' title='bbox 465 5352 768 5421; x_wconf 83' lang='grc' dir='ltr'>πετόμενα·</span> <span class='ocrx_word' id='word_1_722' title='bbox 809 5353 984 5416; x_wconf 72' lang='grc' dir='ltr'>οὕτως</span> <span class='ocrx_word' id='word_1_723' title='bbox 1027 5357 1356 5426; x_wconf 85' lang='grc' dir='ltr'>ὑπερασπιεί</span> <span class='ocrx_word' id='word_1_724' title='bbox 1395 5360 1616 5428; x_wconf 83' lang='grc' dir='ltr'>Κύριος,</span> <span class='ocrx_word' id='word_1_725' title='bbox 1657 5365 1748 5415; x_wconf 76' lang='grc' dir='ltr'><strong>καὶ</strong></span> 
     </span>
    </p>
   </div>
   <div class='ocr_carea' id='block_1_97' title="bbox 162 5447 1748 5527">
    <p class='ocr_par' dir='ltr' id='par_1_97' title="bbox 162 5447 1748 5527">
     <span class='ocr_line' id='line_1_97' title="bbox 162 5447 1748 5527; baseline 0.013 -35"><span class='ocrx_word' id='word_1_726' title='bbox 162 5447 451 5510; x_wconf 74' lang='grc' dir='ltr'>ὲξελεῖται,</span> <span class='ocrx_word' id='word_1_727' title='bbox 488 5448 582 5499; x_wconf 72' lang='grc' dir='ltr'><strong>καὶ</strong></span> <span class='ocrx_word' id='word_1_728' title='bbox 619 5450 1047 5519; x_wconf 85' lang='grc' dir='ltr'>περιποιήσεται,</span> <span class='ocrx_word' id='word_1_729' title='bbox 1096 5452 1187 5504; x_wconf 74' lang='grc' dir='ltr'><strong>καὶ</strong></span> <span class='ocrx_word' id='word_1_730' title='bbox 1229 5453 1412 5507; x_wconf 89' lang='grc' dir='ltr'>σώσει.</span> <span class='ocrx_word' id='word_1_731' title='bbox 1457 5457 1748 5527; x_wconf 74' lang='grc' dir='ltr'>Ἐπιστρα-</span> 
     </span>
    </p>
   </div>
   <div class='ocr_carea' id='block_1_98' title="bbox 164 5535 1742 5617">
    <p class='ocr_par' dir='ltr' id='par_1_98' title="bbox 164 5535 1742 5617">
     <span class='ocr_line' id='line_1_98' title="bbox 164 5535 1742 5617; baseline 0.01 -32"><span class='ocrx_word' id='word_1_732' title='bbox 164 5553 300 5604; x_wconf 78' lang='grc' dir='ltr'>φητε</span> <span class='ocrx_word' id='word_1_733' title='bbox 323 5538 372 5586; x_wconf 82' lang='grc' dir='ltr'>οἱ</span> <span class='ocrx_word' id='word_1_734' title='bbox 405 5535 504 5605; x_wconf 84' lang='grc' dir='ltr'><strong>τὴν</strong></span> <span class='ocrx_word' id='word_1_735' title='bbox 535 5536 752 5604; x_wconf 83' lang='grc' dir='ltr'>βαθεῖαν</span> <span class='ocrx_word' id='word_1_736' title='bbox 785 5539 976 5610; x_wconf 83' lang='grc' dir='ltr'>βουλὴν</span> <span class='ocrx_word' id='word_1_737' title='bbox 1003 5541 1375 5613; x_wconf 85' lang='grc' dir='ltr'>βουλευόμενοι</span> <span class='ocrx_word' id='word_1_738' title='bbox 1406 5547 1498 5598; x_wconf 74' lang='grc' dir='ltr'><strong>καὶ</strong></span> <span class='ocrx_word' id='word_1_739' title='bbox 1527 5547 1742 5617; x_wconf 80' lang='grc' dir='ltr'>ἄνομον,</span> 
     </span>
    </p>
   </div>
   <div class='ocr_carea' id='block_1_99' title="bbox 168 5626 1745 5708">
    <p class='ocr_par' dir='ltr' id='par_1_99' title="bbox 168 5626 1745 5708">
     <span class='ocr_line' id='line_1_99' title="bbox 168 5626 1745 5708; baseline 0.009 -29"><span class='ocrx_word' id='word_1_740' title='bbox 168 5631 270 5679; x_wconf 73' lang='grc' dir='ltr'>υἱοὶ</span> <span class='ocrx_word' id='word_1_741' title='bbox 328 5626 578 5698; x_wconf 73' lang='grc' dir='ltr'>Ἰσραήλ’</span> <span class='ocrx_word' id='word_1_742' title='bbox 617 5629 697 5680; x_wconf 75' lang='grc' dir='ltr'><strong>ὅτι</strong></span> <span class='ocrx_word' id='word_1_743' title='bbox 731 5632 794 5699; x_wconf 81' lang='grc' dir='ltr'>τῇ</span> <span class='ocrx_word' id='word_1_744' title='bbox 833 5632 1012 5702; x_wconf 77' lang='grc' dir='ltr'>ἡμέρα</span> <span class='ocrx_word' id='word_1_745' title='bbox 1041 5635 1221 5706; x_wconf 83' lang='grc' dir='ltr'>ἐκείνῃ</span> <span class='ocrx_word' id='word_1_746' title='bbox 1272 5638 1745 5708; x_wconf 82' lang='grc' dir='ltr'>ἀπαρνηθήσονται</span> 
     </span>
    </p>
   </div>
   <div class='ocr_carea' id='block_1_100' title="bbox 165 5718 1740 5801">
    <p class='ocr_par' dir='ltr' id='par_1_100' title="bbox 165 5718 1740 5801">
     <span class='ocr_line' id='line_1_100' title="bbox 165 5718 1740 5801; baseline 0.011 -34"><span class='ocrx_word' id='word_1_747' title='bbox 165 5721 211 5767; x_wconf 81' lang='grc' dir='ltr'>οἱ</span> <span class='ocrx_word' id='word_1_748' title='bbox 253 5719 531 5788; x_wconf 69' lang='grc' dir='ltr'>ἄνθρωποι</span> <span class='ocrx_word' id='word_1_749' title='bbox 566 5718 635 5770; x_wconf 79' lang='grc' dir='ltr'><strong>τὰ</strong></span> <span class='ocrx_word' id='word_1_750' title='bbox 663 5723 1014 5792; x_wconf 78' lang='grc' dir='ltr'>χειροποίητα</span> <span class='ocrx_word' id='word_1_751' title='bbox 1055 5728 1254 5790; x_wconf 71' lang='grc' dir='ltr'>αὐτῶν,</span> <span class='ocrx_word' id='word_1_752' title='bbox 1291 5729 1359 5780; x_wconf 85' lang='grc' dir='ltr'><strong>τά</strong></span> <span class='ocrx_word' id='word_1_753' title='bbox 1407 5732 1621 5801; x_wconf 84' lang='grc' dir='ltr'>ἀργυρᾶ</span> <span class='ocrx_word' id='word_1_754' title='bbox 1649 5735 1740 5784; x_wconf 73' lang='grc' dir='ltr'><strong>καὶ</strong></span> 
     </span>
    </p>
   </div>
   <div class='ocr_carea' id='block_1_101' title="bbox 166 5807 1736 5891">
    <p class='ocr_par' dir='ltr' id='par_1_101' title="bbox 166 5807 1736 5891">
     <span class='ocr_line' id='line_1_101' title="bbox 166 5807 1736 5891; baseline 0.003 -18"><span class='ocrx_word' id='word_1_755' title='bbox 166 5810 226 5859; x_wconf 59' lang='grc' dir='ltr'><strong>τά</strong></span> <span class='ocrx_word' id='word_1_756' title='bbox 259 5813 456 5880; x_wconf 60' lang='grc' dir='ltr'>χρυσᾶν</span> <span class='ocrx_word' id='word_1_757' title='bbox 505 5807 843 5880; x_wconf 70' lang='grc' dir='ltr'>δι’ὲτϊοίησαν</span> <span class='ocrx_word' id='word_1_758' title='bbox 890 5816 944 5867; x_wconf 80' lang='grc' dir='ltr'>αἱ</span> <span class='ocrx_word' id='word_1_759' title='bbox 992 5820 1168 5888; x_wconf 80' lang='grc' dir='ltr'>χεῖρες</span> <span class='ocrx_word' id='word_1_760' title='bbox 1219 5820 1410 5874; x_wconf 68' lang='grc' dir='ltr'>αὐτῶν.</span> <span class='ocrx_word' id='word_1_761' title='bbox 1460 5843 1475 5874; x_wconf 72' lang='grc' dir='ltr'><strong>ι</strong></span> <span class='ocrx_word' id='word_1_762' title='bbox 1526 5824 1736 5891; x_wconf 73' lang='grc' dir='ltr'>Ἔξεστι</span> 
     </span>
    </p>
   </div>
   <div class='ocr_carea' id='block_1_102' title="bbox 1932 4811 3441 4881">
    <p class='ocr_par' dir='ltr' id='par_1_102' title="bbox 1932 4811 3441 4881">
     <span class='ocr_line' id='line_1_102' title="bbox 1932 4811 3441 4881; baseline 0.004 -17"><span class='ocrx_word' id='word_1_763' title='bbox 1932 4811 2096 4869; x_wconf 72' lang='lat' dir='ltr'><strong>Vens.</strong></span> <span class='ocrx_word' id='word_1_764' title='bbox 2134 4813 2256 4867; x_wconf 69' lang='lat'><strong>4-7.</strong></span> <span class='ocrx_word' id='word_1_765' title='bbox 2297 4833 2313 4865; x_wconf 87' lang='grc'>‹</span> <span class='ocrx_word' id='word_1_766' title='bbox 2353 4813 2619 4881; x_wconf 87' lang='lat' dir='ltr'><strong>Quoniam</strong></span> <span class='ocrx_word' id='word_1_767' title='bbox 2668 4817 2749 4868; x_wconf 89' lang='lat' dir='ltr'><strong>sic</strong></span> <span class='ocrx_word' id='word_1_768' title='bbox 2801 4815 2936 4868; x_wconf 84' lang='lat' dir='ltr'><strong>dixit</strong></span> <span class='ocrx_word' id='word_1_769' title='bbox 2980 4814 3110 4868; x_wconf 89' lang='lat' dir='ltr'><strong>mihi</strong></span> <span class='ocrx_word' id='word_1_770' title='bbox 3146 4814 3441 4870; x_wconf 85' lang='lat' dir='ltr'><strong>Dominus:</strong></span> 
     </span>
    </p>
   </div>
   <div class='ocr_carea' id='block_1_103' title="bbox 1860 4905 3444 4974">
    <p class='ocr_par' dir='ltr' id='par_1_103' title="bbox 1860 4905 3444 4974">
     <span class='ocr_line' id='line_1_103' title="bbox 1860 4905 3444 4974; baseline 0.003 -16"><span class='ocrx_word' id='word_1_771' title='bbox 1860 4905 2328 4971; x_wconf 84' lang='lat' dir='ltr'><strong>Quemadmodum</strong></span> <span class='ocrx_word' id='word_1_772' title='bbox 2358 4924 2480 4961; x_wconf 87' lang='lat' dir='ltr'><strong>eum</strong></span> <span class='ocrx_word' id='word_1_773' title='bbox 2524 4909 2780 4962; x_wconf 81' lang='lat' dir='ltr'><strong>clamabit</strong></span> <span class='ocrx_word' id='word_1_774' title='bbox 2827 4909 2932 4972; x_wconf 89' lang='lat' dir='ltr'><strong>leo,</strong></span> <span class='ocrx_word' id='word_1_775' title='bbox 2976 4909 3318 4974; x_wconf 79' lang='lat' dir='ltr'><strong>autc.itulus,</strong></span> <span class='ocrx_word' id='word_1_776' title='bbox 3351 4926 3444 4963; x_wconf 89' lang='lat' dir='ltr'><strong>su-</strong></span> 
     </span>
    </p>
   </div>
   <div class='ocr_carea' id='block_1_104' title="bbox 1857 4999 3442 5067">
    <p class='ocr_par' dir='ltr' id='par_1_104' title="bbox 1857 4999 3442 5067">
     <span class='ocr_line' id='line_1_104' title="bbox 1857 4999 3442 5067; baseline 0.004 -19"><span class='ocrx_word' id='word_1_777' title='bbox 1857 5011 1949 5064; x_wconf 88' lang='lat' dir='ltr'><strong>per</strong></span> <span class='ocrx_word' id='word_1_778' title='bbox 1985 4999 2162 5064; x_wconf 65' lang='lat' dir='ltr'><strong>prmda</strong></span> <span class='ocrx_word' id='word_1_779' title='bbox 2209 5013 2369 5066; x_wconf 89' lang='lat' dir='ltr'><strong>quam</strong></span> <span class='ocrx_word' id='word_1_780' title='bbox 2427 5001 2588 5066; x_wconf 87' lang='lat' dir='ltr'><strong>eepit,</strong></span> <span class='ocrx_word' id='word_1_781' title='bbox 2625 5010 2677 5052; x_wconf 91' lang='lat' dir='ltr'><strong>et</strong></span> <span class='ocrx_word' id='word_1_782' title='bbox 2722 5001 3110 5053; x_wconf 85' lang='lat' dir='ltr'><strong>vociferabitur</strong></span> <span class='ocrx_word' id='word_1_783' title='bbox 3142 5016 3305 5067; x_wconf 85' lang='lat' dir='ltr'><strong>super</strong></span> <span class='ocrx_word' id='word_1_784' title='bbox 3354 5019 3442 5065; x_wconf 83' lang='lat' dir='ltr'><strong>ea,</strong></span> 
     </span>
    </p>
   </div>
   <div class='ocr_carea' id='block_1_105' title="bbox 1857 5090 3439 5160">
    <p class='ocr_par' dir='ltr' id='par_1_105' title="bbox 1857 5090 3439 5160">
     <span class='ocr_line' id='line_1_105' title="bbox 1857 5090 3439 5160; baseline 0.003 -19"><span class='ocrx_word' id='word_1_785' title='bbox 1857 5090 2029 5141; x_wconf 78' lang='lat' dir='ltr'><strong>donec</strong></span> <span class='ocrx_word' id='word_1_786' title='bbox 2084 5091 2408 5156; x_wconf 83' lang='lat' dir='ltr'><strong>impleantur</strong></span> <span class='ocrx_word' id='word_1_787' title='bbox 2436 5104 2647 5145; x_wconf 87' lang='lat' dir='ltr'><strong>montes</strong></span> <span class='ocrx_word' id='word_1_788' title='bbox 2683 5107 2814 5146; x_wconf 72' lang='lat' dir='ltr'><strong>voce</strong></span> <span class='ocrx_word' id='word_1_789' title='bbox 2846 5093 2985 5160; x_wconf 88' lang='lat' dir='ltr'><strong>ejus,</strong></span> <span class='ocrx_word' id='word_1_790' title='bbox 3021 5103 3073 5145; x_wconf 88' lang='lat' dir='ltr'><strong>et</strong></span> <span class='ocrx_word' id='word_1_791' title='bbox 3110 5094 3233 5145; x_wconf 82' lang='lat' dir='ltr'><strong>victi</strong></span> <span class='ocrx_word' id='word_1_792' title='bbox 3282 5108 3439 5157; x_wconf 79' lang='lat' dir='ltr'><strong>sunt,</strong></span> 
     </span>
    </p>
   </div>
   <div class='ocr_carea' id='block_1_106' title="bbox 1856 5185 3440 5256">
    <p class='ocr_par' dir='ltr' id='par_1_106' title="bbox 1856 5185 3440 5256">
     <span class='ocr_line' id='line_1_106' title="bbox 1856 5185 3440 5256; baseline 0.004 -20"><span class='ocrx_word' id='word_1_793' title='bbox 1856 5194 1911 5236; x_wconf 87' lang='lat' dir='ltr'><strong>et</strong></span> <span class='ocrx_word' id='word_1_794' title='bbox 1948 5185 2344 5238; x_wconf 81' lang='lat' dir='ltr'><strong>vehementiam</strong></span> <span class='ocrx_word' id='word_1_795' title='bbox 2374 5187 2579 5240; x_wconf 86' lang='lat' dir='ltr'><strong>furoris</strong></span> <span class='ocrx_word' id='word_1_796' title='bbox 2616 5189 2735 5255; x_wconf 83' lang='lat' dir='ltr'><strong>ejus</strong></span> <span class='ocrx_word' id='word_1_797' title='bbox 2760 5203 3062 5256; x_wconf 78' lang='lat' dir='ltr'><strong>expavere;</strong></span> <span class='ocrx_word' id='word_1_798' title='bbox 3102 5190 3179 5242; x_wconf 91' lang='lat' dir='ltr'><strong>sic</strong></span> <span class='ocrx_word' id='word_1_799' title='bbox 3213 5191 3440 5244; x_wconf 85' lang='lat' dir='ltr'><strong>descen-</strong></span> 
     </span>
    </p>
   </div>
   <div class='ocr_carea' id='block_1_107' title="bbox 1857 5274 3440 5348">
    <p class='ocr_par' dir='ltr' id='par_1_107' title="bbox 1857 5274 3440 5348">
     <span class='ocr_line' id='line_1_107' title="bbox 1857 5274 3440 5348; baseline 0.007 -23"><span class='ocrx_word' id='word_1_800' title='bbox 1857 5275 1946 5326; x_wconf 85' lang='lat' dir='ltr'><strong>det</strong></span> <span class='ocrx_word' id='word_1_801' title='bbox 1971 5274 2225 5329; x_wconf 89' lang='lat' dir='ltr'><strong>Dominus</strong></span> <span class='ocrx_word' id='word_1_802' title='bbox 2259 5276 2521 5341; x_wconf 86' lang='lat' dir='ltr'><strong>Sabaoth,</strong></span> <span class='ocrx_word' id='word_1_803' title='bbox 2562 5290 2617 5330; x_wconf 92' lang='lat' dir='ltr'><strong>ut</strong></span> <span class='ocrx_word' id='word_1_804' title='bbox 2650 5281 2925 5347; x_wconf 70' lang='lat' dir='ltr'><strong>praelietur</strong></span> <span class='ocrx_word' id='word_1_805' title='bbox 2959 5282 3008 5332; x_wconf 88' lang='lat' dir='ltr'><strong>in</strong></span> <span class='ocrx_word' id='word_1_806' title='bbox 3048 5292 3227 5334; x_wconf 86' lang='lat' dir='ltr'><strong>monte</strong></span> <span class='ocrx_word' id='word_1_807' title='bbox 3262 5283 3392 5336; x_wconf 83' lang='lat' dir='ltr'><strong>Sion</strong></span> <span class='ocrx_word' id='word_1_808' title='bbox 3426 5324 3440 5348; x_wconf 88' lang='lat'><strong>,</strong></span> 
     </span>
    </p>
   </div>
   <div class='ocr_carea' id='block_1_108' title="bbox 1857 5370 3441 5443">
    <p class='ocr_par' dir='ltr' id='par_1_108' title="bbox 1857 5370 3441 5443">
     <span class='ocr_line' id='line_1_108' title="bbox 1857 5370 3441 5443; baseline 0.006 -24"><span class='ocrx_word' id='word_1_809' title='bbox 1857 5381 2014 5434; x_wconf 83' lang='lat' dir='ltr'><strong>supra</strong></span> <span class='ocrx_word' id='word_1_810' title='bbox 2042 5377 2250 5421; x_wconf 88' lang='lat' dir='ltr'><strong>montes</strong></span> <span class='ocrx_word' id='word_1_811' title='bbox 2281 5370 2416 5435; x_wconf 87' lang='lat' dir='ltr'><strong>ejus,</strong></span> <span class='ocrx_word' id='word_1_812' title='bbox 2473 5374 2615 5423; x_wconf 74' lang='lat' dir='ltr'><strong>sicut</strong></span> <span class='ocrx_word' id='word_1_813' title='bbox 2669 5388 2797 5424; x_wconf 80' lang='lat' dir='ltr'><strong>aves</strong></span> <span class='ocrx_word' id='word_1_814' title='bbox 2827 5373 3105 5436; x_wconf 80' lang='lat' dir='ltr'><strong>volantes;</strong></span> <span class='ocrx_word' id='word_1_815' title='bbox 3139 5377 3217 5427; x_wconf 83' lang='lat' dir='ltr'><strong>sic</strong></span> <span class='ocrx_word' id='word_1_816' title='bbox 3260 5388 3441 5443; x_wconf 88' lang='lat' dir='ltr'><strong>prote-</strong></span> 
     </span>
    </p>
   </div>
   <div class='ocr_carea' id='block_1_109' title="bbox 1856 5457 3441 5529">
    <p class='ocr_par' dir='ltr' id='par_1_109' title="bbox 1856 5457 3441 5529">
     <span class='ocr_line' id='line_1_109' title="bbox 1856 5457 3441 5529; baseline 0.008 -20"><span class='ocrx_word' id='word_1_817' title='bbox 1856 5467 1944 5523; x_wconf 79' lang='lat' dir='ltr'><strong>get</strong></span> <span class='ocrx_word' id='word_1_818' title='bbox 1973 5457 2253 5523; x_wconf 91' lang='lat' dir='ltr'><strong>Dominus,</strong></span> <span class='ocrx_word' id='word_1_819' title='bbox 2279 5470 2332 5512; x_wconf 90' lang='lat' dir='ltr'><strong>et</strong></span> <span class='ocrx_word' id='word_1_820' title='bbox 2355 5462 2572 5529; x_wconf 87' lang='lat' dir='ltr'><strong>eripiet,</strong></span> <span class='ocrx_word' id='word_1_821' title='bbox 2609 5475 2660 5516; x_wconf 87' lang='lat' dir='ltr'><strong>et</strong></span> <span class='ocrx_word' id='word_1_822' title='bbox 2690 5463 2909 5527; x_wconf 85' lang='lat' dir='ltr'><strong>fovebit,</strong></span> <span class='ocrx_word' id='word_1_823' title='bbox 2939 5478 2990 5518; x_wconf 92' lang='lat' dir='ltr'><strong>et</strong></span> <span class='ocrx_word' id='word_1_824' title='bbox 3021 5470 3277 5521; x_wconf 78' lang='lat' dir='ltr'><strong>servabit.</strong></span> <span class='ocrx_word' id='word_1_825' title='bbox 3305 5469 3441 5521; x_wconf 59' lang='lat' dir='ltr'><strong>(Lon-</strong></span> 
     </span>
    </p>
   </div>
   <div class='ocr_carea' id='block_1_110' title="bbox 1857 5551 3434 5622">
    <p class='ocr_par' dir='ltr' id='par_1_110' title="bbox 1857 5551 3434 5622">
     <span class='ocr_line' id='line_1_110' title="bbox 1857 5551 3434 5622; baseline 0.008 -20"><span class='ocrx_word' id='word_1_826' title='bbox 1857 5551 2153 5614; x_wconf 82' lang='lat' dir='ltr'><strong>vertimini,</strong></span> <span class='ocrx_word' id='word_1_827' title='bbox 2185 5555 2276 5620; x_wconf 92' lang='lat' dir='ltr'><strong>qui</strong></span> <span class='ocrx_word' id='word_1_828' title='bbox 2309 5556 2635 5622; x_wconf 89' lang='lat' dir='ltr'><strong>profundum</strong></span> <span class='ocrx_word' id='word_1_829' title='bbox 2667 5559 2949 5611; x_wconf 77' lang='lat' dir='ltr'><strong>consilium</strong></span> <span class='ocrx_word' id='word_1_830' title='bbox 2974 5561 3217 5613; x_wconf 85' lang='lat' dir='ltr'><strong>inieratis</strong></span> <span class='ocrx_word' id='word_1_831' title='bbox 3243 5572 3297 5613; x_wconf 87' lang='lat' dir='ltr'><strong>et</strong></span> <span class='ocrx_word' id='word_1_832' title='bbox 3329 5564 3434 5615; x_wconf 88' lang='lat' dir='ltr'><strong>ini-</strong></span> 
     </span>
    </p>
   </div>
   <div class='ocr_carea' id='block_1_111' title="bbox 1855 5645 3433 5719">
    <p class='ocr_par' dir='ltr' id='par_1_111' title="bbox 1855 5645 3433 5719">
     <span class='ocr_line' id='line_1_111' title="bbox 1855 5645 3433 5719; baseline 0.008 -25"><span class='ocrx_word' id='word_1_833' title='bbox 1855 5660 2041 5711; x_wconf 85' lang='lat' dir='ltr'><strong>quum,</strong></span> <span class='ocrx_word' id='word_1_834' title='bbox 2073 5645 2168 5696; x_wconf 85' lang='lat' dir='ltr'><strong>filii</strong></span> <span class='ocrx_word' id='word_1_835' title='bbox 2201 5646 2366 5699; x_wconf 84' lang='lat' dir='ltr'><strong>Israel</strong></span> <span class='ocrx_word' id='word_1_836' title='bbox 2397 5666 2407 5699; x_wconf 93' lang='lat'>:</span> <span class='ocrx_word' id='word_1_837' title='bbox 2442 5649 2564 5714; x_wconf 87' lang='lat' dir='ltr'><strong>quia</strong></span> <span class='ocrx_word' id='word_1_838' title='bbox 2603 5649 2656 5702; x_wconf 92' lang='lat' dir='ltr'><strong>in</strong></span> <span class='ocrx_word' id='word_1_839' title='bbox 2695 5650 2781 5703; x_wconf 82' lang='lat' dir='ltr'><strong>die</strong></span> <span class='ocrx_word' id='word_1_840' title='bbox 2820 5650 2905 5702; x_wconf 84' lang='lat' dir='ltr'><strong>illa</strong></span> <span class='ocrx_word' id='word_1_841' title='bbox 2961 5650 3303 5719; x_wconf 83' lang='lat' dir='ltr'><strong>abnegabunt</strong></span> <span class='ocrx_word' id='word_1_842' title='bbox 3336 5653 3433 5705; x_wconf 82' lang='lat' dir='ltr'><strong>ho-</strong></span> 
     </span>
    </p>
   </div>
   <div class='ocr_carea' id='block_1_112' title="bbox 1853 5737 3434 5810">
    <p class='ocr_par' dir='ltr' id='par_1_112' title="bbox 1853 5737 3434 5810">
     <span class='ocr_line' id='line_1_112' title="bbox 1853 5737 3434 5810; baseline 0.006 -24"><span class='ocrx_word' id='word_1_843' title='bbox 1853 5737 2024 5788; x_wconf 89' lang='lat' dir='ltr'><strong>mines</strong></span> <span class='ocrx_word' id='word_1_844' title='bbox 2059 5737 2196 5791; x_wconf 86' lang='lat' dir='ltr'><strong>idola</strong></span> <span class='ocrx_word' id='word_1_845' title='bbox 2228 5756 2324 5791; x_wconf 82' lang='lat' dir='ltr'><strong>sua</strong></span> <span class='ocrx_word' id='word_1_846' title='bbox 2376 5750 2632 5806; x_wconf 71' lang='lat' dir='ltr'><strong>argentea</strong></span> <span class='ocrx_word' id='word_1_847' title='bbox 2663 5752 2714 5792; x_wconf 88' lang='lat' dir='ltr'><strong>ct</strong></span> <span class='ocrx_word' id='word_1_848' title='bbox 2777 5756 2964 5804; x_wconf 79' lang='lat' dir='ltr'><strong>antea,</strong></span> <span class='ocrx_word' id='word_1_849' title='bbox 3018 5758 3138 5810; x_wconf 75' lang='lat' dir='ltr'><strong>quze</strong></span> <span class='ocrx_word' id='word_1_850' title='bbox 3189 5742 3434 5795; x_wconf 68' lang='lat' dir='ltr'><strong>fet-erunt</strong></span> 
     </span>
    </p>
   </div>
   <div class='ocr_carea' id='block_1_113' title="bbox 1854 5832 3430 5901">
    <p class='ocr_par' dir='ltr' id='par_1_113' title="bbox 1854 5832 3430 5901">
     <span class='ocr_line' id='line_1_113' title="bbox 1854 5832 3430 5901; baseline 0.007 -22"><span class='ocrx_word' id='word_1_851' title='bbox 1854 5843 2044 5884; x_wconf 80' lang='lat' dir='ltr'><strong>manus</strong></span> <span class='ocrx_word' id='word_1_852' title='bbox 2081 5844 2288 5884; x_wconf 81' lang='lat' dir='ltr'><strong>CUIUIII.</strong></span> <span class='ocrx_word' id='word_1_853' title='bbox 2321 5852 2336 5883; x_wconf 77' lang='grc' dir='ltr'><strong>ι</strong></span> <span class='ocrx_word' id='word_1_854' title='bbox 2395 5832 2549 5888; x_wconf 75' lang='lat' dir='ltr'><strong>Lit&#39;ct</strong></span> <span class='ocrx_word' id='word_1_855' title='bbox 2604 5834 2744 5886; x_wconf 87' lang='lat' dir='ltr'><strong>enim</strong></span> <span class='ocrx_word' id='word_1_856' title='bbox 2807 5833 2935 5901; x_wconf 72' lang='lat' dir='ltr'><strong>ipsis</strong></span> <span class='ocrx_word' id='word_1_857' title='bbox 2989 5837 3150 5889; x_wconf 79' lang='lat' dir='ltr'><strong>etiam</strong></span> <span class='ocrx_word' id='word_1_858' title='bbox 3190 5853 3346 5899; x_wconf 73' lang='lat' dir='ltr'><strong>nunc,</strong></span> <span class='ocrx_word' id='word_1_859' title='bbox 3386 5836 3430 5890; x_wconf 70' lang='lat' dir='ltr'><strong>si</strong></span> 
     </span>
    </p>
   </div>
  </div>
