4042 6384
619 426 726 483 515

1279 410 1546 469 EUSEBII
1580 404 2056 468 CESARIENSIS
2091 401 2239 460 OPl‘.
2281 397 2461 455 PARS
2497 394 2589 451 Ill.
2628 424 2701 436 ——
2736 388 3147 449 EXEGETICA.

3739 380 3843 437 διε

620 531 987 611 ponitentiant
1019 535 1205 599 agant,
1225 525 1280 581 in
1301 539 1455 580 suam
1482 523 1778 593 remigrare
1800 530 2020 581 terram,
2039 529 2175 611 cum

2297 512 2387 582 τὰρ
2412 509 2577 564 είσέτι
2608 508 2705 563 καὶ
2726 506 2823 561 νῦν
2850 504 3284 611 μετανοήσαντας
3306 497 3736 611 ἐπμνελθετνὶείὶ
3747 495 3847 598 τήν

622 605 938 683 edidicerint
987 617 1169 689 qualia
1202 614 1346 672 Deus
1372 615 1515 669 circa
1547 627 1672 668 eam
1711 611 1985 681 pollicitus
2008 608 2099 663 sit.
2123 605 2177 658 Id

623 717 785 773 etiam
819 710 1057 768 declarat
1080 706 1303 764 historia
1338 726 1353 760 :
1385 719 1507 757 nam
1528 710 1670 771 τροει
1692 701 1923 757 reditum
1970 713 2034 753 es
2085 694 2181 748 Ba-

620 805 835 876 bylone,
861 816 927 857 ac
949 800 1239 857 excitatum
1278 796 1454 849 denuo
1495 792 1747 861 templum
1778 791 1833 845 in
1860 788 2177 851 Jerusalem,

625 910 733 951 non
753 894 894 950 ultra
916 890 1072 948 idolis
1104 887 1186 943 usi
1211 886 1382 942 fuisse
1420 887 1688 941 videmur.

698 1067 859 1123 Vsus.
883 1068 935 1123 8.
968 1085 988 1118 ι
1018 1065 1081 1120 Et
1118 1064 1468 1120 cadetAssur
1500 1078 1605 1118 non
1646 1062 1825 1131 gladio
1850 1060 1975 1127 viri,
2010 1072 2183 1129 neque

630 1158 841 1230 gladius
867 1158 968 1211 viri
992 1153 1273 1210 devoraltit
1296 1169 1416 1208 eum
1446 1171 1461 1207 :
1493 1162 1550 1207 et
1588 1151 1778 1222 fugiet,
1816 1164 1923 1204 non
1953 1164 1984 1202 a
2040 1149 2181 1202 facie

629 1249 832 1321 gladii:
884 1248 1121 1317 juvenes“
1163 1255 1341 1299 autem
1382 1241 1805 1312 superabantur.
1840 1258 1861 1294 ι
1902 1238 2186 1309 Signiﬁcat

624 1350 806 1396 autem
863 1336 1267 1392 ldololatrarum
1322 1334 1474 1403 regni
1524 1331 1817 1395 excidium,
1864 1332 2185 1398 ruinatnque

624 1445 811 1487 eorum
842 1448 856 1483 :
887 1428 1109 1497 pristina
1142 1426 1230 1480 illa
1260 1425 1406 1496 regia
1456 1424 1742 1493 dignitate,
1767 1421 1925 1491 quasi
1973 1420 2043 1474 ab
2076 1421 2212 1495 alto,

626 1520 885 1578 humilem
909 1519 961 1573 in
991 1518 1168 1574 locum
1206 1516 1434 1586 deiecta.
1457 1514 1518 1577 .Id
1550 1522 1729 1568 autem
1760 1512 1865 1567 illis
1886 1510 2183 1579 continget,

626 1612 724 1679 ait,
756 1626 861 1666 non
889 1625 953 1665 ex
981 1610 1213 1665 humana
1254 1606 1551 1676 irruptione
1577 1624 1592 1660 :
1632 1604 1727 1659 sed
1758 1617 1823 1657 ex
1852 1602 2030 1657 divina
2052 1615 2185 1654 con-

629 1708 712 1754 tra
744 1698 866 1753 illos
902 1712 1128 1754 accensa
1156 1697 1257 1751 ira.
1292 1695 1518 1750 Etiamsi
1538 1694 1683 1750 enim
1709 1691 1959 1747 homines
1984 1688 2183 1746 excidii

628 1803 815 1845 eorum
850 1787 1079 1842 ministri
1126 1801 1287 1854 quam
1332 1786 1567 1841 maxime
1603 1784 1886 1839 videantur
1932 1796 2087 1845 esse;
2131 1788 2190 1834 at

628 1880 743 1950 ipse
778 1878 916 1933 Dens
957 1886 1078 1933 erat
1124 1878 1215 1945 qui
1265 1877 1542 1933 hominum
1583 1888 1746 1944 opera
1784 1872 2019 1929 funditus
2070 1870 2191 1926 illos

627 1971 845 2028 evertit.

700 2142 865 2197 Vns.
892 2143 947 2198 9.
995 2159 1015 2194 ι
1064 2140 1222 2198 Petra
1273 2141 1417 2197 enim
1464 2140 1985 2205 circumdabantur,
2036 2138 2189 2209 quasi

628 2230 790 2297 vallo,
826 2240 879 2287 et
906 2232 1211 2287 vincentur.
1250 2250 1271 2285 ι
1304 2231 1520 2287 Petram
1553 2240 1712 2287 vocat
1766 2230 1911 2285 illam
1937 2230 2063 2285 olim
2090 2231 2191 2285 As-

630 2322 902 2391 syriorum
940 2319 1271 2384 ﬁrmitatem,
1314 2322 1572 2391 regnique
1605 2321 1787 2385 robur,
1845 2321 1986 2391 quod
2017 2331 2194 2377 trans-

631 2410 832 2464 iturum
861 2423 983 2465 esse
1005 2409 1157 2466 dicit.
1189 2428 1210 2462 ι
1230 2395 1331 2477 Qui
1357 2419 1535 2466 autem
1564 2411 2036 2483 lugiet,capietur.
2066 2411 2192 2466 llaec

632 2500 766 2555 dicit
792 2500 1050 2555 Dominus
1079 2520 1093 2556 :
1122 2500 1339 2565 Beatus,
1382 2504 1470 2571 qui
1504 2504 1662 2557 habet
1695 2503 1749 2557 in
1790 2502 1919 2557 Sion
1963 2517 2188 2568 semen,

632 2598 691 2645 et
718 2592 1044 2648 domesticos
1072 2592 1128 2648 in
1155 2590 1473 2647 Jerusalem.
1512 2613 1531 2646 ι
1555 2593 1647 2649 His
1670 2594 1795 2649 item
1823 2594 2072 2649 hortatur
2097 2608 2192 2648 ens

632 2680 727 2749 qui
776 2682 830 2735 in
887 2681 1178 2752 Egyptum
1211 2683 1579 2752 confugerant,
1612 2695 1669 2739 ut
1703 2701 1772 2741 ne
1803 2686 2116 2742 recederent
2160 2702 2191 2740 a

635 2770 755 2826 loco
793 2772 880 2827 ubi
903 2783 1022 2828 erat
1053 2773 1310 2842 templum
1336 2775 1427 2829 Dei
1454 2770 1599 2831 {sed
1620 2777 1784 2831 etiam
1834 2777 2027 2832 beatos
2055 2792 2195 2845 pra!-

634 2860 782 2915 dicat
805 2875 921 2925 eos,
957 2862 1048 2932 qui
1095 2878 1278 2919 semen
1317 2864 1368 2918 in
1400 2864 1531 2921 Sion
1567 2867 1799 2922 habituri
1836 2877 1987 2935 sunt,
2015 2879 2071 2924 et
2095 2870 2193 2922 do-

636 2952 893 3007 mesticos
920 2952 975 3008 in
1021 2952 1357 3025 Jerusalem;
1406 2959 1661 3027 quoniam
1694 2960 1783 3016 illa
1817 2963 2193 3028 restauranda,

635 3050 693 3095 et
722 3043 1002 3111 pristinam
1032 3045 1435 3116 gloriam-snam
1486 3059 1865 3121 recuperatum
1911 3062 2031 3107 erat
2054 3095 2069 3119 ,
2100 3069 2195 3107 seu

2280 600 2489 655 ἐαυτῶν
2519 599 2645 668 γῆν,
2686 588 2954 669 μαθόντας
2978 593 3139 646 ὁποῖα
3162 588 3489 661 ἐπήγγελται
3516 587 3645 658 περὶ
3676 586 3847 656 αὐτῆς

2278 695 2308 747 ό
2348 692 2501 754 Θεός.
2534 689 2645 743 Καὶ
2672 687 2829 741 τοῦτο
2868 685 2925 740 δέ
2971 684 3297 755 παρίστησιν
3336 682 3372 752 ή
3421 677 3662 748 ἱστορία·
3711 677 3851 747 μετὰ

2278 782 2388 852 γὰρ
2414 780 2476 834 τὸ
2499 776 2815 832 ἐπανελθεῖν
2845 775 3043 838 αὐτοὺς
3077 772 3187 827 ἀπὺ
3229 769 3565 830 Βαϐυλῶνος,
3623 765 3720 821 καὶ
3762 765 3841 818 άν

2281 873 2490 941 εγετραι
2535 867 2783 938 δεύτερον
2828 865 2921 920 τὸν
2957 866 3016 918 ἐν
3052 860 3439 934 Ἱεροσολύμοις
3478 856 3626 921 ναὸν,
3666 854 3852 909 οὐκέτι

2239 980 2246 987 ’
2281 962 2562 1032 φαίνονται
2587 957 2825 1022 εἰδώλοις
2852 956 3199 1029 χρησάμενοι.

2357 1068 2378 1103 ι
2409 1049 2519 1103 Καὶ
2548 1049 2791 1101 πεσεῖται
2842 1043 3072 1113 ’Δσσοὺρ
3098 1041 3159 1096 οὺ
3197 1039 3442 1112 μαχαίρᾳ
3483 1034 3696 1107 ἀνδρὸς,
3727 1033 3854 1087 οὐδὲ

2286 1142 2529 1215 μάχαιρα
2549 1138 2836 1209 ἀνθρώπου
2864 1135 3239 1205 καταφάγεται
3264 1131 3447 1191 αὐτὸν,
3478 1129 3572 1183 καὶ
3598 1125 3855 1215 φεύξεται

2282 1213 2384 1284 οὐκ
2418 1227 2526 1283 ὰπδ
2556 1224 2848 1299 προσώπου
2894 1224 3192 1296 μαχαίρας·
3226 1221 3278 1274 οί
3315 1219 3373 1272 δέ
3404 1217 3679 1271 νεανίσκοι
3713 1213 3856 1267 loos-

2283 1337 2373 1373 ται
2414 1320 2493 1382 είς
2538 1318 2777 1389 ήττημα.
2825 1335 2844 1370 ι
2894 1314 3155 1387 Σημαίνει
3189 1310 3247 1365 δέ
3282 1308 3380 1380 τήν
3412 1306 3725 1377 καθαίρεσιν
3756 1304 3857 1375 τῆς

2284 1409 2392 1464 τῶν
2414 1405 2815 1478 είόωλολατρῶν
2844 1404 3141 1477 βασιλείας,
3166 1401 3262 1455 καὶ
3289 1398 3387 1469 τήν
3413 1396 3624 1449 πτῶσιν
3655 1394 3856 1459 αὐτῶν,

2286 1499 2477 1572 ὥσπερ
2507 1500 2599 1567 ἀφ’
2627 1496 2795 1566 ὕψους
2824 1495 2918 1548 τοῦ
2946 1492 3212 1565 προτέρου
3244 1485 3520 1560 βασιλικοῦ
3552 1483 3861 1554 ἀξιώματος

2287 1594 2380 1648 ἐπὶ
2419 1592 2479 1645 τὸ
2514 1588 2768 1644 ταπεινὸν
2793 1586 3094 1659 φερομένου
3113 1600 3128 1614 ·
3160 1584 3254 1636 καὶ
3286 1579 3443 1633 τοῦτο
3467 1577 3668 1640 αὐτοῖς,
3700 1574 3861 1644 φησι,

2289 1681 2626 1754 συμϐήσεται
2657 1679 2759 1731 οὐκ
2788 1676 2848 1741 ἐξ
2888 1673 3238 1746 ἀνθρωπίνης
3284 1670 3495 1739 ἐφόδου,
3522 1665 3635 1720 ἀλλ’
3664 1667 3733 1720 ἐκ
3760 1664 3865 1734 τῆς

2287 1772 2381 1826 τοῦ
2418 1769 2552 1825 Θεοῦ
2589 1771 2708 1823 κατ’
2734 1767 2914 1823 αὐτῶν
2955 1764 3145 1837 ὀργῆς.
3176 1764 3241 1817 Ei
3266 1762 3376 1833 γὰρ
3405 1760 3499 1813 καὶ
3527 1758 3597 1812 τὰ
3627 1757 3868 1829 μάλιστα

2212 1836 2257 1893 c
2290 1865 2505 1918 ἐδόκουν
2549 1860 2823 1933 ἄνθρωποι
2862 1836 3133 1929 ὑπηρέται
3164 1853 3445 1925 γεγονέναι
3479 1853 3577 1922 τῆς
3604 1846 3839 1921 καθαιρέ

2291 1970 2425 2017 σεως
2448 1951 2650 2014 αὐτῶν,
2672 1950 2785 2004 ἀλλ’
2811 1949 2972 2013 αὐτὸς
2995 1944 3063 2019 ἦν
3086 1948 3116 2002 ὁ
3142 1945 3296 2009 Θεὸς,
3323 1944 3353 1996 ὁ
3379 1943 3474 1998 διὰ
3513 1941 3623 1995 τῶν
3662 1937 3870 2011 ἀνθρὼ-

2290 2062 2409 2099 πων
2436 2042 2718 2113 καθαιρῶν
2744 2039 2962 2103 αὐτούς.

2364 2154 2385 2187 ι
2443 2134 2628 2205 Πέτρᾳ
2668 2132 2777 2203 γὰρ
2826 2129 3319 2202 περιληφθήσονται
3362 2127 3438 2189 ὡς
3481 2125 3721 2197 χάρακι,
3770 2122 3872 2177 καὶ

2289 2225 2707 2296 ἡττηθήσονται.
2767 2241 2785 2274 ι
2844 2221 3058 2291 Πέτραν
3112 2218 3261 2286 λέγει
3309 2215 3403 2269 τοῦ
3468 2215 3751 2285 Ἀσσυρίου
3802 2212 3876 2269 τὸ

2291 2315 2456 2369 πάλαι
2489 2314 2713 2386 στερρὸν
2734 2314 2827 2366 καὶ
2852 2311 3068 2383 βέϐαιον
3092 2308 3185 2363 καὶ
3211 2307 3429 2380 ίσχυρδν
3454 2306 3560 2377 τῆς
3587 2304 3871 2377 βασιλείας

2291 2401 2452 2456 αὑτοῦ
2482 2442 2497 2466 ,
2555 2403 2691 2473 ὅπερ
2755 2398 3181 2473 παρελεύσεσθαί
3229 2414 3395 2467 φησιν
3451 2398 3482 2450 ό
3526 2396 3705 2465 λόγος.
3744 2415 3764 2448 ι
3811 2396 3872 2450 ’θ

2292 2493 2348 2546 δὲ
2406 2492 2621 2562 φεύγων
2683 2490 2971 2545 ἁλώσεται.
3038 2488 3176 2543 Τάδε
3252 2487 3399 2557 λέγει
3452 2486 3659 2559 Κύριος
3686 2504 3701 2519 ·
3756 2486 3872 2541 Μα-

2292 2584 2480 2655 κάριος
2526 2583 2585 2646 ὃς
2632 2581 2744 2653 ἔχει
2794 2583 2851 2635 ἐν
2903 2578 3043 2634 Σιὼν
3092 2578 3335 2652 σπέρμα,
3389 2578 3485 2631 καὶ
3527 2576 3763 2639 οἰκείους
3810 2576 3873 2628 ἐν

2304 2673 2678 2745 Ἰερουσαλήμ.
2734 2690 2753 2723 ι
2799 2671 2910 2725 Καὶ
2947 2670 3035 2724 διά
3066 2669 3257 2724 τούτου
3292 2667 3593 2739 προτρέπει
3616 2666 3746 2731 τοὺς
3790 2669 3873 2731 είς

2292 2764 2392 2836 τὴν
2433 2762 2705 2831 Αἴγυπτον
2736 2762 3082 2831 ὁρμήσαντας
3124 2760 3199 2830 μὴ
3246 2758 3547 2828 ἀναχωρεῖν
3574 2754 3670 2809 τοῦ
3699 2755 3871 2809 τόπου

2295 2854 2425 2907 ἔνθα
2454 2849 2521 2924 ἦν
2548 2854 2577 2906 ό
2608 2850 2744 2915 νεὼς
2775 2850 2870 2903 τοῦ
2902 2848 3036 2903 Θεοῦ
3057 2867 3070 2880 ·
3107 2849 3241 2903 ἀλλὰ
3281 2849 3374 2901 καὶ
3419 2846 3712 2918 μακαρίζει
3742 2845 3874 2909 τοὺς

2294 2945 2511 3010 ἕξοντας
2562 2945 2617 2997 ἐν
2656 2941 2794 2997 Σιὼν
2844 2940 3088 3011 σπέρμα,
3141 2939 3236 2994 καὶ
3276 2941 3335 2992 ἐν
3390 2936 3744 3009 Ἰερουσαλὴμ
3789 2937 3873 2990 ol-

2297 3037 2495 3098 κείους,
2535 3032 2623 3086 διὰ
2660 3032 2721 3087 τὸ
2765 3031 2976 3102 μέλλειν
3008 3030 3180 3102 αὐτὴν
3223 3028 3599 3091 ἀνανεοῦσθαι,
3632 3027 3729 3082 καὶ
3770 3026 3873 3099 τὴν

637 3134 801 3188 etiam
829 3134 1091 3203 majorem
1123 3137 1233 3199 illa,
1268 3154 1429 3207 quam
1462 3117 1801 3207 priusvnacta
1826 3141 2023 3198 fuerat.
2056 3117 2196 3210 Qua-

2298 3125 2504 3180 οἰκείαν
2546 3120 2703 3187 αὖθις
2734 3121 3140 3192 ἀπολαμϐάνειν
3168 3119 3345 3185 δόξαν,
3385 3119 3420 3189 ἢ
3454 3119 3548 3173 καὶ
3588 3117 3874 3204 κρείττονα

637 3233 861 3294 propter
882 3226 1004 3281 aliis
1035 3227 1331 3293 dicebatur,
1364 3248 1384 3281 ι
1416 3230 1482 3285 Et
1507 3233 1611 3285 erit
1638 3233 1804 3301 gloria
1829 3234 2021 3289 domus
2045 3207 2196 3290 istius

2301 3210 2369 3287 ἧς
2395 3210 2510 3285 εἶχε
2543 3214 2824 3285 πρότερον.
2857 3212 2952 3266 Διὸ
2983 3211 3200 3281 ἐλέγετο
3230 3209 3440 3281 ἑτέροις
3461 3226 3476 3240 ·
3516 3228 3536 3261 ι
3580 3209 3695 3264 Καὶ
3718 3207 3875 3265 ἔσται

640 3314 936 3369 novissima
973 3331 1134 3384 super
1162 3318 1394 3386 priorem
1426 3320 1492 3373 ”.
1527 3340 1547 3373 ι
1578 3320 1733 3379 Scias
1771 3334 2008 3394 oportet,
2042 3327 2191 3389 illud,

648 3421 668 3455 ι
698 3404 906 3470 beatus,
938 3425 960 3459 ι
979 3422 1008 3460 a
1028 3408 1239 3460 nemine
1267 3408 1371 3463 alio
1394 3409 1745 3481 interpretum
1766 3413 1966 3469 dictum
1993 3414 2195 3471 fuisse:

640 3508 743 3564 pro
776 3494 865 3550 illo
890 3506 1089 3562 autem,
1121 3516 1142 3549 ι
1175 3498 1275 3564 Qui
1312 3499 1470 3555 habet
1501 3501 1555 3555 in
1598 3502 1726 3558 Sion
1764 3517 1971 3569 semen,
2001 3516 2056 3561 et
2108 3508 2200 3562 do-

642 3587 898 3642 mesticos
932 3588 982 3641 in
1008 3586 1323 3652 Jerusalem,
1350 3608 1369 3642 ι
1399 3589 1755 3660 Symmachus
1775 3594 1994 3660 habet"
2023 3596 2197 3664 ignem

624 3678 699 3751 in
734 3676 863 3733 Sion
890 3689 944 3732 et
969 3679 1238 3735 clibanmn
1271 3681 1325 3734 in
1356 3680 1690 3743 Jerusalem;
1719 3702 1741 3737 ι
1776 3684 1965 3755 Aquila
1994 3700 2126 3741 vero
2145 3696 2199 3742 et

646 3764 965 3835 Tlteodotio,
1004 3787 1024 3822 ι
1062 3767 1179 3823 Lux
1213 3771 1312 3839 ipsi
1346 3772 1398 3825 in
1446 3771 1600 3836 Sion,
1631 3782 1688 3828 et
1720 3776 1965 3831 clibanus
1998 3778 2097 3847 ipsi
2143 3778 2198 3833 in

646 3854 969 3913 Jerusalem.
1000 3877 1019 3911 ι
1047 3861 1210 3926 Qneis
1248 3862 1471 3918 docetur
1518 3864 1893 3922 universorum
1943 3867 2111 3924 Deum
2148 3880 2204 3924 et

650 3945 959 4014 Dominum,
986 3952 1077 4020 qui
1103 3952 1269 4006 hasce
1293 3963 1482 4008 contra
1505 3955 1761 4029 Assyrios
1797 3960 1971 4016 minas
2017 3970 2204 4031 protu-

651 4038 737 4102 lit,
786 4040 962 4109 ignem
994 4043 1192 4096 habere
1221 4042 1275 4097 in
1323 4042 1474 4111 Sion,
1504 4054 1560 4101 et
1585 4046 1856 4103 clibanum
1902 4050 1954 4105 in
1984 4049 2205 4106 Jerusa-

650 4126 794 4193 lem;
823 4139 881 4183 ut
901 4132 948 4184 si
964 4132 1178 4200 quando
1201 4134 1447 4201 voluerit,
1472 4136 1575 4192 hoc
1602 4137 1725 4209 igne
1748 4149 1803 4195 et
1828 4140 2041 4197 clibano
2064 4157 2206 4197 com-

649 4219 811 4274 burat
832 4229 886 4275 et
905 4233 1173 4293 excoquat
1193 4239 1285 4280 eos
1306 4226 1395 4294 qui
1417 4227 1797 4287 combustione
1822 4244 1955 4300 opus
1981 4232 2202 4288 habent.

652 4310 913 4377 Quocirca
938 4312 1030 4368 Dei
1063 4314 1150 4368 illa
1178 4315 1379 4373 civitas
1394 4318 1671 4386 despectui
1699 4320 1941 4376 habenda
1971 4338 2077 4377 non
2099 4334 2203 4379 est.

653 4399 779 4455 llam
815 4417 980 4471 porro
1035 4405 1103 4459 de
1144 4398 1383 4461 Ecclesia
1436 4407 1566 4462 item
1595 4406 1717 4474 jure
1755 4410 2031 4477 dicantur,
2079 4414 2205 4482 quia

2302 3309 2337 3378 ή
2369 3306 2492 3375 δόξα
2522 3305 2615 3359 τοῦ
2659 3306 2808 3360 οῐκου
2852 3304 3041 3359 τούτου
3077 3306 3113 3374 ή
3159 3303 3363 3374 ἐσχάτη
3403 3301 3551 3373 ὑπὲρ
3586 3300 3685 3372 τήν
3719 3299 3876 3373 πρώ-

2300 3416 2421 3469 την.
2480 3418 2498 3450 ι
2536 3397 2751 3451 Εἰδέναι
2798 3396 2856 3451 δὲ
2908 3394 3034 3468 χρὴ,
3064 3397 3147 3449 ὅτι
3179 3394 3241 3448 τὸ
3274 3394 3394 3465 μιν,
3434 3411 3454 3444 ι
3509 3391 3798 3465 μακάριος,
3849 3410 3878 3444 ι

2302 3489 2473 3552 οὐδεὶς
2510 3488 2617 3541 τῶν
2646 3485 3000 3560 ἑρμηνευτῶν
3019 3486 3268 3557 ιεῐρηκεν·
3302 3485 3424 3539 ἀντὶ
3459 3483 3516 3538 δέ
3548 3483 3673 3549 τοῦ,
3710 3493 3729 3535 ι
3778 3484 3878 3548 Ὃς

2303 3578 2416 3649 ἔχει
2436 3582 2494 3633 ἐν
2521 3578 2658 3633 Σιὼν
2690 3580 2913 3650 σπέρμα
2950 3568 3044 3631 xa't
3074 3576 3307 3641 οίκείους
3332 3576 3391 3629 ἐν
3439 3574 3815 3646 Ἰερουσαλήμ,
3850 3593 3871 3626 ι

2304 3670 2334 3721 ό
2374 3670 2472 3740 μὲν
2512 3668 2805 3739 Σύμμαχος
2833 3666 2969 3737 εχει,
3008 3684 3028 3717 ι
3064 3663 3178 3737 πῦρ
3214 3667 3272 3718 ἐν
3303 3663 3463 3727 Σιὼν,
3497 3664 3592 3717 καὶ
3622 3662 3881 3717 κλίϐανον

2306 3760 2364 3812 ἐν
2407 3759 2789 3829 Ἰερουσαλήμ·
2826 3776 2845 3809 ι
2886 3758 2915 3809 ό
2955 3755 3182 3818 ’Δκύλας
3226 3755 3319 3808 καὶ
3356 3753 3663 3818 Θεοδοτίων,
3701 3771 3721 3804 r
3756 3751 3881 3816 θῶς

2310 3850 2459 3920 αὐτῷ
2489 3852 2548 3902 ἐν
2582 3848 2721 3901 Σιὼν
2752 3848 2844 3901 καὶ
2874 3847 3124 3911 κλίϐανος
3153 3845 3302 3917 αὐτῷ
3340 3846 3399 3899 ἐν
3444 3843 3821 3916 Ἰερουσαλὴμ,
3851 3862 3876 3896 a

2308 3941 2593 4011 εἰρήκασι·
2645 3938 2981 4002 διδάσκοντος
3011 3937 3107 3992 τοῦ
3154 3936 3334 4005 λόγου,
3381 3936 3462 3991 ὅτι
3507 3940 3536 3990 ό
3582 3936 3691 3990 τῶν
3737 3937 3879 3991 ὅλων

2307 4032 2440 4095 Θεὸς
2470 4032 2564 4086 καὶ
2594 4031 2826 4104 Κύριος,
2856 4034 2886 4085 ό
2916 4032 3057 4086 κατὰ
3090 4031 3198 4085 τῶν
3241 4030 3539 4101 ’Δσσυρίων
3577 4031 3885 4104 ἀπειλήσας

2307 4124 2379 4178 τὰ
2402 4124 2693 4195 λεγόμενα,
2724 4123 2837 4193 ἔχει
2861 4122 2971 4194 πῦρ
2997 4124 3056 4175 ἐν
3084 4122 3245 4187 Σιὼν,
3274 4123 3369 4177 καὶ
3394 4120 3645 4176 κλίϐανον
3672 4123 3734 4175 ἐν
3783 4122 3881 4176 ἰε-

2312 4213 2623 4286 ρουσαλήμ·
2657 4212 2735 4267 ἵν’
2765 4213 2853 4266 ὅτε
2888 4212 3164 4285 βούληται,
3196 4212 3277 4284 τῷ
3307 4213 3441 4284 πυρὶ
3463 4212 3637 4283 τούτῳ
3675 4212 3771 4267 καὶ
3800 4212 3891 4284 τῷ

2311 4304 2547 4375 κλιϐάνῳ
2594 4303 2915 4377 κατακαύσῃ
2959 4304 3053 4357 καὶ
3101 4305 3423 4379 κατοπτήσῃ
3470 4306 3597 4370 τοὺς
3634 4304 3884 4371 καύσεως

2311 4395 2609 4466 δεομένους.
2663 4396 2754 4450 Διὸ
2789 4395 2851 4448 ού
2904 4396 3170 4466 προσήκει
3218 4387 3579 4466 καταφρονεῖν
3628 4395 3731 4467 τῆς
3786 4396 3887 4451 τοῦ

655 4490 769 4560 ipsa
797 4500 880 4545 est
910 4492 1102 4549 civitas
1152 4494 1239 4549 illa
1291 4496 1385 4550 Dei
1439 4496 1696 4569 gloriosa,
1721 4501 1789 4553 de
1835 4514 1940 4568 qua
1969 4500 2196 4569 dicitur,

2312 4484 2446 4539 Θεοῦ
2472 4487 2698 4551 πόλεως.
2728 4486 2912 4541 Ταῦτα
2940 4486 2997 4541 δὲ
3028 4487 3121 4540 καὶ
3160 4484 3290 4558 περὶ
3311 4485 3413 4556 τῆς
3448 4486 3775 4557 Ἐκκλησίας
3800 4489 3883 4541 εί-

661 4599 681 4632 σ
716 4582 961 4639 Gloriosa
993 4586 1132 4639 dicta
1168 4595 1297 4640 sunt
1330 4588 1397 4643 de
1429 4597 1502 4655 te,
1542 4588 1738 4645 civitas
1790 4590 1885 4646 Dei
1932 4591 2000 4647 “.
2038 4613 2059 4648 ι
2116 4594 2214 4650 Est

658 4674 786 4727 item
822 4674 876 4727 in
932 4675 1021 4729 illa
1054 4675 1192 4744 ignis
1229 4685 1284 4730 et
1328 4677 1591 4745 clibanus,
1625 4694 1735 4751 quo
1783 4681 2214 4755 uniuscujusque

658 4765 852 4819 animae
876 4765 1041 4833 ligna,
1076 4765 1254 4822 fenum
1285 4778 1338 4823 et
1361 4770 1613 4839 stipulam
1644 4773 1928 4829 comburat
1968 4786 2023 4831 et
2050 4779 2216 4833 absu-

660 4866 787 4909 mat.
819 4857 969 4922 Quod
993 4858 1037 4911 si
1060 4858 1292 4928 dicatur,
1323 4877 1344 4913 ι
1382 4860 1497 4916 Lux
1528 4861 1628 4931 ipsi
1663 4864 1716 4917 in
1758 4862 1914 4930 Sion,
1957 4874 2013 4922 et
2040 4867 2212 4923 cliba-

662 4963 763 5001 nus
794 4948 892 5017 ipsi
925 4950 977 5002 in
1008 4948 1331 5017 Jerusalem,
1372 4970 1393 5005 ι
1435 4953 1611 5023 ignem
1646 4954 2008 5026 intelligamus
2054 4973 2215 5027 opor-

666 5049 762 5104 tet,
815 5052 1031 5109 propter
1060 5056 1153 5096 eos
1181 5056 1248 5096 ex
1279 5051 1443 5108 coetu,
1478 5044 1565 5112 qui
1614 5044 1818 5099 lumine
1847 5056 1977 5100 sunt
2020 5047 2165 5118 digni
2193 5066 2208 5113 ;

663 5132 931 5185 clibanttm
962 5143 1139 5186 autem
1171 5134 1223 5187 in
1253 5132 1574 5199 Jerusalem,
1606 5145 1821 5204 propter
1846 5151 1940 5192 eos
1957 5138 2045 5206 qui
2063 5153 2211 5193 com-

664 5225 910 5279 bustione
940 5236 990 5280 ct
1021 5228 1338 5296 purgatione
1374 5242 1509 5297 opus
1540 5228 1756 5283 habent.

1199 5490 1425 5547 CAPUT
1460 5490 1671 5546 XXX".

740 5579 900 5637 νεεδ.
944 5584 964 5637 l
1016 5583 1071 5639 2.
1103 5584 1278 5638 «Ειω
1315 5583 1457 5639 enim
1492 5598 1583 5636 rex
1635 5582 1811 5650 justus
1850 5579 2113 5652 regnabit,
2162 5588 2215 5634 ct

745 5779 791 5810 "
818 5782 948 5851 Agg.
985 5796 1045 5846 ιι,
1086 5782 1169 5836 10.
1246 5780 1451 5837 "Psal.
1483 5778 1779 5845 uxan,3.

2316 4576 2485 4641 κότως
2516 4577 2581 4631 ἂν
2614 4576 2825 4648 ῥηθείη,
2856 4576 3155 4647 ἐπειδήπερ
3189 4577 3224 4647 ή
3262 4575 3417 4639 πόλις
3450 4575 3544 4628 τοῦ
3569 4574 3707 4629 Θεοῦ
3740 4579 3774 4647 ή
3799 4578 3883 4631 δερ

2317 4668 2613 4741 δοξασμένη
2637 4669 2771 4741 αὐτή
2795 4670 2931 4734 ἐστι,
2959 4669 3086 4739 περὶ
3108 4663 3177 4740 ἧς
3195 4669 3409 4738 εἴρηται
3424 4683 3438 4698 ·
3466 4687 3485 4719 ι
3513 4667 3881 4741 Δεδοξασμένα

2318 4758 2547 4832 ἐλαλήθη
2581 4761 2710 4831 περὶ
2737 4759 2854 4824 σοῦ,
2882 4761 2916 4829 ή
2948 4758 3101 4821 πόλις
3130 4758 3225 4811 τοῦ
3252 4756 3408 4812 Θεοῦ.
3447 4777 3466 4811 ι
3518 4758 3675 4812 Ἔστι
3707 4761 3802 4814 καὶ
3825 4762 3885 4817 ἐν

2319 4851 2457 4922 αὐτῇ
2484 4850 2719 4927 πῦρ-καὶ
2749 4849 3018 4913 κλίϐανος,
3042 4851 3123 4913 είς
3147 4848 3209 4902 τὸ
3244 4849 3601 4919 καταφλέγειν
3650 4851 3747 4904 καὶ
3792 4853 3883 4909 ἀντ

2315 4941 2561 4995 αλίσκειν
2585 4941 2655 4994 τὰ
2679 4943 2737 4995 ἐν
2771 4941 2975 5013 ἑκάστῃ
2997 4940 3139 5012 ψυχῇ
3172 4938 3302 5005 ξύλα
3323 4942 3416 4995 καὶ
3440 4942 3631 5013 χόρτον
3662 4942 3759 4996 καὶ
3790 4960 3883 4997 και

2312 5031 2509 5102 λάμην.
2551 5031 2677 5085 Ἐὰν
2714 5031 2771 5085 δὲ
2816 5030 3062 5100 λέγηται,
3100 5050 3119 5081 ι
3155 5030 3275 5095 Φῶς
3309 5029 3459 5101 αὐτῷ
3488 5032 3549 5084 ἐν
3588 5013 3771 5097 Σιὼνξ
3793 5036 3883 5087 καὶ

2314 5121 2560 5187 κλίϐανος
2584 5123 2732 5192 αύτῷ
2759 5124 2817 5175 ἐν
2849 5120 3219 5193 Ἰερουσαλὴμ,
3257 5140 3278 5174 ι
3308 5121 3396 5175 διὰ
3424 5123 3523 5193 μέν
3554 5124 3682 5185 τοὺς
3708 5124 3883 5191 φωτὸς

2314 5214 2493 5277 ἀξίους
2514 5213 2623 5268 τῶν
2644 5214 3020 5286 συναγομένων
3039 5213 3099 5265 τὸ
3114 5212 3241 5281 φῶς
3258 5212 3507 5284 είρῆσθαι
3532 5212 3878 5283 ἐκδεξόμεθα·

2315 5304 2405 5357 διὰ
2434 5303 2493 5357 δέ
2522 5304 2656 5367 τοὺς
2681 5293 2926 5366 καύσεως
2958 5303 3050 5357 καὶ
3081 5304 3398 5374 καθάρσεως
3440 5303 3631 5373 χρείαν
3662 5302 3883 5373 ἔχοντας

2315 5394 2393 5462 τὸ,
2426 5395 2707 5460 κλίϐανος
2733 5394 2802 5448 ἐν
2841 5394 3252 5463 Ἰερουσαλήμ.

2818 5484 3209 5537 ΚΕΦΔΛΔΙΟΝ
3231 5484 3351 5539 AB’.

2391 5592 2412 5625 ι
2460 5574 2591 5632 Ἰδοὺ
2634 5574 2740 5649 γὰρ
2768 5573 3018 5647 βασιλεὺς
3046 5574 3253 5641 δίκαιος
3286 5573 3607 5648 βασιλεύσει,
3652 5577 3747 5629 καὶ
3787 5574 3881 5647 ἅρ-
