4042 6398
208 412 313 469 317

1128 392 1642 468 consummata
1677 407 1747 465 ιιι
1787 409 2316 473 Issum—cap.
2348 411 2573 470 xxxu.

208 565 393 620 χοντες
421 549 563 621 μετά
593 548 829 620 κρίσεως
859 546 1103 618 ἄρξουσι.
1129 546 1242 601 Kal.
1265 546 1419 602 ῐσται
1449 547 1481 601 6
1507 547 1784 620 ἄνθρωπος

1895 550 2172 620 principes
2195 564 2321 607 cum
2342 547 2549 619 judicio
2571 548 2939 620 imperabunt.
2965 544 3034 602 Bt
3056 545 3166 602 erit
3190 546 3356 602 homo
3379 562 3475 601 oc-

208 641 469 711 κρύπτων
496 640 626 702 τοὺς
658 638 851 707 λόγους
874 637 1077 702 αὑτοῦ,
1100 638 1198 693 καὶ
1231 636 1571 709 κρυϐήσεται
1597 636 1675 702 ὥς
1696 635 1793 706 ἀφ’

208 730 397 794 ὓδατος
430 728 756 801 φερομένου.
796 727 908 781 Καὶ
935 728 1236 799 φανήσεται
1265 729 1325 781 ιν
1352 725 1492 780 Σιὼν
1513 726 1592 790 ὡς
1627 742 1797 780 πατα-

210 822 303 892 μδς
328 822 636 893 φερόμενος
654 860 669 887 ,
698 818 907 885 ενδοξος
930 821 989 873 ἰν
1013 822 1085 891 γῇ
1110 817 1345 891 διψώσῃ.
1388 836 1410 871 ι
1439 817 1699 883 Θεσπίζει
1722 816 1797 872 τὰ

208 911 331 982 περὶ
362 911 469 982 τῆς
497 909 820 979 θεοφανείας
860 909 956 964 τοῦ
996 908 1267 981 Χριστοῦ·
1300 910 1474 986 μόνος
1499 910 1609 984 γὰρ
1637 904 1795 973 οὗτος

206 1001 411 1064 δίκαιος
449 1002 510 1053 ιν
556 1000 867 1073 ἀνθρώποις
900 1001 1141 1072 ἀνεφάνη
1191 1002 1222 1054 6
1270 991 1559 1072 ﬂaodsﬁg.
1589 1001 1702 1055 Καὶ
1740 1003 1793 1056 οῖ

206 1091 492 1145 ἀπόστολοι
524 1092 583 1144 δὲ
614 1090 782 1145 αὐτοῦ
819 1091 958 1163 μετὰ
990 1090 1226 1163 κρίσεως
1254 1090 1351 1144 τοῦ
1381 1076 1593 1145 ἑαυτῶν
1636 1090 1792 1161 βασι-

204 1181 360 1245 λέως,
393 1182 497 1253 τῆς
560 1182 888 1252 Έκκλησίας
917 1180 1086 1236 αὑτοῦ
1118 1180 1523 1252 καθηγήσαντο.
1575 1179 1791 1235 Ἐϐασί-

204 1273 356 1327 λευσε
390 1274 574 1328 ¹τοίνυν
605 1275 687 1337 εἰς
717 1273 1064 1345 δικαιοσύνην
1108 1274 1139 1327 6
1174 1267 1412 1343 Χριστὸς
1445 1272 1639 1344 καινήν
1669 1288 1792 1326 τινα

200 1364 402 1433 ταύτην
431 1363 534 1434 τὴν
560 1361 868 1433 βασιλείαν·
903 1363 965 1418 οὐ
997 1363 1104 1435 γὰρ
1137 1364 1218 1427 είς
1248 1361 1600 1434 ἀνθρωπίνην
1631 1362 1792 1430 ἀξίαν

201 1452 549 1517 ἀποϐλέπων,
588 1454 712 1509 οὐδὲ
745 1455 827 1517 είς
860 1453 1024 1525 τιμὴν
1062 1455 1158 1510 καὶ
1183 1453 1342 1520 δόξαν
1512 1454 1666 1527 παρὰ
1690 1455 1790 1508 ἀνι

200 1544 461 1615 θρώποις,
498 1543 600 1615 τὴν
649 1543 927 1615 βασιλείαν
955 1545 1310 1617 ἐπανήρατοκ
1335 1544 1449 1599 ἀλλ’
1474 1546 1557 1609 είς
1587 1544 1792 1599 δικαιο-

200 1636 365 1707 σύνην
386 1652 402 1666 ·
433 1634 625 1706 ὥσπερ
654 1631 748 1689 οὖν
800 1635 897 1689 καὶ
945 1636 997 1689 oi
1044 1633 1307 1706 ἄρχοντες
1352 1635 1539 1699 αὐτοῦ,
1586 1636 1686 1689 οὐκ
1731 1637 1790 1688 ἑν

200 1726 478 1800 ἀξιώμασι
529 1728 818 1796 κοσμικοῖς
868 1725 1236 1797 προαχθέντες
1287 1722 1478 1799 ἦρχον,
1538 1726 1654 1780 ἀλλ’
1708 1727 1789 1790 είς

198 1818 405 1889 κρίσιν.
446 1815 542 1870 Διὸ
591 1815 734 1870 κατὰ
756 1817 885 1880 τοὺς
911 1815 1133 1881 λοιποὺς
1168 1817 1511 1889 ἑρμηνευτὰς
1550 1818 1786 1888 εῖρηται,

1884 640 2110 707 ΔιειιΙιιιιε
2146 655 2429 706 sermones
2455 654 2607 704 suos.
2648 649 2705 697 et
2726 639 3095 696 occultabitur
3124 646 3184 692 ut
3232 637 3303 693 ab
3328 653 3477 708 aqua

1894 742 2171 789 manante.
2196 733 2267 789 Et
2282 732 2569 803 apparebit
2594 731 2652 787 in
2669 731 2825 799 Sion,
2844 732 2990 787 sicut
3006 727 3203 784 ﬂuvius
3221 742 3475 793 currens,

1894 823 2134 895 inclytus
2166 827 2223 880 in
2253 834 2399 880 terra
2424 824 2663 882 sitienti.
2693 842 2715 876 ι
2744 822 2877 891 Quae
2904 822 2974 876 ad
3003 820 3245 876 divinum
3262 818 3477 876 Christi

1893 916 2184 972 adventuni
2210 924 2460 987 spectant
2485 915 2847 971 vaticinatur:
2878 912 2927 969 is
2952 924 3187 979 namque
3208 907 3357 966 solus
3377 923 3475 964 rex

1887 1008 2070 1078 justus
2096 1010 2152 1063 in
2204 1008 2522 1064 hominibus
2561 1005 2838 1078 apparuit.
2894 1002 3141 1074 Apostoii
3189 1015 3321 1057 vero
3354 1001 3476 1072 ejus

1891 1112 2017 1154 cum
2047 1098 2255 1168 judicio
2284 1098 2431 1170 regis
2482 1098 2567 1153 sui
2605 1095 2868 1153 Ecclesia:
2914 1095 3089 1168 ipsius
3116 1092 3471 1163 praeiuerunt.

1893 1190 2158 1262 Regnavit
2188 1190 2375 1261 itaque
2411 1191 2468 1244 in
2494 1188 2767 1257 justitiam
2796 1186 3072 1250 Christus,
3114 1197 3310 1240 novum
3340 1197 3475 1239 sane

1894 1282 2042 1354 regni
2080 1296 2288 1353 genus;
2330 1296 2438 1336 non
2482 1280 2541 1336 in
2566 1280 2860 1335 humanam
2892 1277 3093 1350 quippe
3131 1275 3473 1346 dignitatem,

1892 1391 1999 1431 non
2018 1375 2072 1429 in
2103 1376 2365 1429 honorem
2394 1382 2451 1429 et
2466 1370 2697 1442 gloriam
2720 1369 3001 1425 hominum
3032 1364 3350 1435 respiciens,
3386 1378 3478 1419 re-

1891 1479 2057 1537 gnum
2073 1464 2284 1532 erexit;
2314 1464 2409 1519 sed
2432 1459 2774 1531 iniustitiam
2800 1478 2817 1516 :
2846 1456 3305 1530 quemadmodum
3322 1455 3475 1525 prin-

1889 1557 2041 1627 cipes
2074 1555 2213 1624 ejus,
2244 1570 2351 1610 non
2380 1554 2448 1608 ad
2469 1553 2778 1609 mundanas
2822 1551 3118 1622 dignitates
3139 1546 3338 1610 evecti,
3369 1547 3476 1601 imo

1890 1647 2185 1720 perahant';
2216 1647 2309 1706 sed
2368 1646 2436 1701 ad
2466 1644 2753 1714 judicium.
2795 1640 3139 1710 Quapropter
3174 1637 3472 1694 secundum

1892 1739 2134 1809 reliquos
2159 1739 2488 1808 interpretes
2526 1736 2733 1793 dictum
2758 1744 2884 1799 est,
2927 1750 2953 1798 ι,
2985 1732 3053 1787 Et
3098 1728 3376 1801 principes
3405 1727 3474 1782 sd
3508 1792 3509 1795 η

1886 1831 2152 1901 judicium
2193 1829 2561 1900 imperabunt.
2592 1846 2612 1879 ι
2658 1825 2765 1880 Pro
2812 1825 2906 1879 illo
2962 1833 3169 1887 autem,
3217 1838 3239 1872 ι
3275 1819 3343 1875 Et
3366 1819 3477 1875 erit

203 1880 373 1963 [Καὶ
400 1910 665 1981 ἄρχοντες
695 1910 777 1972 είς
816 1910 991 1980 κρῖμα
1018 1880 1312 1979 ἄρξουσιν..
1336 1928 1356 1961 ι
1407 1880 1555 1962 Ἀντὶ
1658 1880 1784 1972 τοῦ,

1886 1880 2475 1979 h—omo—awbscondeiis—
2492 1880 2777 1976 sermones
2826 1930 2981 1981 suos,
3012 1932 3032 1967 ι
3068 1880 3429 1983 Symmachus
3454 1948 3471 1976 ,

202 2018 221 2050 ι
273 1997 388 2051 Καὶ
431 1996 587 2052 ἔσται
623 2000 653 2052 6
682 1996 969 2067 ἄνθρωπος
1002 1997 1261 2068 κρύπτων
1305 1998 1434 2062 τοὺς
1467 1997 1661 2067 λόγους
1690 1998 1791 2051 αύ-

192 2089 311 2155 τοῦ,
352 2109 372 2143 ι
420 2092 453 2145 6
490 2090 804 2161 Σύμμαχος,
865 2108 885 2141 ι
922 2090 1033 2145 Kal.
1064 2089 1239 2152 ισται,
1307 2089 1496 2161 φησὶν,
1543 2087 1685 2159 ἀνὴρ
1715 2088 1793 2153 ὡς

194 2181 492 2251 ἀτωκρυφὴ
554 2181 661 2234 ἀπὺ
732 2180 1043 2251 πνεύματος
1084 2182 1180 2235 καὶ
1235 2180 1517 2244 λαίλαπος.
1553 2199 1572 2232 ι
1634 2181 1793 2244 Ποῖος

192 2266 286 2325 οὖν
316 2271 609 2343 ἄνθρωπος
648 2270 803 2325 ἔσται
834 2270 951 2325 ἀλλ’
978 2274 1008 2326 6
1035 2272 1295 2343 ἀνωτέρω
1343 2271 1550 2335 δίκαιος
1576 2269 1793 2341 ὠνομα-

196 2362 430 2432 opim;
464 2363 638 2426 Αὐτὸς
660 2363 772 2435 γὰρ
802 2357 957 2427 οὗτος
980 2362 1136 2418 ἔσται
1166 2363 1329 2435 ἀνὴρ,
1354 2362 1552 2417 οὐκοῦν
1586 2365 1655 2433 τῇ
1689 2361 1791 2430 φύ-

194 2469 277 2505 σει
309 2454 475 2525 ἀνὴρ.
515 2452 651 2507 ἀλλά
694 2454 959 2526 κρείττων
999 2453 1034 2525 ἢ
1079 2452 1222 2507 κατά
1265 2452 1557 2524 ἀνθρώπου
1604 2452 1785 2523 φύσιν.

191 2540 341 2611 Πλὴν
396 2541 551 2595 ἔσται
602 2540 888 2615 ἄνθρωπος
929 2541 1284 2613 ἐπικρύπτων
1334 2540 1502 2595 αὑτοῦ
1539 2542 1640 2613 τὴν
1671 2540 1790 2594 θεό-

188 2649 353 2705 τητα.
390 2633 579 2705 ’Υδωρ
618 2633 729 2705 γὰρ
760 2632 1059 2703 φερόμενον
1088 2627 1159 2704 ἦν
1187 2632 1283 2708 καὶ
1313 2630 1685 2702 ἀπολλύμενον
1726 2632 1789 2686 τὸ

190 2723 407 2795 πλῆθος
436 2722 533 2777 τοῦ
566 2723 675 2777 τῶν
704 2723 972 2778 Ἰουδαίων
1002 2722 1132 2777 λαοῦ
1157 2740 1170 2753 ·
1204 2722 1408 2791 διορκαὶ
1434 2724 1787 2795 ἀπέκρυπτεν

187 2814 363 2869 αὑτὸν
388 2813 451 2881 ἐξ
477 2813 681 2877 αὐτῶν,
719 2814 817 2867 καὶ
852 2814 979 2877 τοὺς
1016 2813 1207 2877 λόγους
1230 2812 1398 2867 αὑτοῦ
1436 2814 1532 2867 ἀπ’
1561 2814 1788 2867 ἐκείνων

192 2903 296 2974 μιν
324 2901 623 2963 ἐκάλυπτε,
653 2905 765 2965 τοῖς
795 2902 851 2955 δὲ
880 2902 1047 2956 αὑτοῦ
1071 2895 1656 2975 μθηταῖςῖφανέρου.
1686 2905 1785 2969 Τίς

187 2990 248 3046 δὲ
281 2992 590 3061 φανήσεται
630 2990 676 3062 η·
699 2990 862 3055 αὐτὸς
893 2990 1118 3055 δίκαιος.
1138 2992 1424 3061 βασιλεύςς
1474 2993 1639 3058 αὐτὸς
1676 2994 1784 3065 γάρ

189 3083 502 3154 φανήσεται
550 3082 627 3146 ὡς
676 3082 922 3154 ποταμὸς
970 3082 1274 3155 φερόμενος
1316 3084 1544 3151 ἔνδοξος.
1590 3086 1686 3149 Τίς
1727 3086 1784 3140 δέ

1848 2042 1851 2045 ι
1899 2035 1920 2069 ι
1955 2015 2023 2072 Et
2046 2015 2155 2071 erit
2188 2015 2272 2068 vir
2308 2014 2452 2070 sicut
2487 2008 2782 2066 absconsio
2806 2022 2836 2061 a
2868 2005 3060 2077 spiritu
3088 2011 3145 2059 et
3173 2001 3468 2072 procellas

1893 2110 2028 2178 Quis
2087 2109 2254 2180 igitur
2285 2108 2451 2163 homo
2484 2105 2611 2168 erit,
2649 2102 2758 2158 nisi
2794 2101 2840 2156 is
2884 2099 2978 2170 qui
3012 2098 3264 2168 superius
3289 2094 3474 2163 justus

1892 2198 2196 2272 appellatus
2227 2198 2352 2253 est?
2392 2196 2492 2251 Hic
2528 2194 2676 2250 enim
2712 2194 2829 2263 ipse
2871 2192 2957 2247 vir
3001 2190 3129 2256 erit,
3161 2196 3357 2242 natura
3390 2187 3475 2241 vir

1891 2292 2132 2362 quidem,
2163 2291 2258 2347 sed
2284 2288 2523 2344 hominis
2549 2295 2747 2340 natura
2772 2283 2931 2354 longe
2955 2280 3323 2355 pmstantior.
3352 2276 3474 2333 Cc-

1893 2392 2067 2438 terum
2119 2382 2284 2436 homo
2322 2380 2429 2435 erit
2468 2393 2626 2435 suam
2666 2375 2955 2431 occultans
3007 2372 3286 2426 deitatem.
3333 2368 3473 2423 Nam

1890 2489 2032 2543 aqua
2062 2474 2206 2528 ﬂuxa
2223 2482 2280 2527 et
2318 2470 2531 2540 perdita
2554 2475 2673 2523 erat
2695 2464 2984 2520 multitudo
3006 2460 3218 2516 Judaici
3251 2458 3469 2530 populi:

1888 2580 2060 2637 quare
2086 2578 2207 2620 sese
2237 2562 2307 2618 ab
2338 2562 2467 2626 illis.
2500 2570 2558 2615 et
2601 2558 2770 2614 verba
2799 2571 2898 2613 sua
2934 2554 3004 2610 ab
3032 2554 3246 2608 illorum
3290 2552 3473 2608 verbis

1888 2656 2220 2721 occultabat,
2252 2655 2350 2711 sed
2392 2651 2676 2721 discipulis
2727 2650 2848 2703 suis
2870 2662 2934 2703 ea
2968 2643 3303 2701 declarabat.
3338 2642 3473 2709 Quis

1888 2759 2068 2804 autem
2095 2746 2414 2818 apparebit,
2449 2743 2552 2799 nisi
2588 2743 2703 2812 ipse
2754 2756 2848 2795 rex
2873 2737 3089 2807 justus?
3115 2737 3233 2805 ipse
3264 2736 3469 2804 quippe

1886 2852 2008 2895 sese
2033 2837 2484 2905 conspiciendum
2517 2832 2799 2905 praebebit,
2828 2832 2984 2901 quasi
3021 2828 3216 2883 ﬂuvius
3241 2842 3471 2882 manans

1887 2927 2137 3001 inclytus.
2160 2926 2291 2995 Qum
2310 2942 2440 2982 vero
2463 2925 2595 2981 Sion
2618 2924 2731 2985 illa.
2753 2924 2858 2977 nisi
2884 2937 3004 2991 quae
3025 2935 3171 2981 eum,
3191 2921 3285 2988 qui
3313 2934 3373 2973 se
3400 2918 3471 2973 ab

1887 3021 1992 3077 illis
2018 3020 2347 3084 occultabat,
2378 3017 2591 3087 publice
2622 3014 2872 3083 accepit?
2901 3028 3024 3067 nam
3061 3027 3183 3080 qua:
3208 3011 3339 3065 olim
3367 3009 3469 3064 de-

1886 3118 2031 3166 serta
2067 3117 2122 3163 et
2166 3106 2441 3163 sitibunda
2469 3114 2611 3175 erat,
2645 3105 2889 3162 Ecclesia
2937 3118 3004 3157 ex
3040 3102 3312 3174 gentibus.
3352 3101 3470 3171 ipsa

188 3174 340 3277 εστιν
367 3175 415 3275 i7-
436 3172 574 3226 Σιὼν
604 3172 747 3277 αὔξη
770 3173 805 3243 ἢ
895 3174 987 3227 τὸν
1025 3174 1121 3227 ἀπ’
1151 3175 1377 3230 ἐκείνων
1404 3176 1783 3249 κρυπτόμενον
1808 3216 1853 3277 c
1886 3212 2011 3253 vere
2037 3197 2167 3253 Sion
2201 3206 2308 3253 est.

190 3263 458 3336 ἔμφανῶς
506 3261 964 3334 πραδεξαμένη;
1002 3266 1036 3335 ἡ
1083 3264 1195 3337 γὰρ
1236 3265 1405 3319 πάλαι
1442 3267 1650 3337 ἔρημος
1689 3268 1784 3322 καὶ

188 3353 406 3424 διψῶσα
440 3354 475 3424 ἡ
506 3351 566 3417 ἐξ
606 3352 776 3405 ἐθνῶν
816 3353 1131 3424 Ἐκκλησία,
1158 3355 1299 3426 αὕτη
1336 3357 1488 3411 ἐστὶν
1517 3359 1553 3428 ἡ
1583 3355 1743 3410 Σιών.

266 3501 286 3534 ι
329 3481 447 3535 Καὶ
486 3480 668 3535 οὐκέτι
708 3480 922 3534 ἔσονται
954 3482 1275 3547 πεποιθότες
1320 3486 1405 3537 ἐπ’
1438 3484 1779 3557 ἀνθρώπους,

188 3572 330 3628 ἀλλὰ
368 3572 443 3625 τὰ
472 3565 590 3626 ὦτα
618 3570 883 3627 δώσουσιν
930 3573 1171 3635 ἀκούειν,
1216 3577 1310 3630 καὶ
1358 3578 1393 3647 ἠ
1440 3576 1639 3649 καρδία
1671 3577 1782 3631 τῶν

187 3659 567 3715 ἀσθενούντων
605 3660 860 3732 προσέξει
896 3659 992 3714 τοῦ
1036 3663 1277 3739 ἀκούειν,
1313 3663 1409 3715 καὶ
1445 3666 1505 3717 ai
1533 3663 1779 3732 γλῶσσαι

189 3754 246 3805 αἱ
277 3750 630 3821 ψελελίζουσαι
673 3751 812 3822 ταχὺ
862 3740 1196 3825 μαθήσονται
1244 3754 1426 3807 λαλεῖν
1468 3756 1711 3827 εἰρήνην.
1755 3775 1775 3808 ι

191 3842 336 3896 Σιὼν
367 3842 549 3895 τοίνυν
584 3842 679 3894 καὶ
719 3842 792 3911 γῆ
831 3841 1042 3912 διψῶσα
1072 3836 1241 3897 πάλαι
1272 3843 1477 3916 ἔρημος
1508 3845 1595 3918 εἴη
1638 3847 1705 3901 ἂν
1743 3850 1777 3919 ή

202 3931 537 4001 Ἐκκλησία·
580 3930 677 3984 καὶ
719 3930 916 4002 καρδία
960 3930 1353 3998 ἀσθενούντων,
1397 3934 1493 3987 καὶ
1534 3934 1781 4003 γλῶσσαι

188 4022 601 4092 τραυλίζουσαι,
635 4023 691 4075 ai.
727 4022 835 4075 τῶν
868 4022 1035 4076 πάλαι
1071 4022 1164 4076 τὸν
1194 4022 1327 4077 Θεὸν
1377 4025 1450 4094 μὴ
1492 4026 1778 4093 νοούντων,

194 4110 334 4181 μηδὲ
372 4110 511 4179 ὀρθὰ
547 4110 848 4165 λαλούντων
878 4094 1070 4175 ξθνῶν,
1115 4106 1197 4191 οἷς
1243 4114 1636 4183 ἐπαγγέλλεται
1682 4120 1780 4191 τὴν

188 4202 289 4256 ἐπὶ
325 4202 397 4255 τά
424 4201 659 4273 κρείττω
686 4202 1009 4275 μεταϐολήν.
1035 4203 1257 4268 Τούτοις
1277 4205 1519 4276 ἐπιλέγει
1537 4224 1554 4240 ο

273 4375 295 4409 ι
338 4357 452 4409 Καὶ
497 4355 681 4410 οὐκέτι
722 4357 785 4410 οὐ
839 4357 914 4428 μὴ
939 4358 1135 4412 εῖπωσι
1184 4360 1263 4430 τῷ
1303 4361 1472 4432 μωρῷ
1502 4362 1727 4435 ἄρχειν·
1753 4386 1775 4420 ι

192 4444 387 4517 ὥσπερ
428 4442 524 4499 οὖν
569 4447 833 4517 πρότερον
875 4448 1114 4512 ἐποίουν,
1162 4449 1252 4503 ὅτε
1300 4454 1413 4515 τοῖς
1456 4454 1531 4517 ὡς
1565 4454 1783 4527 ἀληθῶς

1957 3507 2125 3565 Vsus.
2154 3510 2210 3573 3,
2238 3510 2294 3564 4.
2330 3526 2350 3561 ι
2382 3508 2451 3565 Et
2486 3523 2595 3565 non
2642 3519 2802 3567 erunt
2863 3509 3097 3581 amplius
3135 3506 3469 3564 conﬁdentes

1888 3601 1944 3655 in
1982 3601 2334 3657 hominibus:
2364 3602 2460 3658 sed
2486 3614 2651 3657 aures
2685 3601 2755 3656 ad
2792 3601 3119 3656 audiendum
3154 3603 3382 3664 dabunt,
3412 3610 3470 3655 et

1885 3707 1984 3748 cor
2016 3692 2356 3749 inﬁrmorum
2395 3693 2660 3759 attendet,
2689 3701 2750 3747 ut
2788 3693 2965 3747 audiat
2996 3709 3012 3746 :
3048 3701 3104 3747 et
3129 3693 3323 3762 lingua:
3348 3692 3468 3746 bal-

1885 3784 2207 3839 butientium
2239 3784 2349 3838 cito
2381 3784 2600 3839 discent
2629 3783 2773 3853 loqui
2816 3799 3027 3850 pacem.
3067 3802 3086 3835 ι
3116 3784 3248 3839 Sion
3284 3784 3467 3851 itaque

1885 3884 1941 3931 et
1968 3886 2111 3933 terra
2139 3875 2333 3931 sitiens
2358 3874 2489 3928 olim
2514 3875 2753 3941 deserta,
2781 3876 3024 3931 Ecclesia
3058 3874 3223 3929 fuerit
3252 3892 3267 3929 :
3296 3882 3351 3929 et
3370 3889 3466 3928 cor

1886 3966 2250 4032 inﬁrmorum,
2278 3975 2332 4020 et
2351 3966 2547 4036 linguae
2573 3967 2957 4032 balbutientes,
2978 3968 3218 4037 gentium
3236 3967 3463 4032 fuerint,

1884 4074 2007 4129 qua!
2032 4060 2165 4115 olim
2201 4074 2304 4114 nec
2328 4057 2495 4113 Deum
2530 4068 2815 4124 noverant,
2849 4075 2951 4115 uec
2979 4068 3130 4115 recte
3161 4059 3463 4127 loqueban-

1886 4163 1996 4220 tur,
2024 4154 2222 4225 quibus
2258 4153 2670 4210 conversionem
2696 4149 2764 4210 δα
2786 4156 3009 4211 meliora
3035 4155 3335 4226 pollicetur.
3364 4153 3463 4211 His

1885 4247 2159 4318 subiungit
2178 4264 2195 4301 :

1954 4383 2120 4439 Vens.
2144 4383 2199 4442 5.
2236 4382 2471 4469 cNeque
2503 4383 2735 4455 amplius
2761 4385 2945 4439 dicent
2980 4384 3171 4449 stulto,
3206 4392 3265 4440 ut
3290 4384 3462 4454 impc-

1886 4486 2010 4531 ret:
2049 4495 2069 4529 ι
2111 4476 2567 4545 quemadmodum
2606 4477 2733 4531 olim
2775 4476 3029 4546 agebant,
3069 4492 3191 4532 cum
3245 4479 3458 4534 animas

196 4540 407 4608 μωροῖς
425 4536 763 4637 διδασκάλοις
783 4537 963 4590 αὐτῶν
990 4540 1293 4610 ἐπέτρεπον
1310 4543 1408 4607 τὰς
1436 4546 1645 4600 ἑαυτῶν
1672 4547 1780 4617 ψυ-

1886 4583 2011 4623 suas
2047 4567 2231 4624 stultis
2279 4582 2407 4623 vere
2460 4568 2739 4637 magistris
2800 4567 3247 4622 coneredebaut:
3299 4577 3461 4623 erant

194 4627 299 4703 χάς
320 4643 337 4657 ο
368 4623 512 4697 ἦσαν
538 4627 595 4680 δὲ
620 4621 765 4681 οὗτοι
809 4629 859 4681 oi
888 4629 1044 4698 σοφοὶ
1083 4631 1178 4684 τοῦ
1221 4632 1417 4699 αἰῶνος
1460 4636 1671 4700 τούτου,
1704 4632 1781 4693 ὧν

194 4718 483 4791 ἐμώρανεν
512 4721 542 4772 6
579 4719 712 4783 Θεὸς
739 4721 841 4791 τὴν
882 4723 1091 4791 σοφίαν.
1123 4723 1374 4790 Τοιοῦτος
1415 4728 1472 4781 δὲ
1509 4724 1577 4801 ἢν
1609 4733 1718 4794 πᾶς
1751 4734 1781 4787 6

191 4811 296 4879 τὴν
326 4810 519 4880 σοφίαν
549 4811 1014 4882 ἐπαγγελλόμενος
1032 4813 1125 4867 τοῦ
1142 4815 1337 4880 αἰῶνος
1378 4819 1593 4876 τούτου.
1636 4824 1778 4877 «Kal

190 4900 380 4956 οὐκέτι
416 4901 492 4971 μὴ
521 4903 748 4956 εἴπωσιν
790 4905 841 4957 oi
889 4904 1156 4975 ὑπηρέται
1197 4923 1314 4971 σου,
1345 4908 1500 4978 Σίγα.
1542 4930 1561 4963 ι

275 5102 295 5133 ι
317 5082 378 5135 '0
398 5080 509 5153 γὰρ
545 5081 726 5157 μωρὸς
760 5082 917 5155 μωρὰ
933 5082 1176 5154 λαλήσει,
1206 5084 1299 5137 καὶ
1327 5074 1586 5155 ⁴ίβιαρδία
1610 5085 1777 5139 αὐτοῦ

197 5170 410 5241 μάταια
437 5171 643 5240 νοήσει,
666 5169 760 5222 τοῦ
791 5171 1062 5224 συντελεῖν
1098 5173 1293 5243 ἄνομα,
1326 5172 1420 5226 καὶ
1440 5172 1617 5227 λαλεῖν
1642 5175 1778 5244 πρὸς

192 5262 407 5332 Κύριον
452 5261 743 5332 πλάνησιν,
787 5260 882 5315 τοῦ
913 5262 1224 5334 διασπεῖραι
1259 5263 1438 5334 ψυχὰς
1483 5264 1776 5329 πεινῶσας,

192 5358 292 5411 καὶ
325 5356 427 5417 τὰς
457 5354 636 5427 ψυχὰς
677 5356 776 5419 τάς
804 5354 1043 5426 διψὼσας
1072 5358 1234 5421 κενάς
1274 5360 1510 5428 ποιήσει.
1560 5359 1621 5410 Ἠ
1665 5360 1774 5431 γὰρ

191 5448 365 5520 βουλὴ
408 5447 518 5499 τῶν
550 5448 802 5517 πονηρῶν
843 5447 1017 5519 ἄνομα
1054 5449 1383 5519 βουλεύεται,
1416 5452 1776 5523 καταφθεῖραι

191 5540 491 5601 ταπεινοὺς
520 5541 577 5591 ὲν
609 5539 787 5606 λόγοις
816 5540 1018 5604 ἀδίκοις
1038 5584 1051 5606 ,
1077 5541 1172 5594 καὶ
1210 5542 1557 5596 διασκεδάσαι
1583 5542 1773 5611 λόγους

193 5629 474 5684 ταπεινῶν
514 5630 572 5681 ὲν
619 5630 818 5699 κρίσει.
875 5650 893 5681 ι
935 5631 1111 5700 Μωρά
1152 5631 1208 5685 δὲ
1240 5632 1410 5685 ταῦτα
1442 5634 1549 5705 γὰρ
1596 5634 1774 5687 πάντα

196 5719 369 5772 πάλαι
393 5718 664 5787 ἔπραττον
689 5722 739 5770 oi
770 5720 934 5772 πάλαι
961 5721 1131 5789 μωροὶ
1156 5721 1410 5790 ἄρχοντες
1434 5722 1540 5776 τῶν
1562 5723 1771 5794 ἀνθρώ-

197 5827 315 5865 πων
336 5828 349 5841 ·
388 5810 483 5864 καὶ
518 5811 552 5878 ἡ
587 5810 761 5881 βουλὴλ
791 5812 967 5865 αὐτῶν
1014 5814 1222 5883 πονηρᾶ
1250 5809 1383 5867 οὖτα
1415 5816 1588 5885 ἄνομα
1622 5815 1772 5868 {Cum

1885 4674 2047 4731 porro
2086 4659 2124 4713 ii
2169 4660 2444 4728 sapientes
2475 4659 2637 4729 hujus
2671 4659 2878 4723 smculi,
2908 4673 3139 4728 quorum
3184 4659 3325 4713 Deus
3373 4675 3463 4713 sa-

1885 4750 2147 4821 pientiam
2177 4750 2485 4805 iuraluavit.
2510 4750 2659 4805 Talis
2695 4761 2811 4804 erat
2850 4751 3099 4821 quisquis
3128 4752 3457 4821 sapientiam

1884 4840 2044 4911 hujus
2068 4842 2250 4896 sseculi
2288 4843 2664 4910 proﬁtebatur.
2702 4860 2725 4895 ι
2779 4843 2963 4913 Neque
2994 4843 3228 4912 amplius
3273 4844 3459 4899 dicent

1884 4933 2028 4988 servi
2065 4934 2163 5001 tui,
2187 4933 2348 4989 Tace.
2388 4952 2408 4987 ι

1954 5086 2119 5144 Vens.
2146 5088 2200 5156 ϐ,
2225 5088 2278 5146 7.
2308 5107 2327 5140 ι
2358 5088 2488 5144 Nam
2521 5090 2718 5146 stultus
2756 5092 2917 5147 stulta
2953 5092 3223 5163 loquetur,
3259 5104 3315 5148 et
3362 5112 3459 5150 cor

1883 5181 1998 5249 eius
2028 5197 2167 5235 vana
2218 5183 2482 5252 cogitabit
2530 5185 2597 5239 ad
2630 5186 3021 5255 perﬁciendum
3054 5187 3260 5255 iniqua,
3291 5195 3346 5242 et
3380 5190 3459 5242 lo-

1883 5276 2154 5343 quendum
2201 5288 2444 5330 errorem
2476 5278 2543 5331 ad
2576 5275 2884 5343 Dominum,
2932 5288 2992 5333 ut
3026 5280 3302 5350 dispergat
3335 5284 3455 5334 ani-

1883 5381 2000 5420 mas
2021 5364 2351 5432 esurientes,
2387 5376 2443 5421 et
2474 5370 2687 5425 animas
2742 5372 2993 5426 sitientes
3026 5385 3223 5426 vacuas
3270 5371 3454 5427 faciet.

1881 5455 2175 5512 Consilium
2203 5457 2349 5512 enim
2369 5459 2635 5515 malorum
2668 5462 2853 5530 iniqua
2883 5463 3160 5533 cogitabit,
3191 5463 3258 5517 ad
3287 5465 3430 5518 inter

1884 5547 2172 5602 iiciendum
2198 5549 2430 5606 humiles
2454 5553 2508 5605 in
2535 5555 2880 5609 sermonibus
2908 5554 3132 5623 iniquis,
3158 5564 3214 5609 et
3237 5557 3305 5609 ad
3338 5556 3455 5611 dis-

1876 5639 2103 5705 sipauda
2143 5641 2307 5695 verba
2361 5640 2643 5698 humilium
2685 5646 2739 5699 in
2763 5646 2985 5713 judicio.
3026 5665 3045 5698 ι
3092 5646 3215 5701 llaec
3243 5650 3441 5717 quippe

1878 5730 2042 5784 stulta
2064 5733 2244 5785 omnia
2269 5734 2396 5788 olim
2428 5736 2662 5804 agebant
2700 5738 2774 5792 illi
2824 5738 2951 5792 olim
2993 5740 3144 5795 stulti
3180 5740 3453 5809 principes

1882 5823 2157 5881 hominum
2186 5838 2200 5879 :
2231 5835 2284 5883 ct
2310 5828 2590 5887 consilium
2618 5845 2805 5888 corum
2849 5830 3046 5888 malum
3099 5832 3285 5904 iniqua
3314 5834 3447 5889 dcli-

3370 409 3480 464 ’18
3554 402 3558 409 ’
