4042 6386
640 425 745 477 519

1306 419 1567 477 EUSEBI]
1605 419 2077 476 CESARIENSIS
2115 416 2260 474 ()PP.
2305 419 2482 474 PARS
2521 421 2609 478 ΙΙΙ.
2650 453 2719 462 ——
2756 420 3162 482 EXEGETICA.

3763 424 3868 479 520

639 515 958 576 berabat,ut
988 515 1331 567 sermonibus
1363 513 1476 567 suis
1502 512 1782 567 humilium
1832 510 2040 566 animas
2073 525 2164 579 per

2267 559 2269 565 ,
2297 509 2500 573 λεύετο,
2531 515 2611 574 είς
2643 513 2704 565 τὸ
2731 513 3086 584 καταφθεῖραι
3129 515 3244 577 τοῖς
3276 513 3481 567 ἑαυτῶν
3517 513 3698 582 λόγοις
3740 519 3866 579 τοὺς

637 606 812 658 deret.

707 695 868 747 Vens.
898 695 950 748 8.
983 714 1000 745 ι
1029 693 1105 747 Pii
1135 703 1312 747 autem
1331 695 1609 762 prudentia
1635 695 1861 750 consilia
1886 695 2186 748 iniverunt:

632 798 686 840 et
720 787 821 839 hoc
846 787 1128 840 consilium
1152 785 1406 838 manebit.
1435 803 1451 834 ι
1481 785 1643 850 Queis
1668 784 2040 852 signiﬁcantur
2065 798 2192 852 apo-

634 875 758 928 stoli
791 875 1101 929 Servatoris
1141 873 1333 936 nostri,
1370 876 1422 927 in
1470 875 1739 944 principio
1793 875 1981 929 salutis
2033 878 2099 929 ab
2133 888 2192 929 se

633 969 802 1028 (latte,
839 982 959 1036 qua:
1004 975 1061 1019 ut
1110 967 1277 1033 probe
1324 965 1680 1036 dirigeretur,
1727 983 1818 1021 rex
1863 967 2042 1036 justus
2093 968 2189 1021 da-

633 1070 719 1114 tus
746 1066 849 1111 est.

709 1149 865 1204 Vens.
895 1151 946 1204 9.
987 1167 1005 1200 ι
1043 1148 1293 1204 Mulieres
1319 1149 1544 1213 divites,
1577 1150 1871 1218 surgite,et
1899 1149 2080 1202 audite
2099 1163 2189 1202 vo-

630 1259 747 1297 cem
799 1255 1009 1296 meam:
1048 1244 1191 1306 ﬁlim,
1225 1244 1273 1294 in
1305 1259 1396 1310 spe
1426 1244 1606 1298 audite
1655 1257 1928 1296 sermones
1960 1257 2122 1295 meos.
2163 1262 2181 1294 ι

632 1333 781 1387 Nunc
839 1336 1112 1402 proponit,
1169 1335 1233 1387 ad
1290 1334 1578 1404 lacrymas,
1640 1334 1818 1387 ﬁctum
1874 1343 1930 1387 et
1989 1334 2184 1387 luctum

628 1441 920 1493 provocare
968 1441 1098 1488 eos,
1142 1427 1282 1493 quod
1335 1441 1400 1479 ex
1446 1442 1540 1479 sua
1600 1441 1725 1496 erga
1784 1424 1948 1478 Deum
2009 1426 2185 1478 incre-

627 1519 856 1572 dulitate
907 1534 934 1569 a
978 1517 1070 1571 Dei
1119 1519 1287 1586 gratia
1344 1518 1644 1571 exciderint
1700 1533 1714 1569 :
1761 1531 1946 1570 eorum
2006 1525 2183 1568 autem

625 1609 900 1662 emollitos
927 1619 981 1662 et
1009 1609 1344 1661 effeminatos
1372 1611 1580 1662 animos
1629 1609 1958 1675 vituperans.
1993 1607 2183 1661 mulie-

626 1714 714 1751 res
747 1709 1038 1768 nuncupat.
1073 1701 1240 1752 Aiunt
1270 1715 1429 1765 porro
1487 1702 1585 1752 bac
1621 1700 1898 1767 prophetia
1951 1713 2182 1767 synago-

625 1806 722 1857 gas
773 1793 1008 1862 lpsorum
1057 1793 1301 1845 indicari.
1335 1791 1590 1843 Hortatur
1627 1793 1804 1858 itaque
1855 1791 1993 1854 illos,
2028 1801 2085 1843 ut
2115 1805 2181 1843 ne

2293 601 2389 664 τὰς
2419 602 2594 670 ψυχὰς
2619 605 2925 667 ταπεινούς.

2366 709 2383 740 ι
2424 691 2486 740 Oi
2522 691 2578 742 δὲ
2618 692 2860 754 εὐσεϐεῖς
2902 692 3096 746 συνετά
3131 692 3550 748 ἐϐουλεύσαντοο
3594 695 3689 747 καὶ
3722 694 3861 765 αὕτη

2292 782 2324 850 ή
2359 781 2518 852 βουλὴ
2544 787 2713 851 μενεῖ.
2753 803 2771 834 ι
2799 787 2876 837 Δι’
2901 778 2976 837 ὧν
3001 787 3354 856 σημαίνονται
3377 789 3426 839 οί
3457 785 3742 840 ἀπόστολοι
3769 788 3862 849 τοῦ

2291 873 2542 942 Σωτῆρος
2577 873 2733 944 ήμῶν
2766 878 2846 938 είς
2875 875 2973 944 τὴν
3007 875 3180 946 ἀρχὴν
3219 877 3318 946 τῆς
3367 877 3640 948 σωτηρίας
3669 878 3861 942 αὐτοῦ,

2290 962 2384 1014 καὶ
2409 962 2490 1015 τὸ’
2515 963 2762 1033 ήγεῖσθαι
2797 965 2987 1035 αὐτῆς,
3026 964 3231 1030 δίκαιος
3258 965 3551 1040 δεδώρηται
3585 966 3859 1040 βασιλεύς.

2364 1162 2383 1195 ι
2416 1145 2674 1207 Γυναῖκες
2709 1146 2978 1212 πλούσιαι,
3013 1147 3298 1218 ἀνάστητε,
3333 1149 3428 1203 καὶ
3464 1149 3732 1204 ἀκούσατε
3761 1147 3861 1217 τῆς

2289 1238 2472 1308 φωνῆς
2501 1255 2600 1309 μου
2619 1256 2632 1269 ·
2667 1239 2980 1312 Θυγατέρες,
3008 1243 3098 1314 ἐπ’
3128 1243 3301 1295 ἐλπίδι
3330 1244 3596 1296 ἀκούσατε
3619 1243 3746 1305 τοὺς
3775 1241 3862 1295 λό-

2287 1345 2416 1396 γους
2442 1347 2563 1401 μου.
2608 1351 2627 1383 ι
2664 1330 2762 1384 Διά
2795 1334 2902 1385 τῶν
2936 1334 3312 1404 προκειμένων
3344 1337 3655 1405 προσφωνεῖ
3682 1349 3862 1403 παρα-

2286 1421 2634 1492 κελευόμενος
2678 1424 3067 1478 ἀποκλαίεσθαι
3116 1424 3210 1478 καὶ
3255 1424 3552 1478 κόπτεσθαι
3594 1426 3691 1478 καὶ
3727 1424 3861 1496 θρη-

2284 1516 2414 1574 νεῖν,
2451 1513 2527 1576 ὡς
2554 1512 2623 1586 ἀν
2655 1515 2936 1568 ἐκπέσοιεν
2959 1515 3057 1586 τῆς
3084 1515 3178 1568 τοῦ
3201 1515 3336 1568 Θεοῦ
3377 1516 3598 1586 χάριτος
3636 1515 3727 1569 διά
3757 1515 3858 1586 τήν

2283 1605 2363 1666 είς
2390 1605 2480 1656 τὸν
2505 1585 2638 1658 Θῖεὸν
2660 1605 2917 1659 ἀπιστίαν
2944 1585 3122 1659 αὐτῶν
3139 1624 3154 1637 ο
3187 1585 3482 1660 διαϐάλλων
3515 1607 3572 1660 δὲ
3606 1607 3668 1660 τὸ
3694 1585 3857 1661 ἀνανη-

2281 1692 2404 1763 δρον
2429 1695 2528 1764 τῆς
2553 1695 2729 1766 ψυχῆς
2768 1696 2946 1748 αὐτῶν
2973 1699 3066 1750 καὶ
3095 1697 3156 1750 τὸ
3181 1697 3562 1767 τεθηλυμένον,
3591 1700 3858 1765 γυναῖκας

2283 1784 2480 1859 αὐτοὺς
2504 1786 2788 1839 ἀποκαλεῖ.
2820 1789 2956 1840 Φασὶ
2983 1789 3040 1841 δὲ
3072 1787 3169 1852 τάς
3199 1787 3518 1857 συναγωγὰς
3541 1788 3727 1842 αὐτῶν
3755 1788 3854 1859 δη-

624 1849 818 1948 supine
849 1892 902 1935 et
939 1883 1304 1950 perfunctorie
1350 1884 1506 1936 dictis
1541 1883 1854 1944 attendant;
1888 1882 1979 1934 sed
2006 1884 2164 1950 pervi-

2281 1849 2500 1929 λοῦσθαι
2526 1876 2612 1930 διά
2641 1877 2739 1947 τῆς
2765 1879 3074 1949 φασκούσής
3091 1849 3201 1948 (ὅθ)
3229 1849 3584 1950 προιρητείας.
3603 1849 3858 1950 Παρακε-

628 1972 718 2038 gili
747 1981 800 2024 et
822 1973 1117 2039 composito
1148 1975 1344 2026 animo.
1378 1972 1630 2026 Fortasse
1657 1974 1882 2034 dixeris,
1904 1987 1999 2040 per
2031 1974 2175 2040 prlo-

621 2077 706 2116 res
737 2063 852 2116 illas
869 2063 1118 2116 mulieres
1145 2064 1432 2130 signiﬁcari
1461 2065 1671 2129 priscos
1702 2064 1818 2116 illos
1863 2065 2167 2117 ludar-orum

625 2165 944 2215 conventus,
977 2169 1038 2209 ac
1078 2155 1472 2208 multitudinem
1520 2157 1590 2208 ibi
1617 2168 2031 2224 congregatam;
2082 2171 2178 2224 per

619 2247 755 2300 ﬁlias
783 2262 929 2309 vero,
965 2249 1349 2315 posterioribus
1383 2251 1709 2316 temporibus
1737 2250 2060 2314 nasciturus,
2082 2264 2176 2302 co-

618 2352 733 2390 rum
764 2352 1080 2408 synagogas.

688 2605 848 2658 Vens.
884 2605 970 2659 lO.
1009 2625 1025 2656 ι
1071 2605 1178 2659 Diei
1213 2607 1337 2658 anni
1369 2605 1680 2659 memoriam
1714 2604 1872 2657 facite
1897 2606 1948 2658 in
1982 2604 2170 2659 dolore

613 2710 736 2747 cum
769 2711 860 2761 spe
890 2714 900 2746 :
938 2706 1256 2764 consumpta
1282 2708 1362 2749 cSt
1384 2695 1674 2756 vindemia,
1703 2697 1930 2749 cessavit
1961 2712 2166 2757 semen,

613 2795 663 2836 et
695 2801 795 2837 non
825 2785 1052 2853 amplius
1099 2787 1302 2840 veniet.
1347 2805 1364 2837 ι
1410 2787 1620 2840 Annum
1665 2803 1828 2854 porro
1866 2801 2017 2842 vocat
2047 2805 2168 2855 pro-

612 2871 855 2936 pheticus
887 2887 1083 2933 sermo.
1122 2883 1330 2941 tempus
1359 2875 1757 2940 prmdicationis
1805 2878 2122 2946 evangelicae
2147 2916 2162 2941 ,

611 2974 714 3022 quo
746 2956 987 3011 Salvator
1016 2969 1069 3012 et
1122 2960 1377 3011 Dominus
1425 2971 1628 3023 noster,
1682 2976 1800 3014 cum
1859 2962 2165 3017 hominibus

609 3063 830 3100 versans
854 3059 904 3101 et
924 3049 1118 3104 docens
1139 3053 1465 3116 praedicavit.
1491 3051 1544 3102 ld
1566 3067 1691 3105 vero
1717 3053 1952 3105 declarat
1975 3053 2167 3106 deinde

607 3152 729 3189 cum
764 3155 825 3190 ex
857 3154 1083 3204 persona
1115 3141 1204 3194 Dei
1245 3143 1321 3193 sic
1349 3141 1582 3207 loquitur
1611 3159 1624 3194 :
1657 3159 1674 3191 ι
1703 3140 1932 3209 Spiritus
1955 3141 2161 3195 Domini
2191 3169 2231 3224 Ο

609 3242 768 3293 super
804 3244 905 3291 me,
935 3245 998 3281 eo
1033 3232 1173 3298 quod
1226 3233 1440 3283 unxerit
1473 3247 1573 3294 me,
1623 3233 1999 3300 evangelizare
2031 3247 2163 3300 pau-

609 3319 827 3382 peribus
869 3321 1148 3382 misitme;
1188 3322 1476 3387 pragdicare
1507 3323 1736 3390 captivis
1763 3323 2161 3386 dimissionem,

606 3416 660 3459 et
694 3407 849 3461 caecis
888 3410 1030 3461 visus
1088 3411 1516 3475 restitutionem,
1573 3427 1766 3467 vocare
1815 3429 2014 3468 annum
2057 3415 2160 3468 Do-

608 3499 735 3550 mini
772 3501 1152 3567 acccptabilem
1195 3503 1258 3554 ".
1297 3521 1316 3556 ι

678 3590 838 3642 Vens.
876 3591 960 3642 ll.
1007 3609 1023 3641 ι
1081 3592 1486 3661 Ohstupescite,
1541 3595 1929 3650 contristemini
1994 3601 2159 3653 conﬁ-

603 3679 810 3741 dentes,
867 3683 1042 3733 exuite
1095 3697 1206 3745 vos,
1253 3684 1407 3735 nuda:
1436 3693 1643 3738 estote:
1695 3687 1956 3755 accingite
1990 3692 2158 3744 saccis

602 3767 810 3822 lumbos
843 3779 1068 3824 vestros.
1109 3791 1126 3821 ι
1155 3772 1270 3836 Illa,
1301 3774 1492 3840 inquit,
1526 3790 1643 3842 qua:
1667 3781 1956 3831 secundum
1993 3780 2154 3834 Deum

601 3865 702 3917 est,
741 3859 954 3911 tristitia
979 3875 1071 3912 vos
1099 3874 1440 3929 compungat,
1473 3872 1525 3914 et
1581 3881 1608 3915 a
1647 3867 1870 3933 pristina
1908 3870 2156 3924 incredu-

603 3946 750 3999 litate
781 3948 1056 4011 discedite,
1111 3950 1545 4019 paanitcntimque
1599 3969 1692 4008 vos
1739 3958 1880 4010 date.
1913 3957 2045 4012 Nam
2092 3978 2152 4014 ea

599 4054 720 4104 qua:
753 4039 1042 4090 secundum
1086 4039 1253 4092 Deum
1284 4051 1366 4092 est
1411 4043 1649 4107 tristitia,
1680 4047 2051 4112 paenitentiam
2087 4055 2153 4106 ad

598 4129 829 4182 Salutem
863 4130 986 4181 nulli
1017 4131 1341 4194 pcenitenuze
1370 4134 1677 4198 obnoxiam,
1709 4147 1986 4205 operatur.

668 4219 830 4272 Vens.
872 4222 960 4283 -l'2,
999 4221 1082 4273 l5.
1118 4239 1134 4271 ι
1167 4221 1231 4273 Et
1261 4238 1421 4291 super
1462 4241 1721 4281 mammas
1778 4231 1985 4285 tundite
2016 4247 2108 4288 vos
2135 4273 2148 4296 ,

597 4320 816 4377 propter
838 4325 1022 4378 agrum
1058 4310 1329 4374 desiderii,
1351 4323 1401 4365 et
1424 4316 1630 4368 vineam
1658 4321 1946 4384 germinis:
2007 4330 2149 4375 terra

597 4400 773 4466 populi
797 4401 917 4462 mei,
943 4403 1094 4468 spina
1122 4414 1173 4456 et
1202 4404 1376 4457 fenum
1397 4405 1652 4478 proferet,
1675 4417 1726 4460 et
1747 4425 1812 4460 cx
1831 4411 1972 4464 omni
1995 4411 2151 4464 domo

2279 1967 2491 2020 λεύεται
2518 1969 2694 2021 τοίνυν
2727 1972 2754 2022 ὁ
2783 1970 2938 2036 λόγος
2964 1972 3145 2035 αὐτοῖς
3177 1971 3251 2042 μὴ
3296 1970 3521 2034 ὑπτίως,
3555 1970 3692 2043 μηδὲ
3713 1988 3856 2042 παρ-

2278 2059 2454 2129 έργως
2514 2060 2800 2130 προσέχειν
2859 2065 2971 2125 τοῖς
3022 2063 3369 2132 λεγομένοις,
3415 2060 3854 2132 διεγηγερμένως

2275 2149 2330 2202 δὲ
2361 2151 2453 2203 καὶ
2482 2153 2947 2221 συντεταγμένως.
2978 2154 3166 2216 Εἷποις
3197 2154 3240 2206 δ’
3271 2153 3335 2206 ἂν
3372 2153 3472 2217 τάς
3505 2153 3603 2223 μὲν
3628 2152 3853 2225 πρώτας

2277 2244 2537 2307 γυναῖκας
2587 2242 2870 2313 σημαίνειν
2913 2243 3012 2308 τὰς
3055 2245 3146 2298 ἐπὶ
3197 2246 3304 2298 τῶν
3348 2245 3592 2299 παλαιῶν
3641 2237 3852 2317 χρόνων

2277 2331 2428 2399 παρά
2477 2332 2748 2396 Ἰουδαίοις
2793 2333 3076 2397 συνόδους,
3109 2336 3201 2388 καὶ
3232 2334 3300 2387 τά
3342 2335 3516 2406 πλήθη
3557 2336 3626 2388 τά
3663 2338 3720 2389 ὲν
3751 2336 3850 2389 αὑ-

2273 2424 2383 2484 τοῖς
2418 2423 2755 2491 συναγόμενα
2775 2441 2788 2452 ·
2819 2425 2916 2488 τὰς
2955 2425 3011 2477 δὲ
3043 2425 3345 2498 θυγατέρας
3378 2427 3434 2479 ὲν
3457 2430 3570 2490 τοῖς
3598 2427 3848 2499 ὑπέροις

2273 2513 2485 2583 χρόνοις
2513 2513 2976 2585 ὑποστησομένας,
3018 2516 3116 2579 τὰς
3146 2516 3325 2570 αὐτῶν
3359 2519 3698 2586 συναγωγάς.

2347 2623 2364 2653 ‹
2427 2604 2668 2674 Ἡμέρας
2707 2605 2951 2659 ἐνιαυτοῦ
3002 2607 3188 2677 μνείαν
3231 2609 3526 2679 ποιήσασθε
3570 2613 3627 2663 ὲν
3679 2609 3841 2681 ὀδύνῃ

2273 2695 2388 2762 μετ’
2438 2695 2683 2756 ὲλπίδοςο
2733 2697 3004 2767 ἀνήλωται
3058 2700 3086 2750 ό
3132 2698 3432 2770 τρύγητος,
3482 2700 3756 2755 πέπαυται
3816 2704 3844 2755 ό

2271 2784 2490 2854 σπόρος,
2531 2787 2624 2837 καὶ
2667 2786 2849 2838 οὐκέτι
2880 2787 2952 2856 μὴ
2980 2787 3126 2858 ἔλθῃ.
3162 2810 3180 2839 ι
3230 2789 3501 2842 Ἐνιαυτὸν
3533 2791 3590 2843 δὲ
3620 2791 3775 2844 καλεῖ
3809 2793 3842 2845 6

2271 2876 2602 2942 προφητικὸς
2643 2877 2799 2943 λόγος
2841 2878 2933 2930 τὸν
2970 2878 3158 2948 χρόνον
3208 2880 3300 2933 τοῦ
3346 2881 3696 2952 κηρύγματος
3744 2881 3842 2938 τοῦ

2268 2962 2644 3030 εύαγγελικοῦ,
2674 2967 2792 3018 καθ’
2827 2966 2884 3018 ὃν
2914 2970 2942 3020 ὁ
2964 2967 3150 3039 Σωτὴρ
3177 2972 3270 3023 καὶ
3294 2970 3496 3042 Κύριος
3529 2973 3685 3043 ἡμῶν
3718 2990 3838 3026 συν-

2266 3051 2340 3104 ὼν
2378 3054 2685 3124 ἀνθρώποις
2724 3059 2954 3129 ἐκήρυξε
2995 3059 3275 3114 διδάσκων.
3328 3063 3438 3114 Καὶ
3485 3063 3644 3116 τοῦτο
3685 3065 3839 3135 δηλοῖ

2267 3142 2374 3195 ἀπὺ
2429 3145 2522 3196 τοῦ
2558 3145 2682 3216 έξῆς
2740 3149 2803 3200 ὲκ
2865 3148 3149 3219 προσώπου
3214 3153 3308 3205 τοῦ
3362 3153 3495 3206 Θεοῦ
3554 3155 3831 3222 λέγεσθαι·

2269 3252 2287 3284 ι
2335 3235 2556 3305 Πνεῦμα
2597 3237 2800 3308 Κυρίου
2851 3242 2936 3291 ἐπ’
2993 3241 3089 3311 ἐμὲ
3118 3281 3132 3305 ,
3181 3237 3242 3296 οῦ
3283 3246 3487 3317 εἵνεκεν
3527 3247 3710 3320 ἔχρισέ
3742 3269 3836 3320 με,

2260 3323 2712 3392 εὐαγγελίσασθαι
2775 3331 3005 3398 πτωχοῖς
3059 3330 3364 3386 ἀπέσταλκέ
3436 3352 3538 3404 με,
3594 3338 3833 3410 κηρύξαι

2260 3414 2622 3482 αἰχμαλώτοις
2657 3419 2848 3485 ἄφεσιν
2874 3458 2887 3480 ,
2925 3419 3017 3470 καὶ
3046 3419 3262 3488 τυφλοῖς
3307 3423 3620 3494 ἀνάϐλεψιν,
3669 3428 3836 3482 καλέ-

2260 3520 2347 3556 σαι
2384 3505 2630 3560 ὲνιαυτὸν
2663 3509 2866 3579 Κυρίου
2900 3510 3102 3564 δεκτόν.
3144 3532 3163 3563 ι

2332 3613 2351 3645 ι
2391 3596 2656 3665 Ἕκστητε
2679 3637 2692 3660 ,
2739 3598 3015 3668 λυπήθητε
3056 3603 3111 3674 αί
3148 3603 3477 3667 πεποιθυῖαι,
3509 3607 3832 3676 ὲκδύσασθε,

2257 3687 2461 3753 γυμναὶ
2499 3687 2748 3753 γένεσθε·
2795 3691 3168 3759 περιζώσασθε
3217 3696 3452 3759 σάκκους
3487 3700 3587 3761 τὰς
3623 3701 3833 3766 ὀσφύας

2259 3777 2432 3846 ὑμῶν.
2483 3797 2502 3828 ι
2549 3779 2822 3846 ἷΑψάσθω,
2853 3784 3031 3851 φησὶν,
3064 3785 3216 3854 ὑμῶν
3253 3789 3286 3857 ή
3320 3789 3457 3840 κατά
3488 3790 3621 3843 Θεὸν
3661 3792 3830 3866 λύπη,

2255 3869 2348 3919 καὶ
2371 3869 2467 3938 τῆς
2496 3870 2764 3941 προτέρας
2789 3873 3043 3937 ἀπιστίας
3074 3875 3300 3947 ἔκστητε
3326 3881 3599 3934 ἐπιδοῦναι
3626 3884 3827 3950 ἑαυτὰς

2255 3961 2333 4021 εἰς
2359 3961 2664 4028 μετάνοιαν.
2705 3963 2770 4016 Ἦ
2802 3965 2909 4035 γὰρ
2935 3967 3072 4018 κατά
3101 3969 3231 4022 Θεὸν
3259 3971 3400 4041 λύπη
3437 3976 3724 4042 μετάνοιαν
3749 3981 3831 4042 εῖς

2257 4052 2529 4122 σωτηρίαν
2557 4053 2965 4126 ἀμεταμέλητον
2992 4062 3403 4130 κατεργάζεται.

2328 4250 2345 4282 ι
2385 4232 2492 4285 Καὶ⁵
2521 4237 2612 4288 ἐπὶ
2641 4236 2748 4288 τῶν
2775 4240 2992 4306 μαστῶν
3034 4243 3318 4306 κόπτεσθε,
3349 4248 3474 4318 περὶ
3504 4250 3675 4322 ἀγροῦ
3705 4253 3828 4305 ἐπι-

2254 4321 2394 4393 θυμή
2405 4342 2589 4392 ματος,
2622 4330 2714 4380 καὶ
2742 4331 2982 4400 ἀμπέλου
3013 4338 3172 4404 γεννή
3184 4335 3369 4405 ματος.
3413 4341 3472 4394 Ἠ
3489 4343 3556 4411 γῆ
3582 4321 3675 4395 τοῦ
3693 4344 3826 4398 λαοῦ

2256 4429 2376 4480 μου,
2405 4416 2612 4470 ἄκανθα
2657 4421 2751 4472 καὶ
2801 4425 2989 4493 χόρτος
3029 4426 3377 4496 ἀναϐήσεται,
3419 4433 3509 4482 καὶ
3549 4435 3610 4484 ὲκ
3644 4436 3826 4505 πάσης

595 4488 777 4540 laetitia
815 4489 1106 4543 auferetur.
1151 4511 1166 4541 ›
1205 4493 1258 4544 Id
1298 4509 1422 4545 vero
1448 4497 1695 4560 superius
1726 4498 2035 4555 declarabat
2067 4505 2150 4558 liis

2267 4503 2426 4565 )ίκίας
2459 4507 2759 4578 εὐφροσύνη
2799 4488 3114 4582 ἀρθήσεται.
3156 4488 3388 4569 »ΠΤοῦτο
3424 4520 3478 4571 δὲ
3517 4521 3703 4590 ἐδήλου

594 4579 793 4640 verbis,
827 4598 844 4628 ‹
883 4581 946 4633 Ει
978 4584 1275 4648 exspectavi
1315 4593 1368 4635 ut
1397 4585 1598 4640 faceret
1647 4604 1825 4651 uvam,
1872 4592 1998 4645 fecit
2047 4611 2147 4646 au-

595 4675 699 4718 tem
730 4669 932 4732 spinas,
971 4688 987 4720 ι
1018 4683 1150 4737 quas
1175 4672 1355 4736 spinas
1388 4689 1504 4724 mox
1538 4677 1819 4740 explicans
1846 4681 1961 4733 ait;
1992 4700 2010 4730 ι
2038 4682 2144 4735 Ex-

594 4758 827 4821 spcctavi
857 4768 914 4810 ut
952 4758 1152 4811 faceret
1187 4761 1469 4827 judicium,
1503 4763 1628 4815 fecit
1680 4777 1856 4819 autem
1890 4771 2144 4838 iniquita—

597 4857 698 4897 tem
726 4867 738 4911 ;
770 4857 819 4901 et
845 4866 944 4900 non
975 4849 1262 4916 justitiam,
1293 4855 1381 4904 sed
1428 4856 1733 4910 clamorem.
1777 4878 1794 4909 ι
1830 4861 1902 4914 De
1937 4862 2019 4917 his
2053 4864 2145 4917 ita-

593 4954 694 5004 que
726 4940 990 5003 planctum
1034 4945 1192 4998 cdere
1214 4945 1457 5008 iubebat,
1495 4951 1724 5002 maxime
1752 4953 1818 5004 ob
1850 4954 2144 5012 intentatas

592 5045 785 5082 minas.

664 5119 818 5176 Vl-ZRS.
856 5123 935 5174 lli.
979 5143 996 5174 ι
1025 5124 1163 5178 Urbs
1204 5127 1473 5194 epulcnta,
1505 5130 1695 5186 domus
1733 5135 2027 5200 derelictae,
2057 5140 2140 5192 di-

589 5211 742 5261 vitias
777 5214 1004 5267 civitatis
1050 5216 1367 5284 relinquent,
1417 5220 1604 5274 domos
1653 5225 2050 5280 desiderabiles.
2079 5229 2142 5281 Et

589 5310 744 5353 erunt
799 5305 917 5371 pagi
971 5307 1234 5371 spelunca:
1287 5325 1458 5376 usque
1515 5311 1563 5362 in
1616 5316 1886 5378 smculum,
1957 5318 2139 5372 ltelitia

589 5406 926 5456 ouagrorum,
976 5412 1167 5461 pascua
1204 5410 1496 5464 pastorum.
1526 5420 1542 5451 ι
1581 5402 1710 5465 Quis
1760 5407 1994 5459 advenas
2024 5423 2139 5460 cer-

591 5494 720 5530 nens
755 5481 1129 5554 Hierosolyma:
1162 5488 1358 5539 incolas
1381 5529 1392 5548 ,
1427 5491 1679 5557 ipsosque
1711 5494 2015 5550 idololatras
2048 5513 2137 5549 va-

593 5568 683 5617 riis
735 5585 798 5621 cx
855 5576 1100 5635 gentibus
1149 5590 1528 5644 congregatos,
1585 5596 1689 5634 non
1742 5586 1931 5639 merito
1967 5587 2133 5651 dicat,

658 5655 702 5684 ³²
741 5658 837 5711 lsa.
864 5677 971 5726 LM,
1010 5665 1055 5715 l.

659 5768 771 5834 (39)
815 5771 971 5826 Forte
1002 5775 1100 5842 leg.
1141 5795 1432 5848 παρούσης.
1482 5781 1634 5835 litin.

2255 4593 2360 4646 τῶν
2384 4595 2688 4666 ἔμπροσθεν
2717 4602 2886 4652 εἰπών
2907 4619 2917 4631 ·
2951 4622 2967 4652 ι
2998 4605 3104 4656 Καὶ
3135 4604 3322 4674 ἔμεινα
3354 4608 3440 4661 ἵνα
3470 4614 3670 4683 ποιήσῃ
3695 4631 3823 4667 στα-

2254 4683 2440 4754 φυλὴν,
2479 4689 2694 4757 ὲποίησε
2727 4691 2781 4742 δὲ
2830 4693 3097 4756 ἀκάνθας·
3147 4714 3164 4745 ι
3209 4698 3302 4748 καὶ
3341 4700 3537 4763 ταύτας
3590 4703 3819 4778 διερμη-

2252 4776 2414 4827 νεύων
2458 4781 2701 4848 ἐπήγαγε
2729 4783 2899 4850 λέγων
2921 4802 2932 4812 ⁸
2972 4805 2988 4835 ι
3020 4787 3244 4855 ’Ἐμεινα
3271 4789 3355 4841 ἵνα
3376 4796 3573 4866 ποιήσῃ
3617 4798 3818 4866 κρίσιν,

2251 4868 2468 4938 ἐποίησε
2500 4871 2554 4922 δὲ
2582 4873 2830 4952 ἀνρμίαν,
2864 4876 2952 4926 καὶ
2996 4877 3055 4927 ού
3078 4877 3440 4951 δικαιοσύνην,
3469 4884 3603 4937 ἀλλά
3642 4903 3815 4956 κραυέ

2249 4958 2368 5024 γήν.
2416 4979 2430 5007 ι
2501 4963 2620 5013 Ἐπὶ
2661 4965 2868 5026 τούτοις
2920 4969 3203 5037 τοιγαροῦν
3246 4972 3535 5029 κόπτεσθαι
3579 4994 3816 5046 παρεκε-

2248 5046 2445 5108 λεύετο,
2475 5052 2566 5102 καὶ
2592 5053 2820 5120 μάλιστα
2843 5054 2925 5106 διὰ
2951 5057 3044 5125 τὴν
3069 5061 3463 5130 ἐπιφερομένην
3490 5064 3740 5134 ἀπειλήν.

2323 5160 2338 5189 ι
2370 5142 2526 5204 Πόλις
2546 5144 2796 5207 πλουσία,
2823 5143 2960 5198 οἴκοι
2979 5151 3525 5221 ἐγκαταλελειμμένα
3549 5193 3562 5213 ,
3587 5155 3816 5210 πλοῦτον

2250 5230 2450 5293 πόλεως
2481 5235 2796 5303 ἀφήσουσιν,
2827 5239 3005 5302 οἴκους
3041 5241 3427 5311 ἐπιθυμητούς.
3461 5246 3570 5296 Καὶ
3603 5247 3814 5300 ἔσονται

2248 5320 2301 5368 αἱ
2332 5321 2506 5389 κῶμαι
2544 5324 2783 5392 σπήλαια
2817 5328 2917 5390 ἕως
2950 5330 3039 5380 τοῦ
3084 5331 3296 5394 αἰῶνος,
3336 5334 3635 5404 εὐφροσύνη
3679 5337 3815 5389 ὄνων

2245 5410 2466 5478 ἀγρίων,
2502 5414 2817 5484 βοσκήματα
2850 5422 3132 5488 ποιμένων.
3161 5442 3178 5472 ι
3212 5424 3306 5484 Τίς
3335 5423 3409 5485 δὲ,
3444 5425 3583 5494 ὀρῶν
3634 5430 3814 5494 μετοί-

2245 5517 2368 5563 κους
2412 5505 2606 5575 ἄνδρας
2651 5509 2928 5572 οἰκοῦντας
2975 5513 3069 5581 τὴν
3109 5514 3483 5584 Ἰερουσαλὴμ,
3525 5518 3810 5572 εἰδωλολά-

2241 5607 2371 5660 spot;
2417 5612 2472 5646 τε
2527 5599 2588 5649 ἐκ
2654 5598 2918 5670 διαφόρων
2972 5604 3136 5657 ἐθνῶν
3192 5607 3665 5677 συνειλεγμένους,
3713 5613 3812 5664 οὐκ
