  <div class='ocr_page' id='page_1' title='image "/cluster/home/n/w/nwhite01/storage/ocr_20150623/24/ien.35556001660497/172.png"; bbox 0 0 4042 6398; ppageno 0'>
   <div class='ocr_carea' id='block_1_1' title="bbox 237 427 2606 493">
    <p class='ocr_par' dir='ltr' id='par_1_1' title="bbox 237 427 2606 493">
     <span class='ocr_line' id='line_1_1' title="bbox 237 427 2606 493; baseline -0.005 0"><span class='ocrx_word' id='word_1_1' title='bbox 237 437 331 493; x_wconf 70' lang='grc'><strong>521</strong></span> <span class='ocrx_word' id='word_1_2' title='bbox 1144 432 1646 489; x_wconf 71' lang='lat' dir='ltr'><strong>COMMENTARIA</strong></span> <span class='ocrx_word' id='word_1_3' title='bbox 1681 431 1750 484; x_wconf 88' lang='lat' dir='ltr'><strong>IN</strong></span> <span class='ocrx_word' id='word_1_4' title='bbox 1789 430 2043 484; x_wconf 78' lang='lat' dir='ltr'><strong>lSAlAM.</strong></span> <span class='ocrx_word' id='word_1_5' title='bbox 2089 461 2152 471; x_wconf 89' lang='lat'>——</span> <span class='ocrx_word' id='word_1_6' title='bbox 2192 427 2348 484; x_wconf 76' lang='lat' dir='ltr'><strong>CAP.</strong></span> <span class='ocrx_word' id='word_1_7' title='bbox 2386 427 2606 482; x_wconf 73' lang='lat' dir='ltr'><strong>XXXII.</strong></span> 
     </span>
    </p>
   </div>
   <div class='ocr_carea' id='block_1_2' title="bbox 3393 432 3494 468">
    <p class='ocr_par' dir='ltr' id='par_1_2' title="bbox 3393 432 3494 468">
     <span class='ocr_line' id='line_1_2' title="bbox 3393 432 3494 468; baseline 0 0"><span class='ocrx_word' id='word_1_8' title='bbox 3393 432 3494 468; x_wconf 62' lang='grc' dir='ltr'><strong>Ζοιιῆ</strong></span> 
     </span>
    </p>
   </div>
   <div class='ocr_carea' id='block_1_3' title="bbox 3392 455 3498 485">
    <p class='ocr_par' dir='ltr' id='par_1_3' title="bbox 3392 455 3498 485">
     <span class='ocr_line' id='line_1_3' title="bbox 3392 455 3498 485; baseline 0.019 -2"><span class='ocrx_word' id='word_1_9' title='bbox 3392 455 3498 485; x_wconf 64' lang='lat'><strong>023</strong></span> 
     </span>
    </p>
   </div>
   <div class='ocr_carea' id='block_1_4' title="bbox 236 545 1790 625">
    <p class='ocr_par' dir='ltr' id='par_1_4' title="bbox 236 552 1785 625">
     <span class='ocr_line' id='line_1_4' title="bbox 236 552 1785 625; baseline -0.006 -14"><span class='ocrx_word' id='word_1_10' title='bbox 236 560 300 611; x_wconf 80' lang='grc' dir='ltr'>ἂν</span> <span class='ocrx_word' id='word_1_11' title='bbox 351 559 588 625; x_wconf 77' lang='grc' dir='ltr'>εὐλόγως</span> <span class='ocrx_word' id='word_1_12' title='bbox 648 556 788 608; x_wconf 74' lang='grc' dir='ltr'>εἴποι</span> <span class='ocrx_word' id='word_1_13' title='bbox 850 555 1002 614; x_wconf 76' lang='grc' dir='ltr'>ὅνους</span> <span class='ocrx_word' id='word_1_14' title='bbox 1056 554 1312 624; x_wconf 78' lang='grc' dir='ltr'><strong>ἀγρίους,</strong></span> <span class='ocrx_word' id='word_1_15' title='bbox 1373 555 1466 606; x_wconf 76' lang='grc' dir='ltr'><strong>καὶ</strong></span> <span class='ocrx_word' id='word_1_16' title='bbox 1528 552 1785 622; x_wconf 66' lang='grc' dir='ltr'>διαφόρου</span> 
     </span>
    </p>
   </div>
   <div class='ocr_carea' id='block_1_5' title="bbox 1897 545 3494 625">
    <p class='ocr_par' dir='ltr' id='par_1_5' title="bbox 1923 545 3494 618">
     <span class='ocr_line' id='line_1_5' title="bbox 1923 545 3494 618; baseline -0.001 -16"><span class='ocrx_word' id='word_1_17' title='bbox 1923 565 2154 618; x_wconf 82' lang='lat' dir='ltr'><strong>onagros</strong></span> <span class='ocrx_word' id='word_1_18' title='bbox 2177 550 2530 616; x_wconf 85' lang='lat' dir='ltr'><strong>diversosque</strong></span> <span class='ocrx_word' id='word_1_19' title='bbox 2555 560 2745 616; x_wconf 84' lang='lat' dir='ltr'><strong>greges</strong></span> <span class='ocrx_word' id='word_1_20' title='bbox 2763 545 2933 613; x_wconf 87' lang='lat' dir='ltr'><strong>ipsam</strong></span> <span class='ocrx_word' id='word_1_21' title='bbox 2956 546 3268 613; x_wconf 85' lang='lat' dir='ltr'><strong>depascere?</strong></span> <span class='ocrx_word' id='word_1_22' title='bbox 3293 547 3494 612; x_wconf 84' lang='lat' dir='ltr'><strong>Quam-</strong></span> 
     </span>
    </p>
   </div>
   <div class='ocr_carea' id='block_1_6' title="bbox 233 644 1812 715">
    <p class='ocr_par' dir='ltr' id='par_1_6' title="bbox 233 644 1812 715">
     <span class='ocr_line' id='line_1_6' title="bbox 233 644 1812 715; baseline -0.004 -14"><span class='ocrx_word' id='word_1_23' title='bbox 233 650 430 715; x_wconf 77' lang='grc' dir='ltr'><strong>ἀγέλας</strong></span> <span class='ocrx_word' id='word_1_24' title='bbox 479 644 913 702; x_wconf 76' lang='grc' dir='ltr'>καταϐόσκεσθαι</span> <span class='ocrx_word' id='word_1_25' title='bbox 960 645 1151 712; x_wconf 75' lang='grc' dir='ltr'>αὑτήν.</span> <span class='ocrx_word' id='word_1_26' title='bbox 1201 645 1291 696; x_wconf 81' lang='grc' dir='ltr'>Διὸ</span> <span class='ocrx_word' id='word_1_27' title='bbox 1337 644 1614 696; x_wconf 80' lang='grc' dir='ltr'>λέλεκται·</span> <span class='ocrx_word' id='word_1_28' title='bbox 1657 661 1675 692; x_wconf 79' lang='grc' dir='ltr'><strong>ι</strong></span> <span class='ocrx_word' id='word_1_29' title='bbox 1707 644 1812 695; x_wconf 81' lang='grc' dir='ltr'><strong>Εὐ-</strong></span> 
     </span>
    </p>
   </div>
   <div class='ocr_carea' id='block_1_7' title="bbox 232 735 1811 810">
    <p class='ocr_par' dir='ltr' id='par_1_7' title="bbox 232 735 1811 810">
     <span class='ocr_line' id='line_1_7' title="bbox 232 735 1811 810; baseline -0.003 -18"><span class='ocrx_word' id='word_1_30' title='bbox 232 739 470 810; x_wconf 78' lang='grc' dir='ltr'>φροσύνη</span> <span class='ocrx_word' id='word_1_31' title='bbox 518 739 655 789; x_wconf 78' lang='grc' dir='ltr'>ὄνων</span> <span class='ocrx_word' id='word_1_32' title='bbox 701 737 926 807; x_wconf 76' lang='grc' dir='ltr'>ἀγρίων,</span> <span class='ocrx_word' id='word_1_33' title='bbox 967 737 1288 806; x_wconf 82' lang='grc' dir='ltr'>βοσκήματα</span> <span class='ocrx_word' id='word_1_34' title='bbox 1330 736 1663 804; x_wconf 74' lang='grc' dir='ltr'><strong>ποιμένων.»</strong></span> <span class='ocrx_word' id='word_1_35' title='bbox 1714 735 1811 787; x_wconf 80' lang='grc' dir='ltr'>Διά</span> 
     </span>
    </p>
   </div>
   <div class='ocr_carea' id='block_1_8' title="bbox 231 827 1811 898">
    <p class='ocr_par' dir='ltr' id='par_1_8' title="bbox 231 827 1811 898">
     <span class='ocr_line' id='line_1_8' title="bbox 231 827 1811 898; baseline -0.002 -15"><span class='ocrx_word' id='word_1_36' title='bbox 231 832 398 884; x_wconf 84' lang='grc' dir='ltr'>ταῦτα</span> <span class='ocrx_word' id='word_1_37' title='bbox 454 827 740 897; x_wconf 73' lang='grc' dir='ltr'>τοιγαροῦν</span> <span class='ocrx_word' id='word_1_38' title='bbox 787 827 1115 897; x_wconf 79' lang='grc' dir='ltr'>προσέταξεν</span> <span class='ocrx_word' id='word_1_39' title='bbox 1160 830 1288 896; x_wconf 84' lang='grc' dir='ltr'>ὑμῖν</span> <span class='ocrx_word' id='word_1_40' title='bbox 1319 829 1348 879; x_wconf 93' lang='lat'><strong>6</strong></span> <span class='ocrx_word' id='word_1_41' title='bbox 1389 828 1544 894; x_wconf 83' lang='grc' dir='ltr'>λόγος</span> <span class='ocrx_word' id='word_1_42' title='bbox 1594 828 1811 898; x_wconf 67' lang='grc' dir='ltr'>ἰσχυρὸν</span> 
     </span>
    </p>
   </div>
   <div class='ocr_carea' id='block_1_9' title="bbox 232 917 1810 989">
    <p class='ocr_par' dir='ltr' id='par_1_9' title="bbox 232 917 1810 989">
     <span class='ocr_line' id='line_1_9' title="bbox 232 917 1810 989; baseline -0.002 -16"><span class='ocrx_word' id='word_1_43' title='bbox 232 922 496 974; x_wconf 84' lang='grc' dir='ltr'>ποιεῖσθαι</span> <span class='ocrx_word' id='word_1_44' title='bbox 545 919 790 981; x_wconf 77' lang='grc' dir='ltr'>κοπετὸν,</span> <span class='ocrx_word' id='word_1_45' title='bbox 843 920 934 972; x_wconf 74' lang='grc' dir='ltr'><strong>καὶ</strong></span> <span class='ocrx_word' id='word_1_46' title='bbox 983 919 1060 988; x_wconf 83' lang='grc' dir='ltr'>τῷ</span> <span class='ocrx_word' id='word_1_47' title='bbox 1103 917 1284 989; x_wconf 81' lang='grc' dir='ltr'>θρήνῳ</span> <span class='ocrx_word' id='word_1_48' title='bbox 1327 918 1663 989; x_wconf 81' lang='grc' dir='ltr'>παραμένειν</span> <span class='ocrx_word' id='word_1_49' title='bbox 1717 919 1810 971; x_wconf 76' lang='grc' dir='ltr'>ἐπὶ</span> 
     </span>
    </p>
   </div>
   <div class='ocr_carea' id='block_1_10' title="bbox 228 994 503 1065">
    <p class='ocr_par' dir='ltr' id='par_1_10' title="bbox 228 1014 503 1065">
     <span class='ocr_line' id='line_1_10' title="bbox 228 1014 503 1065; baseline -0.004 -1"><span class='ocrx_word' id='word_1_50' title='bbox 228 1014 503 1065; x_wconf 80' lang='grc' dir='ltr'>τοσοῦτον.</span> 
     </span>
    </p>
   </div>
   <div class='ocr_carea' id='block_1_11' title="bbox 299 1100 1801 1171">
    <p class='ocr_par' dir='ltr' id='par_1_11' title="bbox 299 1100 1801 1171">
     <span class='ocr_line' id='line_1_11' title="bbox 299 1100 1801 1171; baseline -0.003 -17"><span class='ocrx_word' id='word_1_51' title='bbox 299 1124 316 1154; x_wconf 83' lang='grc' dir='ltr'><strong>ι</strong></span> <span class='ocrx_word' id='word_1_52' title='bbox 351 1105 500 1165; x_wconf 85' lang='grc' dir='ltr'>Ἕως</span> <span class='ocrx_word' id='word_1_53' title='bbox 537 1101 603 1155; x_wconf 84' lang='grc' dir='ltr'><strong>ἂν</strong></span> <span class='ocrx_word' id='word_1_54' title='bbox 630 1103 846 1155; x_wconf 79' lang='grc' dir='ltr'>ἐπέλθοι</span> <span class='ocrx_word' id='word_1_55' title='bbox 879 1103 964 1171; x_wconf 79' lang='grc' dir='ltr'>ἐφ’</span> <span class='ocrx_word' id='word_1_56' title='bbox 990 1103 1133 1171; x_wconf 81' lang='grc' dir='ltr'>ὑμᾶς</span> <span class='ocrx_word' id='word_1_57' title='bbox 1166 1100 1390 1171; x_wconf 79' lang='grc' dir='ltr'>Πνεῦμα</span> <span class='ocrx_word' id='word_1_58' title='bbox 1423 1100 1517 1169; x_wconf 81' lang='grc' dir='ltr'><strong>ἀφ’</strong></span> <span class='ocrx_word' id='word_1_59' title='bbox 1543 1100 1801 1170; x_wconf 74' lang='grc' dir='ltr'>ὑψηλοῦ.»</span> 
     </span>
    </p>
   </div>
   <div class='ocr_carea' id='block_1_12' title="bbox 226 1189 1805 1264">
    <p class='ocr_par' dir='ltr' id='par_1_12' title="bbox 226 1189 1805 1264">
     <span class='ocr_line' id='line_1_12' title="bbox 226 1189 1805 1264; baseline -0.001 -18"><span class='ocrx_word' id='word_1_60' title='bbox 226 1195 391 1248; x_wconf 85' lang='grc' dir='ltr'>Τοῦτο</span> <span class='ocrx_word' id='word_1_61' title='bbox 419 1195 476 1246; x_wconf 87' lang='grc' dir='ltr'><strong>δὲ</strong></span> <span class='ocrx_word' id='word_1_62' title='bbox 515 1190 584 1264; x_wconf 85' lang='grc' dir='ltr'>ἦν</span> <span class='ocrx_word' id='word_1_63' title='bbox 619 1196 748 1264; x_wconf 83' lang='grc' dir='ltr'>περὶ</span> <span class='ocrx_word' id='word_1_64' title='bbox 791 1189 852 1247; x_wconf 81' lang='grc' dir='ltr'>οὗ</span> <span class='ocrx_word' id='word_1_65' title='bbox 885 1193 1121 1262; x_wconf 81' lang='grc' dir='ltr'>ἔφασκεν</span> <span class='ocrx_word' id='word_1_66' title='bbox 1156 1195 1183 1245; x_wconf 98' lang='lat'><strong>6</strong></span> <span class='ocrx_word' id='word_1_67' title='bbox 1212 1193 1434 1262; x_wconf 81' lang='grc' dir='ltr'>Σωτήρ·</span> <span class='ocrx_word' id='word_1_68' title='bbox 1479 1212 1495 1242; x_wconf 81' lang='grc' dir='ltr'><strong>ι</strong></span> <span class='ocrx_word' id='word_1_69' title='bbox 1534 1192 1662 1244; x_wconf 78' lang='grc' dir='ltr'>Ἰδοὺ</span> <span class='ocrx_word' id='word_1_70' title='bbox 1695 1191 1805 1258; x_wconf 85' lang='grc' dir='ltr'><strong>ἐγὼ</strong></span> 
     </span>
    </p>
   </div>
   <div class='ocr_carea' id='block_1_13' title="bbox 225 1281 1804 1356">
    <p class='ocr_par' dir='ltr' id='par_1_13' title="bbox 225 1281 1804 1356">
     <span class='ocr_line' id='line_1_13' title="bbox 225 1281 1804 1356; baseline -0.005 -16"><span class='ocrx_word' id='word_1_71' title='bbox 225 1287 554 1356; x_wconf 80' lang='grc' dir='ltr'>ἀπέρχομαι,</span> <span class='ocrx_word' id='word_1_72' title='bbox 597 1286 689 1338; x_wconf 75' lang='grc' dir='ltr'><strong>καὶ</strong></span> <span class='ocrx_word' id='word_1_73' title='bbox 726 1283 1007 1336; x_wconf 81' lang='grc' dir='ltr'>ἀποστελῶ</span> <span class='ocrx_word' id='word_1_74' title='bbox 1045 1283 1172 1353; x_wconf 82' lang='grc' dir='ltr'>ὑμῖν</span> <span class='ocrx_word' id='word_1_75' title='bbox 1205 1283 1296 1333; x_wconf 79' lang='grc' dir='ltr'><strong>τὸν</strong></span> <span class='ocrx_word' id='word_1_76' title='bbox 1335 1281 1708 1351; x_wconf 86' lang='grc' dir='ltr'>Παράκλητον,</span> <span class='ocrx_word' id='word_1_77' title='bbox 1744 1281 1804 1332; x_wconf 78' lang='grc' dir='ltr'>τὸ</span> 
     </span>
    </p>
   </div>
   <div class='ocr_carea' id='block_1_14' title="bbox 227 1370 1801 1444">
    <p class='ocr_par' dir='ltr' id='par_1_14' title="bbox 227 1370 1801 1444">
     <span class='ocr_line' id='line_1_14' title="bbox 227 1370 1801 1444; baseline -0.003 -18"><span class='ocrx_word' id='word_1_78' title='bbox 227 1375 447 1444; x_wconf 81' lang='grc' dir='ltr'>Πνεῦμα</span> <span class='ocrx_word' id='word_1_79' title='bbox 487 1376 588 1443; x_wconf 74' lang='grc' dir='ltr'>τῆς</span> <span class='ocrx_word' id='word_1_80' title='bbox 634 1373 922 1442; x_wconf 84' lang='grc' dir='ltr'>ἀληθείας·</span> <span class='ocrx_word' id='word_1_81' title='bbox 953 1392 968 1421; x_wconf 76' lang='grc' dir='ltr'><strong>ι</strong></span> <span class='ocrx_word' id='word_1_82' title='bbox 1006 1373 1098 1424; x_wconf 59' lang='grc' dir='ltr'><strong>καὶ⁴</strong></span> <span class='ocrx_word' id='word_1_83' title='bbox 1129 1372 1321 1424; x_wconf 86' lang='grc' dir='ltr'>πάλιν·</span> <span class='ocrx_word' id='word_1_84' title='bbox 1371 1391 1388 1421; x_wconf 81' lang='grc' dir='ltr'><strong>ι</strong></span> <span class='ocrx_word' id='word_1_85' title='bbox 1421 1373 1565 1433; x_wconf 83' lang='grc' dir='ltr'>Ἕως</span> <span class='ocrx_word' id='word_1_86' title='bbox 1594 1370 1661 1423; x_wconf 82' lang='grc' dir='ltr'>ἂν</span> <span class='ocrx_word' id='word_1_87' title='bbox 1705 1370 1801 1422; x_wconf 85' lang='grc' dir='ltr'>λά-</span> 
     </span>
    </p>
   </div>
   <div class='ocr_carea' id='block_1_15' title="bbox 223 1463 1800 1536">
    <p class='ocr_par' dir='ltr' id='par_1_15' title="bbox 223 1463 1800 1536">
     <span class='ocr_line' id='line_1_15' title="bbox 223 1463 1800 1536; baseline -0.003 -19"><span class='ocrx_word' id='word_1_88' title='bbox 223 1468 348 1536; x_wconf 76' lang='grc' dir='ltr'>ὃητε</span> <span class='ocrx_word' id='word_1_89' title='bbox 391 1466 452 1529; x_wconf 80' lang='grc' dir='ltr'><strong>ἐξ</strong></span> <span class='ocrx_word' id='word_1_90' title='bbox 483 1465 649 1533; x_wconf 67' lang='grc' dir='ltr'>ὕψους</span> <span class='ocrx_word' id='word_1_91' title='bbox 683 1467 926 1532; x_wconf 77' lang='grc' dir='ltr'>δύναμιν.</span> <span class='ocrx_word' id='word_1_92' title='bbox 956 1483 974 1514; x_wconf 67' lang='grc' dir='ltr'><strong>ν</strong></span> <span class='ocrx_word' id='word_1_93' title='bbox 1017 1464 1164 1515; x_wconf 78' lang='grc' dir='ltr'>Ἐπεὶ</span> <span class='ocrx_word' id='word_1_94' title='bbox 1193 1463 1369 1515; x_wconf 89' lang='grc' dir='ltr'>τοίνυν</span> <span class='ocrx_word' id='word_1_95' title='bbox 1411 1482 1426 1512; x_wconf 81' lang='grc' dir='ltr'><strong>ι</strong></span> <span class='ocrx_word' id='word_1_96' title='bbox 1450 1463 1723 1530; x_wconf 79' lang='grc' dir='ltr'>Μακάριοι</span> <span class='ocrx_word' id='word_1_97' title='bbox 1752 1463 1800 1514; x_wconf 84' lang='grc' dir='ltr'><strong>οί</strong></span> 
     </span>
    </p>
   </div>
   <div class='ocr_carea' id='block_1_16' title="bbox 221 1552 1798 1625">
    <p class='ocr_par' dir='ltr' id='par_1_16' title="bbox 221 1552 1798 1625">
     <span class='ocr_line' id='line_1_16' title="bbox 221 1552 1798 1625; baseline -0.004 -16"><span class='ocrx_word' id='word_1_98' title='bbox 221 1557 563 1618; x_wconf 74' lang='grc' dir='ltr'>πενθοῦντες,</span> <span class='ocrx_word' id='word_1_99' title='bbox 589 1557 670 1607; x_wconf 79' lang='grc' dir='ltr'><strong>ὅτι</strong></span> <span class='ocrx_word' id='word_1_100' title='bbox 700 1553 1234 1625; x_wconf 78' lang='grc' dir='ltr'>παρακληθήσονται,</span> <span class='ocrx_word' id='word_1_101' title='bbox 1265 1565 1282 1603; x_wconf 80' lang='lat' dir='ltr'><strong>t</strong></span> <span class='ocrx_word' id='word_1_102' title='bbox 1321 1553 1435 1615; x_wconf 70' lang='grc' dir='ltr'>καὶ,</span> <span class='ocrx_word' id='word_1_103' title='bbox 1467 1571 1484 1600; x_wconf 81' lang='grc' dir='ltr'><strong>ι</strong></span> <span class='ocrx_word' id='word_1_104' title='bbox 1524 1552 1798 1621; x_wconf 74' lang='grc' dir='ltr'>Μακάριοι</span> 
     </span>
    </p>
   </div>
   <div class='ocr_carea' id='block_1_17' title="bbox 219 1643 1797 1713">
    <p class='ocr_par' dir='ltr' id='par_1_17' title="bbox 219 1643 1797 1713">
     <span class='ocr_line' id='line_1_17' title="bbox 219 1643 1797 1713; baseline -0.004 -15"><span class='ocrx_word' id='word_1_105' title='bbox 219 1649 264 1698; x_wconf 72' lang='lat' dir='ltr'><strong>oi</strong></span> <span class='ocrx_word' id='word_1_106' title='bbox 287 1648 585 1709; x_wconf 70' lang='grc' dir='ltr'>κλαίοντες,</span> <span class='ocrx_word' id='word_1_107' title='bbox 615 1648 693 1698; x_wconf 86' lang='grc' dir='ltr'><strong>ὅτι</strong></span> <span class='ocrx_word' id='word_1_108' title='bbox 727 1646 1064 1713; x_wconf 82' lang='grc' dir='ltr'>γελάοουσιν·</span> <span class='ocrx_word' id='word_1_109' title='bbox 1105 1663 1123 1695; x_wconf 82' lang='grc'><strong>›</strong></span> <span class='ocrx_word' id='word_1_110' title='bbox 1163 1644 1388 1705; x_wconf 82' lang='grc' dir='ltr'>εἰκότως</span> <span class='ocrx_word' id='word_1_111' title='bbox 1413 1645 1532 1704; x_wconf 83' lang='grc' dir='ltr'>ταῖς</span> <span class='ocrx_word' id='word_1_112' title='bbox 1565 1643 1797 1711; x_wconf 83' lang='grc' dir='ltr'>προλεχ-</span> 
     </span>
    </p>
   </div>
   <div class='ocr_carea' id='block_1_18' title="bbox 221 1733 1795 1804">
    <p class='ocr_par' dir='ltr' id='par_1_18' title="bbox 221 1733 1795 1804">
     <span class='ocr_line' id='line_1_18' title="bbox 221 1733 1795 1804; baseline -0.002 -16"><span class='ocrx_word' id='word_1_113' title='bbox 221 1736 444 1798; x_wconf 81' lang='grc' dir='ltr'>θείσαις,</span> <span class='ocrx_word' id='word_1_114' title='bbox 475 1735 531 1787; x_wconf 77' lang='grc' dir='ltr'>αἳ</span> <span class='ocrx_word' id='word_1_115' title='bbox 579 1735 668 1788; x_wconf 73' lang='grc' dir='ltr'><strong>διὰ</strong></span> <span class='ocrx_word' id='word_1_116' title='bbox 717 1735 914 1804; x_wconf 85' lang='grc' dir='ltr'>θρήνου</span> <span class='ocrx_word' id='word_1_117' title='bbox 954 1735 1046 1787; x_wconf 79' lang='grc' dir='ltr'>καὶ</span> <span class='ocrx_word' id='word_1_118' title='bbox 1106 1733 1384 1802; x_wconf 81' lang='grc' dir='ltr'>κλαυθμοῦ</span> <span class='ocrx_word' id='word_1_119' title='bbox 1431 1734 1524 1786; x_wconf 80' lang='grc' dir='ltr'><strong>καὶ</strong></span> <span class='ocrx_word' id='word_1_120' title='bbox 1566 1733 1795 1785; x_wconf 83' lang='grc' dir='ltr'>κοπετοῦ</span> 
     </span>
    </p>
   </div>
   <div class='ocr_carea' id='block_1_19' title="bbox 217 1822 1794 1895">
    <p class='ocr_par' dir='ltr' id='par_1_19' title="bbox 217 1822 1794 1895">
     <span class='ocr_line' id='line_1_19' title="bbox 217 1822 1794 1895; baseline -0.007 -19"><span class='ocrx_word' id='word_1_121' title='bbox 217 1827 310 1894; x_wconf 80' lang='grc' dir='ltr'><strong>τὴν</strong></span> <span class='ocrx_word' id='word_1_122' title='bbox 339 1825 633 1895; x_wconf 82' lang='grc' dir='ltr'>μετάνοιαν</span> <span class='ocrx_word' id='word_1_123' title='bbox 663 1824 1008 1885; x_wconf 79' lang='grc' dir='ltr'>ἐνεδείξαντο.</span> <span class='ocrx_word' id='word_1_124' title='bbox 1037 1822 1365 1891; x_wconf 78' lang='grc' dir='ltr'>ἐπαγγελίαν</span> <span class='ocrx_word' id='word_1_125' title='bbox 1401 1822 1614 1874; x_wconf 84' lang='grc' dir='ltr'>δίδωσιν</span> <span class='ocrx_word' id='word_1_126' title='bbox 1653 1822 1794 1888; x_wconf 75' lang='grc' dir='ltr'>ἀγα.</span> 
     </span>
    </p>
   </div>
   <div class='ocr_carea' id='block_1_20' title="bbox 219 1916 1040 1986">
    <p class='ocr_par' dir='ltr' id='par_1_20' title="bbox 219 1916 1040 1986">
     <span class='ocr_line' id='line_1_20' title="bbox 219 1916 1040 1986; baseline -0.001 -17"><span class='ocrx_word' id='word_1_127' title='bbox 219 1917 310 1986; x_wconf 79' lang='grc' dir='ltr'><strong>θὴν</strong></span> <span class='ocrx_word' id='word_1_128' title='bbox 340 1919 440 1986; x_wconf 79' lang='grc' dir='ltr'><strong>τὴν</strong></span> <span class='ocrx_word' id='word_1_129' title='bbox 463 1918 551 1969; x_wconf 86' lang='grc' dir='ltr'>διά</span> <span class='ocrx_word' id='word_1_130' title='bbox 577 1917 669 1968; x_wconf 85' lang='grc' dir='ltr'><strong>τοῦ</strong></span> <span class='ocrx_word' id='word_1_131' title='bbox 703 1916 841 1966; x_wconf 74' lang='grc' dir='ltr'>ΙἸνεύ</span> <span class='ocrx_word' id='word_1_132' title='bbox 853 1932 1040 1983; x_wconf 85' lang='grc' dir='ltr'>ματος.</span> 
     </span>
    </p>
   </div>
   <div class='ocr_carea' id='block_1_21' title="bbox 289 2003 1804 2077">
    <p class='ocr_par' dir='ltr' id='par_1_21' title="bbox 289 2003 1804 2077">
     <span class='ocr_line' id='line_1_21' title="bbox 289 2003 1804 2077; baseline -0.002 -17"><span class='ocrx_word' id='word_1_133' title='bbox 289 2027 308 2060; x_wconf 85' lang='grc' dir='ltr'><strong>ι</strong></span> <span class='ocrx_word' id='word_1_134' title='bbox 339 2009 451 2062; x_wconf 74' lang='grc' dir='ltr'><strong>Καὶ</strong></span> <span class='ocrx_word' id='word_1_135' title='bbox 485 2010 637 2061; x_wconf 76' lang='grc' dir='ltr'>ἔσται</span> <span class='ocrx_word' id='word_1_136' title='bbox 689 2006 893 2077; x_wconf 79' lang='grc' dir='ltr'>ἕρημος</span> <span class='ocrx_word' id='word_1_137' title='bbox 938 2008 964 2058; x_wconf 87' lang='lat'><strong>6</strong></span> <span class='ocrx_word' id='word_1_138' title='bbox 999 2005 1236 2075; x_wconf 80' lang='grc' dir='ltr'>Χερμέλ,</span> <span class='ocrx_word' id='word_1_139' title='bbox 1288 2006 1379 2057; x_wconf 72' lang='grc' dir='ltr'><strong>καὶ</strong></span> <span class='ocrx_word' id='word_1_140' title='bbox 1412 2005 1440 2056; x_wconf 86' lang='grc' dir='ltr'>ὁ</span> <span class='ocrx_word' id='word_1_141' title='bbox 1473 2003 1689 2074; x_wconf 81' lang='grc' dir='ltr'>Χερμέλ</span> <span class='ocrx_word' id='word_1_142' title='bbox 1726 2007 1804 2068; x_wconf 79' lang='grc' dir='ltr'><strong>εἰς</strong></span> 
     </span>
    </p>
   </div>
   <div class='ocr_carea' id='block_1_22' title="bbox 217 2096 1804 2176">
    <p class='ocr_par' dir='ltr' id='par_1_22' title="bbox 217 2096 1804 2176">
     <span class='ocr_line' id='line_1_22' title="bbox 217 2096 1804 2176; baseline -0.003 -26"><span class='ocrx_word' id='word_1_143' title='bbox 217 2098 414 2168; x_wconf 67' lang='grc' dir='ltr'>δρυμὸν</span> <span class='ocrx_word' id='word_1_144' title='bbox 444 2098 860 2166; x_wconf 87' lang='grc' dir='ltr'>λογισθήσεται·</span> <span class='ocrx_word' id='word_1_145' title='bbox 895 2097 986 2147; x_wconf 59' lang='grc' dir='ltr'><strong>καὶ¹</strong></span> <span class='ocrx_word' id='word_1_146' title='bbox 1015 2096 1389 2176; x_wconf 66' lang='grc' dir='ltr'>ἀναπαύσεται</span> <span class='ocrx_word' id='word_1_147' title='bbox 1423 2096 1479 2147; x_wconf 86' lang='grc' dir='ltr'><strong>ἐν</strong></span> <span class='ocrx_word' id='word_1_148' title='bbox 1512 2099 1576 2165; x_wconf 82' lang='grc' dir='ltr'>τῇ</span> <span class='ocrx_word' id='word_1_149' title='bbox 1613 2097 1804 2167; x_wconf 85' lang='grc' dir='ltr'>ἐρήμῳ</span> 
     </span>
    </p>
   </div>
   <div class='ocr_carea' id='block_1_23' title="bbox 219 2186 1794 2260">
    <p class='ocr_par' dir='ltr' id='par_1_23' title="bbox 219 2186 1794 2260">
     <span class='ocr_line' id='line_1_23' title="bbox 219 2186 1794 2260; baseline -0.003 -19"><span class='ocrx_word' id='word_1_150' title='bbox 219 2192 408 2260; x_wconf 77' lang='grc' dir='ltr'>κρίμα,</span> <span class='ocrx_word' id='word_1_151' title='bbox 440 2189 534 2240; x_wconf 73' lang='grc' dir='ltr'><strong>καὶ</strong></span> <span class='ocrx_word' id='word_1_152' title='bbox 562 2187 874 2256; x_wconf 76' lang='grc' dir='ltr'>δικαιοσύνη</span> <span class='ocrx_word' id='word_1_153' title='bbox 907 2188 963 2239; x_wconf 88' lang='grc' dir='ltr'><strong>ἐν</strong></span> <span class='ocrx_word' id='word_1_154' title='bbox 1001 2186 1077 2256; x_wconf 75' lang='grc' dir='ltr'>τῷ</span> <span class='ocrx_word' id='word_1_155' title='bbox 1109 2187 1391 2255; x_wconf 79' lang='grc' dir='ltr'>Καρμήλῳ</span> <span class='ocrx_word' id='word_1_156' title='bbox 1426 2189 1794 2257; x_wconf 73' lang='grc' dir='ltr'>κατοικήσει.»</span> 
     </span>
    </p>
   </div>
   <div class='ocr_carea' id='block_1_24' title="bbox 215 2276 1800 2348">
    <p class='ocr_par' dir='ltr' id='par_1_24' title="bbox 215 2276 1800 2348">
     <span class='ocr_line' id='line_1_24' title="bbox 215 2276 1800 2348; baseline -0.001 -16"><span class='ocrx_word' id='word_1_157' title='bbox 215 2280 442 2342; x_wconf 78' lang='grc' dir='ltr'>Λίϐανος</span> <span class='ocrx_word' id='word_1_158' title='bbox 476 2280 572 2348; x_wconf 77' lang='grc' dir='ltr'><strong>μὲν</strong></span> <span class='ocrx_word' id='word_1_159' title='bbox 606 2279 665 2330; x_wconf 67' lang='grc' dir='ltr'>τὸ</span> <span class='ocrx_word' id='word_1_160' title='bbox 705 2279 830 2348; x_wconf 75' lang='grc' dir='ltr'>ὅρος</span> <span class='ocrx_word' id='word_1_161' title='bbox 855 2279 914 2330; x_wconf 79' lang='grc' dir='ltr'>τὸ</span> <span class='ocrx_word' id='word_1_162' title='bbox 961 2279 1052 2330; x_wconf 75' lang='grc' dir='ltr'><strong>ἐπὶ</strong></span> <span class='ocrx_word' id='word_1_163' title='bbox 1093 2279 1190 2347; x_wconf 81' lang='grc' dir='ltr'>τῆς</span> <span class='ocrx_word' id='word_1_164' title='bbox 1237 2279 1488 2347; x_wconf 78' lang='grc' dir='ltr'>Φοινίκης</span> <span class='ocrx_word' id='word_1_165' title='bbox 1520 2276 1705 2346; x_wconf 83' lang='grc' dir='ltr'>ἐδήλου</span> <span class='ocrx_word' id='word_1_166' title='bbox 1732 2279 1800 2332; x_wconf 79' lang='grc' dir='ltr'>τὰ</span> 
     </span>
    </p>
   </div>
   <div class='ocr_carea' id='block_1_25' title="bbox 217 2368 1800 2439">
    <p class='ocr_par' dir='ltr' id='par_1_25' title="bbox 217 2368 1800 2439">
     <span class='ocr_line' id='line_1_25' title="bbox 217 2368 1800 2439; baseline -0.003 -16"><span class='ocrx_word' id='word_1_167' title='bbox 217 2370 369 2439; x_wconf 78' lang='grc' dir='ltr'>ἔθνη·</span> <span class='ocrx_word' id='word_1_168' title='bbox 427 2370 724 2439; x_wconf 78' lang='grc' dir='ltr'>Κάρμηλος</span> <span class='ocrx_word' id='word_1_169' title='bbox 777 2368 833 2419; x_wconf 78' lang='grc' dir='ltr'><strong>δὲ</strong></span> <span class='ocrx_word' id='word_1_170' title='bbox 888 2369 948 2421; x_wconf 79' lang='grc' dir='ltr'><strong>τὸ</strong></span> <span class='ocrx_word' id='word_1_171' title='bbox 1002 2368 1126 2437; x_wconf 78' lang='grc' dir='ltr'>ὅρος</span> <span class='ocrx_word' id='word_1_172' title='bbox 1181 2369 1242 2419; x_wconf 77' lang='grc' dir='ltr'><strong>τὸ</strong></span> <span class='ocrx_word' id='word_1_173' title='bbox 1298 2368 1403 2420; x_wconf 79' lang='grc' dir='ltr'><strong>ὑπὸ</strong></span> <span class='ocrx_word' id='word_1_174' title='bbox 1441 2368 1710 2430; x_wconf 83' lang='grc' dir='ltr'>Ἰουδαίοις</span> <span class='ocrx_word' id='word_1_175' title='bbox 1743 2368 1800 2419; x_wconf 82' lang='grc' dir='ltr'>ὃν</span> 
     </span>
    </p>
   </div>
   <div class='ocr_carea' id='block_1_26' title="bbox 215 2455 1799 2531">
    <p class='ocr_par' dir='ltr' id='par_1_26' title="bbox 215 2455 1799 2531">
     <span class='ocr_line' id='line_1_26' title="bbox 215 2455 1799 2531; baseline 0.004 -23"><span class='ocrx_word' id='word_1_176' title='bbox 215 2459 477 2529; x_wconf 71' lang='grc' dir='ltr'>πρότερον</span> <span class='ocrx_word' id='word_1_177' title='bbox 506 2458 594 2510; x_wconf 78' lang='grc' dir='ltr'><strong>τὸν</strong></span> <span class='ocrx_word' id='word_1_178' title='bbox 627 2459 692 2508; x_wconf 82' lang='grc' dir='ltr'><strong>ἐκ</strong></span> <span class='ocrx_word' id='word_1_179' title='bbox 723 2455 1022 2526; x_wconf 69' lang='grc' dir='ltr'>περιτομῆς</span> <span class='ocrx_word' id='word_1_180' title='bbox 1051 2458 1197 2519; x_wconf 77' lang='grc' dir='ltr'>λαὸν,</span> <span class='ocrx_word' id='word_1_181' title='bbox 1223 2459 1343 2510; x_wconf 81' lang='grc' dir='ltr'>ὅθεν</span> <span class='ocrx_word' id='word_1_182' title='bbox 1377 2460 1471 2512; x_wconf 73' lang='grc' dir='ltr'>καὶ</span> <span class='ocrx_word' id='word_1_183' title='bbox 1503 2462 1799 2531; x_wconf 76' lang='grc' dir='ltr'>ἑρμηνεύε-</span> 
     </span>
    </p>
   </div>
   <div class='ocr_carea' id='block_1_27' title="bbox 214 2547 1799 2624">
    <p class='ocr_par' dir='ltr' id='par_1_27' title="bbox 214 2547 1799 2624">
     <span class='ocr_line' id='line_1_27' title="bbox 214 2547 1799 2624; baseline 0.003 -24"><span class='ocrx_word' id='word_1_184' title='bbox 214 2565 298 2600; x_wconf 85' lang='grc' dir='ltr'><strong>ται</strong></span> <span class='ocrx_word' id='word_1_185' title='bbox 330 2551 357 2600; x_wconf 83' lang='lat'><strong>6</strong></span> <span class='ocrx_word' id='word_1_186' title='bbox 392 2547 628 2618; x_wconf 74' lang='grc' dir='ltr'>Χερμέλ,</span> <span class='ocrx_word' id='word_1_187' title='bbox 657 2548 852 2617; x_wconf 74' lang='grc' dir='ltr'>δηλαδὴ</span> <span class='ocrx_word' id='word_1_188' title='bbox 887 2548 1193 2618; x_wconf 74' lang='grc' dir='ltr'>Κάρμηλος,</span> <span class='ocrx_word' id='word_1_189' title='bbox 1236 2569 1253 2600; x_wconf 70' lang='grc' dir='ltr'><strong>ι</strong></span> <span class='ocrx_word' id='word_1_190' title='bbox 1287 2551 1616 2616; x_wconf 83' lang='grc' dir='ltr'>Ἐπίγνωσις</span> <span class='ocrx_word' id='word_1_191' title='bbox 1645 2571 1799 2624; x_wconf 87' lang='grc' dir='ltr'>περι-</span> 
     </span>
    </p>
   </div>
   <div class='ocr_carea' id='block_1_28' title="bbox 213 2638 1799 2707">
    <p class='ocr_par' dir='ltr' id='par_1_28' title="bbox 213 2638 1799 2707">
     <span class='ocr_line' id='line_1_28' title="bbox 213 2638 1799 2707; baseline 0.004 -18"><span class='ocrx_word' id='word_1_192' title='bbox 213 2643 402 2707; x_wconf 76' lang='grc' dir='ltr'>τομῆς.</span> <span class='ocrx_word' id='word_1_193' title='bbox 435 2658 453 2688; x_wconf 67' lang='grc' dir='ltr'><strong>ι</strong></span> <span class='ocrx_word' id='word_1_194' title='bbox 512 2639 614 2690; x_wconf 81' lang='grc' dir='ltr'>Τὸν</span> <span class='ocrx_word' id='word_1_195' title='bbox 679 2638 907 2690; x_wconf 79' lang='grc' dir='ltr'>Λίϐανον</span> <span class='ocrx_word' id='word_1_196' title='bbox 959 2641 1157 2701; x_wconf 82' lang='grc' dir='ltr'>τοίνυν,</span> <span class='ocrx_word' id='word_1_197' title='bbox 1211 2640 1301 2691; x_wconf 83' lang='grc' dir='ltr'><strong>τὸν</strong></span> <span class='ocrx_word' id='word_1_198' title='bbox 1355 2640 1651 2707; x_wconf 69' lang='grc' dir='ltr'>ἀλλόφυλον</span> <span class='ocrx_word' id='word_1_199' title='bbox 1708 2647 1799 2694; x_wconf 76' lang='grc' dir='ltr'><strong>καὶ</strong></span> 
     </span>
    </p>
   </div>
   <div class='ocr_carea' id='block_1_29' title="bbox 214 2729 1797 2800">
    <p class='ocr_par' dir='ltr' id='par_1_29' title="bbox 214 2729 1797 2800">
     <span class='ocr_line' id='line_1_29' title="bbox 214 2729 1797 2800; baseline 0.003 -20"><span class='ocrx_word' id='word_1_200' title='bbox 214 2729 473 2797; x_wconf 63' lang='grc' dir='ltr'>ἀλλογενιῆ</span> <span class='ocrx_word' id='word_1_201' title='bbox 509 2730 655 2793; x_wconf 79' lang='grc' dir='ltr'>λαὸν,</span> <span class='ocrx_word' id='word_1_202' title='bbox 691 2730 781 2782; x_wconf 82' lang='grc' dir='ltr'><strong>τὸν</strong></span> <span class='ocrx_word' id='word_1_203' title='bbox 813 2731 869 2794; x_wconf 77' lang='grc' dir='ltr'>ἐξ</span> <span class='ocrx_word' id='word_1_204' title='bbox 915 2729 1081 2782; x_wconf 83' lang='grc' dir='ltr'>ἐθνῶν</span> <span class='ocrx_word' id='word_1_205' title='bbox 1119 2729 1545 2800; x_wconf 76' lang='grc' dir='ltr'>μεταϐληθέντα,</span> <span class='ocrx_word' id='word_1_206' title='bbox 1581 2733 1797 2786; x_wconf 83' lang='grc' dir='ltr'>ἔσεσθαί</span> 
     </span>
    </p>
   </div>
   <div class='ocr_carea' id='block_1_30' title="bbox 216 2817 1798 2890">
    <p class='ocr_par' dir='ltr' id='par_1_30' title="bbox 216 2817 1798 2890">
     <span class='ocr_line' id='line_1_30' title="bbox 216 2817 1798 2890; baseline 0.002 -20"><span class='ocrx_word' id='word_1_207' title='bbox 216 2839 398 2889; x_wconf 62' lang='grc' dir='ltr'>φησιν,</span> <span class='ocrx_word' id='word_1_208' title='bbox 423 2823 603 2882; x_wconf 83' lang='grc' dir='ltr'>ὁποῖος</span> <span class='ocrx_word' id='word_1_209' title='bbox 638 2817 703 2888; x_wconf 82' lang='grc' dir='ltr'>ἦν</span> <span class='ocrx_word' id='word_1_210' title='bbox 733 2823 760 2872; x_wconf 91' lang='lat'><strong>6</strong></span> <span class='ocrx_word' id='word_1_211' title='bbox 796 2819 960 2871; x_wconf 84' lang='grc' dir='ltr'>πάλαι</span> <span class='ocrx_word' id='word_1_212' title='bbox 991 2819 1147 2888; x_wconf 77' lang='grc' dir='ltr'>παρὰ</span> <span class='ocrx_word' id='word_1_213' title='bbox 1175 2819 1251 2888; x_wconf 78' lang='grc' dir='ltr'><strong>τῷ</strong></span> <span class='ocrx_word' id='word_1_214' title='bbox 1289 2819 1406 2888; x_wconf 82' lang='grc' dir='ltr'><strong>Θεῴ</strong></span> <span class='ocrx_word' id='word_1_215' title='bbox 1436 2822 1798 2890; x_wconf 79' lang='grc' dir='ltr'>τετιμημένος</span> 
     </span>
    </p>
   </div>
   <div class='ocr_carea' id='block_1_31' title="bbox 212 2910 1797 2982">
    <p class='ocr_par' dir='ltr' id='par_1_31' title="bbox 212 2910 1797 2982">
     <span class='ocr_line' id='line_1_31' title="bbox 212 2910 1797 2982; baseline 0 -19"><span class='ocrx_word' id='word_1_216' title='bbox 212 2910 333 2974; x_wconf 76' lang='grc' dir='ltr'>λαὸς</span> <span class='ocrx_word' id='word_1_217' title='bbox 383 2915 411 2963; x_wconf 84' lang='lat'><strong>6</strong></span> <span class='ocrx_word' id='word_1_218' title='bbox 455 2914 520 2963; x_wconf 87' lang='grc' dir='ltr'><strong>ἐκ</strong></span> <span class='ocrx_word' id='word_1_219' title='bbox 555 2912 885 2980; x_wconf 76' lang='grc' dir='ltr'>περιτομῆς·</span> <span class='ocrx_word' id='word_1_220' title='bbox 940 2911 1098 2962; x_wconf 76' lang='grc' dir='ltr'>αὑτὸν</span> <span class='ocrx_word' id='word_1_221' title='bbox 1147 2911 1202 2962; x_wconf 82' lang='grc' dir='ltr'><strong>δέ</strong></span> <span class='ocrx_word' id='word_1_222' title='bbox 1254 2911 1343 2963; x_wconf 74' lang='grc' dir='ltr'><strong>τὸν</strong></span> <span class='ocrx_word' id='word_1_223' title='bbox 1397 2915 1460 2963; x_wconf 87' lang='grc' dir='ltr'><strong>ἐκ</strong></span> <span class='ocrx_word' id='word_1_224' title='bbox 1500 2914 1797 2982; x_wconf 67' lang='grc' dir='ltr'>περιτομῆς</span> 
     </span>
    </p>
   </div>
   <div class='ocr_carea' id='block_1_32' title="bbox 210 3001 1566 3074">
    <p class='ocr_par' dir='ltr' id='par_1_32' title="bbox 210 3001 1566 3074">
     <span class='ocr_line' id='line_1_32' title="bbox 210 3001 1566 3074; baseline 0.001 -20"><span class='ocrx_word' id='word_1_225' title='bbox 210 3002 353 3065; x_wconf 76' lang='grc' dir='ltr'>λαὸν,</span> <span class='ocrx_word' id='word_1_226' title='bbox 388 3003 608 3072; x_wconf 81' lang='grc' dir='ltr'>Χερμέλ</span> <span class='ocrx_word' id='word_1_227' title='bbox 640 3003 672 3071; x_wconf 84' lang='grc' dir='ltr'><strong>ἢ</strong></span> <span class='ocrx_word' id='word_1_228' title='bbox 706 3001 1000 3074; x_wconf 86' lang='grc' dir='ltr'>Κάρμηλον</span> <span class='ocrx_word' id='word_1_229' title='bbox 1042 3002 1458 3072; x_wconf 77' lang='grc' dir='ltr'>ὀνομαζόμενον,</span> <span class='ocrx_word' id='word_1_230' title='bbox 1490 3006 1566 3064; x_wconf 82' lang='grc' dir='ltr'>εἰς</span> 
     </span>
    </p>
   </div>
   <div class='ocr_carea' id='block_1_33' title="bbox 211 3091 1795 3163">
    <p class='ocr_par' dir='ltr' id='par_1_33' title="bbox 211 3091 1795 3163">
     <span class='ocr_line' id='line_1_33' title="bbox 211 3091 1795 3163; baseline 0.002 -21"><span class='ocrx_word' id='word_1_231' title='bbox 211 3091 644 3162; x_wconf 78' lang='grc' dir='ltr'>λογισθήσεσθαι.</span> <span class='ocrx_word' id='word_1_232' title='bbox 676 3091 844 3143; x_wconf 86' lang='grc' dir='ltr'>Τοῦτο</span> <span class='ocrx_word' id='word_1_233' title='bbox 870 3092 1048 3144; x_wconf 84' lang='grc' dir='ltr'>τοίνυν</span> <span class='ocrx_word' id='word_1_234' title='bbox 1083 3094 1176 3142; x_wconf 73' lang='grc' dir='ltr'><strong>καὶ</strong></span> <span class='ocrx_word' id='word_1_235' title='bbox 1209 3094 1265 3142; x_wconf 86' lang='grc' dir='ltr'><strong>ἐν</strong></span> <span class='ocrx_word' id='word_1_236' title='bbox 1295 3095 1406 3154; x_wconf 82' lang='grc' dir='ltr'>τοῖς</span> <span class='ocrx_word' id='word_1_237' title='bbox 1440 3095 1578 3161; x_wconf 81' lang='grc' dir='ltr'><strong>μετά</strong></span> <span class='ocrx_word' id='word_1_238' title='bbox 1607 3099 1795 3163; x_wconf 77' lang='grc' dir='ltr'>χεῖρας</span> 
     </span>
    </p>
   </div>
   <div class='ocr_carea' id='block_1_34' title="bbox 213 3183 1792 3254">
    <p class='ocr_par' dir='ltr' id='par_1_34' title="bbox 213 3183 1792 3254">
     <span class='ocr_line' id='line_1_34' title="bbox 213 3183 1792 3254; baseline 0 -17"><span class='ocrx_word' id='word_1_239' title='bbox 213 3185 465 3254; x_wconf 77' lang='grc' dir='ltr'>σημαίνει</span> <span class='ocrx_word' id='word_1_240' title='bbox 498 3185 718 3252; x_wconf 71' lang='grc' dir='ltr'>φάσκων</span> <span class='ocrx_word' id='word_1_241' title='bbox 750 3184 776 3234; x_wconf 89' lang='lat'><strong>6</strong></span> <span class='ocrx_word' id='word_1_242' title='bbox 800 3183 952 3249; x_wconf 87' lang='grc' dir='ltr'>λόγος</span> <span class='ocrx_word' id='word_1_243' title='bbox 996 3184 1135 3236; x_wconf 84' lang='grc' dir='ltr'><strong>κατά</strong></span> <span class='ocrx_word' id='word_1_244' title='bbox 1158 3185 1246 3235; x_wconf 80' lang='grc' dir='ltr'><strong>τὸν</strong></span> <span class='ocrx_word' id='word_1_245' title='bbox 1282 3184 1602 3254; x_wconf 75' lang='grc' dir='ltr'>Σύμμαχον·</span> <span class='ocrx_word' id='word_1_246' title='bbox 1642 3205 1657 3234; x_wconf 74' lang='grc' dir='ltr'><strong>ι</strong></span> <span class='ocrx_word' id='word_1_247' title='bbox 1687 3187 1792 3238; x_wconf 65' lang='grc' dir='ltr'>Καὶ</span> 
     </span>
    </p>
   </div>
   <div class='ocr_carea' id='block_1_35' title="bbox 211 3275 1792 3346">
    <p class='ocr_par' dir='ltr' id='par_1_35' title="bbox 211 3275 1792 3346">
     <span class='ocr_line' id='line_1_35' title="bbox 211 3275 1792 3346; baseline -0.001 -18"><span class='ocrx_word' id='word_1_248' title='bbox 211 3278 355 3328; x_wconf 84' lang='grc' dir='ltr'>ἐσται</span> <span class='ocrx_word' id='word_1_249' title='bbox 457 3276 658 3345; x_wconf 81' lang='grc' dir='ltr'>ἕρημος</span> <span class='ocrx_word' id='word_1_250' title='bbox 703 3277 782 3336; x_wconf 79' lang='grc' dir='ltr'>εἰς</span> <span class='ocrx_word' id='word_1_251' title='bbox 824 3276 1146 3345; x_wconf 82' lang='grc' dir='ltr'>Κάρμηλον·</span> <span class='ocrx_word' id='word_1_252' title='bbox 1183 3295 1198 3326; x_wconf 69' lang='grc' dir='ltr'><strong>ι</strong></span> <span class='ocrx_word' id='word_1_253' title='bbox 1240 3275 1314 3336; x_wconf 81' lang='grc' dir='ltr'>ὡς</span> <span class='ocrx_word' id='word_1_254' title='bbox 1352 3276 1459 3346; x_wconf 72' lang='grc' dir='ltr'><strong>γὰρ</strong></span> <span class='ocrx_word' id='word_1_255' title='bbox 1493 3279 1608 3328; x_wconf 84' lang='grc' dir='ltr'>ἐκεῖ</span> <span class='ocrx_word' id='word_1_256' title='bbox 1635 3279 1662 3328; x_wconf 87' lang='lat'><strong>6</strong></span> <span class='ocrx_word' id='word_1_257' title='bbox 1699 3278 1792 3329; x_wconf 83' lang='grc' dir='ltr'><strong>Λί-</strong></span> 
     </span>
    </p>
   </div>
   <div class='ocr_carea' id='block_1_36' title="bbox 1596 3005 1795 3073">
    <p class='ocr_par' dir='ltr' id='par_1_36' title="bbox 1596 3005 1795 3073">
     <span class='ocr_line' id='line_1_36' title="bbox 1596 3005 1795 3073; baseline -0.005 -17"><span class='ocrx_word' id='word_1_258' title='bbox 1596 3005 1795 3073; x_wconf 62' lang='grc' dir='ltr'>δρυμὸν</span> 
     </span>
    </p>
   </div>
   <div class='ocr_carea' id='block_1_37' title="bbox 212 3366 1790 3436">
    <p class='ocr_par' dir='ltr' id='par_1_37' title="bbox 212 3366 1790 3436">
     <span class='ocr_line' id='line_1_37' title="bbox 212 3366 1790 3436; baseline -0.001 -18"><span class='ocrx_word' id='word_1_259' title='bbox 212 3367 365 3429; x_wconf 61' lang='lat' dir='ltr'><strong>ﬂavo;</strong></span> <span class='ocrx_word' id='word_1_260' title='bbox 401 3371 483 3429; x_wconf 82' lang='grc' dir='ltr'>εἰς</span> <span class='ocrx_word' id='word_1_261' title='bbox 535 3368 826 3436; x_wconf 80' lang='grc' dir='ltr'>Κάρμηλον</span> <span class='ocrx_word' id='word_1_262' title='bbox 879 3367 1092 3433; x_wconf 77' lang='grc' dir='ltr'>ἐλέγετο</span> <span class='ocrx_word' id='word_1_263' title='bbox 1137 3366 1587 3434; x_wconf 75' lang='grc' dir='ltr'>μεταϐάλλεσθαι,</span> <span class='ocrx_word' id='word_1_264' title='bbox 1623 3367 1790 3431; x_wconf 65' lang='grc' dir='ltr'>οὕτως</span> 
     </span>
    </p>
   </div>
   <div class='ocr_carea' id='block_1_38' title="bbox 210 3454 1793 3530">
    <p class='ocr_par' dir='ltr' id='par_1_38' title="bbox 210 3454 1793 3530">
     <span class='ocr_line' id='line_1_38' title="bbox 210 3454 1793 3530; baseline 0 -20"><span class='ocrx_word' id='word_1_265' title='bbox 210 3459 446 3510; x_wconf 83' lang='grc' dir='ltr'>ἐνταῦθα</span> <span class='ocrx_word' id='word_1_266' title='bbox 491 3461 522 3527; x_wconf 83' lang='grc' dir='ltr'><strong>ή</strong></span> <span class='ocrx_word' id='word_1_267' title='bbox 571 3458 796 3527; x_wconf 84' lang='grc' dir='ltr'>ἕρημος,</span> <span class='ocrx_word' id='word_1_268' title='bbox 827 3458 912 3509; x_wconf 79' lang='grc' dir='ltr'>ἵνα</span> <span class='ocrx_word' id='word_1_269' title='bbox 1031 3457 1225 3510; x_wconf 74' lang='grc' dir='ltr'>ταύτὸν</span> <span class='ocrx_word' id='word_1_270' title='bbox 1271 3459 1362 3509; x_wconf 74' lang='grc' dir='ltr'><strong>καὶ</strong></span> <span class='ocrx_word' id='word_1_271' title='bbox 1404 3456 1606 3527; x_wconf 81' lang='grc' dir='ltr'>ἔρημος</span> <span class='ocrx_word' id='word_1_272' title='bbox 1639 3459 1667 3508; x_wconf 96' lang='lat'><strong>6</strong></span> <span class='ocrx_word' id='word_1_273' title='bbox 1699 3460 1793 3510; x_wconf 86' lang='grc' dir='ltr'><strong>Λί-</strong></span> 
     </span>
    </p>
   </div>
   <div class='ocr_carea' id='block_1_39' title="bbox 211 3547 1786 3618">
    <p class='ocr_par' dir='ltr' id='par_1_39' title="bbox 211 3547 1786 3618">
     <span class='ocr_line' id='line_1_39' title="bbox 211 3547 1786 3618; baseline 0.001 -19"><span class='ocrx_word' id='word_1_274' title='bbox 211 3550 402 3613; x_wconf 71' lang='grc' dir='ltr'>ϐανος,</span> <span class='ocrx_word' id='word_1_275' title='bbox 450 3550 591 3602; x_wconf 69' lang='grc' dir='ltr'>οὕτω</span> <span class='ocrx_word' id='word_1_276' title='bbox 634 3549 970 3618; x_wconf 76' lang='grc' dir='ltr'>δηλουμένης</span> <span class='ocrx_word' id='word_1_277' title='bbox 1002 3549 1098 3617; x_wconf 84' lang='grc' dir='ltr'>τῆς</span> <span class='ocrx_word' id='word_1_278' title='bbox 1136 3547 1190 3613; x_wconf 81' lang='grc' dir='ltr'><strong>ἐξ</strong></span> <span class='ocrx_word' id='word_1_279' title='bbox 1235 3547 1403 3599; x_wconf 76' lang='grc' dir='ltr'>ἐθνῶν</span> <span class='ocrx_word' id='word_1_280' title='bbox 1431 3547 1786 3618; x_wconf 78' lang='grc' dir='ltr'>Ἑκκλησίας,</span> 
     </span>
    </p>
   </div>
   <div class='ocr_carea' id='block_1_40' title="bbox 209 3635 1788 3710">
    <p class='ocr_par' dir='ltr' id='par_1_40' title="bbox 209 3635 1788 3710">
     <span class='ocr_line' id='line_1_40' title="bbox 209 3635 1788 3710; baseline 0.018 -30"><span class='ocrx_word' id='word_1_281' title='bbox 209 3641 326 3705; x_wconf 63' lang='grc' dir='ltr'>ἥτις</span> <span class='ocrx_word' id='word_1_282' title='bbox 382 3637 780 3708; x_wconf 66' lang='grc' dir='ltr'>μεταϐέϐληται</span> <span class='ocrx_word' id='word_1_283' title='bbox 832 3641 910 3700; x_wconf 81' lang='grc' dir='ltr'>εἰς</span> <span class='ocrx_word' id='word_1_284' title='bbox 961 3637 1274 3709; x_wconf 78' lang='grc' dir='ltr'>Κάρμηλον·</span> <span class='ocrx_word' id='word_1_285' title='bbox 1309 3639 1517 3707; x_wconf 82' lang='grc' dir='ltr'>Ὥσπερ</span> <span class='ocrx_word' id='word_1_286' title='bbox 1569 3639 1676 3710; x_wconf 67' lang='grc' dir='ltr'>γὰρ</span> <span class='ocrx_word' id='word_1_287' title='bbox 1722 3635 1788 3708; x_wconf 79' lang='grc' dir='ltr'>ἦν</span> 
     </span>
    </p>
   </div>
   <div class='ocr_carea' id='block_1_41' title="bbox 213 3729 1785 3799">
    <p class='ocr_par' dir='ltr' id='par_1_41' title="bbox 213 3729 1785 3799">
     <span class='ocr_line' id='line_1_41' title="bbox 213 3729 1785 3799; baseline 0 -18"><span class='ocrx_word' id='word_1_288' title='bbox 213 3731 376 3783; x_wconf 82' lang='grc' dir='ltr'>πάλαι</span> <span class='ocrx_word' id='word_1_289' title='bbox 412 3731 674 3799; x_wconf 74' lang='grc' dir='ltr'>πρότερον</span> <span class='ocrx_word' id='word_1_290' title='bbox 715 3750 731 3779; x_wconf 76' lang='grc' dir='ltr'><strong>ι</strong></span> <span class='ocrx_word' id='word_1_291' title='bbox 764 3730 920 3799; x_wconf 70' lang='grc' dir='ltr'>μερὶς</span> <span class='ocrx_word' id='word_1_292' title='bbox 949 3729 1155 3799; x_wconf 84' lang='grc' dir='ltr'>Κυρίου</span> <span class='ocrx_word' id='word_1_293' title='bbox 1203 3729 1326 3792; x_wconf 70' lang='grc' dir='ltr'>λαὸς</span> <span class='ocrx_word' id='word_1_294' title='bbox 1369 3729 1531 3782; x_wconf 77' lang='grc' dir='ltr'>αὐτοῦ</span> <span class='ocrx_word' id='word_1_295' title='bbox 1574 3731 1785 3794; x_wconf 72' lang='grc' dir='ltr'>Ἰακὼϐ,</span> 
     </span>
    </p>
   </div>
   <div class='ocr_carea' id='block_1_42' title="bbox 213 3818 1789 3891">
    <p class='ocr_par' dir='ltr' id='par_1_42' title="bbox 213 3818 1789 3891">
     <span class='ocr_line' id='line_1_42' title="bbox 213 3818 1789 3891; baseline 0.001 -19"><span class='ocrx_word' id='word_1_296' title='bbox 213 3822 498 3889; x_wconf 81' lang='grc' dir='ltr'>σχοίνισμα</span> <span class='ocrx_word' id='word_1_297' title='bbox 535 3820 892 3890; x_wconf 76' lang='grc' dir='ltr'>κληρονομίας</span> <span class='ocrx_word' id='word_1_298' title='bbox 939 3818 1102 3872; x_wconf 75' lang='grc' dir='ltr'>αὑτοῦ</span> <span class='ocrx_word' id='word_1_299' title='bbox 1146 3821 1390 3890; x_wconf 82' lang='grc' dir='ltr'>Ἰσραήλ·</span> <span class='ocrx_word' id='word_1_300' title='bbox 1425 3840 1442 3870; x_wconf 73' lang='grc' dir='ltr'><strong>ι</strong></span> <span class='ocrx_word' id='word_1_301' title='bbox 1482 3823 1508 3872; x_wconf 81' lang='lat'><strong>6</strong></span> <span class='ocrx_word' id='word_1_302' title='bbox 1536 3839 1592 3873; x_wconf 89' lang='grc' dir='ltr'><strong>τε</strong></span> <span class='ocrx_word' id='word_1_303' title='bbox 1639 3822 1789 3891; x_wconf 80' lang='grc' dir='ltr'>Κάρ-</span> 
     </span>
    </p>
   </div>
   <div class='ocr_carea' id='block_1_43' title="bbox 215 3908 1784 3983">
    <p class='ocr_par' dir='ltr' id='par_1_43' title="bbox 215 3908 1784 3983">
     <span class='ocr_line' id='line_1_43' title="bbox 215 3908 1784 3983; baseline 0 -19"><span class='ocrx_word' id='word_1_304' title='bbox 215 3915 381 3983; x_wconf 86' lang='grc' dir='ltr'>μηλος</span> <span class='ocrx_word' id='word_1_305' title='bbox 422 3908 489 3982; x_wconf 75' lang='grc' dir='ltr'>ἦν</span> <span class='ocrx_word' id='word_1_306' title='bbox 520 3914 810 3979; x_wconf 85' lang='grc' dir='ltr'>ἐπίγνωσιν</span> <span class='ocrx_word' id='word_1_307' title='bbox 842 3912 978 3981; x_wconf 74' lang='grc' dir='ltr'>ἔχων</span> <span class='ocrx_word' id='word_1_308' title='bbox 1011 3912 1138 3982; x_wconf 72' lang='grc' dir='ltr'>περὶ</span> <span class='ocrx_word' id='word_1_309' title='bbox 1167 3911 1396 3981; x_wconf 76' lang='grc' dir='ltr'>ταύτης·</span> <span class='ocrx_word' id='word_1_310' title='bbox 1434 3913 1604 3976; x_wconf 69' lang='grc' dir='ltr'>οὕτως</span> <span class='ocrx_word' id='word_1_311' title='bbox 1634 3915 1662 3964; x_wconf 89' lang='lat'><strong>6</strong></span> <span class='ocrx_word' id='word_1_312' title='bbox 1691 3914 1784 3966; x_wconf 87' lang='grc' dir='ltr'><strong>Λί-</strong></span> 
     </span>
    </p>
   </div>
   <div class='ocr_carea' id='block_1_44' title="bbox 208 4006 1783 4077">
    <p class='ocr_par' dir='ltr' id='par_1_44' title="bbox 208 4006 1783 4077">
     <span class='ocr_line' id='line_1_44' title="bbox 208 4006 1783 4077; baseline -0.001 -18"><span class='ocrx_word' id='word_1_313' title='bbox 208 4009 368 4069; x_wconf 73' lang='grc' dir='ltr'>ϐανος</span> <span class='ocrx_word' id='word_1_314' title='bbox 418 4010 512 4059; x_wconf 72' lang='grc' dir='ltr'><strong>καὶ</strong></span> <span class='ocrx_word' id='word_1_315' title='bbox 548 4009 580 4077; x_wconf 87' lang='grc' dir='ltr'><strong>ή</strong></span> <span class='ocrx_word' id='word_1_316' title='bbox 627 4006 792 4060; x_wconf 86' lang='grc' dir='ltr'>πάλαι</span> <span class='ocrx_word' id='word_1_317' title='bbox 837 4006 1058 4077; x_wconf 81' lang='grc' dir='ltr'>ἕρημος,</span> <span class='ocrx_word' id='word_1_318' title='bbox 1090 4007 1181 4058; x_wconf 72' lang='grc' dir='ltr'><strong>ἐπὶ</strong></span> <span class='ocrx_word' id='word_1_319' title='bbox 1226 4006 1287 4057; x_wconf 87' lang='grc' dir='ltr'>τὸ</span> <span class='ocrx_word' id='word_1_320' title='bbox 1336 4010 1575 4076; x_wconf 87' lang='grc' dir='ltr'>κρεῖττον</span> <span class='ocrx_word' id='word_1_321' title='bbox 1620 4025 1783 4076; x_wconf 85' lang='grc' dir='ltr'>μετα-</span> 
     </span>
    </p>
   </div>
   <div class='ocr_carea' id='block_1_45' title="bbox 208 4095 1784 4168">
    <p class='ocr_par' dir='ltr' id='par_1_45' title="bbox 208 4095 1784 4168">
     <span class='ocr_line' id='line_1_45' title="bbox 208 4095 1784 4168; baseline 0 -18"><span class='ocrx_word' id='word_1_322' title='bbox 208 4099 478 4160; x_wconf 69' lang='grc' dir='ltr'>ϐαλοῦσα,</span> <span class='ocrx_word' id='word_1_323' title='bbox 519 4100 706 4166; x_wconf 84' lang='grc' dir='ltr'>γέγονε</span> <span class='ocrx_word' id='word_1_324' title='bbox 757 4099 915 4168; x_wconf 70' lang='grc' dir='ltr'>μερὶς</span> <span class='ocrx_word' id='word_1_325' title='bbox 973 4097 1067 4150; x_wconf 89' lang='grc' dir='ltr'><strong>τοῦ</strong></span> <span class='ocrx_word' id='word_1_326' title='bbox 1120 4097 1289 4150; x_wconf 85' lang='grc' dir='ltr'>Θεοῦ·</span> <span class='ocrx_word' id='word_1_327' title='bbox 1333 4100 1408 4162; x_wconf 85' lang='grc' dir='ltr'><strong>ὡς</strong></span> <span class='ocrx_word' id='word_1_328' title='bbox 1446 4095 1510 4151; x_wconf 77' lang='grc' dir='ltr'>αὖ</span> <span class='ocrx_word' id='word_1_329' title='bbox 1559 4100 1721 4151; x_wconf 84' lang='grc' dir='ltr'>πάλιν</span> <span class='ocrx_word' id='word_1_330' title='bbox 1757 4101 1784 4150; x_wconf 88' lang='lat'><strong>6</strong></span> 
     </span>
    </p>
   </div>
   <div class='ocr_carea' id='block_1_46' title="bbox 209 4189 1782 4260">
    <p class='ocr_par' dir='ltr' id='par_1_46' title="bbox 209 4189 1782 4260">
     <span class='ocr_line' id='line_1_46' title="bbox 209 4189 1782 4260; baseline 0 -20"><span class='ocrx_word' id='word_1_331' title='bbox 209 4189 507 4259; x_wconf 71' lang='grc' dir='ltr'>ῐίἁρμηλος</span> <span class='ocrx_word' id='word_1_332' title='bbox 561 4192 641 4249; x_wconf 86' lang='grc' dir='ltr'>εἰς</span> <span class='ocrx_word' id='word_1_333' title='bbox 695 4189 897 4259; x_wconf 86' lang='grc' dir='ltr'>δρυμὸν</span> <span class='ocrx_word' id='word_1_334' title='bbox 951 4189 1221 4258; x_wconf 82' lang='grc' dir='ltr'>ἐλογίσθη.</span> <span class='ocrx_word' id='word_1_335' title='bbox 1273 4189 1487 4260; x_wconf 83' lang='grc' dir='ltr'>Δρυμὸς</span> <span class='ocrx_word' id='word_1_336' title='bbox 1551 4190 1606 4242; x_wconf 77' lang='grc' dir='ltr'>δέ</span> <span class='ocrx_word' id='word_1_337' title='bbox 1667 4192 1782 4241; x_wconf 74' lang='grc' dir='ltr'>ἐστι</span> 
     </span>
    </p>
   </div>
   <div class='ocr_carea' id='block_1_47' title="bbox 207 4280 1782 4352">
    <p class='ocr_par' dir='ltr' id='par_1_47' title="bbox 207 4280 1782 4352">
     <span class='ocr_line' id='line_1_47' title="bbox 207 4280 1782 4352; baseline 0 -20"><span class='ocrx_word' id='word_1_338' title='bbox 207 4280 404 4349; x_wconf 79' lang='grc' dir='ltr'>χωρίον</span> <span class='ocrx_word' id='word_1_339' title='bbox 437 4280 621 4349; x_wconf 81' lang='grc' dir='ltr'>φυτῶν</span> <span class='ocrx_word' id='word_1_340' title='bbox 686 4282 892 4351; x_wconf 87' lang='grc' dir='ltr'>ἀγρίων</span> <span class='ocrx_word' id='word_1_341' title='bbox 939 4281 1031 4334; x_wconf 73' lang='grc' dir='ltr'><strong>καὶ</strong></span> <span class='ocrx_word' id='word_1_342' title='bbox 1091 4281 1356 4352; x_wconf 81' lang='grc' dir='ltr'>ἀκάρπων</span> <span class='ocrx_word' id='word_1_343' title='bbox 1417 4281 1652 4351; x_wconf 75' lang='grc' dir='ltr'>πλῆρες·</span> <span class='ocrx_word' id='word_1_344' title='bbox 1702 4282 1782 4334; x_wconf 81' lang='grc' dir='ltr'>διὸ</span> 
     </span>
    </p>
   </div>
   <div class='ocr_carea' id='block_1_48' title="bbox 211 4371 1781 4443">
    <p class='ocr_par' dir='ltr' id='par_1_48' title="bbox 211 4371 1781 4443">
     <span class='ocr_line' id='line_1_48' title="bbox 211 4371 1781 4443; baseline 0 -19"><span class='ocrx_word' id='word_1_345' title='bbox 211 4373 436 4442; x_wconf 75' lang='grc' dir='ltr'>σύνηθες</span> <span class='ocrx_word' id='word_1_346' title='bbox 482 4374 548 4442; x_wconf 82' lang='grc' dir='ltr'>τῇ</span> <span class='ocrx_word' id='word_1_347' title='bbox 584 4371 702 4443; x_wconf 83' lang='grc' dir='ltr'>Θείᾳ</span> <span class='ocrx_word' id='word_1_348' title='bbox 745 4374 932 4443; x_wconf 74' lang='grc' dir='ltr'>Γραφῇ</span> <span class='ocrx_word' id='word_1_349' title='bbox 978 4373 1046 4424; x_wconf 87' lang='grc' dir='ltr'><strong>τά</strong></span> <span class='ocrx_word' id='word_1_350' title='bbox 1092 4373 1218 4443; x_wconf 77' lang='grc' dir='ltr'>ἔθνη</span> <span class='ocrx_word' id='word_1_351' title='bbox 1267 4374 1336 4425; x_wconf 78' lang='grc' dir='ltr'>τὰ</span> <span class='ocrx_word' id='word_1_352' title='bbox 1380 4371 1469 4426; x_wconf 81' lang='grc' dir='ltr'>τὸν</span> <span class='ocrx_word' id='word_1_353' title='bbox 1505 4373 1634 4424; x_wconf 75' lang='grc' dir='ltr'>Θεὸν</span> <span class='ocrx_word' id='word_1_354' title='bbox 1682 4374 1781 4424; x_wconf 81' lang='grc' dir='ltr'><strong>οὐκ</strong></span> 
     </span>
    </p>
   </div>
   <div class='ocr_carea' id='block_1_49' title="bbox 209 4463 1777 4535">
    <p class='ocr_par' dir='ltr' id='par_1_49' title="bbox 209 4463 1777 4535">
     <span class='ocr_line' id='line_1_49' title="bbox 209 4463 1777 4535; baseline 0.001 -18"><span class='ocrx_word' id='word_1_355' title='bbox 209 4465 412 4528; x_wconf 79' lang='grc' dir='ltr'>εἰδότα,</span> <span class='ocrx_word' id='word_1_356' title='bbox 459 4464 664 4535; x_wconf 80' lang='grc' dir='ltr'>δρυμὸν</span> <span class='ocrx_word' id='word_1_357' title='bbox 691 4463 1011 4534; x_wconf 74' lang='grc' dir='ltr'>ὀνομάζειν,</span> <span class='ocrx_word' id='word_1_358' title='bbox 1057 4466 1132 4527; x_wconf 83' lang='grc' dir='ltr'>ὼς</span> <span class='ocrx_word' id='word_1_359' title='bbox 1183 4464 1442 4526; x_wconf 82' lang='grc' dir='ltr'>πολλάκις</span> <span class='ocrx_word' id='word_1_360' title='bbox 1494 4464 1777 4531; x_wconf 80' lang='grc' dir='ltr'>ἀπεδείξα-</span> 
     </span>
    </p>
   </div>
   <div class='ocr_carea' id='block_1_50' title="bbox 211 4572 325 4624">
    <p class='ocr_par' dir='ltr' id='par_1_50' title="bbox 211 4572 325 4624">
     <span class='ocr_line' id='line_1_50' title="bbox 211 4572 325 4624; baseline -0.018 -17"><span class='ocrx_word' id='word_1_361' title='bbox 211 4572 325 4624; x_wconf 81' lang='grc' dir='ltr'>μεν.</span> 
     </span>
    </p>
   </div>
   <div class='ocr_carea' id='block_1_51' title="bbox 278 4641 1780 4716">
    <p class='ocr_par' dir='ltr' id='par_1_51' title="bbox 278 4641 1780 4716">
     <span class='ocr_line' id='line_1_51' title="bbox 278 4641 1780 4716; baseline 0.002 -23"><span class='ocrx_word' id='word_1_362' title='bbox 278 4661 297 4693; x_wconf 80' lang='grc' dir='ltr'><strong>ι</strong></span> <span class='ocrx_word' id='word_1_363' title='bbox 337 4643 446 4696; x_wconf 71' lang='grc' dir='ltr'>Καὶ</span> <span class='ocrx_word' id='word_1_364' title='bbox 509 4642 661 4694; x_wconf 84' lang='grc' dir='ltr'>ἕσται</span> <span class='ocrx_word' id='word_1_365' title='bbox 707 4642 776 4694; x_wconf 86' lang='grc' dir='ltr'><strong>τά</strong></span> <span class='ocrx_word' id='word_1_366' title='bbox 821 4641 956 4714; x_wconf 76' lang='grc' dir='ltr'>ἔργα</span> <span class='ocrx_word' id='word_1_367' title='bbox 1002 4643 1099 4712; x_wconf 84' lang='grc' dir='ltr'>τῆς</span> <span class='ocrx_word' id='word_1_368' title='bbox 1146 4641 1488 4713; x_wconf 75' lang='grc' dir='ltr'>δικαιοσύνης</span> <span class='ocrx_word' id='word_1_369' title='bbox 1554 4646 1780 4716; x_wconf 78' lang='grc' dir='ltr'>εἰρήνη,</span> 
     </span>
    </p>
   </div>
   <div class='ocr_carea' id='block_1_52' title="bbox 205 4734 1780 4804">
    <p class='ocr_par' dir='ltr' id='par_1_52' title="bbox 205 4734 1780 4804">
     <span class='ocr_line' id='line_1_52' title="bbox 205 4734 1780 4804; baseline 0.001 -18"><span class='ocrx_word' id='word_1_370' title='bbox 205 4735 296 4787; x_wconf 77' lang='grc' dir='ltr'>καὶ</span> <span class='ocrx_word' id='word_1_371' title='bbox 344 4736 610 4804; x_wconf 82' lang='grc' dir='ltr'>κρατήσει</span> <span class='ocrx_word' id='word_1_372' title='bbox 652 4734 1025 4804; x_wconf 81' lang='grc' dir='ltr'>ἡδικαιοσύνη</span> <span class='ocrx_word' id='word_1_373' title='bbox 1068 4735 1395 4795; x_wconf 86' lang='grc' dir='ltr'>ἀνάπαυσιν,</span> <span class='ocrx_word' id='word_1_374' title='bbox 1443 4736 1535 4787; x_wconf 79' lang='grc' dir='ltr'><strong>καὶ</strong></span> <span class='ocrx_word' id='word_1_375' title='bbox 1587 4753 1780 4788; x_wconf 86' lang='grc' dir='ltr'>πεποι-</span> 
     </span>
    </p>
   </div>
   <div class='ocr_carea' id='block_1_53' title="bbox 205 4825 1780 4895">
    <p class='ocr_par' dir='ltr' id='par_1_53' title="bbox 205 4825 1780 4895">
     <span class='ocr_line' id='line_1_53' title="bbox 205 4825 1780 4895; baseline 0.003 -18"><span class='ocrx_word' id='word_1_376' title='bbox 205 4826 352 4888; x_wconf 87' lang='grc' dir='ltr'>θότες</span> <span class='ocrx_word' id='word_1_377' title='bbox 386 4827 489 4888; x_wconf 75' lang='grc' dir='ltr'>ἓως</span> <span class='ocrx_word' id='word_1_378' title='bbox 516 4826 610 4877; x_wconf 86' lang='grc' dir='ltr'><strong>τοῦ</strong></span> <span class='ocrx_word' id='word_1_379' title='bbox 647 4825 862 4889; x_wconf 79' lang='grc' dir='ltr'>αἰῶνος.</span> <span class='ocrx_word' id='word_1_380' title='bbox 898 4827 1007 4879; x_wconf 53' lang='grc' dir='ltr'><strong>Καὶ⁸</strong></span> <span class='ocrx_word' id='word_1_381' title='bbox 1037 4828 1352 4895; x_wconf 85' lang='grc' dir='ltr'>κατοικήσει</span> <span class='ocrx_word' id='word_1_382' title='bbox 1385 4829 1412 4877; x_wconf 90' lang='lat'><strong>6</strong></span> <span class='ocrx_word' id='word_1_383' title='bbox 1453 4827 1577 4891; x_wconf 77' lang='grc' dir='ltr'>λαὸς</span> <span class='ocrx_word' id='word_1_384' title='bbox 1619 4830 1780 4882; x_wconf 80' lang='grc' dir='ltr'>αὐτοῦ</span> 
     </span>
    </p>
   </div>
   <div class='ocr_carea' id='block_1_54' title="bbox 207 4918 1779 4987">
    <p class='ocr_par' dir='ltr' id='par_1_54' title="bbox 207 4918 1779 4987">
     <span class='ocr_line' id='line_1_54' title="bbox 207 4918 1779 4987; baseline 0.003 -17"><span class='ocrx_word' id='word_1_385' title='bbox 207 4921 260 4969; x_wconf 85' lang='grc' dir='ltr'><strong>ἐν</strong></span> <span class='ocrx_word' id='word_1_386' title='bbox 291 4918 442 4970; x_wconf 81' lang='grc' dir='ltr'>πόλει</span> <span class='ocrx_word' id='word_1_387' title='bbox 477 4919 718 4987; x_wconf 75' lang='grc' dir='ltr'>εἰρήνης,</span> <span class='ocrx_word' id='word_1_388' title='bbox 758 4919 848 4970; x_wconf 75' lang='grc' dir='ltr'><strong>καὶ</strong></span> <span class='ocrx_word' id='word_1_389' title='bbox 879 4920 1143 4987; x_wconf 82' lang='grc' dir='ltr'>ἐνοικήσει</span> <span class='ocrx_word' id='word_1_390' title='bbox 1179 4918 1473 4983; x_wconf 80' lang='grc' dir='ltr'>πεποιθὼς,</span> <span class='ocrx_word' id='word_1_391' title='bbox 1511 4924 1603 4973; x_wconf 72' lang='grc' dir='ltr'><strong>καὶ</strong></span> <span class='ocrx_word' id='word_1_392' title='bbox 1650 4923 1779 4975; x_wconf 86' lang='grc' dir='ltr'>ἀνα-</span> 
     </span>
    </p>
   </div>
   <div class='ocr_carea' id='block_1_55' title="bbox 208 5008 1780 5082">
    <p class='ocr_par' dir='ltr' id='par_1_55' title="bbox 208 5008 1780 5082">
     <span class='ocr_line' id='line_1_55' title="bbox 208 5008 1780 5082; baseline 0.002 -22"><span class='ocrx_word' id='word_1_393' title='bbox 208 5012 505 5062; x_wconf 71' lang='grc' dir='ltr'>παύσονται</span> <span class='ocrx_word' id='word_1_394' title='bbox 551 5008 686 5077; x_wconf 79' lang='grc' dir='ltr'><strong>μετά</strong></span> <span class='ocrx_word' id='word_1_395' title='bbox 727 5008 975 5059; x_wconf 78' lang='grc' dir='ltr'>πλούτου.</span> <span class='ocrx_word' id='word_1_396' title='bbox 1005 5028 1021 5058; x_wconf 73' lang='grc' dir='ltr'><strong>ι</strong></span> <span class='ocrx_word' id='word_1_397' title='bbox 1081 5009 1223 5059; x_wconf 73' lang='grc' dir='ltr'>’Λντὶ</span> <span class='ocrx_word' id='word_1_398' title='bbox 1250 5010 1357 5078; x_wconf 79' lang='grc' dir='ltr'>γὰρ</span> <span class='ocrx_word' id='word_1_399' title='bbox 1400 5010 1497 5077; x_wconf 78' lang='grc' dir='ltr'>τῆς</span> <span class='ocrx_word' id='word_1_400' title='bbox 1528 5010 1780 5082; x_wconf 88' lang='grc' dir='ltr'>καθαιρε-</span> 
     </span>
    </p>
   </div>
   <div class='ocr_carea' id='block_1_56' title="bbox 208 5099 1775 5172">
    <p class='ocr_par' dir='ltr' id='par_1_56' title="bbox 208 5099 1775 5172">
     <span class='ocr_line' id='line_1_56' title="bbox 208 5099 1775 5172; baseline 0.002 -21"><span class='ocrx_word' id='word_1_401' title='bbox 208 5101 387 5170; x_wconf 82' lang='grc' dir='ltr'>θείσης</span> <span class='ocrx_word' id='word_1_402' title='bbox 421 5101 626 5161; x_wconf 83' lang='grc' dir='ltr'>πόλεως</span> <span class='ocrx_word' id='word_1_403' title='bbox 659 5099 759 5168; x_wconf 82' lang='grc' dir='ltr'>τῆς</span> <span class='ocrx_word' id='word_1_404' title='bbox 793 5100 1030 5169; x_wconf 81' lang='grc' dir='ltr'>μεγάλης</span> <span class='ocrx_word' id='word_1_405' title='bbox 1066 5101 1277 5168; x_wconf 87' lang='grc' dir='ltr'>ἐκείνης</span> <span class='ocrx_word' id='word_1_406' title='bbox 1320 5103 1411 5152; x_wconf 70' lang='grc' dir='ltr'><strong>καὶ</strong></span> <span class='ocrx_word' id='word_1_407' title='bbox 1445 5102 1775 5172; x_wconf 81' lang='grc' dir='ltr'>γαυριὼσης,</span> 
     </span>
    </p>
   </div>
   <div class='ocr_carea' id='block_1_57' title="bbox 203 5191 1779 5263">
    <p class='ocr_par' dir='ltr' id='par_1_57' title="bbox 203 5191 1779 5263">
     <span class='ocr_line' id='line_1_57' title="bbox 203 5191 1779 5263; baseline 0.001 -19"><span class='ocrx_word' id='word_1_408' title='bbox 203 5196 390 5262; x_wconf 79' lang='grc' dir='ltr'>ἑτέραν</span> <span class='ocrx_word' id='word_1_409' title='bbox 432 5192 511 5261; x_wconf 75' lang='grc' dir='ltr'><strong>τῷ</strong></span> <span class='ocrx_word' id='word_1_410' title='bbox 553 5191 672 5260; x_wconf 82' lang='grc' dir='ltr'><strong>Θεῷ</strong></span> <span class='ocrx_word' id='word_1_411' title='bbox 721 5191 1084 5259; x_wconf 75' lang='grc' dir='ltr'>συστήσεσθαι</span> <span class='ocrx_word' id='word_1_412' title='bbox 1120 5192 1294 5252; x_wconf 82' lang='grc' dir='ltr'>πόλιν,</span> <span class='ocrx_word' id='word_1_413' title='bbox 1327 5193 1424 5262; x_wconf 77' lang='grc' dir='ltr'>τὴν</span> <span class='ocrx_word' id='word_1_414' title='bbox 1467 5193 1574 5243; x_wconf 70' lang='grc' dir='ltr'><strong>ἀπὸ</strong></span> <span class='ocrx_word' id='word_1_415' title='bbox 1610 5196 1779 5263; x_wconf 76' lang='grc' dir='ltr'>περά-</span> 
     </span>
    </p>
   </div>
   <div class='ocr_carea' id='block_1_58' title="bbox 201 5283 1776 5354">
    <p class='ocr_par' dir='ltr' id='par_1_58' title="bbox 201 5283 1776 5354">
     <span class='ocr_line' id='line_1_58' title="bbox 201 5283 1776 5354; baseline 0.001 -17"><span class='ocrx_word' id='word_1_416' title='bbox 201 5304 302 5338; x_wconf 89' lang='grc' dir='ltr'><strong>των</strong></span> <span class='ocrx_word' id='word_1_417' title='bbox 335 5288 440 5347; x_wconf 81' lang='grc' dir='ltr'><strong>ἐως</strong></span> <span class='ocrx_word' id='word_1_418' title='bbox 484 5286 735 5354; x_wconf 85' lang='grc' dir='ltr'>περάτων</span> <span class='ocrx_word' id='word_1_419' title='bbox 772 5283 1058 5352; x_wconf 83' lang='grc' dir='ltr'>καθολικὴν</span> <span class='ocrx_word' id='word_1_420' title='bbox 1102 5284 1443 5353; x_wconf 86' lang='grc' dir='ltr'>Ἐκκλησίαν,</span> <span class='ocrx_word' id='word_1_421' title='bbox 1477 5286 1568 5337; x_wconf 82' lang='grc' dir='ltr'><strong>καὶ</strong></span> <span class='ocrx_word' id='word_1_422' title='bbox 1613 5285 1674 5336; x_wconf 87' lang='grc' dir='ltr'><strong>τὸ</strong></span> <span class='ocrx_word' id='word_1_423' title='bbox 1720 5289 1776 5338; x_wconf 90' lang='grc' dir='ltr'><strong>ἐν</strong></span> 
     </span>
    </p>
   </div>
   <div class='ocr_carea' id='block_1_59' title="bbox 203 5378 1775 5449">
    <p class='ocr_par' dir='ltr' id='par_1_59' title="bbox 203 5378 1775 5449">
     <span class='ocr_line' id='line_1_59' title="bbox 203 5378 1775 5449; baseline 0 -19"><span class='ocrx_word' id='word_1_424' title='bbox 203 5381 332 5449; x_wconf 72' lang='grc' dir='ltr'>αὐτῇ</span> <span class='ocrx_word' id='word_1_425' title='bbox 390 5380 725 5449; x_wconf 81' lang='grc' dir='ltr'>πολίτευμα,</span> <span class='ocrx_word' id='word_1_426' title='bbox 779 5378 1043 5442; x_wconf 78' lang='grc' dir='ltr'>θεσπίζει.</span> <span class='ocrx_word' id='word_1_427' title='bbox 1098 5379 1322 5430; x_wconf 76' lang='grc' dir='ltr'>Βέϐαιον</span> <span class='ocrx_word' id='word_1_428' title='bbox 1370 5381 1477 5448; x_wconf 73' lang='grc' dir='ltr'>γὰρ</span> <span class='ocrx_word' id='word_1_429' title='bbox 1531 5381 1640 5429; x_wconf 83' lang='grc' dir='ltr'>τῶν</span> <span class='ocrx_word' id='word_1_430' title='bbox 1695 5383 1775 5442; x_wconf 80' lang='grc' dir='ltr'>εἰς</span> 
     </span>
    </p>
   </div>
   <div class='ocr_carea' id='block_1_60' title="bbox 202 5472 1772 5544">
    <p class='ocr_par' dir='ltr' id='par_1_60' title="bbox 202 5472 1772 5544">
     <span class='ocr_line' id='line_1_60' title="bbox 202 5472 1772 5544; baseline 0 -20"><span class='ocrx_word' id='word_1_431' title='bbox 202 5475 326 5528; x_wconf 60' lang='grc' dir='ltr'>(θεὸν</span> <span class='ocrx_word' id='word_1_432' title='bbox 356 5473 798 5525; x_wconf 84' lang='grc' dir='ltr'>πεπιστευκότων</span> <span class='ocrx_word' id='word_1_433' title='bbox 825 5472 886 5523; x_wconf 81' lang='grc' dir='ltr'><strong>τὸ</strong></span> <span class='ocrx_word' id='word_1_434' title='bbox 919 5473 1190 5542; x_wconf 75' lang='grc' dir='ltr'>φρόνημα.</span> <span class='ocrx_word' id='word_1_435' title='bbox 1228 5473 1388 5524; x_wconf 81' lang='grc' dir='ltr'>Πόλιν</span> <span class='ocrx_word' id='word_1_436' title='bbox 1423 5473 1642 5542; x_wconf 80' lang='grc' dir='ltr'>εἰρήνης</span> <span class='ocrx_word' id='word_1_437' title='bbox 1672 5474 1772 5544; x_wconf 82' lang='grc' dir='ltr'><strong>τὴν</strong></span> 
     </span>
    </p>
   </div>
   <div class='ocr_carea' id='block_1_61' title="bbox 204 5565 1773 5636">
    <p class='ocr_par' dir='ltr' id='par_1_61' title="bbox 204 5565 1773 5636">
     <span class='ocr_line' id='line_1_61' title="bbox 204 5565 1773 5636; baseline -0.002 -17"><span class='ocrx_word' id='word_1_438' title='bbox 204 5568 258 5619; x_wconf 83' lang='grc' dir='ltr'><strong>ἐν</strong></span> <span class='ocrx_word' id='word_1_439' title='bbox 322 5570 436 5629; x_wconf 88' lang='grc' dir='ltr'>τοῖς</span> <span class='ocrx_word' id='word_1_440' title='bbox 497 5567 744 5636; x_wconf 72' lang='grc' dir='ltr'>οὐρανοῖς</span> <span class='ocrx_word' id='word_1_441' title='bbox 796 5565 977 5632; x_wconf 78' lang='grc' dir='ltr'>λέγει·</span> <span class='ocrx_word' id='word_1_442' title='bbox 1031 5587 1047 5615; x_wconf 82' lang='grc' dir='ltr'><strong>ι</strong></span> <span class='ocrx_word' id='word_1_443' title='bbox 1110 5568 1173 5615; x_wconf 82' lang='lat' dir='ltr'><strong>&#39;ll</strong></span> <span class='ocrx_word' id='word_1_444' title='bbox 1230 5565 1338 5634; x_wconf 75' lang='grc' dir='ltr'>γὰρ</span> <span class='ocrx_word' id='word_1_445' title='bbox 1399 5565 1532 5626; x_wconf 84' lang='grc' dir='ltr'>ἄνω,</span> <span class='ocrx_word' id='word_1_446' title='bbox 1612 5568 1773 5634; x_wconf 69' lang='grc' dir='ltr'>φησι,</span> 
     </span>
    </p>
   </div>
   <div class='ocr_carea' id='block_1_62' title="bbox 213 5657 1768 5731">
    <p class='ocr_par' dir='ltr' id='par_1_62' title="bbox 213 5657 1768 5731">
     <span class='ocr_line' id='line_1_62' title="bbox 213 5657 1768 5731; baseline -0.005 -19"><span class='ocrx_word' id='word_1_447' title='bbox 213 5658 565 5731; x_wconf 76' lang='grc' dir='ltr'>Ἰερουσαλὴμ</span> <span class='ocrx_word' id='word_1_448' title='bbox 595 5657 853 5726; x_wconf 82' lang='grc' dir='ltr'>ἐλευθέρα</span> <span class='ocrx_word' id='word_1_449' title='bbox 893 5658 1028 5722; x_wconf 78' lang='grc' dir='ltr'>ἐστὶ,</span> <span class='ocrx_word' id='word_1_450' title='bbox 1076 5659 1258 5729; x_wconf 77' lang='grc' dir='ltr'>μήτηρ</span> <span class='ocrx_word' id='word_1_451' title='bbox 1302 5657 1518 5709; x_wconf 83' lang='grc' dir='ltr'>πάντων</span> <span class='ocrx_word' id='word_1_452' title='bbox 1560 5657 1768 5725; x_wconf 78' lang='grc' dir='ltr'>ήμῶν.»</span> 
     </span>
    </p>
   </div>
   <div class='ocr_carea' id='block_1_63' title="bbox 269 5835 1328 5899">
    <p class='ocr_par' dir='ltr' id='par_1_63' title="bbox 269 5835 1328 5899">
     <span class='ocr_line' id='line_1_63' title="bbox 269 5835 1328 5899; baseline -0.001 -9"><span class='ocrx_word' id='word_1_453' title='bbox 269 5837 312 5869; x_wconf 76' lang='grc'>³³</span> <span class='ocrx_word' id='word_1_454' title='bbox 339 5837 494 5893; x_wconf 77' lang='lat' dir='ltr'><strong>Joan.</strong></span> <span class='ocrx_word' id='word_1_455' title='bbox 539 5853 624 5899; x_wconf 77' lang='lat' dir='ltr'><strong>xv,</strong></span> <span class='ocrx_word' id='word_1_456' title='bbox 654 5837 740 5889; x_wconf 73' lang='lat'><strong>9.6.</strong></span> <span class='ocrx_word' id='word_1_457' title='bbox 821 5837 860 5867; x_wconf 67' lang='lat'><strong>3‘</strong></span> <span class='ocrx_word' id='word_1_458' title='bbox 893 5835 1001 5889; x_wconf 82' lang='lat' dir='ltr'><strong>Luc</strong></span> <span class='ocrx_word' id='word_1_459' title='bbox 1055 5853 1116 5889; x_wconf 66' lang='lat' dir='ltr'><strong>xx</strong></span> <span class='ocrx_word' id='word_1_460' title='bbox 1154 5852 1203 5898; x_wconf 87' lang='lat' dir='ltr'><strong>v,</strong></span> <span class='ocrx_word' id='word_1_461' title='bbox 1244 5835 1328 5889; x_wconf 64' lang='grc'><strong>43).</strong></span> 
     </span>
    </p>
   </div>
   <div class='ocr_carea' id='block_1_64' title="bbox 1407 5833 1821 5895">
    <p class='ocr_par' dir='ltr' id='par_1_64' title="bbox 1407 5833 1821 5895">
     <span class='ocr_line' id='line_1_64' title="bbox 1407 5833 1821 5895; baseline 0 -9"><span class='ocrx_word' id='word_1_462' title='bbox 1407 5837 1450 5866; x_wconf 75' lang='grc'><strong>³⁵</strong></span> <span class='ocrx_word' id='word_1_463' title='bbox 1481 5833 1668 5887; x_wconf 72' lang='lat' dir='ltr'><strong>Matth.</strong></span> <span class='ocrx_word' id='word_1_464' title='bbox 1710 5833 1821 5895; x_wconf 51' lang='grc' dir='ltr'><strong>νβ.</strong></span> 
     </span>
    </p>
   </div>
   <div class='ocr_carea' id='block_1_65' title="bbox 1921 636 3494 711">
    <p class='ocr_par' dir='ltr' id='par_1_65' title="bbox 1921 636 3494 711">
     <span class='ocr_line' id='line_1_65' title="bbox 1921 636 3494 711; baseline -0.003 -19"><span class='ocrx_word' id='word_1_465' title='bbox 1921 642 2104 694; x_wconf 90' lang='lat' dir='ltr'><strong>obrem</strong></span> <span class='ocrx_word' id='word_1_466' title='bbox 2156 641 2348 693; x_wconf 89' lang='lat' dir='ltr'><strong>dicitur</strong></span> <span class='ocrx_word' id='word_1_467' title='bbox 2385 656 2399 692; x_wconf 91' lang='lat'>:</span> <span class='ocrx_word' id='word_1_468' title='bbox 2432 657 2450 688; x_wconf 82' lang='grc' dir='ltr'><strong>ι</strong></span> <span class='ocrx_word' id='word_1_469' title='bbox 2483 636 2693 690; x_wconf 66' lang='lat' dir='ltr'><strong>Laatitia</strong></span> <span class='ocrx_word' id='word_1_470' title='bbox 2751 650 3105 711; x_wconf 13' lang='lat' dir='ltr'><strong>onagror‘um.</strong></span> <span class='ocrx_word' id='word_1_471' title='bbox 3147 651 3345 702; x_wconf 80' lang='lat' dir='ltr'><strong>pascua</strong></span> <span class='ocrx_word' id='word_1_472' title='bbox 3398 653 3494 705; x_wconf 88' lang='lat' dir='ltr'><strong>pa-</strong></span> 
     </span>
    </p>
   </div>
   <div class='ocr_carea' id='block_1_66' title="bbox 1919 729 3498 796">
    <p class='ocr_par' dir='ltr' id='par_1_66' title="bbox 1919 729 3498 796">
     <span class='ocr_line' id='line_1_66' title="bbox 1919 729 3498 796; baseline -0.003 -10"><span class='ocrx_word' id='word_1_473' title='bbox 1919 743 2188 787; x_wconf 65' lang='lat' dir='ltr'><strong>storum.»</strong></span> <span class='ocrx_word' id='word_1_474' title='bbox 2245 731 2365 785; x_wconf 90' lang='lat' dir='ltr'><strong>Ideo</strong></span> <span class='ocrx_word' id='word_1_475' title='bbox 2412 729 2684 796; x_wconf 89' lang='lat' dir='ltr'><strong>planctum</strong></span> <span class='ocrx_word' id='word_1_476' title='bbox 2743 742 2994 796; x_wconf 84' lang='lat' dir='ltr'><strong>magnum</strong></span> <span class='ocrx_word' id='word_1_477' title='bbox 3058 741 3156 782; x_wconf 89' lang='lat' dir='ltr'><strong>vos</strong></span> <span class='ocrx_word' id='word_1_478' title='bbox 3202 729 3365 783; x_wconf 89' lang='lat' dir='ltr'><strong>edere</strong></span> <span class='ocrx_word' id='word_1_479' title='bbox 3406 729 3498 796; x_wconf 83' lang='lat' dir='ltr'><strong>ju-</strong></span> 
     </span>
    </p>
   </div>
   <div class='ocr_carea' id='block_1_67' title="bbox 1919 822 2781 890">
    <p class='ocr_par' dir='ltr' id='par_1_67' title="bbox 1919 822 2781 890">
     <span class='ocr_line' id='line_1_67' title="bbox 1919 822 2781 890; baseline -0.006 -12"><span class='ocrx_word' id='word_1_480' title='bbox 1919 826 2030 889; x_wconf 87' lang='lat' dir='ltr'><strong>bet,</strong></span> <span class='ocrx_word' id='word_1_481' title='bbox 2066 824 2194 878; x_wconf 89' lang='lat' dir='ltr'><strong>etin</strong></span> <span class='ocrx_word' id='word_1_482' title='bbox 2230 822 2374 876; x_wconf 90' lang='lat' dir='ltr'><strong>luctu</strong></span> <span class='ocrx_word' id='word_1_483' title='bbox 2413 831 2781 890; x_wconf 83' lang='lat' dir='ltr'><strong>perseverare.</strong></span> 
     </span>
    </p>
   </div>
   <div class='ocr_carea' id='block_1_68' title="bbox 1986 1087 3488 1155">
    <p class='ocr_par' dir='ltr' id='par_1_68' title="bbox 1986 1087 3488 1155">
     <span class='ocr_line' id='line_1_68' title="bbox 1986 1087 3488 1155; baseline -0.002 -13"><span class='ocrx_word' id='word_1_484' title='bbox 1986 1089 2151 1145; x_wconf 76' lang='lat' dir='ltr'><strong>Vens.</strong></span> <span class='ocrx_word' id='word_1_485' title='bbox 2183 1089 2271 1142; x_wconf 72' lang='grc'><strong>15.</strong></span> <span class='ocrx_word' id='word_1_486' title='bbox 2312 1107 2330 1138; x_wconf 75' lang='grc' dir='ltr'><strong>ι</strong></span> <span class='ocrx_word' id='word_1_487' title='bbox 2351 1089 2530 1142; x_wconf 92' lang='lat' dir='ltr'><strong>Donec</strong></span> <span class='ocrx_word' id='word_1_488' title='bbox 2555 1089 2737 1140; x_wconf 89' lang='lat' dir='ltr'><strong>veniat</strong></span> <span class='ocrx_word' id='word_1_489' title='bbox 2770 1088 2819 1140; x_wconf 93' lang='lat' dir='ltr'><strong>in</strong></span> <span class='ocrx_word' id='word_1_490' title='bbox 2850 1102 2947 1140; x_wconf 85' lang='lat' dir='ltr'><strong>vos</strong></span> <span class='ocrx_word' id='word_1_491' title='bbox 2969 1087 3207 1155; x_wconf 77' lang='lat' dir='ltr'><strong>Spiritus</strong></span> <span class='ocrx_word' id='word_1_492' title='bbox 3232 1101 3294 1140; x_wconf 82' lang='lat' dir='ltr'><strong>ex</strong></span> <span class='ocrx_word' id='word_1_493' title='bbox 3322 1088 3488 1141; x_wconf 64' lang='lat' dir='ltr'><strong>alto.»</strong></span> 
     </span>
    </p>
   </div>
   <div class='ocr_carea' id='block_1_69' title="bbox 1914 1177 3491 1245">
    <p class='ocr_par' dir='ltr' id='par_1_69' title="bbox 1914 1177 3491 1245">
     <span class='ocr_line' id='line_1_69' title="bbox 1914 1177 3491 1245; baseline 0.001 -14"><span class='ocrx_word' id='word_1_494' title='bbox 1914 1178 2003 1231; x_wconf 83' lang='lat' dir='ltr'><strong>ille</strong></span> <span class='ocrx_word' id='word_1_495' title='bbox 2058 1188 2236 1231; x_wconf 88' lang='lat' dir='ltr'><strong>autem</strong></span> <span class='ocrx_word' id='word_1_496' title='bbox 2298 1187 2414 1229; x_wconf 89' lang='lat' dir='ltr'><strong>erat</strong></span> <span class='ocrx_word' id='word_1_497' title='bbox 2469 1178 2537 1231; x_wconf 89' lang='lat' dir='ltr'><strong>de</strong></span> <span class='ocrx_word' id='word_1_498' title='bbox 2596 1192 2703 1245; x_wconf 90' lang='lat' dir='ltr'><strong>quo</strong></span> <span class='ocrx_word' id='word_1_499' title='bbox 2762 1177 3014 1231; x_wconf 90' lang='lat' dir='ltr'><strong>Salvator</strong></span> <span class='ocrx_word' id='word_1_500' title='bbox 3057 1178 3170 1230; x_wconf 71' lang='lat' dir='ltr'><strong>inec</strong></span> <span class='ocrx_word' id='word_1_501' title='bbox 3221 1179 3491 1245; x_wconf 89' lang='lat' dir='ltr'><strong>protulit:</strong></span> 
     </span>
    </p>
   </div>
   <div class='ocr_carea' id='block_1_70' title="bbox 1919 1268 3492 1338">
    <p class='ocr_par' dir='ltr' id='par_1_70' title="bbox 1919 1268 3492 1338">
     <span class='ocr_line' id='line_1_70' title="bbox 1919 1268 3492 1338; baseline 0.002 -19"><span class='ocrx_word' id='word_1_502' title='bbox 1919 1290 1936 1319; x_wconf 86' lang='grc'><strong><em>‹</em></strong></span> <span class='ocrx_word' id='word_1_503' title='bbox 1967 1270 2108 1323; x_wconf 79' lang='lat' dir='ltr'><strong>Ecce</strong></span> <span class='ocrx_word' id='word_1_504' title='bbox 2135 1284 2234 1337; x_wconf 81' lang='lat' dir='ltr'><strong>ego</strong></span> <span class='ocrx_word' id='word_1_505' title='bbox 2265 1272 2422 1329; x_wconf 83' lang='lat' dir='ltr'><strong>vado,</strong></span> <span class='ocrx_word' id='word_1_506' title='bbox 2470 1277 2523 1322; x_wconf 89' lang='lat' dir='ltr'><strong>et</strong></span> <span class='ocrx_word' id='word_1_507' title='bbox 2555 1269 2761 1320; x_wconf 85' lang='lat' dir='ltr'><strong>mittam</strong></span> <span class='ocrx_word' id='word_1_508' title='bbox 2789 1270 2940 1321; x_wconf 84' lang='lat' dir='ltr'><strong>vobis</strong></span> <span class='ocrx_word' id='word_1_509' title='bbox 2974 1268 3334 1330; x_wconf 83' lang='lat' dir='ltr'><strong>Paracletum.</strong></span> <span class='ocrx_word' id='word_1_510' title='bbox 3367 1270 3492 1338; x_wconf 84' lang='lat' dir='ltr'><strong>Spi-</strong></span> 
     </span>
    </p>
   </div>
   <div class='ocr_carea' id='block_1_71' title="bbox 1911 1359 3494 1427">
    <p class='ocr_par' dir='ltr' id='par_1_71' title="bbox 1911 1359 3494 1427">
     <span class='ocr_line' id='line_1_71' title="bbox 1911 1359 3494 1427; baseline 0 -13"><span class='ocrx_word' id='word_1_511' title='bbox 1911 1362 2072 1414; x_wconf 90' lang='lat' dir='ltr'><strong>ritum</strong></span> <span class='ocrx_word' id='word_1_512' title='bbox 2108 1359 2455 1421; x_wconf 74' lang='lat' dir='ltr'><strong>veritatis”;</strong></span> <span class='ocrx_word' id='word_1_513' title='bbox 2491 1379 2508 1408; x_wconf 84' lang='lat'><strong>)</strong></span> <span class='ocrx_word' id='word_1_514' title='bbox 2547 1359 2854 1426; x_wconf 87' lang='lat' dir='ltr'><strong>iterumque</strong></span> <span class='ocrx_word' id='word_1_515' title='bbox 2887 1376 2944 1411; x_wconf 77' lang='grc' dir='ltr'><strong>ει</strong></span> <span class='ocrx_word' id='word_1_516' title='bbox 2977 1359 3157 1411; x_wconf 87' lang='lat' dir='ltr'><strong>Donec</strong></span> <span class='ocrx_word' id='word_1_517' title='bbox 3203 1362 3494 1427; x_wconf 80' lang='lat' dir='ltr'><strong>accipiatis</strong></span> 
     </span>
    </p>
   </div>
   <div class='ocr_carea' id='block_1_72' title="bbox 1909 1454 3489 1523">
    <p class='ocr_par' dir='ltr' id='par_1_72' title="bbox 1909 1454 3489 1523">
     <span class='ocr_line' id='line_1_72' title="bbox 1909 1454 3489 1523; baseline 0 -17"><span class='ocrx_word' id='word_1_518' title='bbox 1909 1457 2161 1508; x_wconf 84' lang='lat' dir='ltr'><strong>virtutem</strong></span> <span class='ocrx_word' id='word_1_519' title='bbox 2218 1469 2284 1507; x_wconf 78' lang='lat' dir='ltr'><strong>ex</strong></span> <span class='ocrx_word' id='word_1_520' title='bbox 2339 1454 2533 1507; x_wconf 68' lang='lat' dir='ltr'><strong>alto“.</strong></span> <span class='ocrx_word' id='word_1_521' title='bbox 2570 1471 2586 1504; x_wconf 76' lang='grc' dir='ltr'><strong>ι</strong></span> <span class='ocrx_word' id='word_1_522' title='bbox 2645 1455 2779 1519; x_wconf 86' lang='lat' dir='ltr'><strong>Quia</strong></span> <span class='ocrx_word' id='word_1_523' title='bbox 2834 1455 2996 1523; x_wconf 81' lang='lat' dir='ltr'><strong>igitur</strong></span> <span class='ocrx_word' id='word_1_524' title='bbox 3053 1473 3070 1504; x_wconf 82' lang='grc' dir='ltr'><strong>ι</strong></span> <span class='ocrx_word' id='word_1_525' title='bbox 3107 1455 3251 1508; x_wconf 82' lang='lat' dir='ltr'><strong>Beati</strong></span> <span class='ocrx_word' id='word_1_526' title='bbox 3285 1456 3373 1523; x_wconf 85' lang='lat' dir='ltr'><strong>qui</strong></span> <span class='ocrx_word' id='word_1_527' title='bbox 3411 1456 3489 1506; x_wconf 88' lang='lat' dir='ltr'><strong>Iu—</strong></span> 
     </span>
    </p>
   </div>
   <div class='ocr_carea' id='block_1_73' title="bbox 1908 1546 3490 1615">
    <p class='ocr_par' dir='ltr' id='par_1_73' title="bbox 1908 1546 3490 1615">
     <span class='ocr_line' id='line_1_73' title="bbox 1908 1546 3490 1615; baseline -0.002 -14"><span class='ocrx_word' id='word_1_528' title='bbox 1908 1559 2055 1615; x_wconf 79' lang='lat' dir='ltr'><strong>gent,</strong></span> <span class='ocrx_word' id='word_1_529' title='bbox 2083 1548 2340 1615; x_wconf 88' lang='lat' dir='ltr'><strong>quoniam</strong></span> <span class='ocrx_word' id='word_1_530' title='bbox 2367 1546 2815 1608; x_wconf 81' lang='lat' dir='ltr'><strong>consolabuntur,</strong></span> <span class='ocrx_word' id='word_1_531' title='bbox 2845 1565 2863 1597; x_wconf 75' lang='grc' dir='ltr'><strong>ι</strong></span> <span class='ocrx_word' id='word_1_532' title='bbox 2897 1556 2970 1608; x_wconf 89' lang='lat' dir='ltr'><strong>et,</strong></span> <span class='ocrx_word' id='word_1_533' title='bbox 3003 1565 3019 1596; x_wconf 85' lang='grc' dir='ltr'><strong>ι</strong></span> <span class='ocrx_word' id='word_1_534' title='bbox 3046 1546 3194 1599; x_wconf 82' lang='lat' dir='ltr'><strong>Beati</strong></span> <span class='ocrx_word' id='word_1_535' title='bbox 3219 1548 3310 1614; x_wconf 85' lang='lat' dir='ltr'><strong>qui</strong></span> <span class='ocrx_word' id='word_1_536' title='bbox 3339 1547 3490 1613; x_wconf 85' lang='lat' dir='ltr'><strong>ﬂent,</strong></span> 
     </span>
    </p>
   </div>
   <div class='ocr_carea' id='block_1_74' title="bbox 1907 1638 3487 1706">
    <p class='ocr_par' dir='ltr' id='par_1_74' title="bbox 1907 1638 3487 1706">
     <span class='ocr_line' id='line_1_74' title="bbox 1907 1638 3487 1706; baseline -0.003 -16"><span class='ocrx_word' id='word_1_537' title='bbox 1907 1640 2162 1706; x_wconf 89' lang='lat' dir='ltr'><strong>quoniam</strong></span> <span class='ocrx_word' id='word_1_538' title='bbox 2214 1638 2560 1701; x_wconf 78' lang='lat' dir='ltr'><strong>ridebunt&quot;;</strong></span> <span class='ocrx_word' id='word_1_539' title='bbox 2597 1638 2764 1705; x_wconf 71' lang='lat' dir='ltr'><strong>ijure</strong></span> <span class='ocrx_word' id='word_1_540' title='bbox 2820 1638 3089 1705; x_wconf 67' lang='lat' dir='ltr'><strong>praedictis</strong></span> <span class='ocrx_word' id='word_1_541' title='bbox 3150 1638 3487 1700; x_wconf 48' lang='lat' dir='ltr'><strong>mulieribus,</strong></span> 
     </span>
    </p>
   </div>
   <div class='ocr_carea' id='block_1_75' title="bbox 1905 1729 3492 1799">
    <p class='ocr_par' dir='ltr' id='par_1_75' title="bbox 1905 1729 3492 1799">
     <span class='ocr_line' id='line_1_75' title="bbox 1905 1729 3492 1799; baseline 0 -17"><span class='ocrx_word' id='word_1_542' title='bbox 1905 1747 2023 1799; x_wconf 74' lang='lat' dir='ltr'><strong>qua:</strong></span> <span class='ocrx_word' id='word_1_543' title='bbox 2050 1730 2197 1792; x_wconf 84' lang='lat' dir='ltr'><strong>ﬂetu,</strong></span> <span class='ocrx_word' id='word_1_544' title='bbox 2235 1730 2491 1799; x_wconf 79' lang='lat' dir='ltr'><strong>larrymis</strong></span> <span class='ocrx_word' id='word_1_545' title='bbox 2551 1731 2854 1796; x_wconf 86' lang='lat' dir='ltr'><strong>et.planctu</strong></span> <span class='ocrx_word' id='word_1_546' title='bbox 2893 1729 3268 1797; x_wconf 74' lang='lat' dir='ltr'><strong>pmnitentiam</strong></span> <span class='ocrx_word' id='word_1_547' title='bbox 3299 1730 3492 1797; x_wconf 66' lang='lat' dir='ltr'><strong>praefe-</strong></span> 
     </span>
    </p>
   </div>
   <div class='ocr_carea' id='block_1_76' title="bbox 1905 1820 3491 1888">
    <p class='ocr_par' dir='ltr' id='par_1_76' title="bbox 1905 1820 3491 1888">
     <span class='ocr_line' id='line_1_76' title="bbox 1905 1820 3491 1888; baseline -0.001 -14"><span class='ocrx_word' id='word_1_548' title='bbox 1905 1823 2117 1884; x_wconf 87' lang='lat' dir='ltr'><strong>rebant,</strong></span> <span class='ocrx_word' id='word_1_549' title='bbox 2147 1820 2560 1888; x_wconf 86' lang='lat' dir='ltr'><strong>promissionem</strong></span> <span class='ocrx_word' id='word_1_550' title='bbox 2611 1820 2824 1874; x_wconf 80' lang='lat' dir='ltr'><strong>coaiert</strong></span> <span class='ocrx_word' id='word_1_551' title='bbox 2865 1820 3059 1874; x_wconf 81' lang='lat' dir='ltr'><strong>bonam</strong></span> <span class='ocrx_word' id='word_1_552' title='bbox 3091 1835 3186 1887; x_wconf 86' lang='lat' dir='ltr'><strong>per</strong></span> <span class='ocrx_word' id='word_1_553' title='bbox 3225 1820 3491 1888; x_wconf 80' lang='lat' dir='ltr'><strong>Spiritum</strong></span> 
     </span>
    </p>
   </div>
   <div class='ocr_carea' id='block_1_77' title="bbox 1831 1898 2257 1964">
    <p class='ocr_par' dir='ltr' id='par_1_77' title="bbox 1831 1898 2257 1964">
     <span class='ocr_line' id='line_1_77' title="bbox 1831 1898 2257 1964; baseline 0 0"><span class='ocrx_word' id='word_1_554' title='bbox 1831 1898 1874 1953; x_wconf 76' lang='grc' dir='ltr'>Β</span> <span class='ocrx_word' id='word_1_555' title='bbox 1905 1911 2257 1964; x_wconf 69' lang='lat' dir='ltr'><strong>aiferendam.</strong></span> 
     </span>
    </p>
   </div>
   <div class='ocr_carea' id='block_1_78' title="bbox 1976 1999 3485 2065">
    <p class='ocr_par' dir='ltr' id='par_1_78' title="bbox 1976 1999 3485 2065">
     <span class='ocr_line' id='line_1_78' title="bbox 1976 1999 3485 2065; baseline -0.002 -10"><span class='ocrx_word' id='word_1_556' title='bbox 1976 2002 2140 2057; x_wconf 72' lang='lat' dir='ltr'><strong>Vens.</strong></span> <span class='ocrx_word' id='word_1_557' title='bbox 2175 2003 2262 2055; x_wconf 78' lang='grc'><strong>16.</strong></span> <span class='ocrx_word' id='word_1_558' title='bbox 2308 2019 2326 2052; x_wconf 82' lang='grc' dir='ltr'><strong>ι</strong></span> <span class='ocrx_word' id='word_1_559' title='bbox 2359 2001 2427 2054; x_wconf 84' lang='lat' dir='ltr'><strong>Et.</strong></span> <span class='ocrx_word' id='word_1_560' title='bbox 2459 2002 2565 2054; x_wconf 90' lang='lat' dir='ltr'><strong>erit</strong></span> <span class='ocrx_word' id='word_1_561' title='bbox 2607 2001 2883 2055; x_wconf 88' lang='lat' dir='ltr'><strong>desertum</strong></span> <span class='ocrx_word' id='word_1_562' title='bbox 2913 1999 3188 2065; x_wconf 87' lang='lat' dir='ltr'><strong>Chermel,</strong></span> <span class='ocrx_word' id='word_1_563' title='bbox 3231 2012 3284 2054; x_wconf 93' lang='lat' dir='ltr'><strong>et</strong></span> <span class='ocrx_word' id='word_1_564' title='bbox 3313 1999 3485 2054; x_wconf 88' lang='lat' dir='ltr'><strong>Cher-</strong></span> 
     </span>
    </p>
   </div>
   <div class='ocr_carea' id='block_1_79' title="bbox 1905 2093 3479 2161">
    <p class='ocr_par' dir='ltr' id='par_1_79' title="bbox 1905 2093 3479 2161">
     <span class='ocr_line' id='line_1_79' title="bbox 1905 2093 3479 2161; baseline -0.001 -14"><span class='ocrx_word' id='word_1_565' title='bbox 1905 2095 2009 2149; x_wconf 89' lang='lat' dir='ltr'><strong>mel</strong></span> <span class='ocrx_word' id='word_1_566' title='bbox 2060 2096 2110 2148; x_wconf 91' lang='lat' dir='ltr'><strong>in</strong></span> <span class='ocrx_word' id='word_1_567' title='bbox 2165 2094 2363 2147; x_wconf 89' lang='lat' dir='ltr'><strong>saltum</strong></span> <span class='ocrx_word' id='word_1_568' title='bbox 2419 2093 2805 2160; x_wconf 87' lang='lat' dir='ltr'><strong>reputabitur:</strong></span> <span class='ocrx_word' id='word_1_569' title='bbox 2839 2103 2892 2148; x_wconf 92' lang='lat' dir='ltr'><strong>et</strong></span> <span class='ocrx_word' id='word_1_570' title='bbox 2950 2094 3259 2161; x_wconf 84' lang='lat' dir='ltr'><strong>requiescet</strong></span> <span class='ocrx_word' id='word_1_571' title='bbox 3293 2094 3344 2145; x_wconf 84' lang='lat' dir='ltr'><strong>in</strong></span> <span class='ocrx_word' id='word_1_572' title='bbox 3383 2096 3479 2146; x_wconf 80' lang='lat' dir='ltr'><strong>cle-</strong></span> 
     </span>
    </p>
   </div>
   <div class='ocr_carea' id='block_1_80' title="bbox 1903 2185 3481 2255">
    <p class='ocr_par' dir='ltr' id='par_1_80' title="bbox 1903 2185 3481 2255">
     <span class='ocr_line' id='line_1_80' title="bbox 1903 2185 3481 2255; baseline -0.002 -16"><span class='ocrx_word' id='word_1_573' title='bbox 1903 2196 2051 2240; x_wconf 88' lang='lat' dir='ltr'><strong>serto</strong></span> <span class='ocrx_word' id='word_1_574' title='bbox 2085 2187 2368 2255; x_wconf 78' lang='lat' dir='ltr'><strong>judicium,</strong></span> <span class='ocrx_word' id='word_1_575' title='bbox 2400 2196 2452 2238; x_wconf 91' lang='lat' dir='ltr'><strong>et</strong></span> <span class='ocrx_word' id='word_1_576' title='bbox 2478 2186 2694 2251; x_wconf 72' lang='lat' dir='ltr'><strong>iustitia</strong></span> <span class='ocrx_word' id='word_1_577' title='bbox 2743 2186 2796 2238; x_wconf 90' lang='lat' dir='ltr'><strong>in</strong></span> <span class='ocrx_word' id='word_1_578' title='bbox 2845 2186 3095 2240; x_wconf 77' lang='lat' dir='ltr'><strong>Carmelo</strong></span> <span class='ocrx_word' id='word_1_579' title='bbox 3147 2185 3434 2239; x_wconf 85' lang='lat' dir='ltr'><strong>habitabit.</strong></span> <span class='ocrx_word' id='word_1_580' title='bbox 3462 2205 3481 2236; x_wconf 75' lang='grc' dir='ltr'><strong>ι</strong></span> 
     </span>
    </p>
   </div>
   <div class='ocr_carea' id='block_1_81' title="bbox 1905 2275 3484 2344">
    <p class='ocr_par' dir='ltr' id='par_1_81' title="bbox 1905 2275 3484 2344">
     <span class='ocr_line' id='line_1_81' title="bbox 1905 2275 3484 2344; baseline -0.003 -11"><span class='ocrx_word' id='word_1_581' title='bbox 1905 2280 2145 2333; x_wconf 88' lang='lat' dir='ltr'><strong>Libanus</strong></span> <span class='ocrx_word' id='word_1_582' title='bbox 2175 2293 2329 2330; x_wconf 83' lang='lat' dir='ltr'><strong>mons</strong></span> <span class='ocrx_word' id='word_1_583' title='bbox 2366 2276 2660 2330; x_wconf 68' lang='lat' dir='ltr'><strong>Phcenicire</strong></span> <span class='ocrx_word' id='word_1_584' title='bbox 2698 2277 3010 2340; x_wconf 84' lang='lat' dir='ltr'><strong>imminens,</strong></span> <span class='ocrx_word' id='word_1_585' title='bbox 3041 2287 3231 2344; x_wconf 80' lang='lat' dir='ltr'><strong>gentes</strong></span> <span class='ocrx_word' id='word_1_586' title='bbox 3275 2275 3484 2344; x_wconf 77' lang='lat' dir='ltr'><strong>signiti-</strong></span> 
     </span>
    </p>
   </div>
   <div class='ocr_carea' id='block_1_82' title="bbox 1903 2365 3489 2434">
    <p class='ocr_par' dir='ltr' id='par_1_82' title="bbox 1903 2365 3489 2434">
     <span class='ocr_line' id='line_1_82' title="bbox 1903 2365 3489 2434; baseline -0.003 -11"><span class='ocrx_word' id='word_1_587' title='bbox 1903 2369 2079 2429; x_wconf 85' lang='lat' dir='ltr'><strong>cabat,</strong></span> <span class='ocrx_word' id='word_1_588' title='bbox 2119 2367 2402 2421; x_wconf 77' lang='lat' dir='ltr'><strong>Carmelus</strong></span> <span class='ocrx_word' id='word_1_589' title='bbox 2450 2378 2631 2420; x_wconf 87' lang='lat' dir='ltr'><strong>autem</strong></span> <span class='ocrx_word' id='word_1_590' title='bbox 2679 2381 2858 2428; x_wconf 86' lang='lat' dir='ltr'><strong>mons,</strong></span> <span class='ocrx_word' id='word_1_591' title='bbox 2899 2367 2991 2434; x_wconf 91' lang='lat' dir='ltr'><strong>qui</strong></span> <span class='ocrx_word' id='word_1_592' title='bbox 3019 2367 3250 2420; x_wconf 85' lang='lat' dir='ltr'><strong>antehac</strong></span> <span class='ocrx_word' id='word_1_593' title='bbox 3278 2365 3489 2418; x_wconf 75' lang='grc' dir='ltr'>,1υύωο-</span> 
     </span>
    </p>
   </div>
   <div class='ocr_carea' id='block_1_83' title="bbox 1904 2456 3480 2525">
    <p class='ocr_par' dir='ltr' id='par_1_83' title="bbox 1904 2456 3480 2525">
     <span class='ocr_line' id='line_1_83' title="bbox 1904 2456 3480 2525; baseline -0.002 -13"><span class='ocrx_word' id='word_1_594' title='bbox 1904 2477 2020 2512; x_wconf 91' lang='lat' dir='ltr'><strong>rum</strong></span> <span class='ocrx_word' id='word_1_595' title='bbox 2052 2470 2192 2519; x_wconf 81' lang='lat' dir='ltr'><strong>erat.</strong></span> <span class='ocrx_word' id='word_1_596' title='bbox 2226 2458 2481 2525; x_wconf 85' lang='lat' dir='ltr'><strong>populum</strong></span> <span class='ocrx_word' id='word_1_597' title='bbox 2511 2473 2579 2511; x_wconf 78' lang='lat' dir='ltr'><strong>ex</strong></span> <span class='ocrx_word' id='word_1_598' title='bbox 2609 2458 3033 2510; x_wconf 83' lang='lat' dir='ltr'><strong>circumcisione</strong></span> <span class='ocrx_word' id='word_1_599' title='bbox 3066 2473 3076 2507; x_wconf 93' lang='lat'>:</span> <span class='ocrx_word' id='word_1_600' title='bbox 3106 2457 3252 2511; x_wconf 90' lang='lat' dir='ltr'><strong>unde</strong></span> <span class='ocrx_word' id='word_1_601' title='bbox 3311 2456 3480 2510; x_wconf 84' lang='lat' dir='ltr'><strong>Cher-</strong></span> 
     </span>
    </p>
   </div>
   <div class='ocr_carea' id='block_1_84' title="bbox 1903 2547 3483 2616">
    <p class='ocr_par' dir='ltr' id='par_1_84' title="bbox 1903 2547 3483 2616">
     <span class='ocr_line' id='line_1_84' title="bbox 1903 2547 3483 2616; baseline -0.003 -13"><span class='ocrx_word' id='word_1_602' title='bbox 1903 2551 2028 2612; x_wconf 84' lang='lat' dir='ltr'><strong>mel,</strong></span> <span class='ocrx_word' id='word_1_603' title='bbox 2059 2551 2171 2602; x_wconf 86' lang='lat' dir='ltr'><strong>sive</strong></span> <span class='ocrx_word' id='word_1_604' title='bbox 2201 2550 2503 2606; x_wconf 82' lang='lat' dir='ltr'><strong>Carmelus,</strong></span> <span class='ocrx_word' id='word_1_605' title='bbox 2535 2549 2602 2600; x_wconf 83' lang='lat' dir='ltr'><strong>ita</strong></span> <span class='ocrx_word' id='word_1_606' title='bbox 2635 2549 2866 2600; x_wconf 83' lang='lat' dir='ltr'><strong>vertitur</strong></span> <span class='ocrx_word' id='word_1_607' title='bbox 2898 2547 3179 2616; x_wconf 80' lang='lat' dir='ltr'><strong>:Cognitio</strong></span> <span class='ocrx_word' id='word_1_608' title='bbox 3209 2550 3483 2600; x_wconf 81' lang='lat' dir='ltr'><strong>circumci-</strong></span> 
     </span>
    </p>
   </div>
   <div class='ocr_carea' id='block_1_85' title="bbox 1900 2639 3478 2708">
    <p class='ocr_par' dir='ltr' id='par_1_85' title="bbox 1900 2639 3478 2708">
     <span class='ocr_line' id='line_1_85' title="bbox 1900 2639 3478 2708; baseline 0.001 -15"><span class='ocrx_word' id='word_1_609' title='bbox 1900 2643 2083 2694; x_wconf 81' lang='lat' dir='ltr'><strong>siom&#39;s.</strong></span> <span class='ocrx_word' id='word_1_610' title='bbox 2129 2640 2391 2692; x_wconf 80' lang='lat' dir='ltr'><strong>Libanum</strong></span> <span class='ocrx_word' id='word_1_611' title='bbox 2426 2654 2575 2708; x_wconf 80' lang='lat' dir='ltr'><strong>ergo,</strong></span> <span class='ocrx_word' id='word_1_612' title='bbox 2610 2639 2865 2692; x_wconf 86' lang='lat' dir='ltr'><strong>videlicet</strong></span> <span class='ocrx_word' id='word_1_613' title='bbox 2899 2641 3260 2708; x_wconf 83' lang='lat' dir='ltr'><strong>alienigenam</strong></span> <span class='ocrx_word' id='word_1_614' title='bbox 3288 2649 3345 2693; x_wconf 89' lang='lat' dir='ltr'><strong>et</strong></span> <span class='ocrx_word' id='word_1_615' title='bbox 3383 2657 3478 2694; x_wconf 75' lang='lat' dir='ltr'><strong>ex-</strong></span> 
     </span>
    </p>
   </div>
   <div class='ocr_carea' id='block_1_86' title="bbox 1901 2730 3482 2799">
    <p class='ocr_par' dir='ltr' id='par_1_86' title="bbox 1901 2730 3482 2799">
     <span class='ocr_line' id='line_1_86' title="bbox 1901 2730 3482 2799; baseline 0.001 -15"><span class='ocrx_word' id='word_1_616' title='bbox 1901 2743 2146 2784; x_wconf 87' lang='lat' dir='ltr'><strong>traneum</strong></span> <span class='ocrx_word' id='word_1_617' title='bbox 2200 2730 2453 2799; x_wconf 87' lang='lat' dir='ltr'><strong>populum</strong></span> <span class='ocrx_word' id='word_1_618' title='bbox 2512 2745 2577 2782; x_wconf 79' lang='lat' dir='ltr'><strong>ex</strong></span> <span class='ocrx_word' id='word_1_619' title='bbox 2629 2731 2881 2797; x_wconf 79' lang='lat' dir='ltr'><strong>gentibus</strong></span> <span class='ocrx_word' id='word_1_620' title='bbox 2930 2747 3277 2796; x_wconf 83' lang='lat' dir='ltr'><strong>conversum,</strong></span> <span class='ocrx_word' id='word_1_621' title='bbox 3320 2734 3482 2786; x_wconf 86' lang='lat' dir='ltr'><strong>talem</strong></span> 
     </span>
    </p>
   </div>
   <div class='ocr_carea' id='block_1_87' title="bbox 1898 2821 3483 2890">
    <p class='ocr_par' dir='ltr' id='par_1_87' title="bbox 1898 2821 3483 2890">
     <span class='ocr_line' id='line_1_87' title="bbox 1898 2821 3483 2890; baseline 0.001 -16"><span class='ocrx_word' id='word_1_622' title='bbox 1898 2823 2134 2875; x_wconf 77' lang='lat' dir='ltr'><strong>futurum</strong></span> <span class='ocrx_word' id='word_1_623' title='bbox 2185 2824 2278 2882; x_wconf 82' lang='lat' dir='ltr'><strong>ait,</strong></span> <span class='ocrx_word' id='word_1_624' title='bbox 2332 2821 2506 2888; x_wconf 88' lang='lat' dir='ltr'><strong>qualis</strong></span> <span class='ocrx_word' id='word_1_625' title='bbox 2543 2831 2660 2874; x_wconf 88' lang='lat' dir='ltr'><strong>erat</strong></span> <span class='ocrx_word' id='word_1_626' title='bbox 2692 2821 2780 2875; x_wconf 90' lang='lat' dir='ltr'><strong>ille</strong></span> <span class='ocrx_word' id='word_1_627' title='bbox 2814 2823 2945 2876; x_wconf 87' lang='lat' dir='ltr'><strong>olim</strong></span> <span class='ocrx_word' id='word_1_628' title='bbox 3004 2823 3231 2890; x_wconf 89' lang='lat' dir='ltr'><strong>populus</strong></span> <span class='ocrx_word' id='word_1_629' title='bbox 3277 2839 3340 2876; x_wconf 80' lang='lat' dir='ltr'><strong>ex</strong></span> <span class='ocrx_word' id='word_1_630' title='bbox 3378 2826 3483 2876; x_wconf 75' lang='lat' dir='ltr'><strong>cir-</strong></span> 
     </span>
    </p>
   </div>
   <div class='ocr_carea' id='block_1_88' title="bbox 1899 2913 3482 2982">
    <p class='ocr_par' dir='ltr' id='par_1_88' title="bbox 1899 2913 3482 2982">
     <span class='ocr_line' id='line_1_88' title="bbox 1899 2913 3482 2982; baseline 0 -15"><span class='ocrx_word' id='word_1_631' title='bbox 1899 2913 2248 2972; x_wconf 86' lang='lat' dir='ltr'><strong>cumcisione,</strong></span> <span class='ocrx_word' id='word_1_632' title='bbox 2282 2914 2419 2979; x_wconf 86' lang='lat' dir='ltr'><strong>apud</strong></span> <span class='ocrx_word' id='word_1_633' title='bbox 2458 2913 2624 2964; x_wconf 90' lang='lat' dir='ltr'><strong>Deum</strong></span> <span class='ocrx_word' id='word_1_634' title='bbox 2654 2913 2973 2976; x_wconf 88' lang='lat' dir='ltr'><strong>honoratus,</strong></span> <span class='ocrx_word' id='word_1_635' title='bbox 3008 2913 3184 2982; x_wconf 88' lang='lat' dir='ltr'><strong>ipsum</strong></span> <span class='ocrx_word' id='word_1_636' title='bbox 3220 2929 3349 2967; x_wconf 71' lang='lat' dir='ltr'><strong>vero</strong></span> <span class='ocrx_word' id='word_1_637' title='bbox 3395 2931 3482 2982; x_wconf 81' lang='lat' dir='ltr'><strong>po-</strong></span> 
     </span>
    </p>
   </div>
   <div class='ocr_carea' id='block_1_89' title="bbox 1898 3004 3481 3073">
    <p class='ocr_par' dir='ltr' id='par_1_89' title="bbox 1898 3004 3481 3073">
     <span class='ocr_line' id='line_1_89' title="bbox 1898 3004 3481 3073; baseline 0.002 -17"><span class='ocrx_word' id='word_1_638' title='bbox 1898 3006 2078 3073; x_wconf 86' lang='lat' dir='ltr'><strong>pulum</strong></span> <span class='ocrx_word' id='word_1_639' title='bbox 2109 3019 2172 3056; x_wconf 72' lang='lat' dir='ltr'><strong>ex</strong></span> <span class='ocrx_word' id='word_1_640' title='bbox 2196 3004 2632 3066; x_wconf 84' lang='lat' dir='ltr'><strong>circumcisione,</strong></span> <span class='ocrx_word' id='word_1_641' title='bbox 2667 3005 2752 3070; x_wconf 86' lang='lat' dir='ltr'><strong>qui</strong></span> <span class='ocrx_word' id='word_1_642' title='bbox 2791 3005 3040 3057; x_wconf 85' lang='lat' dir='ltr'><strong>Chermel</strong></span> <span class='ocrx_word' id='word_1_643' title='bbox 3078 3017 3168 3058; x_wconf 89' lang='lat' dir='ltr'><strong>aut</strong></span> <span class='ocrx_word' id='word_1_644' title='bbox 3197 3006 3481 3060; x_wconf 79' lang='lat' dir='ltr'><strong>Carmelus</strong></span> 
     </span>
    </p>
   </div>
   <div class='ocr_carea' id='block_1_90' title="bbox 1898 3095 3476 3164">
    <p class='ocr_par' dir='ltr' id='par_1_90' title="bbox 1898 3095 3476 3164">
     <span class='ocr_line' id='line_1_90' title="bbox 1898 3095 3476 3164; baseline 0.001 -17"><span class='ocrx_word' id='word_1_645' title='bbox 1898 3097 2111 3157; x_wconf 57' lang='lat' dir='ltr'><strong>dicitur,</strong></span> <span class='ocrx_word' id='word_1_646' title='bbox 2150 3097 2200 3147; x_wconf 93' lang='lat' dir='ltr'><strong>in</strong></span> <span class='ocrx_word' id='word_1_647' title='bbox 2230 3095 2423 3147; x_wconf 85' lang='lat' dir='ltr'><strong>saltum</strong></span> <span class='ocrx_word' id='word_1_648' title='bbox 2464 3096 2818 3164; x_wconf 86' lang='lat' dir='ltr'><strong>reputandum</strong></span> <span class='ocrx_word' id='word_1_649' title='bbox 2852 3095 2983 3147; x_wconf 80' lang='lat' dir='ltr'><strong>fore.</strong></span> <span class='ocrx_word' id='word_1_650' title='bbox 3008 3095 3160 3159; x_wconf 84' lang='lat' dir='ltr'><strong>Quod</strong></span> <span class='ocrx_word' id='word_1_651' title='bbox 3199 3097 3370 3162; x_wconf 82' lang='lat' dir='ltr'><strong>ipsum</strong></span> <span class='ocrx_word' id='word_1_652' title='bbox 3400 3100 3476 3150; x_wconf 84' lang='lat' dir='ltr'><strong>iu-</strong></span> 
     </span>
    </p>
   </div>
   <div class='ocr_carea' id='block_1_91' title="bbox 1899 3185 3481 3256">
    <p class='ocr_par' dir='ltr' id='par_1_91' title="bbox 1899 3185 3481 3256">
     <span class='ocr_line' id='line_1_91' title="bbox 1899 3185 3481 3256; baseline 0.002 -19"><span class='ocrx_word' id='word_1_653' title='bbox 1899 3187 2040 3238; x_wconf 85' lang='lat' dir='ltr'><strong>dicat</strong></span> <span class='ocrx_word' id='word_1_654' title='bbox 2083 3187 2367 3253; x_wconf 69' lang='lat' dir='ltr'><strong>prmsentis</strong></span> <span class='ocrx_word' id='word_1_655' title='bbox 2400 3185 2502 3237; x_wconf 90' lang='lat' dir='ltr'><strong>loci</strong></span> <span class='ocrx_word' id='word_1_656' title='bbox 2567 3185 2940 3250; x_wconf 83' lang='lat' dir='ltr'><strong>interpretatio</strong></span> <span class='ocrx_word' id='word_1_657' title='bbox 2998 3188 3295 3239; x_wconf 85' lang='lat' dir='ltr'><strong>secundum</strong></span> <span class='ocrx_word' id='word_1_658' title='bbox 3328 3186 3481 3256; x_wconf 80' lang='lat' dir='ltr'><strong>Sym-</strong></span> 
     </span>
    </p>
   </div>
   <div class='ocr_carea' id='block_1_92' title="bbox 1903 3276 3483 3346">
    <p class='ocr_par' dir='ltr' id='par_1_92' title="bbox 1903 3276 3483 3346">
     <span class='ocr_line' id='line_1_92' title="bbox 1903 3276 3483 3346; baseline 0.002 -17"><span class='ocrx_word' id='word_1_659' title='bbox 1903 3280 2301 3346; x_wconf 71' lang='lat' dir='ltr'><strong>tnachum,qu:e</strong></span> <span class='ocrx_word' id='word_1_660' title='bbox 2322 3278 2398 3330; x_wconf 87' lang='lat' dir='ltr'><strong>sic</strong></span> <span class='ocrx_word' id='word_1_661' title='bbox 2430 3277 2592 3330; x_wconf 88' lang='lat' dir='ltr'><strong>habet</strong></span> <span class='ocrx_word' id='word_1_662' title='bbox 2621 3294 2636 3328; x_wconf 76' lang='grc' dir='ltr'><strong><em>τ</em></strong></span> <span class='ocrx_word' id='word_1_663' title='bbox 2665 3276 2880 3329; x_wconf 71' lang='lat' dir='ltr'><strong>«Eterit</strong></span> <span class='ocrx_word' id='word_1_664' title='bbox 2904 3278 3169 3331; x_wconf 78' lang='lat' dir='ltr'><strong>desertum</strong></span> <span class='ocrx_word' id='word_1_665' title='bbox 3194 3280 3244 3332; x_wconf 85' lang='lat' dir='ltr'><strong>in</strong></span> <span class='ocrx_word' id='word_1_666' title='bbox 3268 3279 3483 3332; x_wconf 82' lang='lat' dir='ltr'><strong>Carme-</strong></span> 
     </span>
    </p>
   </div>
   <div class='ocr_carea' id='block_1_93' title="bbox 1901 3367 3475 3433">
    <p class='ocr_par' dir='ltr' id='par_1_93' title="bbox 1901 3367 3475 3433">
     <span class='ocr_line' id='line_1_93' title="bbox 1901 3367 3475 3433; baseline 0.003 -13"><span class='ocrx_word' id='word_1_667' title='bbox 1901 3368 2538 3433; x_wconf 78' lang='lat' dir='ltr'><strong>htm.iQuemznln&#39;.odum</strong></span> <span class='ocrx_word' id='word_1_668' title='bbox 2569 3368 2712 3421; x_wconf 87' lang='lat' dir='ltr'><strong>enim</strong></span> <span class='ocrx_word' id='word_1_669' title='bbox 2735 3369 2803 3421; x_wconf 89' lang='lat' dir='ltr'><strong>ibi</strong></span> <span class='ocrx_word' id='word_1_670' title='bbox 2837 3367 3074 3422; x_wconf 82' lang='lat' dir='ltr'><strong>Libanns</strong></span> <span class='ocrx_word' id='word_1_671' title='bbox 3104 3370 3155 3422; x_wconf 89' lang='lat' dir='ltr'><strong>itt</strong></span> <span class='ocrx_word' id='word_1_672' title='bbox 3178 3371 3475 3424; x_wconf 74' lang='lat' dir='ltr'><strong>Carmelum</strong></span> 
     </span>
    </p>
   </div>
   <div class='ocr_carea' id='block_1_94' title="bbox 1899 3456 3480 3522">
    <p class='ocr_par' dir='ltr' id='par_1_94' title="bbox 1899 3456 3480 3522">
     <span class='ocr_line' id='line_1_94' title="bbox 1899 3456 3480 3522; baseline 0.004 -15"><span class='ocrx_word' id='word_1_673' title='bbox 1899 3459 2191 3510; x_wconf 73' lang='lat' dir='ltr'><strong>vertendus</strong></span> <span class='ocrx_word' id='word_1_674' title='bbox 2233 3458 2552 3516; x_wconf 86' lang='lat' dir='ltr'><strong>dicebatur;</strong></span> <span class='ocrx_word' id='word_1_675' title='bbox 2584 3456 2662 3509; x_wconf 85' lang='lat' dir='ltr'><strong>sic</strong></span> <span class='ocrx_word' id='word_1_676' title='bbox 2701 3466 2754 3508; x_wconf 91' lang='lat' dir='ltr'><strong>et</strong></span> <span class='ocrx_word' id='word_1_677' title='bbox 2786 3459 2887 3509; x_wconf 87' lang='lat' dir='ltr'><strong>hoc</strong></span> <span class='ocrx_word' id='word_1_678' title='bbox 2921 3457 3037 3510; x_wconf 92' lang='lat' dir='ltr'><strong>loco</strong></span> <span class='ocrx_word' id='word_1_679' title='bbox 3079 3459 3381 3522; x_wconf 76' lang='lat' dir='ltr'><strong>desertum;</strong></span> <span class='ocrx_word' id='word_1_680' title='bbox 3421 3472 3480 3513; x_wconf 89' lang='lat' dir='ltr'><strong>ut</strong></span> 
     </span>
    </p>
   </div>
   <div class='ocr_carea' id='block_1_95' title="bbox 1899 3549 3475 3618">
    <p class='ocr_par' dir='ltr' id='par_1_95' title="bbox 1899 3549 3475 3618">
     <span class='ocr_line' id='line_1_95' title="bbox 1899 3549 3475 3618; baseline 0.003 -15"><span class='ocrx_word' id='word_1_681' title='bbox 1899 3550 2038 3603; x_wconf 86' lang='lat' dir='ltr'><strong>idem</strong></span> <span class='ocrx_word' id='word_1_682' title='bbox 2066 3553 2136 3603; x_wconf 79' lang='lat' dir='ltr'><strong>sit</strong></span> <span class='ocrx_word' id='word_1_683' title='bbox 2167 3552 2309 3618; x_wconf 90' lang='lat' dir='ltr'><strong>quod</strong></span> <span class='ocrx_word' id='word_1_684' title='bbox 2355 3551 2631 3604; x_wconf 84' lang='lat' dir='ltr'><strong>desertum</strong></span> <span class='ocrx_word' id='word_1_685' title='bbox 2659 3549 2916 3610; x_wconf 86' lang='lat' dir='ltr'><strong>Libanus,</strong></span> <span class='ocrx_word' id='word_1_686' title='bbox 2942 3567 3047 3618; x_wconf 91' lang='lat' dir='ltr'><strong>quo</strong></span> <span class='ocrx_word' id='word_1_687' title='bbox 3075 3551 3342 3605; x_wconf 87' lang='lat' dir='ltr'><strong>indicatur</strong></span> <span class='ocrx_word' id='word_1_688' title='bbox 3375 3551 3475 3607; x_wconf 79' lang='lat' dir='ltr'><strong>Ec-</strong></span> 
     </span>
    </p>
   </div>
   <div class='ocr_carea' id='block_1_96' title="bbox 1897 3640 3471 3708">
    <p class='ocr_par' dir='ltr' id='par_1_96' title="bbox 1897 3640 3471 3708">
     <span class='ocr_line' id='line_1_96' title="bbox 1897 3640 3471 3708; baseline 0.003 -16"><span class='ocrx_word' id='word_1_689' title='bbox 1897 3640 2062 3693; x_wconf 80' lang='lat' dir='ltr'><strong>clesia</strong></span> <span class='ocrx_word' id='word_1_690' title='bbox 2106 3655 2170 3692; x_wconf 76' lang='lat' dir='ltr'><strong>ex</strong></span> <span class='ocrx_word' id='word_1_691' title='bbox 2223 3641 2495 3708; x_wconf 84' lang='lat' dir='ltr'><strong>gentibus,</strong></span> <span class='ocrx_word' id='word_1_692' title='bbox 2547 3654 2664 3707; x_wconf 59' lang='lat' dir='ltr'><strong>qnie</strong></span> <span class='ocrx_word' id='word_1_693' title='bbox 2698 3649 2903 3692; x_wconf 87' lang='lat' dir='ltr'><strong>mutata</strong></span> <span class='ocrx_word' id='word_1_694' title='bbox 2934 3650 3018 3693; x_wconf 89' lang='lat' dir='ltr'><strong>est</strong></span> <span class='ocrx_word' id='word_1_695' title='bbox 3053 3640 3104 3692; x_wconf 93' lang='lat' dir='ltr'><strong>in</strong></span> <span class='ocrx_word' id='word_1_696' title='bbox 3138 3641 3471 3696; x_wconf 87' lang='lat' dir='ltr'><strong>Carmelnm.</strong></span> 
     </span>
    </p>
   </div>
   <div class='ocr_carea' id='block_1_97' title="bbox 1897 3731 3473 3800">
    <p class='ocr_par' dir='ltr' id='par_1_97' title="bbox 1897 3731 3473 3800">
     <span class='ocr_line' id='line_1_97' title="bbox 1897 3731 3473 3800; baseline 0.004 -19"><span class='ocrx_word' id='word_1_697' title='bbox 1897 3733 2361 3797; x_wconf 80' lang='lat' dir='ltr'><strong>Quemadmodum</strong></span> <span class='ocrx_word' id='word_1_698' title='bbox 2409 3732 2554 3784; x_wconf 89' lang='lat' dir='ltr'><strong>enim</strong></span> <span class='ocrx_word' id='word_1_699' title='bbox 2620 3731 2772 3799; x_wconf 90' lang='lat' dir='ltr'><strong>prius</strong></span> <span class='ocrx_word' id='word_1_700' title='bbox 2822 3740 2939 3782; x_wconf 85' lang='lat' dir='ltr'><strong>erat</strong></span> <span class='ocrx_word' id='word_1_701' title='bbox 2978 3748 2995 3780; x_wconf 86' lang='grc' dir='ltr'><strong>ι</strong></span> <span class='ocrx_word' id='word_1_702' title='bbox 3027 3733 3207 3800; x_wconf 79' lang='lat' dir='ltr'><strong>portio</strong></span> <span class='ocrx_word' id='word_1_703' title='bbox 3262 3734 3473 3788; x_wconf 87' lang='lat' dir='ltr'><strong>Domini</strong></span> 
     </span>
    </p>
   </div>
   <div class='ocr_carea' id='block_1_98' title="bbox 1908 3819 3480 3891">
    <p class='ocr_par' dir='ltr' id='par_1_98' title="bbox 1908 3819 3480 3891">
     <span class='ocr_line' id='line_1_98' title="bbox 1908 3819 3480 3891; baseline 0.004 -17"><span class='ocrx_word' id='word_1_704' title='bbox 1908 3822 2134 3891; x_wconf 79' lang='lat' dir='ltr'><strong>pepulits</strong></span> <span class='ocrx_word' id='word_1_705' title='bbox 2187 3821 2304 3888; x_wconf 80' lang='lat' dir='ltr'><strong>ejus</strong></span> <span class='ocrx_word' id='word_1_706' title='bbox 2355 3819 2524 3875; x_wconf 84' lang='lat' dir='ltr'><strong>Jacob</strong></span> <span class='ocrx_word' id='word_1_707' title='bbox 2557 3860 2572 3884; x_wconf 89' lang='lat'><strong>,</strong></span> <span class='ocrx_word' id='word_1_708' title='bbox 2635 3820 2904 3875; x_wconf 78' lang='lat' dir='ltr'><strong>funiculus</strong></span> <span class='ocrx_word' id='word_1_709' title='bbox 2967 3823 3304 3877; x_wconf 66' lang='lat' dir='ltr'><strong>hacreditatis</strong></span> <span class='ocrx_word' id='word_1_710' title='bbox 3357 3827 3480 3891; x_wconf 83' lang='lat' dir='ltr'><strong>ejus</strong></span> 
     </span>
    </p>
   </div>
   <div class='ocr_carea' id='block_1_99' title="bbox 1895 3911 3474 3982">
    <p class='ocr_par' dir='ltr' id='par_1_99' title="bbox 1895 3911 3474 3982">
     <span class='ocr_line' id='line_1_99' title="bbox 1895 3911 3474 3982; baseline 0.003 -18"><span class='ocrx_word' id='word_1_711' title='bbox 1895 3913 2057 3966; x_wconf 88' lang='lat' dir='ltr'><strong>Israel</strong></span> <span class='ocrx_word' id='word_1_712' title='bbox 2089 3913 2160 3975; x_wconf 71' lang='grc'><strong>³⁸,</strong></span> <span class='ocrx_word' id='word_1_713' title='bbox 2220 3930 2236 3961; x_wconf 73' lang='grc' dir='ltr'><strong>ι</strong></span> <span class='ocrx_word' id='word_1_714' title='bbox 2272 3922 2326 3966; x_wconf 88' lang='lat' dir='ltr'><strong>et</strong></span> <span class='ocrx_word' id='word_1_715' title='bbox 2355 3911 2636 3965; x_wconf 84' lang='lat' dir='ltr'><strong>Carmelus</strong></span> <span class='ocrx_word' id='word_1_716' title='bbox 2685 3913 2737 3963; x_wconf 90' lang='lat' dir='ltr'><strong>in</strong></span> <span class='ocrx_word' id='word_1_717' title='bbox 2771 3912 3131 3980; x_wconf 87' lang='lat' dir='ltr'><strong>cognitionem</strong></span> <span class='ocrx_word' id='word_1_718' title='bbox 3165 3915 3282 3982; x_wconf 77' lang='lat' dir='ltr'><strong>ejus</strong></span> <span class='ocrx_word' id='word_1_719' title='bbox 3310 3931 3474 3969; x_wconf 82' lang='lat' dir='ltr'><strong>vene-</strong></span> 
     </span>
    </p>
   </div>
   <div class='ocr_carea' id='block_1_100' title="bbox 1895 4001 3476 4066">
    <p class='ocr_par' dir='ltr' id='par_1_100' title="bbox 1895 4001 3476 4066">
     <span class='ocr_line' id='line_1_100' title="bbox 1895 4001 3476 4066; baseline 0.001 -10"><span class='ocrx_word' id='word_1_720' title='bbox 1895 4014 2010 4065; x_wconf 86' lang='lat' dir='ltr'><strong>rat;</strong></span> <span class='ocrx_word' id='word_1_721' title='bbox 2040 4003 2121 4056; x_wconf 86' lang='lat' dir='ltr'><strong>sic</strong></span> <span class='ocrx_word' id='word_1_722' title='bbox 2147 4011 2203 4055; x_wconf 90' lang='lat' dir='ltr'><strong>et</strong></span> <span class='ocrx_word' id='word_1_723' title='bbox 2231 4001 2488 4066; x_wconf 85' lang='lat' dir='ltr'><strong>Libanus,</strong></span> <span class='ocrx_word' id='word_1_724' title='bbox 2517 4009 2571 4056; x_wconf 90' lang='lat' dir='ltr'><strong>et</strong></span> <span class='ocrx_word' id='word_1_725' title='bbox 2601 4001 2730 4054; x_wconf 91' lang='lat' dir='ltr'><strong>illud</strong></span> <span class='ocrx_word' id='word_1_726' title='bbox 2786 4001 2914 4054; x_wconf 89' lang='lat' dir='ltr'><strong>olim</strong></span> <span class='ocrx_word' id='word_1_727' title='bbox 2960 4002 3234 4056; x_wconf 89' lang='lat' dir='ltr'><strong>desertum</strong></span> <span class='ocrx_word' id='word_1_728' title='bbox 3269 4002 3320 4058; x_wconf 87' lang='lat' dir='ltr'><strong>in</strong></span> <span class='ocrx_word' id='word_1_729' title='bbox 3357 4021 3476 4058; x_wconf 79' lang='lat' dir='ltr'><strong>nte-</strong></span> 
     </span>
    </p>
   </div>
   <div class='ocr_carea' id='block_1_101' title="bbox 1892 4095 3476 4165">
    <p class='ocr_par' dir='ltr' id='par_1_101' title="bbox 1892 4095 3476 4165">
     <span class='ocr_line' id='line_1_101' title="bbox 1892 4095 3476 4165; baseline 0.005 -21"><span class='ocrx_word' id='word_1_730' title='bbox 1892 4096 2077 4149; x_wconf 90' lang='lat' dir='ltr'><strong>liorem</strong></span> <span class='ocrx_word' id='word_1_731' title='bbox 2125 4095 2490 4148; x_wconf 88' lang='lat' dir='ltr'><strong>conditionem</strong></span> <span class='ocrx_word' id='word_1_732' title='bbox 2551 4103 2839 4158; x_wconf 88' lang='lat' dir='ltr'><strong>mutatum,</strong></span> <span class='ocrx_word' id='word_1_733' title='bbox 2895 4095 3093 4148; x_wconf 82' lang='lat' dir='ltr'><strong>factum</strong></span> <span class='ocrx_word' id='word_1_734' title='bbox 3148 4101 3476 4165; x_wconf 76' lang='lat' dir='ltr'><strong>estportio</strong></span> 
     </span>
    </p>
   </div>
   <div class='ocr_carea' id='block_1_102' title="bbox 1890 4168 3473 4253">
    <p class='ocr_par' dir='ltr' id='par_1_102' title="bbox 1890 4168 3473 4253">
     <span class='ocr_line' id='line_1_102' title="bbox 1890 4168 3473 4253; baseline 0.004 -15"><span class='ocrx_word' id='word_1_735' title='bbox 1890 4186 2015 4251; x_wconf 88' lang='lat' dir='ltr'><strong>Dei;</strong></span> <span class='ocrx_word' id='word_1_736' title='bbox 2057 4195 2114 4239; x_wconf 90' lang='lat' dir='ltr'><strong>ut</strong></span> <span class='ocrx_word' id='word_1_737' title='bbox 2139 4200 2168 4239; x_wconf 91' lang='lat' dir='ltr'><strong>e</strong></span> <span class='ocrx_word' id='word_1_738' title='bbox 2196 4185 2468 4240; x_wconf 86' lang='lat' dir='ltr'><strong>contrario</strong></span> <span class='ocrx_word' id='word_1_739' title='bbox 2507 4185 2789 4240; x_wconf 84' lang='lat' dir='ltr'><strong>Carmelus</strong></span> <span class='ocrx_word' id='word_1_740' title='bbox 2822 4168 2875 4238; x_wconf 83' lang='lat' dir='ltr'><strong>in</strong></span> <span class='ocrx_word' id='word_1_741' title='bbox 2933 4185 3130 4239; x_wconf 88' lang='lat' dir='ltr'><strong>saltum</strong></span> <span class='ocrx_word' id='word_1_742' title='bbox 3188 4199 3473 4253; x_wconf 80' lang='lat' dir='ltr'><strong>reputatus</strong></span> 
     </span>
    </p>
   </div>
   <div class='ocr_carea' id='block_1_103' title="bbox 1889 4276 3473 4346">
    <p class='ocr_par' dir='ltr' id='par_1_103' title="bbox 1889 4276 3473 4346">
     <span class='ocr_line' id='line_1_103' title="bbox 1889 4276 3473 4346; baseline 0.003 -15"><span class='ocrx_word' id='word_1_743' title='bbox 1889 4289 1993 4332; x_wconf 90' lang='lat' dir='ltr'><strong>est.</strong></span> <span class='ocrx_word' id='word_1_744' title='bbox 2033 4276 2216 4331; x_wconf 87' lang='lat' dir='ltr'><strong>Saltus</strong></span> <span class='ocrx_word' id='word_1_745' title='bbox 2252 4292 2414 4346; x_wconf 90' lang='lat' dir='ltr'><strong>porro</strong></span> <span class='ocrx_word' id='word_1_746' title='bbox 2445 4277 2596 4330; x_wconf 89' lang='lat' dir='ltr'><strong>locus</strong></span> <span class='ocrx_word' id='word_1_747' title='bbox 2625 4288 2707 4330; x_wconf 87' lang='lat' dir='ltr'><strong>est</strong></span> <span class='ocrx_word' id='word_1_748' title='bbox 2748 4278 3055 4346; x_wconf 85' lang='lat' dir='ltr'><strong>agrestibus</strong></span> <span class='ocrx_word' id='word_1_749' title='bbox 3092 4290 3144 4332; x_wconf 86' lang='lat' dir='ltr'><strong>et</strong></span> <span class='ocrx_word' id='word_1_750' title='bbox 3173 4280 3473 4336; x_wconf 77' lang='lat' dir='ltr'><strong>infruetuo-</strong></span> 
     </span>
    </p>
   </div>
   <div class='ocr_carea' id='block_1_104' title="bbox 1888 4368 3468 4437">
    <p class='ocr_par' dir='ltr' id='par_1_104' title="bbox 1888 4368 3468 4437">
     <span class='ocr_line' id='line_1_104' title="bbox 1888 4368 3468 4437; baseline 0.004 -16"><span class='ocrx_word' id='word_1_751' title='bbox 1888 4370 1963 4422; x_wconf 90' lang='lat' dir='ltr'><strong>sis</strong></span> <span class='ocrx_word' id='word_1_752' title='bbox 2004 4368 2289 4422; x_wconf 85' lang='lat' dir='ltr'><strong>arboribus</strong></span> <span class='ocrx_word' id='word_1_753' title='bbox 2329 4369 2570 4435; x_wconf 89' lang='lat' dir='ltr'><strong>repletus</strong></span> <span class='ocrx_word' id='word_1_754' title='bbox 2601 4379 2972 4437; x_wconf 86' lang='lat' dir='ltr'><strong>:quapropter</strong></span> <span class='ocrx_word' id='word_1_755' title='bbox 3018 4385 3134 4425; x_wconf 90' lang='lat' dir='ltr'><strong>mos</strong></span> <span class='ocrx_word' id='word_1_756' title='bbox 3186 4381 3273 4426; x_wconf 68' lang='lat' dir='ltr'><strong>est</strong></span> <span class='ocrx_word' id='word_1_757' title='bbox 3316 4371 3468 4428; x_wconf 85' lang='lat' dir='ltr'><strong>Scri-</strong></span> 
     </span>
    </p>
   </div>
   <div class='ocr_carea' id='block_1_105' title="bbox 1888 4460 3473 4529">
    <p class='ocr_par' dir='ltr' id='par_1_105' title="bbox 1888 4460 3473 4529">
     <span class='ocr_line' id='line_1_105' title="bbox 1888 4460 3473 4529; baseline 0.009 -20"><span class='ocrx_word' id='word_1_758' title='bbox 1888 4470 2056 4524; x_wconf 54' lang='lat' dir='ltr'><strong>pturat</strong></span> <span class='ocrx_word' id='word_1_759' title='bbox 2082 4460 2279 4512; x_wconf 73' lang='lat' dir='ltr'><strong>divina:</strong></span> <span class='ocrx_word' id='word_1_760' title='bbox 2312 4469 2525 4528; x_wconf 83' lang='lat' dir='ltr'><strong>gentes,</strong></span> <span class='ocrx_word' id='word_1_761' title='bbox 2555 4475 2674 4528; x_wconf 73' lang='lat' dir='ltr'><strong>quzn</strong></span> <span class='ocrx_word' id='word_1_762' title='bbox 2700 4460 2865 4513; x_wconf 89' lang='lat' dir='ltr'><strong>Deum</strong></span> <span class='ocrx_word' id='word_1_763' title='bbox 2902 4477 3007 4514; x_wconf 90' lang='lat' dir='ltr'><strong>non</strong></span> <span class='ocrx_word' id='word_1_764' title='bbox 3043 4475 3267 4529; x_wconf 89' lang='lat' dir='ltr'><strong>norunt,</strong></span> <span class='ocrx_word' id='word_1_765' title='bbox 3301 4466 3473 4524; x_wconf 85' lang='lat' dir='ltr'><strong>saltus</strong></span> 
     </span>
    </p>
   </div>
   <div class='ocr_carea' id='block_1_106' title="bbox 1889 4555 3274 4624">
    <p class='ocr_par' dir='ltr' id='par_1_106' title="bbox 1889 4555 3274 4624">
     <span class='ocr_line' id='line_1_106' title="bbox 1889 4555 3274 4624; baseline 0.005 -19"><span class='ocrx_word' id='word_1_766' title='bbox 1889 4570 2224 4624; x_wconf 86' lang='lat' dir='ltr'><strong>nuncupare,</strong></span> <span class='ocrx_word' id='word_1_767' title='bbox 2260 4568 2316 4605; x_wconf 88' lang='lat' dir='ltr'><strong>ut</strong></span> <span class='ocrx_word' id='word_1_768' title='bbox 2343 4555 2662 4623; x_wconf 84' lang='lat' dir='ltr'><strong>plerumque</strong></span> <span class='ocrx_word' id='word_1_769' title='bbox 2698 4559 3274 4614; x_wconf 79' lang='lat' dir='ltr'><strong>commonstravimus.</strong></span> 
     </span>
    </p>
   </div>
   <div class='ocr_carea' id='block_1_107' title="bbox 1961 4646 3469 4717">
    <p class='ocr_par' dir='ltr' id='par_1_107' title="bbox 1961 4646 3469 4717">
     <span class='ocr_line' id='line_1_107' title="bbox 1961 4646 3469 4717; baseline 0.006 -19"><span class='ocrx_word' id='word_1_770' title='bbox 1961 4646 2117 4700; x_wconf 69' lang='lat' dir='ltr'><strong>Vens.</strong></span> <span class='ocrx_word' id='word_1_771' title='bbox 2154 4649 2240 4712; x_wconf 82' lang='lat' dir='ltr'><strong>l7,</strong></span> <span class='ocrx_word' id='word_1_772' title='bbox 2277 4646 2362 4700; x_wconf 84' lang='lat' dir='ltr'><strong>l8.</strong></span> <span class='ocrx_word' id='word_1_773' title='bbox 2398 4664 2421 4696; x_wconf 80' lang='grc' dir='ltr'><strong>ι</strong></span> <span class='ocrx_word' id='word_1_774' title='bbox 2446 4647 2512 4699; x_wconf 87' lang='lat' dir='ltr'><strong>Et</strong></span> <span class='ocrx_word' id='word_1_775' title='bbox 2561 4649 2936 4715; x_wconf 76' lang='lat' dir='ltr'><strong>erunt&#39;Opera</strong></span> <span class='ocrx_word' id='word_1_776' title='bbox 2992 4647 3215 4714; x_wconf 63' lang='lat' dir='ltr'><strong>iustitiae</strong></span> <span class='ocrx_word' id='word_1_777' title='bbox 3253 4666 3377 4717; x_wconf 80' lang='lat' dir='ltr'><strong>pax,</strong></span> <span class='ocrx_word' id='word_1_778' title='bbox 3415 4664 3469 4707; x_wconf 80' lang='lat' dir='ltr'><strong>et</strong></span> 
     </span>
    </p>
   </div>
   <div class='ocr_carea' id='block_1_108' title="bbox 1882 4737 3467 4804">
    <p class='ocr_par' dir='ltr' id='par_1_108' title="bbox 1882 4737 3467 4804">
     <span class='ocr_line' id='line_1_108' title="bbox 1882 4737 3467 4804; baseline 0.007 -17"><span class='ocrx_word' id='word_1_779' title='bbox 1882 4737 2149 4791; x_wconf 88' lang='lat' dir='ltr'><strong>obtinebit</strong></span> <span class='ocrx_word' id='word_1_780' title='bbox 2202 4737 2408 4804; x_wconf 67' lang='lat' dir='ltr'><strong>iustitia</strong></span> <span class='ocrx_word' id='word_1_781' title='bbox 2464 4737 2732 4804; x_wconf 74' lang='lat' dir='ltr'><strong>requiem.</strong></span> <span class='ocrx_word' id='word_1_782' title='bbox 2792 4748 2848 4792; x_wconf 91' lang='lat' dir='ltr'><strong>et</strong></span> <span class='ocrx_word' id='word_1_783' title='bbox 2900 4741 3244 4795; x_wconf 84' lang='lat' dir='ltr'><strong>conﬁdentes</strong></span> <span class='ocrx_word' id='word_1_784' title='bbox 3307 4757 3467 4798; x_wconf 87' lang='lat' dir='ltr'><strong>erunt</strong></span> 
     </span>
    </p>
   </div>
   <div class='ocr_carea' id='block_1_109' title="bbox 1882 4831 3463 4900">
    <p class='ocr_par' dir='ltr' id='par_1_109' title="bbox 1882 4831 3463 4900">
     <span class='ocr_line' id='line_1_109' title="bbox 1882 4831 3463 4900; baseline 0.008 -20"><span class='ocrx_word' id='word_1_785' title='bbox 1882 4846 2053 4897; x_wconf 86' lang='lat' dir='ltr'><strong>usque</strong></span> <span class='ocrx_word' id='word_1_786' title='bbox 2098 4831 2148 4882; x_wconf 93' lang='lat' dir='ltr'><strong>in</strong></span> <span class='ocrx_word' id='word_1_787' title='bbox 2203 4840 2485 4882; x_wconf 63' lang='lat' dir='ltr'><strong>aeternum.</strong></span> <span class='ocrx_word' id='word_1_788' title='bbox 2542 4831 2604 4882; x_wconf 84' lang='lat' dir='ltr'><strong>Et</strong></span> <span class='ocrx_word' id='word_1_789' title='bbox 2664 4831 2933 4884; x_wconf 85' lang='lat' dir='ltr'><strong>habitabit</strong></span> <span class='ocrx_word' id='word_1_790' title='bbox 2993 4834 3220 4900; x_wconf 82' lang='lat' dir='ltr'><strong>papulus</strong></span> <span class='ocrx_word' id='word_1_791' title='bbox 3265 4838 3379 4900; x_wconf 73' lang='lat' dir='ltr'><strong>eius</strong></span> <span class='ocrx_word' id='word_1_792' title='bbox 3413 4840 3463 4892; x_wconf 90' lang='lat' dir='ltr'><strong>in</strong></span> 
     </span>
    </p>
   </div>
   <div class='ocr_carea' id='block_1_110' title="bbox 1883 4923 3463 4994">
    <p class='ocr_par' dir='ltr' id='par_1_110' title="bbox 1883 4923 3463 4994">
     <span class='ocr_line' id='line_1_110' title="bbox 1883 4923 3463 4994; baseline 0.007 -22"><span class='ocrx_word' id='word_1_793' title='bbox 1883 4924 2017 4976; x_wconf 87' lang='lat' dir='ltr'><strong>urbe</strong></span> <span class='ocrx_word' id='word_1_794' title='bbox 2045 4924 2214 4990; x_wconf 84' lang='lat' dir='ltr'><strong>pacis.</strong></span> <span class='ocrx_word' id='word_1_795' title='bbox 2242 4932 2295 4975; x_wconf 89' lang='lat' dir='ltr'><strong>et</strong></span> <span class='ocrx_word' id='word_1_796' title='bbox 2329 4923 2652 4976; x_wconf 74' lang='lat' dir='ltr'><strong>inhabitabit</strong></span> <span class='ocrx_word' id='word_1_797' title='bbox 2693 4925 2997 4986; x_wconf 86' lang='lat' dir='ltr'><strong>conlidens,</strong></span> <span class='ocrx_word' id='word_1_798' title='bbox 3034 4941 3088 4978; x_wconf 83' lang='lat' dir='ltr'><strong>et</strong></span> <span class='ocrx_word' id='word_1_799' title='bbox 3118 4930 3463 4994; x_wconf 81' lang='lat' dir='ltr'><strong>requiescent</strong></span> 
     </span>
    </p>
   </div>
   <div class='ocr_carea' id='block_1_111' title="bbox 1886 5011 3466 5084">
    <p class='ocr_par' dir='ltr' id='par_1_111' title="bbox 1886 5011 3466 5084">
     <span class='ocr_line' id='line_1_111' title="bbox 1886 5011 3466 5084; baseline 0.008 -22"><span class='ocrx_word' id='word_1_800' title='bbox 1886 5027 2004 5064; x_wconf 85' lang='lat' dir='ltr'><strong>cum</strong></span> <span class='ocrx_word' id='word_1_801' title='bbox 2042 5013 2263 5065; x_wconf 83' lang='lat' dir='ltr'><strong>divitiis.</strong></span> <span class='ocrx_word' id='word_1_802' title='bbox 2299 5031 2316 5063; x_wconf 78' lang='grc' dir='ltr'><strong>ι</strong></span> <span class='ocrx_word' id='word_1_803' title='bbox 2349 5011 2480 5065; x_wconf 81' lang='lat' dir='ltr'><strong>Nam</strong></span> <span class='ocrx_word' id='word_1_804' title='bbox 2527 5030 2623 5082; x_wconf 87' lang='lat' dir='ltr'><strong>pro</strong></span> <span class='ocrx_word' id='word_1_805' title='bbox 2659 5031 2848 5084; x_wconf 84' lang='lat' dir='ltr'><strong>magna</strong></span> <span class='ocrx_word' id='word_1_806' title='bbox 2889 5028 2943 5070; x_wconf 91' lang='lat' dir='ltr'><strong>et</strong></span> <span class='ocrx_word' id='word_1_807' title='bbox 2974 5019 3308 5084; x_wconf 83' lang='lat' dir='ltr'><strong>tripudiante</strong></span> <span class='ocrx_word' id='word_1_808' title='bbox 3334 5023 3466 5076; x_wconf 91' lang='lat' dir='ltr'><strong>urbe</strong></span> 
     </span>
    </p>
   </div>
   <div class='ocr_carea' id='block_1_112' title="bbox 1881 5103 3465 5183">
    <p class='ocr_par' dir='ltr' id='par_1_112' title="bbox 1881 5103 3465 5183">
     <span class='ocr_line' id='line_1_112' title="bbox 1881 5103 3465 5183; baseline 0.01 -32"><span class='ocrx_word' id='word_1_809' title='bbox 1881 5103 1991 5169; x_wconf 87' lang='lat' dir='ltr'><strong>jam</strong></span> <span class='ocrx_word' id='word_1_810' title='bbox 2056 5105 2255 5164; x_wconf 81' lang='lat' dir='ltr'><strong>deleta,</strong></span> <span class='ocrx_word' id='word_1_811' title='bbox 2314 5105 2471 5156; x_wconf 85' lang='lat' dir='ltr'><strong>aliam</strong></span> <span class='ocrx_word' id='word_1_812' title='bbox 2549 5107 2658 5160; x_wconf 88' lang='lat' dir='ltr'><strong>Deo</strong></span> <span class='ocrx_word' id='word_1_813' title='bbox 2736 5113 3171 5167; x_wconf 69' lang='lat' dir='ltr'><strong>constituemlatn</strong></span> <span class='ocrx_word' id='word_1_814' title='bbox 3237 5117 3465 5183; x_wconf 75' lang='lat' dir='ltr'><strong>urbem,</strong></span> 
     </span>
    </p>
   </div>
   <div class='ocr_carea' id='block_1_113' title="bbox 1886 5195 3465 5277">
    <p class='ocr_par' dir='ltr' id='par_1_113' title="bbox 1886 5195 3465 5277">
     <span class='ocr_line' id='line_1_113' title="bbox 1886 5195 3465 5277; baseline 0.009 -29"><span class='ocrx_word' id='word_1_815' title='bbox 1886 5195 1998 5248; x_wconf 88' lang='lat' dir='ltr'><strong>sive</strong></span> <span class='ocrx_word' id='word_1_816' title='bbox 2071 5198 2395 5250; x_wconf 80' lang='lat' dir='ltr'><strong>catholicam</strong></span> <span class='ocrx_word' id='word_1_817' title='bbox 2469 5197 2807 5261; x_wconf 77' lang='lat' dir='ltr'><strong>Ecclesium.</strong></span> <span class='ocrx_word' id='word_1_818' title='bbox 2875 5219 2901 5254; x_wconf 89' lang='lat' dir='ltr'><strong>a</strong></span> <span class='ocrx_word' id='word_1_819' title='bbox 2975 5207 3224 5260; x_wconf 86' lang='lat' dir='ltr'><strong>terminis</strong></span> <span class='ocrx_word' id='word_1_820' title='bbox 3292 5224 3465 5277; x_wconf 88' lang='lat' dir='ltr'><strong>usque</strong></span> 
     </span>
    </p>
   </div>
   <div class='ocr_carea' id='block_1_114' title="bbox 1883 5279 3465 5369">
    <p class='ocr_par' dir='ltr' id='par_1_114' title="bbox 1883 5279 3465 5369">
     <span class='ocr_line' id='line_1_114' title="bbox 1883 5279 3465 5369; baseline 0.01 -29"><span class='ocrx_word' id='word_1_821' title='bbox 1883 5292 1948 5341; x_wconf 87' lang='lat' dir='ltr'><strong>ad</strong></span> <span class='ocrx_word' id='word_1_822' title='bbox 2001 5291 2259 5344; x_wconf 85' lang='lat' dir='ltr'><strong>terminos</strong></span> <span class='ocrx_word' id='word_1_823' title='bbox 2301 5303 2456 5347; x_wconf 75' lang='lat' dir='ltr'><strong>terra:</strong></span> <span class='ocrx_word' id='word_1_824' title='bbox 2516 5297 2933 5363; x_wconf 76' lang='lat' dir='ltr'><strong>pertingentem,</strong></span> <span class='ocrx_word' id='word_1_825' title='bbox 2986 5311 3040 5352; x_wconf 91' lang='lat' dir='ltr'><strong>et</strong></span> <span class='ocrx_word' id='word_1_826' title='bbox 3097 5279 3240 5369; x_wconf 82' lang='lat' dir='ltr'><strong>pium</strong></span> <span class='ocrx_word' id='word_1_827' title='bbox 3290 5304 3338 5354; x_wconf 90' lang='lat' dir='ltr'><strong>in</strong></span> <span class='ocrx_word' id='word_1_828' title='bbox 3375 5305 3465 5356; x_wconf 80' lang='lat' dir='ltr'><strong>illa</strong></span> 
     </span>
    </p>
   </div>
   <div class='ocr_carea' id='block_1_115' title="bbox 1883 5384 3465 5461">
    <p class='ocr_par' dir='ltr' id='par_1_115' title="bbox 1883 5384 3465 5461">
     <span class='ocr_line' id='line_1_115' title="bbox 1883 5384 3465 5461; baseline 0.011 -30"><span class='ocrx_word' id='word_1_829' title='bbox 1883 5385 2001 5436; x_wconf 73' lang='lat' dir='ltr'><strong>vita:</strong></span> <span class='ocrx_word' id='word_1_830' title='bbox 2049 5384 2392 5450; x_wconf 85' lang='lat' dir='ltr'><strong>institutum,</strong></span> <span class='ocrx_word' id='word_1_831' title='bbox 2459 5388 2800 5445; x_wconf 88' lang='lat' dir='ltr'><strong>vaticinatur.</strong></span> <span class='ocrx_word' id='word_1_832' title='bbox 2882 5391 3060 5443; x_wconf 86' lang='lat' dir='ltr'><strong>Firma</strong></span> <span class='ocrx_word' id='word_1_833' title='bbox 3134 5394 3330 5461; x_wconf 78' lang='lat' dir='ltr'><strong>quippe</strong></span> <span class='ocrx_word' id='word_1_834' title='bbox 3383 5408 3465 5449; x_wconf 79' lang='lat' dir='ltr'><strong>est</strong></span> 
     </span>
    </p>
   </div>
   <div class='ocr_carea' id='block_1_116' title="bbox 1879 5477 3463 5548">
    <p class='ocr_par' dir='ltr' id='par_1_116' title="bbox 1879 5477 3463 5548">
     <span class='ocr_line' id='line_1_116' title="bbox 1879 5477 3463 5548; baseline 0.008 -21"><span class='ocrx_word' id='word_1_835' title='bbox 1879 5489 2090 5537; x_wconf 80' lang='lat' dir='ltr'><strong>eorum,</strong></span> <span class='ocrx_word' id='word_1_836' title='bbox 2150 5477 2240 5543; x_wconf 91' lang='lat' dir='ltr'><strong>qui</strong></span> <span class='ocrx_word' id='word_1_837' title='bbox 2296 5478 2349 5530; x_wconf 92' lang='lat' dir='ltr'><strong>in</strong></span> <span class='ocrx_word' id='word_1_838' title='bbox 2407 5478 2571 5531; x_wconf 90' lang='lat' dir='ltr'><strong>Deum</strong></span> <span class='ocrx_word' id='word_1_839' title='bbox 2616 5482 2866 5548; x_wconf 90' lang='lat' dir='ltr'><strong>credunt,</strong></span> <span class='ocrx_word' id='word_1_840' title='bbox 2921 5500 3070 5536; x_wconf 78' lang='lat' dir='ltr'><strong>mens</strong></span> <span class='ocrx_word' id='word_1_841' title='bbox 3127 5495 3181 5538; x_wconf 89' lang='lat' dir='ltr'><strong>et</strong></span> <span class='ocrx_word' id='word_1_842' title='bbox 3248 5496 3463 5540; x_wconf 86' lang='lat' dir='ltr'><strong>senten-</strong></span> 
     </span>
    </p>
   </div>
   <div class='ocr_carea' id='block_1_117' title="bbox 1883 5566 3458 5643">
    <p class='ocr_par' dir='ltr' id='par_1_117' title="bbox 1883 5566 3458 5643">
     <span class='ocr_line' id='line_1_117' title="bbox 1883 5566 3458 5643; baseline 0.009 -25"><span class='ocrx_word' id='word_1_843' title='bbox 1883 5569 1973 5618; x_wconf 78' lang='lat' dir='ltr'><strong>tia.</strong></span> <span class='ocrx_word' id='word_1_844' title='bbox 2007 5566 2299 5621; x_wconf 83' lang='lat' dir='ltr'><strong>Civitatem</strong></span> <span class='ocrx_word' id='word_1_845' title='bbox 2333 5571 2482 5636; x_wconf 78' lang='lat' dir='ltr'><strong>pacis</strong></span> <span class='ocrx_word' id='word_1_846' title='bbox 2522 5583 2681 5625; x_wconf 82' lang='lat' dir='ltr'><strong>vocat</strong></span> <span class='ocrx_word' id='word_1_847' title='bbox 2725 5572 2869 5627; x_wconf 89' lang='lat' dir='ltr'><strong>illam</strong></span> <span class='ocrx_word' id='word_1_848' title='bbox 2906 5591 3028 5643; x_wconf 69' lang='lat' dir='ltr'><strong>qua:</strong></span> <span class='ocrx_word' id='word_1_849' title='bbox 3063 5577 3114 5628; x_wconf 92' lang='lat' dir='ltr'><strong>in</strong></span> <span class='ocrx_word' id='word_1_850' title='bbox 3149 5577 3306 5631; x_wconf 70' lang='lat' dir='ltr'><strong>caelis</strong></span> <span class='ocrx_word' id='word_1_851' title='bbox 3338 5591 3458 5632; x_wconf 76' lang='lat' dir='ltr'><strong>est:</strong></span> 
     </span>
    </p>
   </div>
   <div class='ocr_carea' id='block_1_118' title="bbox 1881 5661 3460 5734">
    <p class='ocr_par' dir='ltr' id='par_1_118' title="bbox 1881 5661 3460 5734">
     <span class='ocr_line' id='line_1_118' title="bbox 1881 5661 3460 5734; baseline 0.007 -22"><span class='ocrx_word' id='word_1_852' title='bbox 1881 5676 1998 5712; x_wconf 87' lang='lat' dir='ltr'><strong>nam</strong></span> <span class='ocrx_word' id='word_1_853' title='bbox 2034 5677 2051 5710; x_wconf 81' lang='grc' dir='ltr'><strong>ι</strong></span> <span class='ocrx_word' id='word_1_854' title='bbox 2086 5661 2192 5724; x_wconf 86' lang='lat' dir='ltr'><strong>illa,</strong></span> <span class='ocrx_word' id='word_1_855' title='bbox 2234 5661 2432 5730; x_wconf 82' lang='lat' dir='ltr'><strong>inquit,</strong></span> <span class='ocrx_word' id='word_1_856' title='bbox 2459 5679 2577 5729; x_wconf 75' lang='lat' dir='ltr'><strong>qua:</strong></span> <span class='ocrx_word' id='word_1_857' title='bbox 2602 5680 2815 5719; x_wconf 88' lang='lat' dir='ltr'><strong>sursmn</strong></span> <span class='ocrx_word' id='word_1_858' title='bbox 2850 5678 2931 5721; x_wconf 83' lang='lat' dir='ltr'><strong>est</strong></span> <span class='ocrx_word' id='word_1_859' title='bbox 2961 5666 3287 5734; x_wconf 81' lang='lat' dir='ltr'><strong>Jerusalem,</strong></span> <span class='ocrx_word' id='word_1_860' title='bbox 3324 5669 3460 5725; x_wconf 67' lang='lat' dir='ltr'><strong>hbeo</strong></span> 
     </span>
    </p>
   </div>
   <div class='ocr_carea' id='block_1_119' title="bbox 1935 5835 2448 5903">
    <p class='ocr_par' dir='ltr' id='par_1_119' title="bbox 1935 5835 2448 5903">
     <span class='ocr_line' id='line_1_119' title="bbox 1935 5835 2448 5903; baseline 0.01 -18"><span class='ocrx_word' id='word_1_861' title='bbox 1935 5835 1973 5862; x_wconf 64' lang='lat'><strong>3&quot;</strong></span> <span class='ocrx_word' id='word_1_862' title='bbox 2003 5836 2155 5888; x_wconf 76' lang='lat' dir='ltr'><strong>iteut.</strong></span> <span class='ocrx_word' id='word_1_863' title='bbox 2192 5852 2363 5903; x_wconf 75' lang='lat' dir='ltr'><strong>xxx”,</strong></span> <span class='ocrx_word' id='word_1_864' title='bbox 2397 5842 2448 5892; x_wconf 79' lang='grc' dir='ltr'>υ.</span> 
     </span>
    </p>
   </div>
  </div>
