4042 6384
508 1767 549 1808 ‘.
608 1763 738 1811 runt
776 1751 830 1807 in
878 1760 1093 1805 omnem
1126 1742 1422 1805 hominem,
1455 1736 1696 1794 Judanm

598 460 713 516 325‘

1290 442 1559 503 EUSEBII
1592 436 2064 499 CESARIENSIS
2098 436 2248 494 OPP.
2287 431 2472 490 PARS
2508 427 2600 487 III.
2637 457 2709 471 —
2743 418 3153 481 EXEGE’I'ICA.

3721 406 3829 462 εει

600 591 660 630 ra
689 580 790 633 est.
824 574 998 623 mater
1026 562 1268 620 omnium
1319 568 1565 613 nostrum
1586 555 1653 609 ι’.
1677 573 1697 607 ι
1734 553 1931 609 Urbem
1974 561 2150 605 autem

2263 546 2412 599 Πόλιν
2437 544 2495 597 δὲ
2534 537 2868 613 ἀμεριμνίας
2909 531 3006 587 καὶ
3054 529 3153 633 τάς⁹
3196 519 3676 633 summust“:
3723 532 3828 588 μο-

599 657 908 718 secnritatis
933 663 1092 716 vocat
1119 650 1302 707 varias
1326 648 1451 704 illas
1486 646 1795 719 mansiones
1820 660 1835 697 :
1862 658 1987 697 nam
2013 642 2153 710 apud

602 754 839 814 Patrem,
878 748 1055 817 inquit
1069 744 1137 812 ³⁸,
1180 740 1496 797 mansiones
1527 736 1745 801 multa,
1781 748 1902 805 qua:
1940 732 2155 787 divitias

604 852 877 914 nunquam
921 832 1233 909 espilsndas
1269 838 1511 887 servant.
1562 826 1771 883 Etenim
1815 842 1835 877 ι
1868 822 2155 879 Thesauri-

602 946 746 999 sate,
794 932 966 1002 inquit
997 929 1064 993 ",
1105 925 1193 980 ubi
1235 937 1336 978 nec
1381 916 1584 991 larugo,
1629 932 1731 973 nec
1782 916 1928 971 tinea
1973 915 2157 970 demo-

602 1027 754 1092 litur,
786 1036 956 1093 neque
982 1018 1131 1073 iures
1149 1013 1415 1069 eﬂodinnt
1436 1019 1493 1066 et
1520 1009 1793 1063 furantur.
1816 1023 1837 1057 ι

678 1116 840 1170 Vsus.
894 1112 978 1176 l9,
1012 1108 1106 1163 20.
1140 1125 1161 1159 ι
1190 1104 1413 1162 Grande
1457 1110 1636 1155 autem
1697 1098 1744 1153 si
1787 1093 2153 1161 descenderit,

605 1224 714 1264 non
743 1207 807 1260 ad
836 1217 931 1259 vos
961 1200 1162 1255 veniet.
1191 1196 1257 1251 Et
1286 1200 1447 1250 erunt
1494 1192 1586 1260 qui
1627 1188 1875 1243 habitant
1916 1184 1972 1239 in
2005 1182 2159 1238 salti-

606 1300 709 1354 bus
736 1294 1089 1355 conﬁdentes,
1119 1290 1260 1345 sicut
1287 1286 1377 1356 qni
1411 1284 1464 1337 in
1493 1279 1734 1351 planitie.
1773 1277 1922 1333 Beati
1947 1275 2039 1346 qui
2071 1288 2157 1330 se—

606 1392 813 1445 ntlnant
840 1399 1001 1455 super
1032 1393 1244 1436 omnem
1271 1387 1486 1447 aquam,
1523 1370 1612 1426 ubi
1639 1370 1737 1425 bos
1762 1379 1818 1423 et
1842 1366 2027 1421 asinus
2046 1364 2159 1420 ωι-

606 1491 798 1536 οοιιι.»
857 1475 957 1532 llic
1013 1474 1197 1528 beatos
1247 1466 1503 1539 praedicat
1548 1460 1820 1533 apostolos
1862 1456 2159 1513 Salvatoris

606 1572 802 1636 nostri,
830 1577 887 1625 et
916 1565 1121 1637 primos
1146 1556 1417 1629 Evangelii
1442 1565 1737 1625 praecones,
1762 1549 1931 1619 quiet
1959 1545 2159 1602 Induis

607 1675 669 1722 et
696 1660 903 1720 Gracis
947 1654 1327 1727 pradicarunt,
1368 1661 1432 1702 ac
1480 1658 1663 1700 semen
1714 1655 1868 1697 suum
1906 1637 2159 1707 coniece-

1740 1733 1937 1803 primo,
1966 1727 2162 1785 deinde

606 1846 853 1903 Gracum
876 1858 892 1893 :
919 1840 1014 1894 bos
1036 1836 1200 1901 enim,
1223 1840 1407 1902 utpote
1431 1829 1683 1883 mundum
1702 1817 2162 1890 animal,populns

606 1954 673 1995 es
705 1930 1138 1993 circumcisione,
1172 1932 1385 1994 patrum
1425 1932 1644 1975 suorum
1691 1926 1873 1977 caiisa,

606 2028 793 2093 asinus
811 2031 1012 2087 autem,
1027 2025 1211 2089 utpote
1229 2014 1496 2082 impurus,
1513 2009 1708 2064 dicitur
1734 2004 1962 2075 populus
1984 2015 2052 2056 ex
2077 2013 2167 2093 pa-

608 2089 1091 2172 tribusidololatris
1125 2099 1731 2178 progenitus.Quoniam
1777 2096 1940 2165 igitur
1982 2092 2035 2147 in
2072 2089 2168 2147 Ju-

606 2198 1226 2276 dtosprimnm,deinde
1255 2196 1307 2249 in
1335 2192 1556 2249 Graecos
1585 2186 1952 2258 evangelicum
1979 2198 2166 2276 semen

607 2275 833 2368 apostoli
878 2290 1174 2350 Salvatoris
1213 2284 1384 2342 nostri
1406 2281 1709 2353 iaciebant;
1749 2278 1876 2347 iure
1918 2275 2162 2330 dicitur:

610 2409 633 2445 ι
658 2392 851 2445 Beatus
865 2388 956 2459 qui
975 2385 1207 2442 seminat
1232 2389 1620 2450 superomnem
1645 2386 1858 2443 aquam,
1880 2370 1967 2423 ubi
1995 2369 2092 2424 bos
2111 2378 2167 2423 et

608 2489 790 2540 asinus
820 2482 1047 2539 calcant.
1080 2498 1098 2530 ι
1133 2477 1230 2533 llic
1276 2487 1439 2546 porro
1490 2484 1589 2540 per
1629 2481 1824 2538 aquam
1862 2463 2168 2520 snbindicat

611 2577 846 2632 divinam
881 2574 1237 2642 Scripturam,
1266 2565 1438 2636 queis
1468 2561 1771 2618 Iudaeorum
1800 2566 1854 2613 et
1885 2554 2163 2627 gentilium

610 2669 806 2740 popqu
840 2666 1094 2722 calcatur.

1113 2750 1342 2809 CAPUT
1380 2745 1621 2805 XXXIII.

679 2851 844 2907 Vsus.
882 2851 935 2904 l.
970 2865 989 2900 ι
1021 2848 1110 2903 Vae
1151 2846 1218 2900 Iis
1263 2844 1354 2914 qui
1393 2856 1491 2896 vos
1531 2839 1757 2893 miseros
1804 2833 2028 2899 faciunt,
2068 2831 2166 2887 sed

609 2957 768 2998 nemo
801 2931 1155 2997 vos'miseros
1185 2936 1355 2991 l'acit:
1384 2944 1437 2988 et
1466 2934 1557 3001 qni
1603 2929 1854 2998 reprobat
1896 2940 2015 2991 vos,
2061 2939 2167 2979 non

609 3031 1212 3100 reprobat:capientur
1255 3024 1607 3094 reprobantes
1655 3032 1711 3075 et
1755 3019 2055 3083 tradentur,
2112 3025 2168 3071 et

610 3122 764 3191 quasi
796 3122 941 3175 tinea
987 3121 1041 3174 in
1090 3117 1434 3179 vestimento,
1470 3114 1547 3168 sic
1576 3113 1988 3181 superabuntnr.
2018 3128 2039 3162 ι
2074 3107 2169 3165 His

2250 639 2347 701 νάς
2365 653 2380 667 ·
2412 609 2604 688 πολλαί
2648 609 2779 702 γάρ,
2805 625 2958 698 φησὶ,
2996 620 3158 693 μοναὶ
3184 615 3339 690 παρά
3367 612 3447 685 τῷ
3491 609 3667 702 Πατρί
3697 620 3825 702 μου,

2251 698 2430 799 {xeunt
2468 723 2528 779 δὲ
2573 698 2672 778 καί
2698 698 2790 775 τδν
2838 713 3064 770 πλοῦτον
3108 710 3201 764 τδν
3248 706 3472 799 ἄσυλονί
3499 698 3830 799 20116199!-

2252 787 2373 883 ζῖτε
2442 813 2551 885 γάρ
2582 852 2598 878 ,
2673 808 2860 881 φησὶν,
2927 805 3062 858 ὅπου
3137 799 3235 871 σὴς
3288 797 3384 851 καὶ
3723 787 3828 841 οὐκ

2252 878 2536 977 ἀφανίζει,
2572 878 2695 955 οὐδε
2735 878 2969 953 κλέπται
3021 888 3366 962 διορύσσουσι
3403 883 3499 938 καὶ
3552 878 3824 935 κλέπτου-

2255 1012 2362 1051 σιν.
2393 1014 2413 1047 ι

2324 1105 2348 1145 ,ι
2390 1084 2457 1138 Ἦ
2485 1082 2543 1136 δὲ
2572 1075 2804 1152 χάλαζα,
2842 1074 2939 1129 ἐὰν
2972 1068 3206 1141 καταϐῇ,
3240 1065 3342 1121 οὐκ
3371 1064 3469 1133 ,ιφ’
3496 1062 3641 1133 ὑμᾶς
3680 1056 3827 1129 ἥξει.

2253 1174 2363 1228 Καὶ
2403 1171 2614 1225 ἔσονται
2645 1165 2696 1219 ei
2729 1160 3061 1223 ίνοικοῦντες
3104 1159 3164 1210 ιν
3205 1155 3318 1218 τοῖς
3360 1152 3583 1224 δρυμοίς
3635 1164 3833 1201 πετωι-

2255 1264 2436 1327 θότες,
2472 1260 2549 1324 ὡς
2579 1258 2631 1312 oi
2666 1260 2724 1311 ιν
2763 1257 2832 1326 τῇ
2862 1252 3070 1322 πεδινῇ.
3102 1245 3377 1317 Μακάριοι
3414 1243 3464 1296 οἱ
3510 1238 3830 1327 σπείροντες

2256 1354 2349 1407 ἐπὶ
2373 1352 2482 1406 πᾶν
2511 1349 2677 1419 ὕδωρ,
2702 1336 2765 1400 οὗ
2799 1342 2927 1415 βοῦς
2956 1339 3053 1395 καὶ
3091 1337 3213 1400 δνος
3260 1334 3441 1388 πατεῖ.
3468 1350 3487 1383 ι
3523 1326 3830 1419 Haupt—(st

2254 1442 2313 1497 δι
2347 1441 2436 1496 διὰ
2465 1416 2669 1494 τούτων
2698 1436 2826 1498 τοις
2865 1428 3193 1491 ἀποστόλους
3230 1423 3327 1478 τοῦ
3367 1420 3618 1492 Σωτῆρος
3648 1416 3830 1489 ἡμῶν,

2255 1532 2353 1585 καὶ
2396 1530 2523 1595 τοὺς
2567 1527 2813 1601 πρώτους
2857 1522 3103 1594 κήρυκας
3150 1515 3246 1571 τοῦ
3297 1510 3651 1601 Εὐαγγιλίου,
3699 1509 3832 1601 τους

2257 1622 2352 1677 καὶ
2384 1597 2653 1681 Ἰουδαίοις
2678 1615 2773 1671 και
2802 1610 3026 1683 Ἕλλησι
3053 1606 3417 1679 κηρύξαντας,
3450 1601 3545 1656 καὶ
3573 1599 3668 1654 τὸν
3697 1597 3835 1651 σπό-

2259 1729 2353 1785 ρον
2420 1708 2597 1765 αὐτῶν
2667 1700 3137 1772 καταϐαλομένους
3197 1695 3291 1749 ἰπὶ

2261 1776 2364 1856 πον
2401 1797 2656 1855 Ἰουδατόν
2682 1812 2743 1849 τε
2776 1793 2993 1866 πρῶτον
3034 1788 3128 1843 καὶ
3149 1778 3387 1857 Ἕλληνα
3403 1800 3418 1814 ·
3453 1781 3580 1853 βοῦς
3602 1780 3714 1851 γάρ
3741 1776 3836 1833 διά

1901 1875 2159 1973 vocatur;
2194 1912 2239 1969 Β
2261 1896 2386 1957 τοὺς
2430 1890 2703 1963 πατέρας,
2761 1885 2960 1939 ὡσανεὶ
3004 1878 3242 1952 καθαρὸν
3288 1876 3446 1943 ζῶον,
3670 1888 3834 1945 περι..

2260 1991 2435 2061 τομῆς
2459 1986 2586 2049 λαὸς
2619 1982 2960 2054 ὠνόμασται·
2994 1977 3116 2039 δνος
3145 1974 3222 2038 δὲ,
3263 1969 3462 2061 ὡσανεὶ

2262 2081 2292 2132 6
2316 2055 2657 2145 simsim
2685 2064 3082 2138 ιιδωλολατρῶν
3111 2062 3260 2127 λαός.
3303 2059 3457 2113 Ἐπεὶ
3482 2056 3660 2110 τοίνυν
3698 2055 3835 2107 ’1ου-

2262 2169 2430 2231 δαίοις
2449 2165 2703 2237 πρώτως,
2732 2161 2921 2215 ἔπειτα
2938 2155 3163 2227 Ἕλλησι
3199 2152 3290 2205 τὸν
3322 2145 3675 2218 εὐαγγελικδν
3699 2161 3838 2237 τιατ⁴

2263 2234 2547 2315 nm
2602 2255 2804 2326 σπόρον
2835 2254 2885 2306 οι
2911 2248 3007 2304 τοῦ
3036 2246 3290 2317 Σωτῆρος
3327 2240 3486 2313 ἡμῶν
3522 2234 3836 2301 ἀπόστολοι,

2264 2350 2487 2413 είκότως
2534 2347 2778 2419 εἴρηται·
2835 2362 2854 2394 ι
2883 2340 3168 2410 Μακάριος
3215 2335 3245 2388 δ
3292 2330 3529 2404 σπείρων
3581 2328 3676 2382 ἰπὶ
3723 2326 3839 2419 πάν

2266 2442 2426 2513 ὕδωρ,
2463 2434 2526 2494 οὗ
2568 2416 2695 2509 βοῦς
2726 2435 2822 2489 καὶ
2861 2432 2981 2496 δνος
3016 2430 3197 2485 πατεῖ.
3224 2446 3243 2479 ι
3276 2424 3463 2513 Ὕδωρ
3492 2422 3571 2513 δι’
3594 2416 3836 2513 ενταῦθα

2262 2504 2479 2601 ῂνξατο
2506 2504 2605 2598 την
2631 2525 2985 2579 θεόπνευστον
3013 2517 3258 2590 Γραφὴν,
3302 2512 3408 2568 ὑπὸ
3443 2507 3714 2567 Ἰουδαίων
3740 2504 3839 2561 καὶ

2262 2620 2357 2674 τοῦ
2382 2618 2443 2685 ἐξ
2467 2616 2636 2673 ιθνῶν
2664 2614 2792 2669 λαοῦ
2823 2610 3187 2681 πατουμένην.

2584 2702 2589 2703 ί
2771 2698 3168 2759 ΚΕΦΔΛᾹΙΟΝ
3205 2694 3306 2750 AI"
3313 2700 3345 2749 .’
3662 2744 3665 2745 ,

2340 2820 2359 2856 ι
2386 2799 2522 2856 0ὑαὶ
2550 2800 2663 2861 τοῖς
2695 2788 3133 2864 ταλαιπωροῦσιν
3161 2788 3304 2859 ὑμᾶς
3324 2824 3339 2849 ,
3381 2783 3527 2855 ύμᾶς
3571 2778 3631 2834 δι
3652 2775 3838 2843 οὐδεὶς

2265 2892 2407 2945 ποιεί
2436 2886 2838 2955 ταλαιπώρους·
2887 2879 2981 2935 καὶ
3015 2881 3045 2932 6
3071 2875 3281 2931 ἀθετῶν
3313 2873 3459 2943 ὑμᾶς
3491 2867 3593 2923 οὐκ
3618 2864 3833 2921 ἀθετεῖ·

2266 2980 2565 3037 ἁλώσονται
2597 2977 2647 3030 oi
2696 2970 3012 3033 ἀθετοῦντες
3063 2968 3155 3021 καὶ
3205 2962 3692 3037 παραδοθήσονται,
3738 2957 3839 3012 καὶ

2263 3070 2340 3134 ὼς
2376 3068 2474 3139 σὴς
2516 3065 2601 3135 ἐφ’
2630 3063 2867 3136 ἱματίου,
2906 3059 3076 3124 οὕτως
3106 3056 3515 3129 ἡττηθήσονται.
3542 3070 3564 3103 δ
3612 3047 3837 3139 Τούτοις

2261 3138 2470 3225 ἀδελφά
2495 3154 2751 3224 τυγχάνει
2777 3150 2847 3204 τὰ
2876 3149 2943 3203 δι’
2968 3141 3044 3201 ὧν
3078 3150 3107 3200 6
3133 3144 3322 3215 Σωτὴρ
3352 3144 3465 3206 τοῖς
3504 3138 3699 3195 εαυτοῦ
3732 3154 3839 3209 μι-

612 3211 919 3267 consimilia
954 3220 1080 3264 sunt
1130 3223 1216 3271 ea,
1247 3206 1399 3275 queis
1438 3203 1691 3259 Salvator
1721 3202 2011 3271 discipulos
2042 3216 2165 3256 suos

650 3304 709 3320 In,
765 3304 987 3320 ..ΑΙ--.μμ
1017 3316 1028 3320 -
1075 3318 1085 3320 -
1117 3298 1215 3320 n_-:
1258 3311 1351 3320 --Α
1398 3297 1599 3320 -..Α-.-ξι
1674 3310 1758 3320 ..ν-..Α
1802 3294 2005 3320 ,ιλιι-ιιῖ.
2060 3310 2078 3320 ι
2115 3304 2162 3320 Α·

2267 3202 2470 3320 ac};
2498 3202 2726 3313 ἐίέἶᾶέῖ
2738 3202 2773 3293 θα
2792 3202 2868 3295 Ῑο
2897 3239 3040 3309 ὑμᾶς
3066 3202 3416 3305 ἀθετῶν”ιμι
3443 3202 3661 3297 ⁷ριοετοι,
3683 3249 3703 3281 ι
3732 3202 3838 3283 ὶωιι

526 3356 531 3360 ,
614 3304 1029 3372 alloquebatur:
1067 3318 1086 3351 ι
1115 3298 1219 3364 Qui
1258 3311 1353 3352 vos
1396 3297 1625 3367 spernit,
1674 3310 1760 3348 me
1802 3294 2031 3361 spernit,
2059 3310 2080 3345 ι
2112 3304 2167 3347 et

612 3410 709 3450 vos
760 3408 864 3449 non
920 3391 1198 3453 ledimini,
1243 3398 1318 3452 et,
1359 3374 1633 3457 «qui'me
1684 3387 1912 3455 spernit,
1963 3385 2169 3454 spernit

612 3499 756 3547 eum,
784 3483 872 3552 qui
904 3481 1049 3536 misit
1074 3494 1158 3534 me
1178 3480 1241 3531 “.
1268 3498 1289 3532 ›
1322 3478 1452 3532 Nam
1497 3493 1618 3533 cum
1658 3480 1783 3542 dno,
1814 3486 1875 3531 ut
1903 3476 2165 3547 quispiam

612 3577 828 3635 dixerit.
856 3574 908 3628 in
938 3582 1174 3642 tempore
1205 3570 1592 3641 persecutionis
1614 3571 1831 3625 ordines
1856 3570 1994 3634 sint,
2028 3569 2168 3624 alius

612 3669 909 3739 agentium,
940 3666 1257 3737 patientium
1290 3664 1458 3729 alius;
1489 3664 1675 3719 beatus
1701 3675 1787 3719 est
1819 3664 1910 3733 qui
1946 3663 2165 3733 patitur,

612 3760 706 3814 sed
758 3771 861 3813 non
910 3758 1053 3827 agit;
1104 3755 1293 3810 infelix
1328 3770 1455 3811 vero
1483 3756 1571 3825 qui
1600 3756 1730 3826 agit,
1756 3756 1849 3810 sed
1912 3770 2016 3809 non
2078 3769 2170 3824 pa-

615 3850 768 3901 titur.

682 3938 848 3994 Veas.
887 3937 944 3994 2.
987 3957 1006 3990 ι
1033 3936 1281 4003 Domine,
1316 3936 1591 3994 miserere.
1620 3935 1815 4000 nostri,
1855 3933 1910 3988 in
1940 3942 1993 3989 te
2018 3934 2165 3989 enim

614 4028 955 4087 conﬁdimus.
1000 4028 1223 4083 Factum
1284 4037 1371 4084 est
1424 4040 1611 4081 semen
1661 4023 2062 4079 incredulornm
2112 4025 2166 4078 in

614 4118 1007 4188 perditionem;
1043 4118 1186 4172 salus
1214 4126 1394 4172 autem
1425 4125 1605 4171 nostra
1632 4116 1685 4169 in
1715 4124 1955 4184 tempore
1999 4114 2169 4171 tribu-

616 4207 851 4262 lationis.
880 4227 901 4261 ι
936 4207 1013 4262 Ex
1037 4221 1263 4275 persona
1289 4206 1651 4277 apostolorum
1679 4205 1984 4261 orationem
2012 4204 2170 4260 emit-

617 4300 687 4353 tit
720 4313 735 4348 :
763 4312 950 4353 eorum
980 4297 1179 4366 quippe
1202 4304 1409 4359 semen,
1436 4296 1527 4364 qui
1554 4295 1875 4365 evangelica
1906 4294 2170 4364 praedica-

612 4389 748 4444 tioni
792 4402 899 4441 non
920 4388 921 4391 “
942 4387 1313 4452 crediderunt,
1344 4384 1599 4455 perniciei
1632 4374 1883 4438 traditum
1914 4394 1999 4438 est
2027 4400 2040 4435 :
2069 4399 2170 4437 no-

614 4490 725 4533 stra
769 4491 898 4532 vero
946 4477 1090 4531 salus
1134 4486 1188 4529 tu
1236 4477 1352 4545 ipse
1399 4490 1480 4539 es,
1507 4488 1541 4530 o
1582 4472 1831 4540 Domine,
1877 4473 1971 4543 qni
2014 4474 2168 4529 nobis

622 4572 751 4625 ades
774 4569 827 4622 in
868 4578 1105 4637 tempore
1132 4566 1516 4621 tribulationis.

686 4660 849 4713 Vsus.
897 4659 951 4713 3.
996 4676 1015 4709 ι
1044 4655 1271 4733 Propter
1302 4670 1488 4711 vocem
1544 4654 1759 4710 timoris
1819 4653 1895 4709 tni
1950 4654 2167 4710 sedibus

616 4751 746 4804 moti
795 4759 918 4804 sunt
951 4747 1131 4817 populi
1181 4761 1211 4800 a
1265 4747 1456 4802 timore
1493 4756 1604 4811 tuo,
1642 4756 1698 4800 et
1737 4744 1993 4814 dispersa:
2044 4754 2170 4799 sunt

616 4852 859 4911 gentes.»
901 4839 955 4894 Id
1000 4839 1195 4893 dicitur
1239 4838 1305 4892 de
1354 4837 1423 4891 iis
1462 4838 1554 4905 qni
1584 4850 1753 4892 sacrm
1799 4836 2166 4905 prmdicationi

615 4933 774 4986 ﬁdem
824 4945 929 4985 non
976 4930 1301 4985 habuerunt.
1356 4927 1636 4997 Signiﬁcat
1696 4938 1872 4981 autem
1933 4924 2168 4981 Iudaica:

615 5023 786 5092 gentis
834 5021 1189 5087 obsidionem,
1239 5029 1292 5075 et
1344 5021 1507 5089 quod,
1560 5020 1849 5089 ingruente
1902 5018 2031 5087 ipsis
2077 5019 2168 5071 Ιιοο

614 5114 776 5167 stium
809 5112 1170 5177 multitudine,
1201 5126 1269 5165 ex
1301 5122 1442 5166 terra
1468 5126 1563 5165 sua
1595 5111 1755 5181 pulsi,
1787 5119 1841 5167 et
1872 5111 2013 5165 inter
2044 5126 2170 5181 gen-

620 5215 696 5259 tes
728 5203 961 5279 dispersi
990 5204 1118 5255 sint.

688 5292 849 5346 Vens.
898 5290 952 5344 4.
1014 5289 1208 5344 «Nunc
1253 5298 1431 5345 autem
1484 5291 1952 5362 congregabuntur
2000 5289 2169 5360 spolia

616 5393 815 5448 vestra,
844 5383 993 5452 parvi
1030 5392 1084 5435 et
1129 5382 1334 5450 magni,
1367 5391 1619 5449 tanquam
1649 5382 1693 5437 si
1728 5381 1848 5449 quis
1881 5388 2171 5450 congreget

618 5474 874 5537 locustae,
901 5474 980 5528 sic
1004 5473 1233 5527 illudent
1256 5473 1426 5528 vobis.
1448 5491 1468 5525 ι
1498 5470 1591 5527 His
1623 5487 1784 5542 quam
1812 5472 2081 5527 invalidus
2112 5482 2169 5527 et

580 5566 581 5569 “
616 5578 776 5632 quam
807 5575 1113 5634 espngnatu
1142 5562 1317 5618 facilis
1342 5562 1596 5618 Iudaicus
1624 5564 1848 5633 populus
1892 5573 2035 5617 esset
2076 5563 2171 5617 de-

618 5655 788 5708 clarat
814 5670 829 5706 :
860 5668 922 5708 ac
947 5653 1340 5731 multitudinem
1365 5669 1551 5709 eorum
1583 5653 1805 5710 locustis
1826 5668 2168 5724 comparans,

2266 3340 2366 3393 οὐκ
2414 3335 2682 3391 ἀδικεῖσθε
2732 3333 2919 3403 ὑμεῖς,
2955 3328 3079 3391 καὶ,
3113 3344 3133 3379 ι
3164 3325 3225 3380 Ὀ
3254 3325 3357 3394 ἐμὲ
3399 3322 3606 3380 ἀθετῶν
3651 3320 3838 3383 ἀθετεῖ

2264 3429 2357 3482 τὸν
2402 3421 2793 3480 ἀποστείλαντά
2832 3436 2920 3491 με.
2943 3437 2962 3472 ι
3000 3417 3102 3471 Δύο
3152 3416 3261 3488 γάρ
3302 3417 3469 3471 ὄντων
3514 3413 3835 3484 ταγμάτων,

2266 3520 2341 3583 ὼς
2383 3519 2449 3573 ἂν
2492 3516 2635 3569 είποι
2658 3531 2775 3581 τις,
2816 3510 2959 3566 κατά
2995 3510 3122 3574 τοὺς
3148 3509 3373 3580 καιροὺς
3420 3506 3529 3560 τῶν
3555 3504 3835 3576 διωγμῶν,

2264 3607 2371 3661 τῶν
2405 3607 2503 3678 μὲν
2536 3603 2803 3676 δρώντων,
2846 3599 2955 3653 τῶν
2989 3598 3047 3651 δι
3091 3598 3425 3667 πασχόντων,
3475 3595 3743 3667 μακάριος
3772 3593 3837 3647 ἀδ

2266 3698 2352 3771 εῐη
2381 3700 2411 3751 6
2436 3698 2681 3766 πάσχων,
2709 3693 2845 3749 ἀλλά
2875 3691 2952 3762 μὴ
2975 3688 3143 3760 δρῶν·
3174 3688 3355 3753 ἄθλιος
3382 3689 3440 3743 δὲ
3460 3692 3489 3744 ὁ
3511 3687 3675 3760 δρῶν,
3702 3684 3838 3740 ἀλλὰ

2270 3788 2346 3859 μὴ
2379 3785 2623 3855 πάσχων.

2344 3960 2363 3994 ι
2394 3936 2587 4013 Κύριε,
2617 3940 2838 4010 ἐλέησον
2871 3941 3050 4011 ἡμᾶς·
3083 3936 3177 3992 ἐπὶ
3206 3935 3291 3989 σοὶ
3336 3932 3446 4004 γάρ
3473 3928 3833 3998 πεποίθαμεν.

2280 4031 2538 4103 Ἐγενήθη
2563 4030 2624 4083 τὸ
2650 4030 2869 4101 σπέρμα
2898 4029 3006 4083 τῶν
3025 4024 3395 4081 ἀπειθούντων
3424 4024 3505 4086 είς
3530 4019 3833 4074 ἀπώλειαν·

2268 4123 2385 4193 ἡδὲ
2424 4122 2663 4193 σωτηρία
2704 4120 2861 4191 ἡμῶν
2898 4122 2955 4173 εν
2984 4116 3160 4189 καιρῷ
3202 4114 3453 4185 θλίψεως.
3488 4131 3507 4163 ι
3552 4111 3648 4163 Ἐκ
3676 4126 3839 4181 προσ-

2268 4214 2417 4268 ώπου
2463 4213 2572 4266 τῶν
2618 4211 2929 4267 ἀποστόλων
2978 4211 3079 4280 τὴν
3128 4208 3293 4279 εὐχὴν
3338 4204 3687 4276 ἀναπέμπει·
3729 4202 3838 4255 τῶν

2272 4303 2371 4374 μὲν
2414 4303 2523 4375 γάρ
2561 4301 2969 4373 ἀπειθησάντων
3015 4299 3096 4370 τῷ
3138 4294 3476 4367 ιὺαγγελικῷ
3519 4292 3840 4364 κηρύγματι

2268 4393 2330 4445 τὸ
2360 4394 2578 4465 σπέρμα
2608 4389 2875 4462 παρεδόθη
2905 4388 3177 4459 ἀπωλείᾳ·
3210 4386 3369 4459 ἡμῶν
3404 4386 3461 4438 δὲ
3498 4382 3745 4454 σωτηρία
3774 4381 3840 4434 σὺ

2268 4484 2427 4548 αὐτὸς
2479 4483 2793 4554 τυγχάνεις,
2829 4476 2875 4535 ὦ
2919 4481 3112 4551 Κύριε,
3160 4478 3561 4550 παριστάμενος
3608 4476 3743 4546 ἡμῖν
3782 4476 3839 4528 tv

2205 4587 2250 4642 ι)
2278 4573 2455 4647 καιρῷ
2479 4574 2729 4643 θλίψεως.

2346 4683 2363 4716 ι
2390 4665 2487 4718 Διά
2513 4664 2697 4736 φωνὴν
2736 4663 2832 4718 τοῦ
2876 4662 3043 4731 φόὸου
3082 4677 3175 4713 σου
3228 4659 3527 4729 ἐξέστησαν
3571 4656 3692 4709 λαοὶ
3732 4656 3839 4710 ἀπὺ

2271 4756 2362 4809 τοῦ
2392 4756 2555 4824 φόϐου
2582 4772 2696 4819 σου,
2721 4755 2817 4807 καὶ
2842 4752 3209 4823 διεσπάρησαν
3235 4752 3305 4804 τά
3336 4748 3465 4817 ἔθνη
3484 4765 3498 4778 ·
3520 4765 3540 4799 ι
3577 4748 3707 4818 περὶ
3734 4749 3840 4802 τῶν

2272 4846 2681 4917 ἀπιστησάντων
2717 4846 2795 4916 τῷ
2839 4844 2969 4915 ίερῷ
3004 4843 3337 4915 κηρύγματι,
3369 4840 3629 4912 Σημαίνει
3659 4840 3720 4893 δὲ
3746 4840 3841 4911 τὴν

2273 4936 2581 5009 πολιορκίαν
2626 4935 2720 4990 τοῦ
2754 4936 3020 4990 Ἰουδαίων
3061 4933 3271 4998 ἔθνους,
3315 4933 3410 4987 καὶ
3444 4934 3520 4995 ὥς
3566 4932 3839 5002 πολυπλη-

2273 5024 2421 5090 θείας
2475 5024 2747 5095 πολεμίων
2797 5023 3126 5094 ἐπελθούσης
3169 5024 3351 5087 αὑτοῖς
3398 5020 3697 5092 ὶξέστησαν
3744 5021 3841 5091 τῆς

2274 5117 2479 5171 ἑαυτῶν
2514 5118 2636 5187 γῆς,
2663 5116 2757 5169 καὶ
2778 5115 3262 5187 διεσκορπίσθησαν
3286 5117 3363 5178 είς
3386 5115 3455 5167 τά
3480 5114 3629 5185 ἔθνη.

2346 5311 2368 5347 ι
2406 5294 2520 5347 Νῦν
2562 5295 2619 5348 δὲ
2678 5294 3063 5367 συναχθήσεται
3094 5296 3162 5351 τά
3214 5296 3385 5350 σκύλα
3422 5294 3595 5365 ὑμῶν,
3644 5294 3841 5367 μικροῦ

2275 5386 2367 5437 καὶ
2400 5384 2657 5455 μεγάλου,
2695 5385 2756 5440 δν
2787 5386 2989 5457 τρόπον
3013 5387 3111 5442 ὲάν
3149 5404 3234 5450 τις
3268 5386 3561 5459 συναγάγῃ.
3594 5386 3842 5457 ἀκρίδας,

2272 5474 2444 5539 οὕτως
2487 5476 2843 5546 ἐμπαίξουσιν
2874 5478 3063 5548 ὑμῖν.»
3107 5478 3181 5531 Te
3228 5477 3551 5549 εὐχείρωτον
3583 5478 3684 5530 καὶ
3722 5479 3841 5531 εὐά-

2272 5563 2440 5619 λωτον
2486 5566 2579 5619 τοῦ
2622 5568 2886 5623 Ἰουδαίων
2930 5567 3061 5623 λαοῦ
3094 5567 3393 5640 παριστὰς,
3422 5567 3503 5627 τό,
3532 5584 3592 5621 τε
3644 5567 3841 5636 πλῆθος

2275 5656 2451 5712 αὐτῶν
2484 5658 2672 5729 ἀκρίσι
2702 5660 3081 5730 παραϐάλλων.
3120 5660 3373 5731 σημαίνει
3401 5658 3476 5722 ὡς
3501 5660 3565 5721 οί,
3594 5657 3841 5729 πολέμιοι

693 5841 735 5873 ³⁷
762 5839 878 5896 Gal.
912 5855 985 5907 tv,
1015 5841 1101 5897 26.
1180 5844 1222 5877 ³⁸
1246 5842 1513 5915 Joan.nv,
1540 5844 1594 5899 2.
1670 5844 1715 5878 η
1741 5844 1929 5904 Matth.
1961 5861 2032 5915 γι,
2068 5844 2153 5901 I9.

2263 5844 2424 5903 'Luc.
2461 5863 2514 5914 ι,
2546 5847 2628 5901 l6.
