4042 6394
179 428 280 483 395

1091 426 1591 487 COmNTARIA
1632 428 1700 485 IN
1738 427 1993 486 ISAIAII.
2034 461 2105 472 —
2140 424 2295 482 CAP.
2335 421 2573 482 XXXIII.

3344 428 3452 482 326

175 540 291 594 ἀντὶ
335 539 591 606 παιγνίου
637 540 835 603 αὐτοὺς
885 539 1119 608 ἐξουσιν,
1158 544 1223 598 ού
1272 543 1433 616 μόνον
1476 547 1547 600 τὰ
1595 547 1746 603 σκύλι

1868 545 2148 616 signiﬁcat
2170 546 2319 615 ipsos
2350 543 2420 597 ah
2443 538 2687 596 inimicis
2716 539 2953 596 ludibrio
2980 539 3263 599 habendos
3282 556 3407 598 esse
3433 560 3448 595 :

178 627 355 683 αὐτῶν
393 630 787 703 διαρπάξοντες
823 631 1025 703 μικροῦ
1063 634 1157 688 καὶ
1192 636 1454 707 μεγάλου,
1486 637 1623 693 ἀλλὰ
1668 640 1763 694 καὶ

172 718 354 783 αὐτοῖς
391 718 777 790 ἐμπαίζοντες.
804 719 991 775 Ταῦτα
1026 723 1154 795 περὶ
1193 724 1402 800 τούτων
1436 726 1629 795 είπὼν,
1662 747 1762 800 με-

171 811 417 895 ταϐαίνει
445 812 539 864 ἐπὶ
566 810 630 864 τὸ
655 810 842 881 τάγμα
867 812 967 883 τῆς
991 812 1088 867 τοῦ
1119 814 1256 869 Θεοῦ
1296 816 1645 891 Ἐκκλησίας,
1671 823 1758 895 ἐφ’

170 893 215 968 ᾦ
241 902 338 954 καὶ
358 899 574 966 δοξάζει
595 900 689 954 τὸν
717 899 852 954 Θεὸν
882 901 1056 972 λέγων
1073 921 1089 935 ⁸
1250 922 1251 925 ‘

242 1009 264 1041 ι
296 992 490 1059 ’Δγιος
511 990 543 1042 6
573 990 709 1054 Θεὸς
731 992 762 1044 6
789 993 1061 1048 κατοικῶν
1089 995 1152 1048 ἐν
1172 995 1426 1068 ύψηλοῐςο
1452 999 1759 1076 ἐνεπλήσθη

170 1078 311 1133 Σιὼν
361 1080 600 1153 κρίσεως
647 1080 745 1135 καὶ
796 1081 1165 1155 δικαιοσύνης.
1192 1105 1213 1137 ι
1267 1086 1502 1160 Νοήσεις
1546 1091 1607 1145 δέ
1660 1092 1761 1165 τὴν

170 1169 313 1226 Σιὼν
361 1172 473 1226 ἀπὸ
515 1170 611 1224 τοῦ
674 1170 930 1241 λέγεσθαι
981 1174 1218 1246 κρίσεως
1269 1178 1379 1232 καὶ.
1411 1179 1759 1255 δικαιοσύνης

170 1261 565 1333 πεπληρῶσθαι
599 1262 794 1334 αὐτήν.
836 1263 925 1316 Ἐν
956 1263 1015 1317 δέ
1055 1268 1169 1330 τοῖς
1208 1262 1469 1341 ἀνωτέρω
1504 1270 1724 1339 ἐλέγετο
1740 1288 1755 1303 ·

175 1369 194 1403 ι
220 1352 334 1405 Καὶ
359 1353 735 1407 ἀναπαύσεται
769 1356 828 1407 ἐν
854 1357 922 1427 τῇ
965 1356 1159 1428 ἐρήμῳ
1202 1361 1378 1430 κρῖμα
1420 1362 1515 1415 καὶ
1555 1360 1760 1421 δικαιο-

172 1439 326 1512 σύνη.
354 1462 373 1493 ι
414 1443 528 1515 Τὴν
570 1444 830 1517 ἀνωτέρω
870 1447 1048 1501 τοίνυν
1100 1447 1306 1521 ἔρημον
1360 1445 1758 1526 ὠνομασμένην

169 1528 265 1585 νῦν
297 1532 441 1586 Σιὼν
468 1534 760 1602 ἀποκαλεῖ,
804 1537 948 1591 οὕτω
977 1539 1077 1611 τήν
1123 1541 1447 1613 Ἐκκλησίαν
1488 1543 1585 1598 τοῦ
1619 1546 1756 1601 Θεοῦ

172 1623 474 1707 σημαίνων.
500 1625 650 1696 Αὕτη
703 1627 813 1699 γὰρ
854 1622 922 1699 ἦν
950 1630 984 1700 ή
1015 1630 1182 1685 πάλαι
1228 1631 1452 1703 ἔρημος.
1495 1629 1618 1709 ἐνῇ
1659 1637 1756 1691 ἀν-

168 1714 446 1769 επαύσατο
486 1718 658 1788 κρῖμα
697 1718 794 1772 καὶ
836 1717 1181 1793 δικαιοσύνη·
1209 1721 1290 1776 διὸ
1318 1725 1415 1779 καὶ
1454 1725 1757 1796 εὐλογεῖται

168 1803 262 1859 νῦν
298 1806 330 1858 6
378 1804 548 1871 Θεὸς,
593 1807 676 1861 ὅτι
736 1808 1041 1882 ἐνεπλήσθη
1104 1812 1339 1883 κρίσεως
1396 1816 1491 1869 καὶ
1544 1816 1755 1872 δικαιο-

170 1896 359 1968 σύνης.

240 2006 260 2037 ι
303 1990 397 2042 Ἐν
423 1989 576 2061 νόμῳ
624 1992 1117 2064 παραδοθήσονται,
1158 1996 1219 2049 ἐν
1251 1995 1547 2069 θησαυροῖς
1574 2001 1609 2070 ή
1655 2016 1761 2053 σω-

1869 637 1962 708 qui
1990 651 2099 692 non
2127 635 2289 691 modo
2326 644 2435 691 tam
2456 632 2640 704 parvi,
2671 645 2836 701 quam
2876 632 3058 704 magni
3088 647 3278 688 eorum
3322 648 3453 705 spo-

1869 728 1940 784 lia
1973 727 2377 799 diripient.scd
2415 727 2581 783 etiam
2629 724 2765 796 ipsis
2818 723 3066 779 illudent.
3112 723 3237 780 llaec
3286 740 3453 795 porro

1866 820 1937 877 de
1993 820 2060 875 iis
2115 819 2346 880 locutus.
2392 816 2459 870 ad
2503 814 2805 871 Ecclesiam
2848 814 2942 870 Dei
2985 816 3306 884 pertransit,
3356 817 3450 872 ubi

1869 911 2036 966 Deum
2064 909 2151 965 his
2172 908 2354 965 verbis
2380 906 2623 963 celebrat
2650 921 2665 957 :

1940 998 2103 1054 Vens.
2132 997 2188 1053 5.
2232 1016 2253 1050 ι
2280 996 2521 1052 Sanctus
2544 995 2709 1059 Deus,
2732 994 2826 1064 qui
2857 993 3067 1049 habitat
3099 994 3153 1049 in
3178 995 3411 1051 excelsis
3428 1008 3449 1050 :

1866 1088 2075 1159 repleta
2101 1098 2185 1145 est
2219 1088 2352 1145 Sion
2393 1086 2601 1158 judicio
2647 1094 2704 1141 et
2744 1084 2979 1154 iustitia.
3004 1101 3026 1137 ι
3066 1083 3199 1141 Sion
3224 1100 3346 1157 qua:
3374 1085 3453 1143 sit

1865 1178 1951 1233 vel
1994 1178 2121 1233 inde
2170 1176 2467 1248 intelligas,
2501 1176 2647 1245 quod
2695 1174 2914 1229 dicatur
2957 1173 3109 1229 illam
3142 1172 3356 1243 judicio
3390 1184 3451 1231 et

1860 1266 2074 1337 iustitia
2116 1267 2380 1336 repletam
2430 1278 2575 1319 esse.
2612 1261 2878 1332 Superius
2907 1271 3091 1318 autem
3117 1263 3402 1320 dicebatur
3427 1282 3446 1321 :

1870 1378 1890 1412 ι
1916 1358 1981 1413 Et
2011 1360 2320 1428 requiescet
2374 1356 2430 1412 in
2489 1358 2706 1410 deserto
2732 1352 2999 1422 judicium
3052 1364 3109 1410 et
3136 1355 3381 1426 iustitia.
3419 1375 3442 1411 ι

1865 1448 1997 1503 Eam
2045 1448 2232 1517 igitur,
2286 1461 2408 1517 quae
2445 1447 2696 1513 superius
2730 1445 3005 1501 desertum
3051 1457 3300 1512 vocatur,
3329 1448 3446 1519 jam

1866 1539 1996 1594 Sion
2031 1546 2345 1609 nuncupat;
2388 1548 2553 1608 atque
2582 1539 2655 1591 ita
2690 1536 2989 1593 Ecelesiam
3019 1536 3119 1592 Dei
3148 1538 3441 1609 signiﬁcat.

1864 1626 1991 1685 Haec
2017 1628 2217 1699 quippe
2241 1638 2362 1683 erat
2392 1627 2483 1683 illa
2505 1628 2633 1683 olim
2658 1624 2914 1692 solitudo,
2950 1627 3004 1681 in
3026 1642 3132 1698 qua
3174 1629 3447 1700 requievit

1857 1720 2124 1791 judicium
2166 1728 2225 1774 et
2244 1716 2879 1789 justitiatquamohrem
2932 1704 3249 1776 nunc‘Deus
3277 1721 3443 1778 bene-

1860 1810 2081 1877 dicitur,
2107 1809 2235 1880 quia
2259 1807 2464 1880 repleta
2485 1810 2796 1881 estjudicio
2815 1820 2872 1865 et
2884 1809 3118 1879 iustitia.

1930 1988 2100 2045 Vens.
2134 1988 2187 2044 6.
2219 2008 2239 2042 ι
2268 1987 2325 2043 In
2359 1989 2479 2061 lege
2509 1990 2813 2055 tradentur,
2868 1989 2922 2044 in
2970 1989 3243 2045 thesauris
3288 1981 3439 2046 salus

167 2077 332 2148 τηρία
378 2078 540 2149 ήμῶν
560 2096 574 2110 ’
607 2081 726 2133 ἐκεῖ
757 2080 919 2151 σοφία
946 2082 1043 2135 κα)⁸
1074 2085 1353 2156 ἐπιστήμη
1386 2086 1481 2138 καὶ
1508 2086 1746 2140 εὐσέϐεια

1860 2090 2050 2136 nostra
2080 2096 2093 2130 :
2121 2080 2233 2135 illic
2283 2080 2553 2150 sapientia
2597 2090 2654 2133 et
2701 2080 2927 2136 scientia
2978 2091 3033 2134 et
3084 2082 3259 2151 pietas
3293 2072 3449 2153 apud

169 2170 307 2241 πρὸς
338 2170 433 2223 τὸν
467 2169 691 2242 Κύριον.
715 2165 875 2226 Οὗτοί
901 2173 1009 2227 είσι
1049 2173 1312 2248 θησαυροὶ
1354 2177 1752 2251 δικαιοσύνης.»

170 2262 340 2333 Νόμῳ
368 2263 480 2333 γὰρ
497 2303 512 2327 ,
539 2263 739 2335 δηλαδὴ
768 2265 1136 2337 εὐαγγελικιῖη
1192 2268 1243 2321 οἳ
1264 2269 1379 2339 (ιο)
1415 2270 1473 2323 ἐν
1502 2273 1568 2342 τῇ
1596 2274 1751 2343 κοινῇ

165 2350 339 2422 ταύτῃ
387 2350 526 2403 Σιὼν
556 2351 932 2423 παρεδόθησαν
950 2369 965 2383 ·
999 2354 1058 2407 ἐν
1094 2354 1274 2409 ἐλπίσι
1300 2355 1409 2426 γὰρ
1435 2361 1547 2422 τοῖς
1578 2358 1757 2427 ἁγίοις

168 2441 449 2493 ἀπόκειται
505 2440 573 2494 τὰ
616 2440 814 2509 ἀγαθά.
864 2441 1043 2507 Ποίοις
1093 2441 1153 2495 δέ
1214 2442 1510 2514 θησαυροῖς
1565 2446 1600 2517 ή
1636 2450 1750 2511 τοῖς

170 2532 551 2601 ἀποκειμένοις
574 2534 632 2584 ὲν
655 2531 904 2603 οὐρανοῖς
923 2549 938 2599 ἶ

309 2623 441 2675 Ἰδοὺ
486 2622 545 2677 δὲ
576 2624 634 2675 ἐν
665 2623 744 2694 τῷ
771 2623 920 2694 φόϐῳ
966 2623 1120 2694 ὑμῶν
1150 2619 1294 2679 οὗτοι
1328 2625 1751 2697 φοϐηθήσονται,

166 2712 258 2775 οὓς
304 2709 621 2780 ἐφοϐεῖσθε⁸
658 2710 940 2782 βοήσονται
976 2712 1069 2780 ἀφ’
1114 2710 1287 2782 ὑμῶν.
1314 2731 1332 2762 ι
1376 2711 1562 2766 Ταῦτα
1614 2712 1753 2783 πρὸς

170 2804 289 2866 τοὺς
325 2801 656 2863 ἀποστόλους
708 2802 958 2872 εῖρηταιο
1003 2803 1342 2855 ἐπιπεσεῖται
1385 2801 1515 2873 γὰρ,
1562 2804 1748 2874 φησὶν,

168 2894 258 2946 ἐπὶ
292 2893 421 2953 τοὺς
457 2890 719 2955 ἀπίστους
752 2891 781 2943 6
810 2890 1072 2962 ὑμέτερος
1105 2890 1286 2961 φόϐος.

240 3004 259 3035 ι
306 2982 566 3050 ’Ἄγγελοι
632 2981 1100 3053 ἀποσταλήσονται
1167 2982 1380 3056 πικρῶς
1452 2982 1745 3047 κλαίοντες.

177 3074 664 3144 Ἐρημωθήσονται
712 3073 823 3145 γὰρ
870 3074 927 3126 αἱ
973 3074 1177 3127 τούτων
1227 3073 1371 3126 ὁδοί·
1404 3074 1680 3129 πέπαυται
1720 3077 1749 3128 6

164 3168 328 3236 φόϐος
361 3166 471 3217 τῶν
512 3164 701 3230 ἐθνῶν,
750 3165 846 3219 καὶ
878 3166 911 3237 ή
959 3166 1097 3237 πρὸς
1133 3168 1355 3232 τούτους
1386 3166 1617 3239 διαθήκη
1663 3166 1747 3221 αἴ-

1861 2168 2171 2225 Dominnm.
2218 2168 2283 2223 Ili
2324 2178 2450 2224 sunt
2490 2169 2732 2224 thesauri
2759 2170 3005 2240 iustitiae.
3037 2188 3057 2223 ι
3106 2170 3233 2241 Legi
3262 2173 3434 2237 enim,

1857 2261 2107 2317 videlicet
2150 2262 2497 2332 evangelica),
2546 2263 2639 2330 qui
2694 2262 2749 2316 iu
2800 2261 2904 2317 hac
2959 2261 3236 2316 communi
3300 2262 3436 2318 Sion

1858 2352 2106 2408 habitant
2136 2352 2322 2407 traditi
2359 2363 2487 2408 sunt
2516 2372 2530 2407 :
2559 2353 2766 2409 sanctis
2819 2354 3020 2424 quippe
3066 2353 3205 2407 bona
3247 2356 3302 2409 in
3337 2369 3436 2425 spe

1857 2444 2139 2497 recondita
2186 2452 2355 2507 sunt;
2396 2442 2454 2497 in
2491 2445 2689 2512 quibus
2712 2453 2893 2498 autem
2920 2442 3212 2509 thesauris,
3241 2443 3344 2498 nisi
3377 2445 3435 2498 in

1857 2532 1924 2587 iis
1944 2532 2036 2601 qui
2065 2535 2117 2586 in
2140 2533 2295 2587 caelis
2319 2540 2446 2587 sunt
2479 2532 2751 2601 repositi?

1927 2626 2089 2679 Vens.
2118 2626 2173 2677 7.
2206 2643 2226 2676 ι
2251 2623 2391 2679 Ecce
2415 2634 2564 2679 certe
2604 2623 2656 2676 in
2695 2623 2888 2677 timore
2938 2632 3125 2677 vestro
3158 2619 3247 2676 isti
3273 2623 3434 2676 time-

1855 2717 2010 2780 hunt,
2055 2729 2193 2785 quos
2244 2714 2520 2768 timebatis
2550 2732 2563 2767 :
2592 2713 2903 2767 clamabunt
2946 2727 2975 2764 ο
3019 2713 3195 2767 vobis.
3225 2731 3244 2764 ι
3302 2710 3432 2767 Haec

1853 2806 2112 2877 apostolis
2143 2808 2400 2861 dicuntur
2436 2826 2446 2860 :
2474 2804 2678 2859 incidet
2719 2805 2890 2869 enim,
2939 2805 3037 2869 ait,
3070 2803 3233 2859 timor
3260 2804 3431 2859 vestri

1854 2898 1908 2952 in
1942 2896 2269 2953 incredulos.

1922 2984 2088 3041 Vsus.
2117 2986 2173 3050 8,
2205 2985 2258 3039 9.
2293 3002 2311 3035 ι
2334 2982 2526 3053 Angeli
2560 2982 2845 3036 mittentur
2876 2997 3062 3036 amare
3085 2979 3294 3037 ﬂentes.
3325 2981 3432 3037 De-

1854 3087 2112 3133 serentur
2138 3077 2283 3130 enim
2310 3090 2498 3130 eorum
2530 3076 2631 3130 vite
2664 3092 2678 3128 :
2716 3075 2948 3129 cessavit
2980 3074 3142 3127 timor
3162 3074 3430 3143 gentium,

1852 3184 1906 3228 et
1941 3180 2325 3227 testamentum
2353 3183 2477 3223 cum
2504 3169 2611 3224 illis
2634 3168 2827 3222 initum
2854 3166 3061 3222 tollitur
3091 3183 3105 3219 :
3139 3181 3239 3220 nec
3269 3182 3429 3235 repu-

166 3233 355 3326 ρεται,
407 3254 503 3307 καὶ
559 3255 622 3307 οὐ
687 3255 762 3325 μὴ
822 3233 1109 3325 λογίσησθε
1159 3258 1356 3320 αὐτοὺς
1401 3233 1743 3327 ἀνθρώπους.

1854 3262 2039 3316 tahitis
2070 3274 2168 3315 eos
2231 3260 2502 3315 homines.
2549 3258 2717 3312 Luxit
2772 3266 2958 3321 terra;
3000 3258 3219 3310 erubuit
3265 3233 3427 3310 Liba-

173 3343 505 3414 Ἐπένθησεν
547 3343 715 3415 ήγῆ,
764 3344 1005 3415 ᾐσχύνθη
1047 3347 1076 3399 6
1108 3346 1357 3410 Λίϐανος,
1398 3346 1494 3417 ἒλη
1528 3349 1746 3416 ἐγένετο

162 3437 194 3506 ἡ
224 3436 438 3506 Σάρων,
479 3433 689 3505 φανερὰ
719 3433 872 3489 ἔσται
904 3437 939 3506 ή
976 3436 1234 3489 Γαλιλαία
1274 3439 1368 3491 καὶ
1391 3440 1420 3491 6
1456 3438 1694 3510 Χέρμελ.
1718 3458 1737 3491 ι

171 3526 230 3580 ’0
277 3527 378 3597 μὲν
432 3522 525 3579 οῦν
592 3525 995 3601 φιλάνθρωπος.
1028 3528 1160 3592 Θεὸς
1210 3530 1472 3598 ἀγγέλους
1519 3533 1745 3603 εἰρήνης

157 3619 447 3672 ἀπέστειλε
487 3618 625 3688 πρὸς
662 3616 754 3670 τὸν
789 3617 1055 3672 Ἰουδαίων
1100 3619 1248 3684 λαὸν,
1283 3623 1494 3693 πικρῶς
1528 3624 1742 3677 κλαίον-

155 3726 251 3771 τας
293 3709 391 3762 καὶ
420 3710 874 3779 παρακαλοῦντας
915 3710 1276 3775 ὐποδέξασθαι
1318 3712 1417 3784 τὴν
1460 3714 1745 3783 εὐαγγελι-

156 3799 259 3869 xliv
288 3800 479 3862 αὐτοῖς
523 3801 765 3871 εἰρήνην.
814 3801 972 3855 Ἐπεὶ
1008 3800 1066 3855 δὲ
1106 3802 1205 3855 οὐκ
1236 3802 1481 3867 ἐδέξαντο
1524 3805 1740 3870 αὐτοὺς,

156 3890 410 3961 ἐπιφέρει
439 3890 685 3958 φάσκωνο
804 3910 811 3916 ³

231 3998 251 4030 ι
279 3980 397 4033 Νῦν
414 3982 812 4051 ἀναστήσομαι,
842 3981 987 4049 λέγει
1005 3983 1034 4034 6
1050 3981 1273 4054 Κύριος,
1299 3981 1394 4036 νῦν
1419 3983 1741 4056 δοξασθήσο-

156 4088 279 4141 μαι,
297 4071 394 4124 νῦν
411 4071 791 4142 ὑψωθήσομαι·
808 4091 828 4124 ι
860 4072 955 4124 τοῦ
983 4072 1138 4140 λόγου
1166 4074 1537 4144 παριστῶντος
1554 4076 1741 4146 σαφῶς

151 4161 493 4232 ὀφθήσεσθαι
524 4163 615 4215 τὸν
630 4162 760 4215 Θεὸν
776 4163 980 4225 αὐτοῖς.
1013 4164 1133 4216 Τίσι
1155 4164 1211 4217 δέ
1239 4166 1490 4236 αὐτοῖς,ἢ
1511 4169 1626 4229 τοῖς
1644 4167 1740 4236 θη-

153 4265 237 4301 σα·
248 4268 257 4297 ›
265 4249 485 4318 ρίσασιν
498 4250 709 4312 ἑαυτοῖς
723 4251 848 4312 τοὺς
862 4250 960 4319 τῆς
975 4250 1318 4322 δικαιοσύνης
1331 4254 1425 4305 καὶ
1438 4254 1535 4323 τῆς
1550 4254 1739 4322 σοφίας

150 4340 497 4411 θησαυρούς;
546 4341 766 4404 Τούτοις
818 4342 946 4412 γὰρ,
995 4343 1179 4412 φησὶν,
1224 4342 1564 4413 όφθήσομαι’
1598 4341 1737 4415 ἦσαν

148 4434 207 4487 δὲ
254 4429 402 4487 οὗτοι
445 4435 496 4485 oi
560 4432 801 4504 μαθηταὶ
849 4435 944 4486 καὶ
1007 4433 1291 4487 ἀπόστολοι
1334 4434 1427 4487 τοῦ
1490 4436 1738 4507 Σωτῆρος

1850 3366 1953 3405 nus
1979 3366 1995 3413 ;
2026 3348 2179 3419 palus
2208 3348 2351 3401 facta
2402 3356 2489 3401 est
2519 3346 2718 3410 Saron,
2753 3346 3037 3400 manifesta
3067 3347 3175 3400 erit
3201 3344 3427 3401 Galilzea

1847 3451 1902 3496 et
1929 3440 2205 3496 Chermel.
2237 3459 2256 3491 ι
2289 3438 2546 3495 Clemens
2585 3439 2770 3509 itaque
2829 3437 2970 3492 Deus
3020 3437 3242 3507 angelos
3276 3437 3429 3505 pacis

1848 3530 1991 3585 misit
2020 3527 2086 3584 ad
2115 3526 2421 3581 Iudaeorum
2458 3525 2738 3596 populum,
2769 3539 2954 3580 amare
2990 3524 3202 3589 ﬂentes,
3243 3540 3306 3577 ae
3334 3541 3428 3580 co-

1848 3625 2127 3679 hortantes
2163 3630 2222 3675 ut
2257 3618 2623 3687 evangelicam
2698 3617 2801 3672 sibi
2853 3630 3042 3685 pacem
3096 3618 3425 3685 reciperent.

1845 3716 2111 3783 Quoniam
2146 3726 2277 3768 vero
2303 3725 2409 3764 non
2443 3716 2767 3779 receperunt
2799 3721 2917 3775 eos,
2949 3708 3022 3762 ita
3066 3706 3342 3777 subjungit
3374 3722 3393 3762 :

1913 3983 2076 4038 Vens.
2109 3985 2197 4040 10.
2222 4003 2241 4035 ι
2266 3983 2420 4038 Nunc
2448 3995 2763 4049 exsurgam,
2796 3980 2929 4035 dicit
2960 3980 3245 4043 Dominus,
3276 3993 3423 4035 nune

1845 4074 2213 4145 gloriucabor,
2250 4087 2392 4127 nunc
2413 4071 2713 4127 exaltahor.
2750 4088 2770 4124 ι
2807 4068 2908 4126 His
2940 4084 3103 4140 porro
3134 4068 3423 4125 manifesto

1841 4167 2149 4222 declaratur
2181 4166 2313 4235 ipsis
2350 4162 2641 4218 videndum
2675 4164 2843 4217 Deum
2878 4176 3023 4217 esse.
3054 4160 3416 4227 Quibusnam,

1840 4258 1943 4311 nisi
1983 4258 2068 4322 iis,
2109 4257 2201 4324 qui
2252 4255 2480 4325 iustitia:
2524 4263 2579 4308 et
2632 4254 2913 4323 sapientiae
2976 4253 3265 4307 thesauros
3313 4251 3421 4307 sibi

1839 4350 2265 4418 compararunt?
2319 4350 2401 4401 Ab
2462 4347 2619 4416 ipsis,
2671 4345 2871 4415 inquit,
2927 4344 3209 4399 videbor:
3258 4351 3422 4397 erant

1840 4457 2001 4511 porro
2040 4442 2127 4495 isti
2166 4440 2417 4508 discipuli
2450 4449 2505 4495 et
2550 4438 2779 4507 apostoli
2808 4434 3112 4490 Salvatoris
3143 4435 3312 4489 nostri
3339 4452 3353 4499 ;
3386 4449 3419 4489 a

149 4525 329 4594 ήμῶν,
369 4518 453 4587 οἷς
497 4523 608 4592 ἐγὼ
641 4524 740 4595 μὲν
795 4524 1013 4596 ῶφθην⁸
1043 4527 1091 4578 οἱ
1122 4526 1179 4578 δὲ
1218 4526 1450 4596 ἔκραξαν
1483 4530 1733 4593 ἐκτενῶς,

1850 4534 2056 4601 quibus,
2075 4533 2245 4601 inquit
2260 4571 2275 4594 ,
2299 4546 2398 4600 ego
2410 4531 2626 4600 quidem
2644 4530 2789 4582 visus
2803 4543 2920 4581 sum
2941 4545 2955 4589 ;
2974 4527 3045 4581 illi
3060 4541 3188 4581 vero
3204 4525 3419 4581 assidue

147 4614 374 4682 ἄγγελοι
428 4614 581 4675 ὅντες
624 4615 879 4685 εἰρήνης’
918 4615 1000 4668 διὸ
1048 4617 1142 4669 καὶ
1194 4616 1407 4687 πικρῶς
1466 4618 1735 4674 ἔκλαυσαν

1850 4624 2170 4686 clamabant,
2200 4633 2260 4677 ut
2300 4622 2475 4693 angeli
2508 4621 2659 4689 pacis
2687 4638 2700 4673 :
2731 4628 3067 4689 quapropter
3098 4631 3283 4671 amare
3319 4617 3387 4671 lle

149 4705 385 4774 βοῶντες
414 4706 472 4756 ὲν
510 4706 693 4774 εὐχαῖς
732 4707 965 4770 ἐκτενῶς
1026 4707 1167 4779 ὑπὲρ
1210 4707 1311 4776 τῆς
1346 4708 1617 4772 ἀπωλείας
1638 4712 1733 4765 τοῦ

147 4796 419 4867 προτέρου
471 4796 621 4849 λαοῦ.
663 4793 843 4851 Ἦσαν
880 4798 990 4868 γὰρ
1038 4800 1089 4851 οἱ
1140 4798 1427 4851 ἀπόστολοι
1475 4802 1569 4852 τοῦ
1618 4801 1732 4854 Σω-

143 4890 312 4960 τῆρος
351 4887 511 4957 ήμῶν
560 4880 780 4955 ἄγγεπὸι
803 4928 817 4951 ,
856 4890 907 4942 οἳ
958 4888 1171 4959 πικρῶς
1222 4888 1434 4943 ἔκλαιον
1475 4890 1731 4945 πενθοῦν-

143 4997 267 5043 τες,
310 4978 403 5031 διὰ
464 4978 527 5030 τὸ
582 4979 656 5049 μὴ
709 4980 994 5034 πείθεσθαι
1054 4980 1187 5049 μηδέ
1243 4980 1517 5033 πιστεύειν
1553 4982 1735 5046 αὐτοῖς

142 5071 273 5133 τοὺς
320 5068 395 5121 δι’
441 5067 620 5123 αὐτῶν
668 5070 1039 5141 κεκλημένους
1072 5071 1165 5123 ἐπὶ
1210 5070 1309 5140 τὴν
1358 5069 1453 5122 τοῦ
1495 5072 1730 5141 Χριστοῦ

142 5163 391 5233 εἰρήνην.

220 5269 240 5301 ι
271 5250 389 5303 Νῦν
433 5250 650 5319 ὄψεσθε,
700 5248 795 5304 νῦν
846 5250 1206 5321 αἰσθήσεσθεο
1249 5253 1450 5323 ματαία
1496 5253 1650 5307 ἔσται
1695 5259 1727 5325 ή

142 5343 302 5413 ίσχὺς
330 5340 428 5395 τοῦ
473 5342 786 5413 πνεύματος
829 5340 1016 5411 ὑμῶν’
1064 5362 1081 5393 ι
1131 5344 1164 5413 ή
1207 5344 1296 5396 διὰ
1336 5345 1580 5408 Μωσέως
1631 5348 1733 5398 αύ-

138 5438 253 5498 τοῖς
290 5433 682 5503 παραδοθεῖσα,
729 5432 825 5486 καὶ
869 5432 1152 5496 acto-5651c
1198 5434 1381 5488 οὐκέτι
1424 5436 1621 5497 αὐτοὺς
1654 5439 1735 5499 εἰς

137 5522 464 5596 ἀνθρώπους
499 5522 776 5591 λογιεῖται.
810 5540 828 5572 ι
853 5521 973 5593 Πῦρ
1001 5524 1281 5577 κατέδεται
1342 5526 1486 5595 ὑμεῖς
1515 5542 1529 5555 ο
1578 5544 1595 5574 ι
1634 5526 1730 5596 τὴν

138 5615 403 5688 δευτέραν
465 5614 630 5668 αὐτοῦ
672 5615 770 5668 καὶ⁹
827 5613 1035 5678 ἔνδοξον
1088 5616 1391 5687 παρουσίαν
1460 5616 1729 5686 ἐπαγγελ-

143 5707 406 5777 λόμενος,
454 5705 577 5759 καθ’
608 5704 677 5777 ἣν
726 5706 968 5775 ὸψονται.

1842 4714 2017 4778 bant,
2074 4714 2407 4768 clamoribus
2458 4722 2513 4766 et
2558 4712 2905 4766 orationibus
2953 4709 3190 4763 assiduis
3251 4707 3418 4777 prisci

1842 4806 2022 4876 populi
2054 4807 2352 4873 perniciem
2378 4803 2747 4873 depioranles.
2784 4802 2854 4855 At
2877 4801 3019 4855 enim
3037 4800 3262 4869 apostoli
3294 4798 3388 4853 Sal

1840 4898 2045 4951 vatoris
2081 4896 2248 4950 nostri
2286 4895 2464 4965 angeli
2496 4906 2677 4960 erant,
2708 4893 2798 4963 qni
2830 4892 3041 4947 acerbis
3076 4905 3197 4946 sese
3245 4891 3397 4961 lacry

1835 4989 1941 5044 mis
1972 4989 2313 5051 dediderant,
2343 4988 2486 5055 quod
2520 4988 2575 5051 ii,
2599 4985 2693 5055 qui
2724 4985 2791 5037 ah
2824 5000 2882 5039 se
2912 4988 2979 5037 ad
3030 4996 3222 5050 pacem
3251 4982 3415 5036 Chri-

1834 5080 1904 5134 sti
1948 5078 2327 5143 vocabantur,
2384 5091 2493 5131 non
2546 5076 3025 5143 obtemperarent,
3080 5085 3256 5141 neque
3307 5070 3412 5127 sibi

1836 5169 1994 5224 ﬁdem
2027 5168 2311 5221 haberent.

1908 5257 2075 5313 Vens.
2110 5258 2197 5311 11.
2243 5275 2263 5307 ι
2286 5255 2437 5311 Nunc
2466 5254 2741 5317 videbitis,
2767 5267 2909 5307 nunc
2959 5251 3203 5305 sentietis
3228 5268 3242 5304 :
3272 5264 3410 5305 vana

1834 5348 1940 5404 erit
1971 5346 2235 5401 fortitudo
2267 5347 2494 5410 spiritus
2537 5345 2703 5398 vestri
2737 5359 2796 5394 ε»
2828 5357 2949 5412 quae
2984 5342 3116 5411 ipsis
3154 5356 3184 5394 a
3217 5341 3408 5408 Moyse

1832 5437 1957 5489 data
1995 5434 2195 5499 fuerat,
2230 5436 2358 5503 quia
2390 5448 2547 5488 nemo
2573 5434 2722 5504 ipsos
2759 5434 2811 5487 in
2844 5444 3120 5502 posterum
3162 5434 3410 5485 homines

1832 5525 2128 5595 reputabit.
2164 5545 2183 5579 ι
2210 5526 2357 5598 Ignis
2382 5526 2813 5587 devorabitvos,
2856 5544 2873 5575 ι
2911 5525 2997 5579 his
3024 5524 3322 5577 secundum
3350 5534 3408 5577 et

1828 5618 2119 5689 gloriosum
2160 5618 2451 5673 adventum
2503 5631 2661 5671 suum
2708 5618 3022 5687 pollicetur,
3055 5630 3167 5687 quo
3204 5615 3282 5671 illi
3312 5615 3409 5673 ,τί-

1826 5708 2048 5765 debunt.

210 5821 327 5890 (40)
372 5821 463 5876 Vel
515 5821 800 5889 legendum
828 5823 879 5875 οἱ
910 5822 1029 5879 sine
1059 5830 1308 5889 accentu,
1342 5821 1423 5878 vel
1461 5822 1746 5893 supplendu

1850 5822 2070 5881 verbum
2102 5821 2332 5877 οἰκοῦσι.
2369 5819 2528 5877 Eon.
