4058 6436
638 457 740 510 Ξὲῗί

711 575 866 625 Vens.
918 574 1103 626 12-”.
1147 574 1255 626 «Et
1307 585 1468 626 erunt
1517 584 1704 642 gentes
1763 574 2077 631 combustae,
2135 567 2266 622 utA

634 667 784 732 Spina
821 667 871 718 in
902 680 1032 733 agro
1062 668 1295 734 proiecta
1324 677 1378 720 et
1407 679 1618 720 exusta.
1650 666 1883 719 Audieut
1915 663 2002 730 qui
2035 663 2190 729 longe

634 766 782 818 sunt,
822 770 940 824 quae
977 770 1079 824 ego.
1104 755 1532 822 feci,scientqui
1574 754 2002 824 appropinquant
2049 752 2192 804 forti-

637 848 876 897 tudinem
920 862 1111 899 meam.
1170 845 1530 897 Recesserunt
1582 845 1672 911 qui
1727 853 1885 895 erant
1949 844 1998 894 in
2063 840 2188 893 Sion

635 937 800 1002 iniqui
827 954 838 986 :
875 936 1233 1003 apprehendet
1265 945 1467 986 tremor
1499 935 1710 1001 impios.
1741 953 1757 984 ι
1810 932 2030 984 Etiamsi
2078 932 2190 983 haec

634 1044 738 1080 non
756 1029 817 1080 de
834 1029 934 1080 illis
952 1043 1009 1080 ex
1030 1024 1250 1079 Judaico
1273 1026 1467 1093 p0pulo
1487 1027 1827 1084 vaticinetur,
1865 1025 1952 1088 qui
1981 1037 2190 1075 annun-

637 1124 821 1173 tiatam
872 1120 969 1173 sibi
1021 1120 1249 1186 gratiam
1285 1126 1632 1185 acceperunt,
1664 1132 1760 1169 vos
1794 1115 1991 1168 auditis
2042 1115 2191 1166 hisce

634 1213 963 1279 propheticis
1018 1210 1380 1272 sermonibus,
1434 1224 1538 1261 non
1604 1208 1924 1277 intelligitis,
1955 1207 2190 1260 scientes

634 1303 766 1361 luce,
794 1319 908 1366 qua!
943 1301 1204 1354 Hebraice
1241 1300 1390 1351 vobis
1424 1299 1702 1352 enuntiata
1736 1307 1787 1350 et
1817 1298 2012 1363 scripta
2041 1305 2187 1357 sunt,

632 1405 840 1441 necnon
874 1391 1054 1442 omnia
1105 1389 1189 1440 illa
1221 1387 1462 1457 prodigia
1493 1401 1610 1454 qua:
1637 1388 1778 1452 apud
1803 1395 2184 1447 vos'operatus

632 1493 769 1538 sum,
799 1488 853 1529 et
883 1493 999 1544 quae
1032 1477 1166 1544 apud
1198 1491 1290 1529 vos
1318 1475 1530 1528 locutus
1575 1490 1713 1538 sum,
1747 1484 2042 1526 necnon'ea
2073 1487 2191 1540 qua

630 1570 941 1620 videntibus
987 1569 1139 1619 vobis
1191 1582 1308 1618 sum
1346 1573 1621 1631 operatus,
1656 1581 1682 1615 a
1716 1565 1964 1630 gentibus
2004 1563 2188 1630 procul

631 1661 771 1711 etad
809 1670 1044 1710 extrema
1082 1669 1242 1708 terra:
1288 1653 1526 1708 auditum
1572 1655 1656 1706 iri.
1691 1653 1966 1720 Quomodo
2009 1664 2188 1708 autem

633 1750 874 1809 audient,
924 1750 1023 1800 nisi
1070 1749 1134 1799 ad
1184 1747 1347 1798 Deum
1403 1747 1741 1806 accedentes,
1776 1761 1892 1797 eum
1935 1747 2187 1798 virtutem

631 1840 744 1901 ejus
777 1837 1138 1892 edidicerint?
1173 1837 1234 1888 lli
1291 1850 1420 1889 vero
1469 1836 1593 1904 ipsi,
1628 1836 1880 1888 videlicet
1937 1836 2085 1902 impii
2134 1836 2186 1887 in

1301 453 1568 508 EUSEBII
1611 445 2071 507 CESARIENSIS
2107 442 2256 496 OPP.
2300 440 2484 494 PARS
2523 437 2612 492 ΠΙ.
2652 469 2720 478 -
2754 436 3164 493 EXEGETICA.

3765 440 3868 496 5‘28

2372 577 2388 608 ι
2424 560 2532 610 Καὶ
2575 558 2782 611 ἔσονται
2828 556 2957 626 ἔθνη
3009 554 3496 624 κατακεκαυμένα,
3538 555 3612 617 ὡς
3660 554 3870 610 ἄκανθα

2294 649 2352 698 ἐν
2404 646 2558 715 ἀγρῷ
2622 644 2924 715 ἐρριμμένη
2989 645 3081 696 καὶ
3145 644 3622 713 κατακεκαυμένη.
3677 647 3868 698 ’Λκού-

2296 755 2475 788 σονται
2519 738 2566 786 οἱ
2603 735 2878 803 πόρρωθεν
2923 733 2959 785 ἆ
2993 734 3242 800 ἐποίησα,
3292 733 3588 800 γνώσονται
3632 736 3681 784 οἱ
3716 734 3869 800 ἐγγί-

2296 829 2476 892 ζοντες
2519 827 2616 896 τὴν
2667 826 2816 895 ἰσχύν
2853 842 2972 895 μου.
3012 826 3349 894 Ἀπέστησαν
3379 827 3427 877 οί
3471 827 3529 876 ἐν
3575 824 3714 876 Σιὼν
3747 825 3867 877 avo-

2296 935 2417 988 μοι·
2457 918 2682 986 λήψεται
2714 917 2911 986 τρόμος
2950 917 3074 977 τοὺς
3114 916 3346 979 ἀσεϐεῖς.
3376 935 3394 968 ι
3437 917 3500 967 Et
3553 916 3650 967 καὶ
3694 915 3868 968 ταῦτα

2295 1013 2368 1082 μὴ
2402 1011 2530 1079 περὶ
2562 1009 2670 1060 τῶν
2704 1007 3007 1075 δεξαμένων
3051 1006 3148 1075 τὴν
3179 1006 3653 1074 εὑαγγελισθεῖσαν
3685 1007 3870 1068 αὐτοῖς

2293 1104 2448 1172 χάριν
2486 1099 2752 1153 Ἰουδαίων
2796 1099 2926 1151 λαοῦ
2972 1098 3251 1160 θεσπίζει,
3300 1099 3490 1166 ὑμεῖς,
3540 1097 3710 1168 ἀκοὴν
3759 1098 3871 1149 τῶν

2294 1190 2644 1269 προφητικῶν
2693 1189 2892 1241 τούτων
2949 1189 3120 1256 λόγων
3173 1189 3493 1251 ἀκούοντες,
3545 1190 3605 1241 οὑ
3655 1189 3869 1241 συνίετε

2292 1283 2664 1351 γινώσκοντες,
2693 1281 2771 1332 ὅτι
2797 1281 2968 1333 ταῦτα
2994 1281 3219 1350 τά-πρδς
3247 1280 3389 1348 ὑμᾶς
3422 1279 3682 1350 Ἐϐραῑκῇ
3713 1282 3865 1348 φωνῇ

2291 1374 2592 1443 λαλούμενα
2620 1387 2678 1423 τε
2709 1373 2801 1423 καὶ
2846 1372 3186 1440 γραφόμενα,
3227 1373 3325 1423 ὅσα
3357 1387 3414 1422 τε
3446 1371 3578 1424 ἄλλα
3613 1372 3868 1441 θαύματα

2292 1466 2371 1524 εἰς
2408 1464 2548 1531 ὑμᾶς
2583 1453 2987 1530 ἔεξεπραξάμην,¹
3026 1462 3074 1512 οί
3108 1459 3386 1528 πόρρωθεν
3432 1459 3525 1510 καὶ
3563 1459 3723 1527 μέχρι
3759 1459 3871 1513 τῶν

2291 1555 2533 1622 ἐσχάτων
2586 1554 2684 1622 τῆς
2737 1555 2839 1622 γῆς
2893 1552 3195 1614 οἰκοῦντες,
3252 1552 3345 1604 καὶ
3395 1551 3536 1620 ἅπερ
3573 1554 3702 1618 παρ’
3737 1553 3869 1621 ὑμῖν

2290 1647 2562 1713 ἐλάλησα,
2608 1646 2700 1697 καί
2751 1645 2901 1714 ὑμῶν
2966 1645 3217 1715 ὁρώντων
3265 1644 3526 1712 ἐποίησα,
3559 1647 3608 1696 οί
3654 1647 3713 1695 ὲν
3756 1649 3869 1707 τοῖς

2291 1738 2487 1806 πέρασι
2527 1739 2623 1806 τῆς
2667 1737 2983 1805 οἰκουμένης
3012 1737 3350 1788 ἀκούσονται.
3388 1736 3510 1798 Πῶς
3539 1737 3594 1788 δὲ
3629 1735 3868 1802 γνώσον-

2289 1844 2380 1879 ται
2424 1827 2536 1879 ἀλλ“
2577 1828 2608 1897 ἢ
2665 1827 2974 1895 ἐγγίσαντες
3013 1825 3090 1896 τῷ
3137 1827 3284 1896 Θεῷ,
3329 1828 3424 1879 καὶ
3477 1828 3870 1896 προσελθόντες

632 1929 760 1981 Sion
799 1935 1095 1990 versantes,
1141 1943 1247 1995 quo
1290 1935 1446 1993 pacto
1491 1939 1519 1977 a
1575 1939 1656 1977 me
1684 1925 2023 1989 recesserint,
2061 1941 2189 1992 cog—

2292 1919 2439 1987 αὑτῷ
2481 1919 2572 1970 καὶ
2611 1918 2706 1988 τὴν
2741 1919 2891 1986 ἰσχὺν
2940 1916 3100 1969 αὑτοῦ
3151 1916 3562 1986 μεμαθηκότες;
3612 1910 3772 1969 Οὗτοι
3811 1918 3870 1970 δὲ

631 2031 899 2073 noscent:
933 2036 1035 2087 qua
1077 2021 1144 2071 de
1196 2032 1382 2080 causa,
1433 2017 1503 2069 ob
1555 2013 1909 2070 defectionem
1961 2016 2187 2078 scilicet,

633 2121 833 2165 tremor
861 2112 1076 2165 invadet
1104 2111 1245 2165 illos.

701 2288 861 2341 Vens.
884 2290 966 2342 15.
989 2309 1004 2339 i
1019 2290 1145 2354 Quis
1175 2289 1515 2342 aununtiabit
1537 2289 1683 2342 vobis
1703 2290 1874 2356 ignem
1903 2302 2188 2342 acccnsun.

628 2380 786 2431 esse?
818 2381 946 2444 Quis
979 2379 1316 2433 annuntiabit
1359 2381 1508 2433 vobis
1551 2381 1722 2433 locum
1759 2381 2056 2434 aeternum?
2088 2379 2189 2443 Qui

629 2468 872 2519 ambulat
904 2469 952 2520 iu
994 2468 1225 2535 justitia,
1260 2469 1350 2536 qui
1393 2468 1628 2535 loquitur
1662 2479 1858 2522 rectam
1897 2463 2058 2533 viam,
2096 2470 2188 2536 qui

630 2560 743 2609 odit
778 2559 1118 2623 iniquitatem
1149 2569 1201 2612 et
1234 2560 1571 2625 iniustitiam,
1601 2559 1690 2626 qui
1722 2575 1908 2610 manus
1934 2560 2135 2612 excutit
2161 2575 2187 2612 a

635 2649 970 2709 muneribus,
1015 2651 1102 2716 qui
1159 2651 1374 2702 obturat
1416 2665 1592 2709 aures,
1630 2664 1692 2701 ne
1720 2650 1894 2700 audiat
1927 2647 2187 2713 judicium

631 2741 927 2805 sanguinis,
951 2741 1036 2806 qui
1054 2739 1252 2790 claudit
1274 2741 1474 2800 oculos,
1493 2758 1556 2793 ne
1577 2741 1752 2792 videat
1774 2740 2134 2806 iniquitatem.
2165 2760 2183 2790 ι

629 2828 720 2880 Ait
749 2829 940 2895 igitur:
970 2846 984 2875 ε
1017 2830 1144 2892 Quis
1161 2831 1495 2883 annuntiabit
1523 2831 1670 2882 vobis
1706 2831 1877 2897 ignem
1900 2846 2187 2884 accensum

630 2933 779 2980 csse,
815 2936 830 2964 ι
886 2931 1126 2986 paratum
1181 2921 1390 2973 diabolo
1451 2933 1503 2973 et
1570 2921 1775 2989 angelis
1837 2921 1994 2989 ejus?
2055 2922 2188 2985 Quis

629 2995 759 3074 ergo
786 3008 884 3058 ista
926 3010 1224 3073 cognoscit,
1256 3021 1312 3062 ut
1359 3010 1543 3062 eadem
1583 3014 1948 3064 nescientibus
2001 3012 2191 3064 testiﬁ-

631 3106 819 3158 cetur,
854 3099 953 3149 nisi
1013 3101 1257 3165 quisquis
1311 3101 1547 3153 ambulat
1606 3103 1654 3153 in
1713 3102 1943 3169 iustitia,
1989 3113 2042 3155 et
2080 3103 2191 3156 odit

630 3188 961 3254 impietatem
987 3199 1039 3240 et
1065 3189 1378 3256 injustitiam
1408 3207 1417 3249 ;
1447 3192 1478 3241 ii
1535 3193 1622 3257 qui
1653 3207 1875 3244 munera
1909 3201 2184 3259 respuunt,

2292 2010 2443 2061 αὑτοί
2490 2010 2724 2060 εἴσονται
2783 2009 2930 2070 ὅπως
2987 2007 3300 2076 ἀπέστησάν
3359 2024 3478 2074 μου,
3522 2009 3569 2059 οί
3624 2010 3682 2059 ἐν
3730 2008 3872 2062 Σιὼν

2293 2100 2517 2169 ἄνομοι*
2555 2095 2614 2153 οὗ
2643 2101 2799 2169 χάριν
2840 2099 2926 2151 διὰ
2957 2098 3055 2168 τὴν
3085 2098 3418 2151 ἀποστασίαν
3468 2098 3666 2163 αὑτῶν,
3703 2099 3872 2170 λήψε-

2290 2207 2379 2241 ται
2407 2191 2602 2251 αὐτοὺς
2634 2188 2851 2258 τρόμος.

2367 2299 2386 2331 ‹
2415 2281 2510 2342 Τίς
2539 2279 2827 2346 ἀναγγελεῖ
2855 2278 2983 2348 ὑμῖν
3033 2278 3113 2331 ὅτι
3142 2277 3254 2347 πῦρ
3287 2278 3532 2342 καίεται;
3567 2277 3664 2340 Τίς
3697 2280 3870 2346 ἀναγ-

2288 2371 2435 2438 γελεῖ
2466 2371 2591 2438 ὑμῖν
2629 2370 2719 2422 τὸν
2764 2371 2928 2422 τόπον
2971 2368 3063 2421 τὸν
3109 2368 3353 2434 αίώνιον;
3400 2370 3773 2438 Πορευόμενος
3808 2372 3868 2421 ἐν

2288 2461 2615 2531 δικαιοσύνῃ,
2651 2458 2824 2510 λαλῶν
2868 2458 3084 2510 εὐθεῖαν
3117 2458 3256 2520 ὁδὸν,
3293 2457 3463 2528 μισῶν
3495 2459 3725 2527 ἀνομίαν
3766 2459 3866 2510 καὶ

2290 2549 2520 2610 ἀδικίαν,
2552 2550 2642 2599 καὶ
2671 2547 2770 2610 τάς
2825 2549 3011 2616 χεῖρας
3056 2547 3442 2615 ἀποσειόμενος
3494 2546 3604 2599 ἀπὸ
3652 2547 3867 2616 δώρων,

2292 2639 2536 2709 βαρύνων
2574 2638 2640 2689 τὰ
2672 2633 2814 2702 ὦτα,
2862 2639 2946 2689 ἵνα
2994 2637 3066 2707 μὴ
3136 2637 3341 2708 ἀκούσῃ
3377 2638 3554 2708 κρίσιν
3603 2639 3864 2707 αἵματος,

2289 2727 2559 2795 καμμὺων
2611 2727 2736 2787 τοὺς
2787 2726 3128 2795 ὀφθαλμοὺς,
3180 2726 3264 2778 ἵνα
3311 2726 3383 2795 μὴ
3437 2726 3522 2796 ἴδη
3559 2727 3806 2783 ἀδικίαν.
3843 2746 3862 2777 ι

2287 2817 2423 2884 Φησί
2456 2817 2604 2883 γοῦν,
2641 2836 2658 2865 ι
2684 2817 2780 2878 Τίς
2817 2818 3104 2884 ἀναγγελεῖ
3140 2817 3265 2885 ὑμῖν
3308 2817 3386 2868 ὅτι
3433 2817 3543 2887 πῦρ
3578 2818 3814 2883 καίεται,
3840 2838 3861 2871 ι

2289 2908 2347 2960 τὸ
2381 2908 2776 2976 ἡτοιμασμένον
2816 2908 2894 2976 τῷ
2937 2909 3163 2976 διαϐόλῳ
3211 2909 3301 2959 καὶ
3341 2910 3451 2970 τοῖς
3487 2909 3734 2974 ἀγγέλοις
3767 2910 3868 2961 αὑ·-

2288 2999 2416 3063 105;
2463 3001 2556 3061 Τίς
2598 2996 2688 3051 οὖν
2722 3003 2866 3051 ἐστιν
2902 3000 2929 3050 ὁ
2958 2998 3130 3053 ταῦτα
3170 2999 3344 3062 εἰδὼς,
3374 3000 3468 3053 καὶ
3515 3003 3624 3062 τοῖς
3673 3000 3744 3069 μὴ
3788 3002 3866 3052 εἰ-

2289 3091 2400 3144 δόσι
2442 3090 3059 3159 προσμαρτυρούμενος,
3107 3091 3139 3159 ἢ
3191 3093 3297 3153 πᾶς
3333 3093 3360 3141 ὁ
3393 3089 3759 3161 πορευόμενος
3806 3095 3867 3144 ἐν

2289 3183 2632 3250 δικαιοσύνῃ,
2668 3182 2758 3233 καὶ
2795 3185 2902 3243 πᾶς
2942 3185 2968 3233 ό
3003 3181 3172 3249 μισῶν
3208 3183 3456 3233 ἀσέϐειαν
3497 3183 3589 3233 καὶ
3626 3184 3866 3248 ἀδικίαν,

632 3286 686 3328 ct
719 3291 877 3328 aures
909 3277 1182 3338 obturant,
1218 3292 1279 3328 nc
1313 3280 1531 3329 audiant
1559 3278 1820 3343 judicium
1872 3283 2177 3348 sanguinis,

2292 3272 2607 3341 δωροδοκίαν
2656 3288 2715 3322 τε
2758 3271 3251 3340 ἀποστρεφόμενοι,
3306 3271 3400 3321 καὶ
3429 3271 3498 3322 τὰ
3547 3264 3659 3322 ὦτα
3694 3273 3871 3339 φράτ-

631 3367 927 3434 oculosque
966 3367 1237 3428 claudunt,
1275 3384 1342 3420 ne
1394 3369 1606 3420 videant
1658 3371 1900 3437 iniquum
1938 3372 2188 3425 facinus?

633 3455 779 3512 Talis
805 3468 920 3512 erat
953 3461 1148 3510 chorus
1194 3461 1574 3526 prophetarum
1614 3461 1725 3523 Dei,
1760 3473 1810 3513 et
1846 3463 2071 3528 quilibet
2109 3465 2190 3517 vir

634 3549 931 3614 religiosus,
954 3549 1148 3601 chorus
1177 3549 1298 3600 item
1330 3549 1691 3616 apostolorum
1727 3559 1779 3600 et
1808 3551 2188 3615 discipulorum

634 3638 930 3690 Salvatoris
969 3643 1162 3691 nostri.
1193 3639 1446 3706 Quisquis
1481 3641 1661 3708 igitur,
1699 3643 1870 3702 aiunt,
1916 3643 2192 3709 huiusmo-

632 3727 684 3779 di
708 3727 828 3786 erit,
861 3727 905 3778 is
929 3728 1268 3779 armunliabit
1299 3730 1475 3790 nobis,
1515 3731 1692 3796 ignem
1738 3730 1916 3796 impiis
1941 3741 2186 3799 paratum

634 3831 918 3869 accensum
955 3831 1108 3869 esse:
1149 3819 1397 3884 idemque
1441 3820 1554 3885 ipse
1595 3820 1772 3871 locum
1811 3822 1964 3873 nobis
1997 3821 2187 3876 aeterni

627 3907 813 3974 judicii
851 3909 1125 3971 indicabit,
1162 3919 1497 3963 contestatus
1523 3911 1820 3963 cavendum
1855 3925 1994 3976 esse,
2030 3922 2088 3965 ut
2125 3927 2191 3965 ne

631 4015 698 4053 eo
723 4001 1046 4054 decidamus.

709 4178 865 4230 Vens.
907 4177 990 4230 16.
1047 4194 1064 4226 ι
1128 4177 1224 4231 Hic
1271 4178 1532 4231 habitabit
1580 4179 1631 4231 in
1673 4178 1885 4232 excelsa
1925 4178 2188 4248 spelunca

634 4281 796 4335 petrae
830 4259 996 4320 (irrita:
1029 4286 1041 4319 :
1071 4268 1224 4335 panis
1250 4269 1298 4319 ei
1332 4269 1566 4330 dabitur,
1619 4278 1673 4321 et
1718 4284 1852 4337 aqua
1895 4269 2012 4336 ejus
2061 4270 2191 4322 ﬁde-

635 4362 716 4411 lis.
754 4378 770 4407 υ
807 4358 947 4411 Idem
989 4359 1102 4426 ipse
1152 4357 1334 4424 procul
1384 4359 1506 4423 igne
1533 4396 1547 4420 ,
1582 4369 1636 4412 et
1669 4370 1962 4412 memorato
1989 4371 2192 4413 aeterno

632 4451 750 4503 loco
781 4461 1015 4502 remotus
1040 4490 1053 4512 ,
1091 4449 1354 4501 habitabit
1385 4449 1436 4501 in
1484 4449 1694 4502 excelsa
1725 4450 1974 4517 spelunca
2002 4489 2014 4510 ,
2051 4459 2104 4502 et
2138 4451 2190 4503 in

631 4553 781 4609 petra
817 4541 990 4592 ﬁrma.
1044 4539 1349 4591 Secundum
1386 4538 1769 4607 Symmachum
1803 4553 1929 4592 vero
1954 4575 1970 4602 ,
2009 4557 2026 4588 ‹
2076 4539 2192 4606 Ipse

632 4635 683 4685 in
716 4632 942 4683 excelsis
983 4630 1289 4693 habitabit,
1339 4632 1490 4696 quasi
1532 4632 1863 4681 munimenta
1919 4640 2189 4696 petrarum

632 4721 931 4773 sublimitas
959 4719 1108 4785 ejus;
1152 4736 1170 4768 ι
1206 4726 1261 4769 ut
1291 4732 1357 4769 ex
1399 4717 1479 4770 bis
1510 4717 1786 4769 beatorum
1834 4717 2148 4769 exercitium
2177 4755 2192 4779 ,

629 4823 686 4866 et
717 4813 1020 4864 institutum
1051 4812 1172 4862 vitae
1211 4810 1265 4861 in
1318 4824 1522 4861 summa
1570 4808 1910 4876 philosophia
1962 4808 2193 4873 positum

633 4904 991 4971 intelligamus
1022 4919 1033 4953 :
1065 4901 1414 4969 quamobrem
1459 4900 1706 4961 infertur,
1751 4919 1767 4950 ι
1805 4898 1966 4952 Panis
2014 4900 2061 4951 ei
2098 4900 2193 4951 da—

631 4998 792 5060 bitur,
821 5006 873 5047 et
903 5010 1037 5062 aqua
1072 4995 1186 5061 ejus
1227 4992 1417 5048 ﬁdelis.
1462 5013 1478 5043 ι
1516 4993 1659 5047 Talis
1685 5004 1860 5047 autem
1897 4993 2059 5046 homo
2096 5009 2194 5060 pa-

631 5100 928 5155 neetaqua
971 5088 1021 5139 in
1053 5089 1306 5155 praesenti
1337 5087 1442 5139 vita
1488 5089 1553 5140 ad
1591 5089 1903 5141 alimentum
1949 5104 2095 5149 usus,
2131 5088 2186 5138 in

628 5181 1037 5235 exercitationis
1078 5181 1362 5232 terminum
1398 5193 1449 5234 et
1487 5182 1741 5242 fructum,
1779 5185 2068 5253 gloriosam
2108 5197 2189 5235 re-

631 5275 711 5341 gis
739 5272 1237 5338 contemplationem
1267 5272 1464 5325 referet
1493 5296 1504 5328 ;
1545 5287 1870 5342 quapropter
1895 5277 1970 5328 ait
2003 5295 2014 5328 :

701 5369 861 5424 Vens.
898 5369 1110 5423 17-19.
1170 5387 1186 5418 ι
1227 5369 1420 5438 Regem
1488 5383 1606 5421 cum
1675 5369 1839 5438 gloria
1899 5366 2186 5431 videbitis,

630 5462 768 5514 oculi
809 5463 968 5515 vestri
1019 5471 1242 5515 cernent
1295 5470 1487 5512 terram
1524 5461 1710 5527 procul
1745 5478 1755 5512 :
1790 5460 1972 5512 anima
2007 5470 2185 5511 vestra

635 5554 972 5606 meditabitur
1018 5556 1287 5606 timorem.
1360 5552 1452 5605 Ubi
1505 5563 1627 5605 sunt
1681 5552 2053 5618 grammatici?
2101 5551 2186 5603 ubi

633 5645 967 5697 consiliarii?
1014 5647 1099 5697 ubi
1138 5653 1257 5706 est,
1289 5644 1378 5706 qui
1414 5653 1658 5696 numerat
1686 5659 1778 5695 eos
1808 5644 1898 5710 qui
1951 5642 2190 5694 nutriunt

633 5751 852 5800 parvum
876 5750 926 5789 et
951 5751 1202 5804 magnum
1237 5735 1486 5803 populum
1515 5736 1536 5784 ?
1581 5737 1664 5788 cui
1696 5750 1797 5788 non
1832 5735 1979 5788 dedit
2015 5733 2191 5786 consi-

633 5828 760 5881 lium
788 5868 802 5894 ,
835 5844 1001 5897 neque
1048 5829 1202 5883 scivit
1238 5842 1421 5882 vocem
1476 5828 1830 5894 altiloquam;
1870 5828 1938 5880 ita
1984 5836 2040 5879 ut
2085 5840 2189 5880 non

2288 3381 2468 3425 τοντες
2498 3365 2591 3414 τοῦ
2624 3362 2694 3431 μὴ
2725 3361 2949 3412 ἀκοῦσαι
2984 3361 3157 3428 κρίσιν
3184 3360 3430 3429 αἵματος,
3465 3362 3705 3429 μυῶντες
3735 3364 3869 3427 τοὺς

2288 3455 2594 3523 ὀφθαλμσὺς
2628 3453 2724 3505 τοῦ
2773 3457 2844 3521 μὴ
2876 3454 3095 3522 θεωρεῖν
3130 3452 3309 3504 ἄδικον
3344 3452 3576 3522 πρᾶξιν;
3611 3453 3866 3519 Τοιοῦτος

2288 3544 2344 3596 δὲ
2369 3541 2434 3612 ἦν
2458 3545 2484 3594 ὁ
2521 3542 2678 3613 χορὸς
2706 3543 2811 3592 τῶν
2842 3542 3131 3610 προξητῶν
3157 3540 3250 3593 τοῦ
3290 3542 3445 3606 Θεοῦ,
3478 3543 3573 3595 καὶ
3605 3546 3710 3605 πᾶς
3744 3543 3868 3596 θεο-

2291 3635 2447 3703 φιλὴς
2479 3635 2635 3702 ἀνὴρ,
2665 3635 2691 3685 ὅ
2717 3651 2775 3685 τε
2809 3632 2967 3702 χορὸς
2999 3633 3104 3685 τῶν
3140 3635 3449 3686 ἀποστόλων
3482 3636 3576 3686 καὶ
3605 3635 3866 3705 μαθητῶν

2291 3726 2538 3796 Σωτῆρος
2580 3725 2752 3794 ἡμῶν.
2775 3727 2916 3786 «Πᾶς
2955 3724 3131 3776 τοίνυν
3179 3726 3207 3775 ό
3236 3725 3475 3786 τοιοῦτος
3527 3727 3865 3800 ἀπαγγέλλει

2291 3820 2440 3887 ἡμῖν,
2472 3819 2623 3884 φασὶ,
2667 3817 2797 3869 διότι
2848 3817 2958 3886 πῦρ
2999 3817 3208 3868 καίεται
3255 3819 3366 3879 τοῖς
3415 3817 3663 3870 ἀσεϐέσιν
3715 3821 3866 3888 ἡτοι-

2296 3908 2596 3976 μασμένον·
2645 3910 2672 3958 ό
2714 3907 2770 3959 δὲ
2817 3907 2976 3968 αὑτὸς
3024 3908 3116 3957 καὶ
3161 3907 3249 3957 τὸν
3294 3907 3458 3959 τόπον
3502 3909 3601 3976 τῆς
3639 3912 3866 3965 αἰωνίου

2292 4001 2523 4068 κρίσεως
2564 3998 2790 4065 δηλώσει
2835 3999 2984 4065 ἡμῖν,
3030 3999 3613 4070 προσμαρτυρούμενος
3656 4005 3867 4072 φυλάτ-

2291 4091 2477 4142 τεσθαι
2516 4089 2589 4159 μὴ
2620 4091 2936 4159 περιπεσεῖν
2964 4091 3042 4151 είς
3068 4089 3255 4159 αὑτήν.

2368 4201 2384 4232 ι
2415 4179 2578 4244 Οὗτος
2610 4185 2815 4252 οἰκήσει
2867 4183 2923 4233 ὲν
2975 4181 3158 4250 adipi?
3192 4181 3438 4252 σπηλαίῳ
3475 4184 3679 4253 πέτρας
3709 4186 3870 4256 ἰσχυ-

2295 4275 2422 4345 ρᾶς·
2478 4275 2639 4343 ἄρτος
2685 4271 2831 4340 αὐτῴ
2887 4271 3189 4340 δοθήσεται,
3235 4273 3329 4324 καὶ
3380 4273 3440 4323 τὸ
3496 4273 3639 4344 ὕδωρ
3695 4276 3868 4329 αὑτοῦ

2293 4363 2500 4415 πιστόν.
2542 4381 2559 4412 ι
2593 4362 2762 4423 Αὐτὸς
2804 4361 2858 4412 δὲ
2909 4355 3083 4423 οὗτος,
3121 4361 3337 4432 μακρὰν
3367 4361 3460 4413 τοῦ
3507 4364 3674 4433 πυρὸς
3706 4381 3870 4434 γεγο-

2294 4451 2398 4514 νὼς
2429 4451 2636 4504 καὶτοῦ
2677 4451 3065 4521 προλεχθέντος
3096 4453 3314 4504 αἰωνίου
3345 4453 3531 4515 τόπου,
3563 4458 3774 4524 οἰκήσει
3808 4460 3869 4510 ἐν

2296 4542 2481 4613 ὑψηλῷ
2533 4543 2799 4613 σπηλαίῳ,
2843 4545 2936 4595 καὶ
2984 4544 3076 4594 ἐπὶ
3117 4544 3323 4614 πέτρας
3359 4547 3600 4615 ἰσχυρᾶς.
3627 4549 3784 4600 Κατὰ
3810 4551 3869 4603 δὲ

2293 4635 2720 4703 τὸν-Σύμμαχον,
2775 4653 2793 4684 ι
2845 4633 3031 4696 Ἀὐτὸς
3066 4636 3121 4686 ὲν
3155 4634 3380 4702 ὑψηλοῖς
3427 4639 3865 4706 κατασκηνώσει,

2293 4725 2367 4788 ὡς
2402 4727 2652 4794 περιοχαὶ
2682 4724 2897 4795 πετρῶν
2917 4723 2977 4777 τὸ
3006 4725 3136 4792 ὕψος
3160 4724 3355 4776 αὐτοῦ’
3392 4745 3410 4776 ι
3437 4727 3511 4788 ὼς
3545 4731 3684 4781 νοεῖν
3714 4733 3868 4800 ἡμᾶς

2293 4815 2376 4868 διὰ
2408 4816 2610 4869 τούτων
2649 4817 2745 4886 τὴν
2792 4817 2899 4868 τῶν
2928 4817 3209 4886 μακαρίων
3237 4818 3486 4885 auriam,
3526 4821 3618 4871 καὶ
3666 4822 3758 4874 τὸν
3809 4826 3868 4876 ὲν

2293 4908 2576 4978 ἀκροτάτῳ
2607 4908 2923 4975 φιλοσοφίας
2963 4907 3072 4976 βίον
3117 4909 3328 4960 αὑτῶφ
3386 4909 3465 4962 διὸ
3516 4911 3866 4978 ἐπιλέγεταε,

2299 5019 2318 5050 ι
2354 5002 2516 5070 ἄρτος
2543 5001 2691 5070 αὑτῷ
2719 5001 3022 5068 δοθήσεται,
3051 5001 3142 5053 καὶ
3161 5001 3221 5052 τὸ
3248 5001 3390 5071 ὕδωρ
3419 5003 3582 5054 αὑτοῦ
3611 5007 3859 5059 πιστόν.»

2307 5095 2364 5145 '0
2393 5095 2450 5146 δὲ
2474 5095 2734 5156 τοιοῦτος,
2773 5095 2921 5162 ἄρτῳ
2955 5093 3048 5145 καὶ
3085 5093 3234 5146 ὕδατι
3262 5095 3360 5162 τὴν
3396 5095 3675 5164 παροῦσαν
3713 5095 3861 5166 ζωὴν

2295 5185 2573 5254 ἀσκηθεὶς,
2612 5185 2782 5255 πέρας
2811 5183 2920 5246 ἕξει
2954 5185 3046 5236 καὶ
3073 5184 3282 5254 καρπὸν
3316 5185 3415 5254 τῆς
3447 5187 3734 5255 ἀσκήσεως
3764 5192 3865 5260 τὴν

2296 5273 2498 5340 ἔνδοξον
2521 5276 2615 5327 τοῦ
2647 5275 2904 5344 βασιλέως
2928 5275 3053 5328 θέαν
3075 5293 3088 5305 ·
3117 5277 3197 5328 διό
3222 5293 3383 5344 φησιν
3407 5294 3420 5306 ’

2369 5388 2386 5417 ι
2427 5368 2654 5419 Βασιλέα
2687 5367 2820 5436 μετά
2865 5367 3020 5438 δόξης
3045 5367 3260 5435 ὄψεσθε,
3299 5371 3348 5420 οί
3392 5368 3659 5439 ὀφθαλμοὶ
3709 5372 3868 5441 ὑμῶν

2294 5459 2511 5527 ὄψονται
2546 5459 2648 5527 γῆν
2674 5458 2974 5529 πορρωθεν,
3005 5461 3036 5528 ὴ
3071 5458 3215 5529 ψυχὴ
3257 5459 3723 5531 ὑμῶν.μελετήσει
3770 5465 3868 5531 φό-

2294 5551 2406 5604 ϐον.
2441 5551 2550 5602 Ποῦ
2581 5552 2714 5602 εἰσιν
2739 5551 2787 5602 οἰ
2819 5551 3217 5620 γραμματικοί;
3252 5549 3362 5602 Ποῦ
3388 5553 3522 5604 εἰσιν
3543 5554 3593 5604 οἱ
3626 5555 3868 5623 συμϐου-

2293 5643 2571 5705 λεύοντες;
2625 5641 2732 5693 Ποῦ
2780 5644 2925 5693 ἐστιν
2978 5644 3006 5692 ὁ
3053 5641 3298 5710 ἀριθμῶν
3341 5643 3464 5705 τοὺς
3493 5647 3865 5718 τρεφομένοσς

2299 5733 2489 5803 μικρὸν
2527 5732 2618 5784 καὶ
2674 5732 2842 5800 μέγαν
2872 5732 3029 5795 λαόν;
3144 5732 3204 5783 οὐ
3244 5733 3714 5800 συνεϐουλεύσατο,
3743 5739 3864 5790 οὐδὲ

2296 5825 2410 5895 ᾔδει
2445 5822 2778 5893 βαθύφωνον,
2814 5821 2954 5875 ὥστε
3003 5823 3076 5892 μὴ
3111 5821 3370 5875 ἀκοῦσαν
3429 5824 3556 5888 λαὸς
3594 5828 3864 5896 πειραυλι-
