4058 6438
198 419 300 474 329

1119 409 1609 469 ΟΟΗΜΕΝΤΑΒΙΑ
1649 407 1721 464 IN
1764 404 2018 462 ISAIAM.
2058 435 2128 445 —
2163 400 2314 458 CAP.
2360 397 2595 455 XXXIII.

3341 397 3444 450 57:0

199 528 411 598 σμένος,
457 528 555 582 καὶ
605 526 706 580 οὐκ
754 525 870 577 ἔστι
924 522 999 594 τῷ
1056 524 1306 578 ἀκούοντι
1330 523 1563 586 σύνεσις.
1604 543 1621 574 ι
1661 523 1769 575 Ποῦ

1896 520 2059 573 mdiat
2091 539 2103 572 ε
2143 516 2372 587 populus
2402 523 2741 584 contemptus
2770 553 2799 579 ,.
2832 518 2886 566 et
2932 526 3035 567 non
3066 520 3150 567 est
3200 512 3440 567 audienti

198 620 329 670 εἰσιν
354 618 407 670 oi
445 618 815 688 γραμματεῖς,
848 617 897 667 οί
926 615 985 667 τὸ
1024 614 1256 685 γράμμα
1291 614 1389 667 τοῦ
1430 615 1593 685 νόμου
1641 630 1773 682 πρε-

1878 610 2253 680 intelligentia.
2289 626 2309 661 ι
2350 607 2449 663 Ubi
2482 616 2611 662 sunt
2658 604 2867 659 Scriba:
2893 643 2909 668 ,
2956 604 3046 673 qui
3093 604 3225 673 legis
3259 603 3452 658 littera:

201 709 548 771 σϐεύσαντες,
586 706 681 759 καὶ
717 706 840 777 μηδ’
864 705 1050 775 ἕτερον
1076 705 1281 768 είδότες
1307 708 1444 759 νοεῖν
1475 705 1508 775 ἢ
1545 704 1646 768 τὰς
1675 704 1773 775 τῆς

1896 703 2311 766 iatrocinantur,
2346 698 2593 768 nihilque
2623 695 2770 751 aliud
2800 698 3042 766 cogitant
3067 734 3085 759 ,
3132 711 3295 763 quam
3344 695 3448 749 ob-

200 798 391 862 λὲξεως
432 796 813 867 ἀπαγγελίαςς
869 796 971 860 Οὓς
1029 795 1340 861 ὲταλᾶινιζεν
1384 798 1414 849 6
1468 794 1659 866 Σωτὴρ
1718 795 1776 847 ὲν

1896 793 2020 848 viam
2046 791 2302 846 dictionis
2331 789 2764 847 enuntiationem
2794 788 2818 842 τ
2865 787 3011 854 Quos
3045 788 3276 842 miseros
3307 802 3449 856 pra:-

202 888 549 957 Εὑαγγελίοις
604 886 777 955 λέγων
801 903 814 917 ο
857 905 878 938 ι
918 887 1053 940 Οὐαὶ¹
1111 886 1259 957 ὑμῖν,
1287 886 1634 957 γραμματεῖς
1684 882 1779 937 καὶ⁵

1898 884 2095 939 licabat
2128 882 2378 939 Salvator
2422 881 2476 936 in
2505 879 2811 950 Evangeliis
2837 880 3019 934 dicens
3042 919 3057 940 ,
3094 896 3113 929 ι
3155 876 3244 931 Vae
3280 878 3453 941 vobis,

202 982 477 1053 Φαρισαῖοι
506 980 818 1051 ὑποκριταί.
862 999 880 1031 ι
921 978 1032 1033 Ποῦ
1076 978 1184 1051 γὰρ
1242 970 1393 1031 οὗτοι
1446 976 1778 1047 φανήσονται

203 1076 255 1125 ὲν
279 1071 469 1143 ἡμέρᾳ
498 1070 603 1140 τῆς
625 1069 890 1142 κρίσεως;
938 1070 987 1123 οῖ
1024 1069 1250 1133 κόλακες
1299 1068 1619 1139 ἐξέστρεφον
1653 1066 1779 1129 τοὺς

206 1162 668 1232 κολακευομένους
692 1162 895 1223 αὐτοῖς.

273 1273 292 1307 ι
339 1253 473 1307 Ἰδοὺ
498 1252 637 1306 Σιὼν
664 1254 697 1323 ἡ
727 1252 904 1314 πόλις,
936 1250 998 1303 τὸ
1030 1250 1304 1321 Σωτήριον
1334 1247 1491 1320 ἡμῶν
1514 1248 1564 1300 οῖ
1585 1246 1784 1317 ὀφθαλ-

210 1343 295 1412 μοί
326 1358 423 1395 σου
447 1340 689 1411 ὄψονται,
717 1340 1071 1413 Ἰερουσαλήμ
1089 1356 1102 1369 ·
1134 1326 1286 1402 πόλις
1312 1337 1562 1401 πλουσία,
1589 1337 1784 1408 σκηναὶ

206 1434 260 1487 αῖ
282 1433 344 1486 οὐ
373 1432 452 1503 μὴ
488 1431 798 1495 σεισθῶσιν,
829 1431 948 1485 οὐδὲ
985 1432 1060 1502 μὴ
1103 1428 1397 1501 κινηθῶσιν
1436 1430 1487 1482 οί
1522 1428 1783 1482 πάσσαλοι

204 1525 300 1594 τῆς
337 1524 549 1595 σκηνῆς
590 1524 761 1592 αὐτῆς
814 1524 894 1587 είς
925 1523 1017 1576 τὸν
1062 1521 1234 1575 αίῶνα
1284 1520 1495 1593 χρόνον,
1546 1518 1667 1573 οὐδὲ
1714 1518 1786 1571 τὰ

209 1614 411 1685 σχοινία
433 1613 606 1683 αὐτῆς
625 1613 687 1667 οὐ
717 1614 795 1685 μὴ
820 1612 1238 1685 διαρῤαγῶσιν.·
1259 1631 1278 1664 ι
1309 1610 1571 1684 Σημαίνει
1614 1610 1672 1663 δὲ
1697 1608 1786 1663 διὰ

204 1704 405 1760 τούτων
434 1706 464 1758 6
489 1706 665 1774 λόγος,
699 1705 972 1777 Σωτήριον
1002 1705 1099 1775 μὶν
1126 1704 1217 1757 τὸν
1241 1702 1474 1774 Χριστὸν
1502 1702 1597 1755 τοῦ
1630 1701 1785 1763 Θεοῦ,

207 1798 357 1852 πόλιν
382 1797 443 1850 δὲ
482 1796 683 1869 ἑορτῶν
706 1796 802 1868 τὴν
847 1794 1171 1865 Ἐκκλησίαν
1198 1792 1294 1847 τοῦ
1332 1792 1489 1847 Θεοῦ.
1531 1792 1644 1862 Τῆς
1690 1792 1787 1862 μὲν

205 1889 312 1963 γάρ
357 1866 656 1960 Ἰουδαῖκῆς
684 1866 1038 1958 Ἰερουσαλὴμ
1081 1885 1340 1949 πολλάκις
1378 1884 1699 1955 ἐσείσθησαν
1728 1884 1783 1937 αί
1820 1866 1859 1921 Β

204 1982 425 2056 σκηναὶ,
453 1980 906 2051 πολιορκηθείσης
929 1978 1200 2049 διαφόρως
1223 1979 1317 2031 καὶ
1336 1978 1416 2041 είς
1437 1976 1628 2046 ἔδαφος
1652 1992 1784 2029 κατ-

203 2072 518 2145 ενεχθείσης
565 2070 670 2126 ὑπὸ
732 2070 842 2125 τῶν
904 2069 1047 2123 κατὰ
1085 2068 1312 2140 χρόνους
1360 2067 1784 2139 πολεμησάντων

202 2163 404 2234 αὑτήνο
461 2162 564 2234 τῆς
614 2162 673 2215 δὲ
728 2160 922 2231 καινῆς
980 2158 1185 2229 ταύτης
1245 2158 1455 2222 πόλεως
1492 2157 1784 2228 ἀκινήτους

203 2255 370 2326 φησιν
404 2254 626 2308 ἔσεσθαι
674 2256 800 2317 τοὺς
838 2252 1167 2317 πασσάλους.
1215 2250 1336 2305 Κᾶν
1382 2250 1493 2323 γὰρ
1529 2250 1785 2322 νομίζητε

205 2363 336 2400 ποτε
358 2350 420 2402 ὲν
452 2347 716 2418 διωγμοῖς
743 2343 1064 2399 ἐλαύνεσθαι
1091 2343 1187 2398 καὶ
1219 2342 1640 2414 πολιορκεῖσθαι,
1672 2341 1785 2395 ἀλλ’

202 2436 297 2491 ἐπὶ
319 2437 423 2508 τὴν
456 2436 663 2507 πέτραν
698 2434 912 2489 ἑστῶσα
952 2434 1103 2507 μένει
1142 2432 1212 2487 δι’
1255 2432 1450 2497 αἰῶνος
1502 2432 1781 2496 άπτωτοςο

203 2527 441 2599 ἀψευδὴς
463 2527 574 2599 γὰρ
604 2522 672 2598 ἦν
696 2526 725 2579 6
751 2523 920 2579 είπῶν
943 2541 959 2557 ·
998 2544 1018 2578 ι
1062 2524 1187 2579 Ἐπὶ
1216 2523 1315 2597 τὴν
1346 2521 1551 2595 πέτραν
1582 2522 1787 2576 οίκοδο-

208 2620 367 2689 μήσω
398 2634 502 2688 μου
528 2616 625 2689 τὴν
660 2616 1009 2688 Ἐκκλησίαν,
1040 2615 1137 2670 καὶ
1174 2613 1343 2669 πύλαι
1388 2613 1517 2687 ᾅδου
1563 2613 1625 2667 ού
1652 2631 1786 2668 κατ-

209 2709 525 2780 ισχύσουσιν
551 2708 743 2779 αὐτῆς.
780 2726 800 2761 ι

279 2818 300 2852 ι
335 2801 463 2854 ὀτι
507 2797 765 2869 τὸόνομα
820 2796 1025 2871 Κυρίου
1082 2798 1221 2870 μέγα
1264 2799 1430 2871 ὑμῖν,
1472 2796 1633 2863 τόπος
1662 2798 1789 2868 ὑμῖν

204 2888 379 2955 δοται,
409 2889 646 2961 ποταμοὶ
669 2890 763 2945 καὶ
803 2889 1066 2963 διώρυγες
1096 2891 1320 2955 πλατεῖς
1345 2892 1439 2945 καὶ
1468 2891 1786 2964 εὐρύχωροι.

205 2982 283 3035 υὺ
323 2979 784 3053 πορεύσηταύτην
807 2982 906 3053 τὴν
932 2981 1069 3047 ὁδὸν,
1101 2982 1222 3035 οὐδὲ
1256 2981 1581 3053 πορεύσεται
1606 2982 1790 3035 πλοῖον

206 3074 455 3131 ὲλαῦνον.
506 3074 566 3127 '0
616 3074 726 3144 γὰρ
762 3073 897 3139 Θεὸς
957 3092 1059 3146 μου
1113 3076 1291 3146 μέγας
1330 3074 1507 3127 ἐστίν’
1538 3073 1601 3127 οὐ
1646 3090 1789 3147 παρ-

206 3165 596 3272 ελεύσεταίομε
643 3166 848 3272 Ιξύριος
896 3167 1089 3239 κριτὴς
1146 3167 1326 3238 ἡμῶν,
1362 3167 1567 3272 Κύριος
1608 3167 1791 3239 ἄρχων
1818 3211 1863 3272 c

128 3328 137 3341 '
209 3258 394 3330 ήμῶν,
430 3255 636 3329 Κύριος
671 3256 926 3329 βασιλεὺς
970 3257 1151 3329 ήμῶν,
1204 3258 1408 3330 Κύριος
1459 3252 1615 3323 οὗτος
1645 3260 1792 3330 ἡμᾶς

210 3349 399 3405 σώσει.
432 3369 453 3402 ι
483 3349 626 3404 Αὐτὸ
670 3350 734 3403 τὸ
768 3349 961 3422 ὄνομα,
995 3352 1148 3423 φησὶ,
1184 3352 1390 3423 Κυρίου
1427 3351 1590 3416 τόπος
1640 3351 1793 3404 ἔσται

208 3441 384 3514 ταύτῃ
408 3444 476 3512 τῇ
505 3442 664 3511 καινῇ
687 3440 840 3494 πόλει
873 3444 939 3512 τῇ
970 3442 1205 3513 ἀσείστῳ
1240 3442 1334 3496 καὶ
1365 3442 1630 3513 άπτώτῳο
1688 3439 1795 3495 διό-

211 3548 341 3601 περ,
366 3531 442 3592 ὼς
470 3530 537 3584 ἂν
568 3530 663 3583 ἐπὶ
687 3528 780 3584 τὸν
813 3528 1034 3601 Κύρων,
1053 3530 1217 3585 τόπον
1230 3532 1361 3585 ὂντα
1386 3532 1577 3603 αὐτῆς,
1598 3531 1795 3603 ᾠκοδο-

212 3621 458 3693 μημένη,
484 3621 731 3684 άσειστος
778 3620 947 3691 μένει.
988 3622 1066 3675 Δι’
1099 3615 1174 3676 ὧν
1202 3624 1231 3677 6
1270 3622 1426 3691 λόγος
1468 3624 1567 3695 τῆς
1598 3622 1792 3692 προλε-

210 3712 440 3781 χθείσης
465 3709 673 3772 πόλεως
698 3708 788 3762 τὸν
818 3708 1019 3782 Κύριόν
1046 3727 1210 3781 φησιν
1233 3709 1453 3764 ἔσεσθαι
1482 3710 1667 3773 τόπον,
1700 3728 1796 3773 πο-

210 3801 405 3874 ταμῶν
434 3801 627 3872 ῥεῖθρα
656 3799 888 3869 ἑχόντων
919 3801 1010 3854 καὶ
1054 3801 1327 3874 διώρυγας
1354 3801 1575 3865 πλατεῖς
1595 3818 1610 3832 ο
1649 3801 1793 3856 ὥστε

212 3893 395 3962 λέγειν
412 3909 428 3922 ο
463 3910 483 3944 ι
511 3892 619 3946 Τοῦ
647 3890 892 3961 ποταμοῦ
913 3891 981 3944 τὰ
1007 3892 1301 3963 ὀρμήματα
1328 3891 1675 3963 εὐφραίνουσι
1697 3891 1796 3962 τὴν

213 3984 373 4039 πόλιν
396 3983 490 4037 τοῦ
520 3981 677 4049 Θεοῦ,
716 4003 736 4035 ι
770 3983 864 4037 καὶ
895 4001 913 4035 ι
961 3983 1020 4035 '0
1056 3982 1300 4054 ποταμὸς
1331 3982 1426 4037 τοῦ
1458 3982 1593 4037 Θεοῦ
1638 3982 1799 4052 ἐπλη-

216 4076 369 4149 ρώθη
406 4074 635 4139 ὑδάτων,
676 4093 695 4126 ι
720 4074 809 4129 διὰ
853 4074 915 4127 τδ
957 4075 1121 4128 αὑτὸν
1154 4075 1247 4127 τὸν
1276 4073 1479 4146 Κύριον
1520 4068 1661 4127 εἶναι
1707 4072 1798 4126 τὸν

214 4168 387 4222 τόπον
437 4165 637 4221 αὐτῶν.
664 4165 827 4219 Ὅθεν
872 4165 1085 4238 ἐχθροῖς
1139 4166 1234 4220 καὶ
1279 4165 1563 4237 πολεμίοις
1608 4164 1798 4218 ἀνεπί-

220 4260 379 4312 ϐατοι
405 4257 762 4328 τυγχάνουσιν
788 4259 837 4311 οἱ
886 4258 1141 4328 ποταμοὶ,
1169 4257 1268 4328 τὴν
1294 4256 1680 4330 προλεχθεῖσαν
1703 4255 1799 4309 τοῦ

215 4350 358 4404 θεοῦ
392 4349 547 4403 πόλιν
573 4349 696 4402 ἀντὶ
725 4348 1009 4419 περιϐόλου
1065 4348 1390 4414 κυκλοῦντες
1432 4348 1527 4403 καὶ
1557 4366 1799 4421 περιτει-

214 4444 464 4514 χίζοντες
482 4458 496 4471 ο
522 4441 598 4504 ὡς
612 4442 776 4494 πᾶσιν
791 4440 1091 4512 ἀλλοτρίοις
1112 4439 1401 4495 άδιάόατον
1418 4436 1556 4495 εἶναι
1572 4457 1584 4471 ·
1612 4440 1799 4511 ἐπειδὴ

1885 976 2094 1032 Scriba:
2119 984 2174 1030 et
2207 972 2469 1030 Pharisaei
2501 972 2794 1044 hypocrita:
2822 970 2889 1025 "‘.
2929 989 2948 1021 ι
2989 966 3217 1023 Ubinam
3254 968 3326 1022 illi
3357 984 3452 1036 ap-

1883 1071 2149 1141 parebunt
2176 1069 2229 1123 in
2267 1067 2353 1123 die
2375 1065 2565 1138 judicii
2589 1064 2614 1120 ί
2644 1065 2761 1134 qui,
2790 1072 2979 1133 utpote
3007 1062 3339 1127 adulatores,
3361 1078 3456 1119 eos

1885 1162 2083 1232 quibus
2115 1159 2527 1216 assentahantur
2551 1159 2893 1213 avertebant.

1954 1253 2121 1309 Vsus.
2150 1253 2242 1308 ΞΟ.
2276 1271 2302 1313 ι
2336 1252 2474 1307 Ecce
2506 1248 2637 1305 Sion
2668 1248 2863 1305 civitas
2888 1289 2905 1315 ,
2932 1247 3184 1303 Salutare
3213 1255 3460 1301 nostrum

1885 1345 2026 1401 oculi
2054 1345 2127 1399 tui
2156 1342 2437 1409 videbunt,
2465 1340 2767 1397 Jerusalem
2788 1381 2806 1407 ,
2829 1340 3026 1396 civitas
3057 1339 3210 1395 dives
3232 1377 3249 1404 ,
3283 1337 3463 1392 taber-

1886 1435 2077 1491 nacula
2110 1450 2233 1505 qua:
2278 1449 2389 1490 non
2431 1433 2831 1499 concutientur,
2869 1446 3048 1501 neque
3101 1429 3465 1486 movebuntur

1886 1527 2071 1599 paxilli
2109 1524 2443 1581 tabernaculi
2490 1524 2608 1595 ejus
2662 1524 2717 1579 in
2760 1525 3151 1593 sempiternum
3205 1532 3421 1592 tempus
3449 1562 3463 1582 .

1889 1632 2063 1687 neque
2097 1616 2321 1673 funiculi
2354 1615 2472 1687 ejus
2519 1616 2914 1685 dirumpentur.
2974 1634 2993 1668 ι
3048 1614 3144 1670 llis
3176 1629 3343 1685 porro
3390 1618 3468 1668 si--

1888 1710 2132 1782 gniﬁcat,
2167 1707 2419 1764 Salutare
2445 1708 2662 1778 quidem
2691 1721 2814 1763 esse
2838 1707 3113 1762 Christum
3137 1707 3230 1761 Dei
3250 1746 3267 1773 ,
3303 1706 3470 1762 festo-

1894 1819 2011 1858 rum
2064 1815 2190 1857 vero
2234 1800 2514 1856 civitatem
2564 1813 2686 1853 esse
2721 1798 2815 1852 Dei
2848 1796 3172 1853 Eccledam.
3208 1795 3344 1851 Nam
3373 1793 3469 1850 Ju-

1892 1895 2061 1949 daicae
2107 1892 2323 1963 quidem
2348 1890 2739 1960 Hierosolyma:
2771 1889 3115 1944 tabernacula
3149 1887 3471 1959 plerumque

1890 1999 2145 2041 succussa
2176 1993 2306 2040 sunt
2347 1982 2402 2037 in
2436 1981 2606 2036 variis
2638 1980 2745 2036 illis
2774 1979 3163 2037 obsidionibus
3187 2020 3204 2046 ,
3253 1981 3470 2051 quando

1892 2074 2081 2129 illaab
2111 2072 2547 2143 expugnantibus
2570 2071 2688 2127 solo
2731 2087 2839 2127 non
2866 2073 3038 2128 semel
3067 2082 3281 2142 aequata
3321 2072 3464 2140 fuit;

1893 2181 2047 2222 novas
2075 2175 2255 2221 autem
2298 2162 2526 2233 hujusce
2566 2162 2717 2219 urbis
2747 2163 2998 2218 immotos
3037 2164 3116 2218 ait
3148 2163 3267 2219 fore
3296 2164 3471 2233 paxil-

1893 2258 1994 2313 los.
2030 2256 2255 2312 Etiamsi
2282 2254 2430 2311 enim
2460 2254 2663 2326 putetis
2709 2269 3097 2326 nonnunquam
3131 2270 3226 2311 vos
3253 2255 3308 2311 in
3338 2270 3467 2325 per-

1893 2348 2263 2405 seeutionibus
2289 2345 2412 2417 pelli
2439 2356 2494 2402 et
2517 2346 2755 2401 obsideri
2788 2364 2803 2402 :
2835 2356 2894 2401 at
2920 2346 3014 2402 illa
3040 2360 3255 2416 semper
3288 2347 3343 2401 in
3371 2360 3468 2415 pe-

1894 2456 1978 2499 tra
2016 2444 2286 2508 consistit,
2312 2451 2369 2499 et
2395 2443 2615 2497 immota
2646 2449 2828 2497 manet
2854 2441 2907 2497 in
2934 2440 3193 2497 saeculum
3222 2460 3236 2495 :
3263 2439 3467 2496 etenim

1894 2535 2109 2593 mentiri
2156 2534 2344 2603 nequit
2376 2534 2423 2589 is
2454 2535 2543 2603 qui
2575 2533 2711 2589 dixit
2740 2552 2754 2589 ε
2795 2552 2815 2585 ι
2850 2533 3028 2604 Super
3070 2540 3278 2603 petram
3300 2530 3473 2588 aediﬁ-

1896 2627 2035 2684 cabo
2068 2626 2367 2684 Eeclcsiam
2405 2640 2581 2681 meam
2608 2665 2625 2691 ,
2652 2635 2708 2682 et
2733 2636 2902 2696 portae
2936 2625 3093 2680 inferi
3124 2641 3229 2680 non
3266 2638 3471 2696 praeva-

1896 2721 2080 2777 lebunt
2106 2720 2371 2774 adversus
2398 2731 2520 2774 eam
2560 2717 2627 2772 ι’.
2668 2736 2688 2769 ι

1966 2806 2130 2863 Vsus.
2164 2807 2365 2875 Ἠλὶ.
2402 2825 2422 2859 ι
2445 2806 2712 2874 Quoniam
2740 2823 2934 2865 nomen
2972 2809 3184 2866 Domini
3214 2822 3472 2881 magnum

1895 2901 2050 2959 vobis
2075 2943 2092 2967 ,
2134 2901 2283 2956 locus
2324 2898 2479 2955 vobis
2509 2899 2613 2955 erit
2661 2898 2882 2956 ﬂumina
2928 2912 2984 2959 et
3017 2902 3117 2957 rivi
3148 2901 3239 2957 lati
3268 2910 3323 2957 et
3346 2915 3473 2971 spa-

1898 2993 2050 3050 tiosi.
2079 2992 2196 3048 Non
2237 2991 2544 3047 ambulabis
2568 3006 2665 3062 per
2705 2992 2845 3047 hanc
2868 2991 3009 3048 viam
3030 3032 3047 3059 ,
3081 3008 3258 3063 neque
3283 2992 3475 3047 ambu—

1899 3083 2037 3139 labit
2068 3082 2346 3153 navigium
2371 3097 2687 3153 properans.
2721 3084 2864 3139 Deus
2883 3084 3029 3139 enim
3065 3099 3217 3141 meus
3246 3098 3476 3154 magnus

1896 3183 2001 3229 est.
2040 3172 2157 3228 Non
2198 3172 2451 3229 transibit
2472 3184 2563 3229 me
2590 3174 2849 3231 Dominus
2870 3173 3037 3244 judex
3063 3185 3267 3238 noster,
3295 3176 3476 3231 Domi-

1896 3280 1997 3322 nus
2016 3266 2269 3336 princeps
2297 3275 2505 3331 noster,
2540 3266 2804 3322 Dominus
2834 3282 2931 3322 rex
2964 3276 3175 3333 noster,
3216 3267 3477 3322 Dominus

1895 3357 1986 3411 hic
2022 3355 2257 3411 salvabit
2284 3370 2409 3411 nos.
2449 3374 2468 3409 ι
2518 3354 2675 3426 IIuic,
2705 3358 2921 3430 inquit,
2947 3373 3100 3414 nova:
3127 3359 3335 3414 civitati
3388 3360 3476 3413 in-

1895 3461 2177 3505 concussa:
2203 3456 2259 3501 et
2305 3447 2566 3504 immobili
2593 3488 2610 3515 ,
2639 3450 2815 3520 ipsum
2841 3465 3039 3507 nomen
3076 3450 3291 3506 Domini
3324 3450 3477 3507 locus

1894 3539 2001 3596 erit
2030 3557 2044 3593 :
2073 3552 2249 3609 quare
2277 3554 2438 3609 supra
2486 3539 2772 3595 Dominum
2797 3580 2813 3606 ,
2860 3541 3040 3597 locum
3072 3556 3229 3597 suum
3260 3581 3278 3607 ,
3303 3541 3476 3596 adifi-

1896 3640 2018 3687 cata
2042 3672 2058 3695 ,
2087 3633 2309 3686 immota
2346 3641 2551 3687 manet.
2582 3630 2680 3689 Bis
2710 3633 2892 3704 itaque
2921 3632 3264 3705 significatur
3298 3635 3473 3703 ipsum

1897 3724 2182 3780 Dominum
2214 3722 2482 3791 praedictae
2529 3723 2770 3778 civitatis
2807 3723 2985 3779 locum
3019 3723 3260 3777 futurum
3310 3737 3431 3778 esse
3457 3763 3472 3783 ,

1896 3814 2176 3871 ﬂuminum
2211 3813 2380 3869 alveis
2409 3823 2466 3871 et
2492 3814 2617 3871 latis
2646 3816 2778 3870 rivis
2811 3816 3133 3872 instructum
3154 3854 3170 3880 ,
3200 3816 3272 3869 ita
3304 3824 3363 3867 ut
3394 3814 3471 3868 di-

1898 3915 2089 3969 catur,
2156 3921 2177 3956 ι
2239 3903 2504 3962 Fluminis
2559 3906 2793 3975 impetus
2860 3906 3140 3963 laetilicant
3198 3907 3473 3961 civitatem

1900 3999 1992 4053 Dei
2025 3996 2092 4063 “,
2128 4015 2145 4049 ι
2181 4006 2237 4051 et
2260 4037 2275 4061 ,
2313 4014 2333 4049 ι
2369 3996 2595 4054 Flumen
2626 3997 2720 4054 Dei
2748 3998 3011 4069 repletum
3046 4006 3129 4052 est
3158 3998 3313 4068 aquis
3344 3997 3412 4063 ιδ,
3452 4016 3471 4049 ι

1901 4096 2025 4163 quia
2063 4090 2270 4146 scilicet
2306 4090 2419 4160 ipse
2450 4090 2707 4146 Dominus
2736 4090 2886 4145 locus
2915 4104 3105 4145 eorum
3138 4098 3243 4142 est.
3271 4088 3479 4155 Quam-

1900 4186 2085 4242 obrem
2119 4184 2303 4238 isthac
2332 4180 2553 4236 ﬂumina
2575 4181 2826 4238 hostibus
2861 4181 3206 4249 inimicisque
3234 4179 3472 4233 inacccs-

1902 4292 1960 4331 sa
1986 4283 2157 4337 sunt,
2183 4286 2305 4342 quae
2347 4273 2658 4341 pmdictam
2713 4273 2804 4328 Dei
2837 4274 3114 4329 civitatem
3150 4270 3474 4326 munimenti

1902 4367 2021 4421 loco
2055 4363 2396 4419 circumdant
2421 4374 2479 4420 et
2507 4365 2799 4428 ambiunt;
2832 4367 2907 4420 ita
2954 4374 3012 4418 ut
3058 4363 3331 4419 extraneis
3360 4362 3478 4432 qui-

1905 4460 2112 4528 busque
2139 4456 2316 4512 aditus
2344 4456 2417 4511 sit
2444 4455 2625 4509 nullus
2661 4474 2677 4511 :
2709 4457 2963 4526 quoniam
3001 4454 3294 4518 Dominus,
3328 4453 3480 4506 locus

212 4538 246 4589 6
269 4534 494 4606 Κύριος,
526 4533 693 4593 τόπος
726 4532 804 4587 ὢν
843 4532 1035 4601 αὐτῆς,
1071 4532 1242 4602 μέγας
1284 4533 1430 4587 ἐστίν
1450 4550 1462 4563 ·
1502 4532 1663 4595 αὐτὸς
1690 4532 1795 4603 γὰρ

1906 4562 2098 4619 nempe
2142 4546 2261 4617 ejus
2288 4586 2305 4613 ,
2349 4561 2679 4618 permagnus
2724 4558 2811 4604 est
2845 4566 2861 4603 :
2898 4551 3013 4617 ipse
3044 4560 3276 4616 namque
3324 4554 3481 4616 petra

212 4621 289 4697 ἦν
314 4629 349 4697 ἠ
381 4627 582 4697 πέτρα,
609 4624 694 4693 ἐφ’
720 4626 786 4696 ἢν
812 4624 1147 4696 ᾠκοδόμητο.

296 4760 317 4793 ι
362 4739 709 4812 Ἐῥράγησαν
740 4738 808 4792 τὰ
841 4738 1049 4809 σχοινία
1085 4754 1198 4799 σου,
1228 4737 1309 4789 ὅτι
1342 4736 1442 4790 οὐκ
1472 4737 1760 4807 ἐνίσχυσαν
1783 4751 1797 4765 ’

213 4833 245 4884 6
270 4830 418 4893 ἱστός
450 4845 546 4881 σου
590 4828 817 4891 ἔκλινεν,
845 4828 905 4880 οὐ
941 4827 1165 4897 χαλάσει
1197 4826 1264 4878 τὰ
1310 4826 1486 4879 ἱστία·
1536 4826 1636 4878 οὑκ
1680 4826 1805 4898 ἀρεῖ

217 4924 471 4992 σημεῖον,
502 4920 607 4982 ἓως
628 4911 689 4971 οὗ
706 4917 982 4990 παραδοθῇ
1018 4919 1095 4979 είς
1127 4918 1421 4988 προνομήν.
1448 4916 1638 4969 Τοίνυν
1670 4915 1802 4968 πολ-

214 5013 306 5066 λοὶ
357 5012 523 5083 χωλοὶ
558 5008 834 5082 προνομὴν
886 5010 1190 5079 ποιήσουσι,
1242 5009 1337 5060 καὶ
1378 5008 1439 5059 οὐ
1477 5008 1552 5079 μὴ
1586 5008 1802 5072 εἴπωσι,

217 5102 441 5168 Κοπιῶ,
474 5104 504 5156 6
534 5102 661 5164 λαὸς
691 5100 916 5153 ἑνοικῶν
952 5102 1009 5152 ὲν
1042 5100 1252 5162 αὐτοῖς’
1284 5098 1459 5171 άφέθη
1488 5100 1596 5170 γὰρ
1626 5100 1807 5162 αὐτοῖς

215 5197 254 5265 ἡ
287 5194 552 5265 ἁμαρτία.
590 5212 609 5244 ι
631 5190 890 5263 Σημαίνει
922 5192 977 5245 δὲ
1003 5192 1091 5245 διὰ
1121 5190 1325 5244 τούτων
1346 5192 1444 5261 τὴν
1475 5190 1683 5243 πτῶσιν
1708 5190 1808 5259 τῆς

217 5284 549 5353 σωματικῆς
578 5282 951 5355 Ἰερουσαλὴμ,
984 5277 1051 5352 ἧς
1091 5283 1301 5354 ὲρῤάγη
1330 5282 1399 5334 τά
1431 5281 1639 5352 σχοινία
1667 5300 1679 5311 ·
1714 5281 1808 5334 καὶ

215 5378 247 5429 6
283 5378 431 5439 ἱστὸς
463 5376 521 5429 δὲ
550 5375 743 5443 αὐτῆς,
764 5360 962 5445 ῶσπερ
1007 5374 1151 5439 τινὸς
1178 5374 1304 5444 νηὸς
1338 5376 1395 5427 ὲν
1433 5374 1669 5443 χειμῶσι
1717 5374 1810 5425 καὶ

216 5467 464 5521 nassum
487 5466 869 5536 διαπεσούσης,
892 5465 1077 5537 ἐκλίθη
1109 5466 1346 5527 πίπτων,
1370 5464 1806 5519 διασπασθέντων

216 5560 338 5611 τῶν
377 5557 811 5621 διακρατοῦντων
842 5556 1019 5610 αὐτῶν
1052 5558 1315 5625 σχοινίων.

306 5795 346 5824 ii
379 5791 563 5845 Matth.
602 5806 758 5854 xxiii.
790 5794 871 5847 15.

487 5885 754 5942 ΙἈιιιοι..
797 5886 911 5946 (in.
968 5888 1193 5947 XXIV.

952 5796 995 5825 ⁶²
1027 5795 1215 5851 Matth.
1254 5814 1361 5861 \'\'l,
1394 5798 1479 5854 18.
1562 5798 1607 5830 ⁵³
1638 5798 1907 5869 P.~a|.XI.v,
1961 5801 2011 5855 ες.

1903 4650 2041 4706 erat,
2068 4655 2231 4710 supra
2265 4654 2429 4710 quam
2458 4640 2861 4695 exstruebatur.

1977 4732 2139 4788 Vsus.
2170 4733 2244 4788 23
2268 4772 2285 4796 ,
2314 4733 2408 4788 24.
2458 4752 2478 4785 ι
2540 4734 2750 4804 Dirupti
2785 4742 2911 4788 sunt
2944 4732 3173 4788 funiculi
3204 4733 3282 4787 tui
3310 4774 3325 4799 ,
3354 4735 3479 4803 quia

1907 4843 2012 4883 non
2045 4826 2441 4895 praevalueruut
2472 4844 2487 4880 :
2531 4825 2706 4881 malus
2733 4834 2859 4881 tuus
2888 4825 3181 4881 inclinatus
3212 4834 3297 4882 est
3318 4865 3336 4892 ,
3371 4840 3479 4879 non

1906 4918 2211 4987 pendebunt
2250 4917 2368 4971 vela
2408 4936 2424 4971 :
2456 4931 2562 4971 non
2602 4916 2800 4972 levabit
2828 4918 3067 4987 signum,
3097 4918 3271 4973 donec
3302 4918 3478 4972 trada-

1905 5020 1992 5064 tur
2019 5010 2074 5063 in
2105 5009 2488 5063 vastationem.
2523 5007 2672 5061 Multi
2720 5009 2885 5079 igitur
2936 5008 3115 5063 claudi
3150 5009 3363 5079 prmdas
3403 5009 3483 5060 fa—

1903 5102 2069 5165 cient,
2105 5110 2158 5153 et
2186 5114 2290 5155 nou
2316 5100 2519 5165 dicent,
2546 5100 2780 5166 Fatisco,
2811 5102 3040 5172 populus
3065 5103 3158 5172 qui
3191 5103 3400 5157 habitat
3428 5103 3481 5155 in

1905 5194 1986 5248 eis
2018 5210 2030 5245 :
2064 5192 2345 5246 dimissum
2376 5193 2522 5246 enim
2565 5202 2648 5247 est
2674 5194 2754 5247 eis
2788 5202 3090 5262 peccatum.
3144 5214 3164 5246 ι
3201 5194 3297 5248 His
3338 5195 3481 5249 indi-

1906 5293 1995 5337 cat
2039 5298 2311 5350 corporea:
2337 5282 2724 5354 Hierosolyma:
2757 5285 2983 5340 exitium
3008 5326 3025 5353 ,
3075 5288 3229 5356 cujus
3261 5287 3483 5341 funiculi

1910 5374 2107 5443 dirupti
2139 5384 2299 5437 sunt;
2350 5385 2404 5429 et
2438 5376 2613 5431 malus
2638 5375 2754 5444 ejus
2782 5418 2795 5438 .
2851 5392 2951 5432 ceu
3005 5377 3283 5445 cujusdam
3335 5380 3486 5431 navis

1917 5468 2328 5536 tempestatibus
2361 5478 2415 5523 et
2443 5469 2692 5523 ﬂuctibus
2734 5471 2995 5525 demersa:
3020 5513 3037 5535 ,
3082 5470 3358 5525 declinans
3411 5470 3487 5524 la-

1918 5573 2046 5629 psus
2077 5568 2177 5623 cst,
2212 5560 2444 5628 diruptis
2477 5559 2691 5614 funibus
2721 5562 2893 5629 ipsum
2935 5560 3312 5615 retinentibus.

2108 5801 2148 5832 “
2196 5801 2334 5856 Psal.
2390 5817 2533 5865 μιν,
2583 5804 2664 5855 ltl.

3136 5894 3201 5955 11
